<?xml version="1.0" encoding="UTF-8"?>
<alto xmlns="http://www.loc.gov/standards/alto/ns-v3#" xmlns:xlink="http://www.w3.org/1999/xlink" xmlns:xsi="http://www.w3.org/2001/XMLSchema-instance" xsi:schemaLocation="http://www.loc.gov/standards/alto/ns-v3# http://www.loc.gov/alto/v3/alto-3-0.xsd">
	<Description>
		<MeasurementUnit>pixel</MeasurementUnit>
		<sourceImageInformation>
			<fileName>/tmp/tess_mea148k2_input.PNG</fileName>
		</sourceImageInformation>
		<OCRProcessing ID="OCR_0">
			<ocrProcessingStep>
				<processingSoftware>
					<softwareName>tesseract 5.3.4</softwareName>
				</processingSoftware>
			</ocrProcessingStep>
		</OCRProcessing>
	</Description>
	<Layout>
		<Page WIDTH="1045" HEIGHT="1714" PHYSICAL_IMG_NR="0" ID="page_0">
			<PrintSpace HPOS="0" VPOS="0" WIDTH="1045" HEIGHT="1714">
				<ComposedBlock ID="cblock_0" HPOS="135" VPOS="610" WIDTH="50" HEIGHT="24">
					<TextBlock ID="block_0" HPOS="135" VPOS="610" WIDTH="50" HEIGHT="24">
						<TextLine ID="line_0" HPOS="135" VPOS="610" WIDTH="50" HEIGHT="24">
							<String ID="string_0" HPOS="135" VPOS="610" WIDTH="10" HEIGHT="24" WC="0.85" CONTENT="8"/><SP WIDTH="14" VPOS="610" HPOS="145"/>
							<String ID="string_1" HPOS="159" VPOS="611" WIDTH="26" HEIGHT="18" WC="0.92" CONTENT="19."/>
						</TextLine>
					</TextBlock>
				</ComposedBlock>
				<ComposedBlock ID="cblock_1" HPOS="226" VPOS="133" WIDTH="506" HEIGHT="23">
					<TextBlock ID="block_1" HPOS="226" VPOS="133" WIDTH="506" HEIGHT="23">
						<TextLine ID="line_1" HPOS="226" VPOS="133" WIDTH="506" HEIGHT="23">
							<String ID="string_2" HPOS="226" VPOS="134" WIDTH="27" HEIGHT="20" WC="0.96" CONTENT="20"/><SP WIDTH="158" VPOS="134" HPOS="253"/>
							<String ID="string_3" HPOS="411" VPOS="135" WIDTH="26" HEIGHT="17" WC="0.93" CONTENT="U."/><SP WIDTH="15" VPOS="135" HPOS="437"/>
							<String ID="string_4" HPOS="452" VPOS="134" WIDTH="29" HEIGHT="18" WC="0.90" CONTENT="B."/><SP WIDTH="15" VPOS="134" HPOS="481"/>
							<String ID="string_5" HPOS="496" VPOS="144" WIDTH="28" HEIGHT="2" WC="0.93" CONTENT="—"/><SP WIDTH="15" VPOS="144" HPOS="524"/>
							<String ID="string_6" HPOS="539" VPOS="134" WIDTH="81" HEIGHT="22" WC="0.94" CONTENT="Prop."/><SP WIDTH="16" VPOS="134" HPOS="620"/>
							<String ID="string_7" HPOS="636" VPOS="133" WIDTH="45" HEIGHT="18" WC="0.93" CONTENT="N:o"/><SP WIDTH="16" VPOS="133" HPOS="681"/>
							<String ID="string_8" HPOS="697" VPOS="134" WIDTH="35" HEIGHT="17" WC="0.95" CONTENT="25."/>
						</TextLine>
					</TextBlock>
				</ComposedBlock>
				<ComposedBlock ID="cblock_2" HPOS="200" VPOS="198" WIDTH="748" HEIGHT="1291">
					<TextBlock ID="block_2" HPOS="200" VPOS="198" WIDTH="739" HEIGHT="63">
						<TextLine ID="line_2" HPOS="200" VPOS="198" WIDTH="739" HEIGHT="28">
							<String ID="string_9" HPOS="200" VPOS="200" WIDTH="104" HEIGHT="22" WC="0.92" CONTENT="skränker"/><SP WIDTH="25" VPOS="200" HPOS="304"/>
							<String ID="string_10" HPOS="329" VPOS="200" WIDTH="32" HEIGHT="26" WC="0.94" CONTENT="sig"/><SP WIDTH="26" VPOS="200" HPOS="361"/>
							<String ID="string_11" HPOS="387" VPOS="200" WIDTH="34" HEIGHT="20" WC="0.94" CONTENT="till"/><SP WIDTH="24" VPOS="200" HPOS="421"/>
							<String ID="string_12" HPOS="445" VPOS="201" WIDTH="32" HEIGHT="19" WC="0.96" CONTENT="ett"/><SP WIDTH="15" VPOS="201" HPOS="477"/>
							<String ID="string_13" HPOS="492" VPOS="199" WIDTH="135" HEIGHT="27" WC="0.96" CONTENT="åberopande"/><SP WIDTH="15" VPOS="199" HPOS="627"/>
							<String ID="string_14" HPOS="642" VPOS="198" WIDTH="23" HEIGHT="21" WC="0.96" CONTENT="af"/><SP WIDTH="13" VPOS="198" HPOS="665"/>
							<String ID="string_15" HPOS="678" VPOS="199" WIDTH="57" HEIGHT="20" WC="0.96" CONTENT="hvad"/><SP WIDTH="15" VPOS="199" HPOS="735"/>
							<String ID="string_16" HPOS="750" VPOS="198" WIDTH="72" HEIGHT="21" WC="0.95" CONTENT="derom"/><SP WIDTH="14" VPOS="198" HPOS="822"/>
							<String ID="string_17" HPOS="836" VPOS="198" WIDTH="103" HEIGHT="21" WC="0.95" CONTENT="särskildt"/>
						</TextLine>
						<TextLine ID="line_3" HPOS="200" VPOS="235" WIDTH="147" HEIGHT="26">
							<String ID="string_18" HPOS="200" VPOS="235" WIDTH="102" HEIGHT="26" WC="0.89" CONTENT="stadgadt"/><SP WIDTH="15" VPOS="235" HPOS="302"/>
							<String ID="string_19" HPOS="317" VPOS="236" WIDTH="30" HEIGHT="19" WC="0.96" CONTENT="är."/>
						</TextLine>
					</TextBlock>
					<TextBlock ID="block_3" HPOS="200" VPOS="266" WIDTH="745" HEIGHT="338">
						<TextLine ID="line_4" HPOS="267" VPOS="266" WIDTH="673" HEIGHT="28">
							<String ID="string_20" HPOS="267" VPOS="268" WIDTH="34" HEIGHT="22" WC="0.96" CONTENT="Då"/><SP WIDTH="14" VPOS="268" HPOS="301"/>
							<String ID="string_21" HPOS="315" VPOS="268" WIDTH="8" HEIGHT="21" WC="0.96" CONTENT="i"/><SP WIDTH="16" VPOS="268" HPOS="323"/>
							<String ID="string_22" HPOS="339" VPOS="268" WIDTH="60" HEIGHT="21" WC="0.96" CONTENT="detta"/><SP WIDTH="15" VPOS="268" HPOS="399"/>
							<String ID="string_23" HPOS="414" VPOS="268" WIDTH="101" HEIGHT="21" WC="0.96" CONTENT="afseende"/><SP WIDTH="15" VPOS="268" HPOS="515"/>
							<String ID="string_24" HPOS="530" VPOS="267" WIDTH="99" HEIGHT="27" WC="0.96" CONTENT="gällande"/><SP WIDTH="15" VPOS="267" HPOS="629"/>
							<String ID="string_25" HPOS="644" VPOS="267" WIDTH="161" HEIGHT="27" WC="0.96" CONTENT="bestämningar"/><SP WIDTH="8" VPOS="267" HPOS="805"/>
							<String ID="string_26" HPOS="813" VPOS="266" WIDTH="127" HEIGHT="27" WC="0.96" CONTENT="emellertid,"/>
						</TextLine>
						<TextLine ID="line_5" HPOS="200" VPOS="300" WIDTH="742" HEIGHT="30">
							<String ID="string_27" HPOS="200" VPOS="303" WIDTH="28" HEIGHT="27" WC="0.96" CONTENT="på"/><SP WIDTH="24" VPOS="303" HPOS="228"/>
							<String ID="string_28" HPOS="252" VPOS="304" WIDTH="44" HEIGHT="20" WC="0.96" CONTENT="sätt"/><SP WIDTH="22" VPOS="304" HPOS="296"/>
							<String ID="string_29" HPOS="318" VPOS="302" WIDTH="23" HEIGHT="21" WC="0.96" CONTENT="af"/><SP WIDTH="14" VPOS="302" HPOS="341"/>
							<String ID="string_30" HPOS="355" VPOS="302" WIDTH="70" HEIGHT="21" WC="0.93" CONTENT="denna"/><SP WIDTH="15" VPOS="302" HPOS="425"/>
							<String ID="string_31" HPOS="440" VPOS="302" WIDTH="10" HEIGHT="26" WC="0.87" CONTENT="$"/><SP WIDTH="17" VPOS="302" HPOS="450"/>
							<String ID="string_32" HPOS="467" VPOS="301" WIDTH="64" HEIGHT="22" WC="0.96" CONTENT="också"/><SP WIDTH="15" VPOS="301" HPOS="531"/>
							<String ID="string_33" HPOS="546" VPOS="301" WIDTH="100" HEIGHT="27" WC="0.96" CONTENT="framgår,"/><SP WIDTH="16" VPOS="301" HPOS="646"/>
							<String ID="string_34" HPOS="662" VPOS="301" WIDTH="91" HEIGHT="21" WC="0.96" CONTENT="hänföra"/><SP WIDTH="15" VPOS="301" HPOS="753"/>
							<String ID="string_35" HPOS="768" VPOS="301" WIDTH="33" HEIGHT="27" WC="0.97" CONTENT="sig"/><SP WIDTH="16" VPOS="301" HPOS="801"/>
							<String ID="string_36" HPOS="817" VPOS="301" WIDTH="76" HEIGHT="21" WC="0.96" CONTENT="endast"/><SP WIDTH="15" VPOS="301" HPOS="893"/>
							<String ID="string_37" HPOS="908" VPOS="300" WIDTH="34" HEIGHT="21" WC="0.96" CONTENT="till"/>
						</TextLine>
						<TextLine ID="line_6" HPOS="202" VPOS="335" WIDTH="740" HEIGHT="28">
							<String ID="string_38" HPOS="202" VPOS="337" WIDTH="107" HEIGHT="22" WC="0.96" CONTENT="särskilda"/><SP WIDTH="14" VPOS="337" HPOS="309"/>
							<String ID="string_39" HPOS="323" VPOS="336" WIDTH="47" HEIGHT="27" WC="0.95" CONTENT="slag"/><SP WIDTH="15" VPOS="336" HPOS="370"/>
							<String ID="string_40" HPOS="385" VPOS="336" WIDTH="23" HEIGHT="22" WC="0.93" CONTENT="af"/><SP WIDTH="13" VPOS="336" HPOS="408"/>
							<String ID="string_41" HPOS="421" VPOS="336" WIDTH="166" HEIGHT="27" WC="0.92" CONTENT="tillverkningar"/><SP WIDTH="15" VPOS="336" HPOS="587"/>
							<String ID="string_42" HPOS="602" VPOS="336" WIDTH="40" HEIGHT="21" WC="0.96" CONTENT="och"/><SP WIDTH="15" VPOS="336" HPOS="642"/>
							<String ID="string_43" HPOS="657" VPOS="336" WIDTH="111" HEIGHT="21" WC="0.96" CONTENT="dessutom"/><SP WIDTH="14" VPOS="336" HPOS="768"/>
							<String ID="string_44" HPOS="782" VPOS="335" WIDTH="47" HEIGHT="22" WC="0.93" CONTENT="icke"/><SP WIDTH="16" VPOS="335" HPOS="829"/>
							<String ID="string_45" HPOS="845" VPOS="335" WIDTH="45" HEIGHT="21" WC="0.89" CONTENT="afse"/><SP WIDTH="10" VPOS="335" HPOS="890"/>
							<String ID="string_46" HPOS="900" VPOS="336" WIDTH="42" HEIGHT="20" WC="0.96" CONTENT="den"/>
						</TextLine>
						<TextLine ID="line_7" HPOS="201" VPOS="369" WIDTH="742" HEIGHT="28">
							<String ID="string_47" HPOS="201" VPOS="372" WIDTH="98" HEIGHT="21" WC="0.93" CONTENT="enskilda"/><SP WIDTH="17" VPOS="372" HPOS="299"/>
							<String ID="string_48" HPOS="316" VPOS="370" WIDTH="190" HEIGHT="27" WC="0.92" CONTENT="näringsidkarens"/><SP WIDTH="16" VPOS="370" HPOS="506"/>
							<String ID="string_49" HPOS="522" VPOS="370" WIDTH="171" HEIGHT="22" WC="0.92" CONTENT="säkerställande"/><SP WIDTH="16" VPOS="370" HPOS="693"/>
							<String ID="string_50" HPOS="709" VPOS="371" WIDTH="57" HEIGHT="20" WC="0.93" CONTENT="emot"/><SP WIDTH="14" VPOS="371" HPOS="766"/>
							<String ID="string_51" HPOS="780" VPOS="370" WIDTH="140" HEIGHT="26" WC="0.91" CONTENT="begagnande"/><SP WIDTH="15" VPOS="370" HPOS="920"/>
							<String ID="string_52" HPOS="935" VPOS="369" WIDTH="8" HEIGHT="21" WC="0.96" CONTENT="i"/>
						</TextLine>
						<TextLine ID="line_8" HPOS="200" VPOS="404" WIDTH="742" HEIGHT="28">
							<String ID="string_53" HPOS="200" VPOS="405" WIDTH="113" HEIGHT="27" WC="0.91" CONTENT="bedräglig"/><SP WIDTH="15" VPOS="405" HPOS="313"/>
							<String ID="string_54" HPOS="328" VPOS="405" WIDTH="65" HEIGHT="26" WC="0.90" CONTENT="afsigt"/><SP WIDTH="15" VPOS="405" HPOS="393"/>
							<String ID="string_55" HPOS="408" VPOS="405" WIDTH="48" HEIGHT="21" WC="0.93" CONTENT="utaf"/><SP WIDTH="13" VPOS="405" HPOS="456"/>
							<String ID="string_56" HPOS="469" VPOS="404" WIDTH="250" HEIGHT="28" WC="0.91" CONTENT="tillverkningsstämpel,"/><SP WIDTH="16" VPOS="404" HPOS="719"/>
							<String ID="string_57" HPOS="735" VPOS="410" WIDTH="45" HEIGHT="16" WC="0.96" CONTENT="som"/><SP WIDTH="15" VPOS="410" HPOS="780"/>
							<String ID="string_58" HPOS="795" VPOS="404" WIDTH="42" HEIGHT="22" WC="0.95" CONTENT="han"/><SP WIDTH="12" VPOS="404" HPOS="837"/>
							<String ID="string_59" HPOS="849" VPOS="404" WIDTH="93" HEIGHT="26" WC="0.96" CONTENT="tidigare"/>
						</TextLine>
						<TextLine ID="line_9" HPOS="201" VPOS="438" WIDTH="743" HEIGHT="28">
							<String ID="string_60" HPOS="201" VPOS="440" WIDTH="84" HEIGHT="26" WC="0.96" CONTENT="antagit"/><SP WIDTH="22" VPOS="440" HPOS="285"/>
							<String ID="string_61" HPOS="307" VPOS="439" WIDTH="52" HEIGHT="21" WC="0.96" CONTENT="eller"/><SP WIDTH="24" VPOS="439" HPOS="359"/>
							<String ID="string_62" HPOS="383" VPOS="439" WIDTH="66" HEIGHT="21" WC="0.96" CONTENT="sådan"/><SP WIDTH="15" VPOS="439" HPOS="449"/>
							<String ID="string_63" HPOS="464" VPOS="445" WIDTH="45" HEIGHT="15" WC="0.97" CONTENT="som"/><SP WIDTH="15" VPOS="445" HPOS="509"/>
							<String ID="string_64" HPOS="524" VPOS="439" WIDTH="41" HEIGHT="21" WC="0.96" CONTENT="lätt"/><SP WIDTH="14" VPOS="439" HPOS="565"/>
							<String ID="string_65" HPOS="579" VPOS="439" WIDTH="42" HEIGHT="21" WC="0.96" CONTENT="kan"/><SP WIDTH="16" VPOS="439" HPOS="621"/>
							<String ID="string_66" HPOS="637" VPOS="439" WIDTH="87" HEIGHT="21" WC="0.92" CONTENT="dermed"/><SP WIDTH="15" VPOS="439" HPOS="724"/>
							<String ID="string_67" HPOS="739" VPOS="438" WIDTH="113" HEIGHT="28" WC="0.92" CONTENT="förvexlas,"/><SP WIDTH="11" VPOS="438" HPOS="852"/>
							<String ID="string_68" HPOS="863" VPOS="440" WIDTH="39" HEIGHT="20" WC="0.91" CONTENT="har"/><SP WIDTH="9" VPOS="440" HPOS="902"/>
							<String ID="string_69" HPOS="911" VPOS="441" WIDTH="33" HEIGHT="19" WC="0.91" CONTENT="ut-"/>
						</TextLine>
						<TextLine ID="line_10" HPOS="202" VPOS="473" WIDTH="740" HEIGHT="27">
							<String ID="string_70" HPOS="202" VPOS="474" WIDTH="82" HEIGHT="20" WC="0.96" CONTENT="skottet"/><SP WIDTH="14" VPOS="474" HPOS="284"/>
							<String ID="string_71" HPOS="298" VPOS="475" WIDTH="72" HEIGHT="19" WC="0.96" CONTENT="ansett"/><SP WIDTH="15" VPOS="475" HPOS="370"/>
							<String ID="string_72" HPOS="385" VPOS="475" WIDTH="31" HEIGHT="19" WC="0.96" CONTENT="ett"/><SP WIDTH="15" VPOS="475" HPOS="416"/>
							<String ID="string_73" HPOS="431" VPOS="474" WIDTH="76" HEIGHT="26" WC="0.96" CONTENT="tillägg"/><SP WIDTH="15" VPOS="474" HPOS="507"/>
							<String ID="string_74" HPOS="522" VPOS="473" WIDTH="33" HEIGHT="21" WC="0.93" CONTENT="till"/><SP WIDTH="22" VPOS="473" HPOS="555"/>
							<String ID="string_75" HPOS="577" VPOS="473" WIDTH="5" HEIGHT="27" WC="0.92" CONTENT="$"/><SP WIDTH="16" VPOS="473" HPOS="582"/>
							<String ID="string_76" HPOS="598" VPOS="473" WIDTH="26" HEIGHT="21" WC="0.93" CONTENT="18"/><SP WIDTH="16" VPOS="473" HPOS="624"/>
							<String ID="string_77" HPOS="640" VPOS="473" WIDTH="117" HEIGHT="27" WC="0.90" CONTENT="utiantydt"/><SP WIDTH="11" VPOS="473" HPOS="757"/>
							<String ID="string_78" HPOS="768" VPOS="473" WIDTH="56" HEIGHT="27" WC="0.96" CONTENT="syfte"/><SP WIDTH="12" VPOS="473" HPOS="824"/>
							<String ID="string_79" HPOS="836" VPOS="474" WIDTH="53" HEIGHT="20" WC="0.95" CONTENT="böra"/><SP WIDTH="8" VPOS="474" HPOS="889"/>
							<String ID="string_80" HPOS="897" VPOS="474" WIDTH="45" HEIGHT="21" WC="0.95" CONTENT="ske."/>
						</TextLine>
						<TextLine ID="line_11" HPOS="201" VPOS="507" WIDTH="742" HEIGHT="28">
							<String ID="string_81" HPOS="201" VPOS="508" WIDTH="79" HEIGHT="20" WC="0.92" CONTENT="Tillika"/><SP WIDTH="14" VPOS="508" HPOS="280"/>
							<String ID="string_82" HPOS="294" VPOS="508" WIDTH="39" HEIGHT="20" WC="0.96" CONTENT="har"/><SP WIDTH="16" VPOS="508" HPOS="333"/>
							<String ID="string_83" HPOS="349" VPOS="507" WIDTH="36" HEIGHT="21" WC="0.96" CONTENT="det"/><SP WIDTH="15" VPOS="507" HPOS="385"/>
							<String ID="string_84" HPOS="400" VPOS="508" WIDTH="7" HEIGHT="20" WC="0.93" CONTENT="i"/><SP WIDTH="16" VPOS="508" HPOS="407"/>
							<String ID="string_85" HPOS="423" VPOS="508" WIDTH="29" HEIGHT="26" WC="0.91" CONTENT="$:s"/><SP WIDTH="16" VPOS="508" HPOS="452"/>
							<String ID="string_86" HPOS="468" VPOS="509" WIDTH="46" HEIGHT="20" WC="0.96" CONTENT="text"/><SP WIDTH="14" VPOS="509" HPOS="514"/>
							<String ID="string_87" HPOS="528" VPOS="507" WIDTH="175" HEIGHT="22" WC="0.96" CONTENT="förekommande"/><SP WIDTH="10" VPOS="507" HPOS="703"/>
							<String ID="string_88" HPOS="713" VPOS="508" WIDTH="62" HEIGHT="21" WC="0.93" CONTENT="ordet"/><SP WIDTH="8" VPOS="508" HPOS="775"/>
							<String ID="string_89" HPOS="783" VPOS="508" WIDTH="160" HEIGHT="27" WC="0.61" CONTENT=",jerneffekter*"/>
						</TextLine>
						<TextLine ID="line_12" HPOS="202" VPOS="541" WIDTH="743" HEIGHT="28">
							<String ID="string_90" HPOS="202" VPOS="542" WIDTH="70" HEIGHT="21" WC="0.93" CONTENT="såsom"/><SP WIDTH="22" VPOS="542" HPOS="272"/>
							<String ID="string_91" HPOS="294" VPOS="541" WIDTH="137" HEIGHT="28" WC="0.84" CONTENT="öfverflödigt"/><SP WIDTH="19" VPOS="541" HPOS="431"/>
							<String ID="string_92" HPOS="450" VPOS="542" WIDTH="106" HEIGHT="26" WC="0.91" CONTENT="uteslutis,"/><SP WIDTH="24" VPOS="542" HPOS="556"/>
							<String ID="string_93" HPOS="580" VPOS="544" WIDTH="51" HEIGHT="19" WC="0.96" CONTENT="enär"/><SP WIDTH="26" VPOS="544" HPOS="631"/>
							<String ID="string_94" HPOS="657" VPOS="542" WIDTH="62" HEIGHT="21" WC="0.96" CONTENT="dessa"/><SP WIDTH="22" VPOS="542" HPOS="719"/>
							<String ID="string_95" HPOS="741" VPOS="542" WIDTH="53" HEIGHT="21" WC="0.96" CONTENT="böra"/><SP WIDTH="18" VPOS="542" HPOS="794"/>
							<String ID="string_96" HPOS="812" VPOS="549" WIDTH="62" HEIGHT="14" WC="0.96" CONTENT="anses"/><SP WIDTH="19" VPOS="549" HPOS="874"/>
							<String ID="string_97" HPOS="893" VPOS="549" WIDTH="52" HEIGHT="15" WC="0.96" CONTENT="vara"/>
						</TextLine>
						<TextLine ID="line_13" HPOS="201" VPOS="576" WIDTH="690" HEIGHT="28">
							<String ID="string_98" HPOS="201" VPOS="576" WIDTH="134" HEIGHT="21" WC="0.96" CONTENT="innefattade"/><SP WIDTH="15" VPOS="576" HPOS="335"/>
							<String ID="string_99" HPOS="350" VPOS="577" WIDTH="68" HEIGHT="20" WC="0.96" CONTENT="under"/><SP WIDTH="15" VPOS="577" HPOS="418"/>
							<String ID="string_100" HPOS="433" VPOS="577" WIDTH="102" HEIGHT="20" WC="0.93" CONTENT="rubriken"/><SP WIDTH="16" VPOS="577" HPOS="535"/>
							<String ID="string_101" HPOS="551" VPOS="577" WIDTH="101" HEIGHT="27" WC="0.84" CONTENT=",arbeten"/><SP WIDTH="15" VPOS="577" HPOS="652"/>
							<String ID="string_102" HPOS="667" VPOS="576" WIDTH="23" HEIGHT="21" WC="0.96" CONTENT="af"/><SP WIDTH="14" VPOS="576" HPOS="690"/>
							<String ID="string_103" HPOS="704" VPOS="576" WIDTH="57" HEIGHT="21" WC="0.96" CONTENT="vissa"/><SP WIDTH="15" VPOS="576" HPOS="761"/>
							<String ID="string_104" HPOS="776" VPOS="577" WIDTH="115" HEIGHT="20" WC="0.73" CONTENT="metaller.&quot;"/>
						</TextLine>
					</TextBlock>
					<TextBlock ID="block_4" HPOS="202" VPOS="610" WIDTH="744" HEIGHT="231">
						<TextLine ID="line_14" HPOS="270" VPOS="610" WIDTH="675" HEIGHT="28">
							<String ID="string_105" HPOS="270" VPOS="611" WIDTH="75" HEIGHT="26" WC="0.93" CONTENT="Enligt"/><SP WIDTH="14" VPOS="611" HPOS="345"/>
							<String ID="string_106" HPOS="359" VPOS="611" WIDTH="12" HEIGHT="26" WC="0.79" CONTENT="$"/><SP WIDTH="16" VPOS="611" HPOS="371"/>
							<String ID="string_107" HPOS="387" VPOS="611" WIDTH="26" HEIGHT="20" WC="0.96" CONTENT="19"/><SP WIDTH="16" VPOS="611" HPOS="413"/>
							<String ID="string_108" HPOS="429" VPOS="611" WIDTH="61" HEIGHT="21" WC="0.93" CONTENT="skola"/><SP WIDTH="14" VPOS="611" HPOS="490"/>
							<String ID="string_109" HPOS="504" VPOS="611" WIDTH="190" HEIGHT="26" WC="0.92" CONTENT="landthandlande,"/><SP WIDTH="16" VPOS="611" HPOS="694"/>
							<String ID="string_110" HPOS="710" VPOS="610" WIDTH="93" HEIGHT="22" WC="0.96" CONTENT="förutom"/><SP WIDTH="17" VPOS="610" HPOS="803"/>
							<String ID="string_111" HPOS="820" VPOS="611" WIDTH="41" HEIGHT="22" WC="0.96" CONTENT="den"/><SP WIDTH="16" VPOS="611" HPOS="861"/>
							<String ID="string_112" HPOS="877" VPOS="611" WIDTH="68" HEIGHT="27" WC="0.96" CONTENT="årliga"/>
						</TextLine>
						<TextLine ID="line_15" HPOS="204" VPOS="645" WIDTH="741" HEIGHT="27">
							<String ID="string_113" HPOS="204" VPOS="645" WIDTH="221" HEIGHT="26" WC="0.91" CONTENT="inkomstbevillning,"/><SP WIDTH="25" VPOS="645" HPOS="425"/>
							<String ID="string_114" HPOS="450" VPOS="645" WIDTH="27" HEIGHT="21" WC="0.96" CONTENT="de"/><SP WIDTH="24" VPOS="645" HPOS="477"/>
							<String ID="string_115" HPOS="501" VPOS="645" WIDTH="7" HEIGHT="20" WC="0.91" CONTENT="i"/><SP WIDTH="19" VPOS="645" HPOS="508"/>
							<String ID="string_116" HPOS="527" VPOS="645" WIDTH="69" HEIGHT="21" WC="0.89" CONTENT="likhet"/><SP WIDTH="14" VPOS="645" HPOS="596"/>
							<String ID="string_117" HPOS="610" VPOS="645" WIDTH="49" HEIGHT="20" WC="0.93" CONTENT="med"/><SP WIDTH="15" VPOS="645" HPOS="659"/>
							<String ID="string_118" HPOS="674" VPOS="645" WIDTH="84" HEIGHT="21" WC="0.92" CONTENT="landets"/><SP WIDTH="16" VPOS="645" HPOS="758"/>
							<String ID="string_119" HPOS="774" VPOS="645" WIDTH="69" HEIGHT="27" WC="0.91" CONTENT="öfriga"/><SP WIDTH="15" VPOS="645" HPOS="843"/>
							<String ID="string_120" HPOS="858" VPOS="646" WIDTH="87" HEIGHT="21" WC="0.92" CONTENT="innevä-"/>
						</TextLine>
						<TextLine ID="line_16" HPOS="203" VPOS="679" WIDTH="743" HEIGHT="28">
							<String ID="string_121" HPOS="203" VPOS="685" WIDTH="51" HEIGHT="15" WC="0.91" CONTENT="nare"/><SP WIDTH="22" VPOS="685" HPOS="254"/>
							<String ID="string_122" HPOS="276" VPOS="681" WIDTH="37" HEIGHT="19" WC="0.89" CONTENT="äro"/><SP WIDTH="24" VPOS="681" HPOS="313"/>
							<String ID="string_123" HPOS="337" VPOS="679" WIDTH="169" HEIGHT="26" WC="0.91" CONTENT="underkastade,"/><SP WIDTH="15" VPOS="679" HPOS="506"/>
							<String ID="string_124" HPOS="521" VPOS="679" WIDTH="34" HEIGHT="20" WC="0.93" CONTENT="till"/><SP WIDTH="16" VPOS="679" HPOS="555"/>
							<String ID="string_125" HPOS="571" VPOS="679" WIDTH="82" HEIGHT="20" WC="0.92" CONTENT="kronan"/><SP WIDTH="16" VPOS="679" HPOS="653"/>
							<String ID="string_126" HPOS="669" VPOS="679" WIDTH="87" HEIGHT="26" WC="0.92" CONTENT="erlägga"/><SP WIDTH="16" VPOS="679" HPOS="756"/>
							<String ID="string_127" HPOS="772" VPOS="685" WIDTH="25" HEIGHT="15" WC="0.93" CONTENT="en"/><SP WIDTH="16" VPOS="685" HPOS="797"/>
							<String ID="string_128" HPOS="813" VPOS="679" WIDTH="54" HEIGHT="27" WC="0.93" CONTENT="ärlig"/><SP WIDTH="15" VPOS="679" HPOS="867"/>
							<String ID="string_129" HPOS="882" VPOS="679" WIDTH="64" HEIGHT="28" WC="0.92" CONTENT="afgift"/>
						</TextLine>
						<TextLine ID="line_17" HPOS="203" VPOS="713" WIDTH="742" HEIGHT="27">
							<String ID="string_130" HPOS="203" VPOS="713" WIDTH="23" HEIGHT="21" WC="0.96" CONTENT="af"/><SP WIDTH="24" VPOS="713" HPOS="226"/>
							<String ID="string_131" HPOS="250" VPOS="713" WIDTH="42" HEIGHT="20" WC="0.96" CONTENT="150"/><SP WIDTH="21" VPOS="713" HPOS="292"/>
							<String ID="string_132" HPOS="313" VPOS="713" WIDTH="60" HEIGHT="21" WC="0.96" CONTENT="mark"/><SP WIDTH="15" VPOS="713" HPOS="373"/>
							<String ID="string_133" HPOS="388" VPOS="713" WIDTH="33" HEIGHT="20" WC="0.93" CONTENT="för"/><SP WIDTH="16" VPOS="713" HPOS="421"/>
							<String ID="string_134" HPOS="437" VPOS="713" WIDTH="74" HEIGHT="26" WC="0.92" CONTENT="hvarje"/><SP WIDTH="15" VPOS="713" HPOS="511"/>
							<String ID="string_135" HPOS="526" VPOS="715" WIDTH="67" HEIGHT="25" WC="0.93" CONTENT="öppet"/><SP WIDTH="14" VPOS="715" HPOS="593"/>
							<String ID="string_136" HPOS="607" VPOS="713" WIDTH="208" HEIGHT="26" WC="0.91" CONTENT="försäljningsställe,"/><SP WIDTH="17" VPOS="713" HPOS="815"/>
							<String ID="string_137" HPOS="832" VPOS="713" WIDTH="63" HEIGHT="22" WC="0.92" CONTENT="äfven"/><SP WIDTH="16" VPOS="713" HPOS="895"/>
							<String ID="string_138" HPOS="911" VPOS="720" WIDTH="34" HEIGHT="15" WC="0.96" CONTENT="om"/>
						</TextLine>
						<TextLine ID="line_18" HPOS="204" VPOS="746" WIDTH="741" HEIGHT="29">
							<String ID="string_139" HPOS="204" VPOS="746" WIDTH="52" HEIGHT="21" WC="0.93" CONTENT="flera"/><SP WIDTH="22" VPOS="746" HPOS="256"/>
							<String ID="string_140" HPOS="278" VPOS="747" WIDTH="81" HEIGHT="21" WC="0.92" CONTENT="sädana"/><SP WIDTH="24" VPOS="747" HPOS="359"/>
							<String ID="string_141" HPOS="383" VPOS="747" WIDTH="24" HEIGHT="20" WC="0.96" CONTENT="af"/><SP WIDTH="22" VPOS="747" HPOS="407"/>
							<String ID="string_142" HPOS="429" VPOS="753" WIDTH="25" HEIGHT="14" WC="0.96" CONTENT="en"/><SP WIDTH="16" VPOS="753" HPOS="454"/>
							<String ID="string_143" HPOS="470" VPOS="753" WIDTH="78" HEIGHT="20" WC="0.93" CONTENT="person"/><SP WIDTH="15" VPOS="753" HPOS="548"/>
							<String ID="string_144" HPOS="563" VPOS="747" WIDTH="119" HEIGHT="20" WC="0.91" CONTENT="inrättades"/><SP WIDTH="15" VPOS="747" HPOS="682"/>
							<String ID="string_145" HPOS="697" VPOS="747" WIDTH="7" HEIGHT="20" WC="0.96" CONTENT="i"/><SP WIDTH="16" VPOS="747" HPOS="704"/>
							<String ID="string_146" HPOS="720" VPOS="753" WIDTH="26" HEIGHT="14" WC="0.88" CONTENT="en"/><SP WIDTH="15" VPOS="753" HPOS="746"/>
							<String ID="string_147" HPOS="761" VPOS="747" WIDTH="40" HEIGHT="21" WC="0.96" CONTENT="och"/><SP WIDTH="14" VPOS="747" HPOS="801"/>
							<String ID="string_148" HPOS="815" VPOS="753" WIDTH="81" HEIGHT="16" WC="0.95" CONTENT="samma"/><SP WIDTH="14" VPOS="753" HPOS="896"/>
							<String ID="string_149" HPOS="910" VPOS="748" WIDTH="35" HEIGHT="27" WC="0.96" CONTENT="by,"/>
						</TextLine>
						<TextLine ID="line_19" HPOS="203" VPOS="780" WIDTH="742" HEIGHT="27">
							<String ID="string_150" HPOS="203" VPOS="781" WIDTH="119" HEIGHT="26" WC="0.91" CONTENT="hvarjemte"/><SP WIDTH="12" VPOS="781" HPOS="322"/>
							<String ID="string_151" HPOS="334" VPOS="781" WIDTH="39" HEIGHT="20" WC="0.93" CONTENT="här"/><SP WIDTH="9" VPOS="781" HPOS="373"/>
							<String ID="string_152" HPOS="382" VPOS="781" WIDTH="94" HEIGHT="26" WC="0.92" CONTENT="stadgas,"/><SP WIDTH="16" VPOS="781" HPOS="476"/>
							<String ID="string_153" HPOS="492" VPOS="782" WIDTH="33" HEIGHT="19" WC="0.96" CONTENT="att"/><SP WIDTH="15" VPOS="782" HPOS="525"/>
							<String ID="string_154" HPOS="540" VPOS="781" WIDTH="70" HEIGHT="20" WC="0.93" CONTENT="denna"/><SP WIDTH="15" VPOS="781" HPOS="610"/>
							<String ID="string_155" HPOS="625" VPOS="780" WIDTH="63" HEIGHT="26" WC="0.93" CONTENT="afgift"/><SP WIDTH="15" VPOS="780" HPOS="688"/>
							<String ID="string_156" HPOS="703" VPOS="780" WIDTH="63" HEIGHT="21" WC="0.96" CONTENT="alltid"/><SP WIDTH="14" VPOS="780" HPOS="766"/>
							<String ID="string_157" HPOS="780" VPOS="781" WIDTH="39" HEIGHT="20" WC="0.93" CONTENT="bör"/><SP WIDTH="15" VPOS="781" HPOS="819"/>
							<String ID="string_158" HPOS="834" VPOS="781" WIDTH="53" HEIGHT="26" WC="0.93" CONTENT="utgä"/><SP WIDTH="10" VPOS="781" HPOS="887"/>
							<String ID="string_159" HPOS="897" VPOS="781" WIDTH="48" HEIGHT="21" WC="0.93" CONTENT="frän"/>
						</TextLine>
						<TextLine ID="line_20" HPOS="202" VPOS="814" WIDTH="697" HEIGHT="27">
							<String ID="string_160" HPOS="202" VPOS="814" WIDTH="76" HEIGHT="27" WC="0.93" CONTENT="början"/><SP WIDTH="16" VPOS="814" HPOS="278"/>
							<String ID="string_161" HPOS="294" VPOS="814" WIDTH="22" HEIGHT="21" WC="0.96" CONTENT="af"/><SP WIDTH="14" VPOS="814" HPOS="316"/>
							<String ID="string_162" HPOS="330" VPOS="814" WIDTH="37" HEIGHT="21" WC="0.97" CONTENT="det"/><SP WIDTH="14" VPOS="814" HPOS="367"/>
							<String ID="string_163" HPOS="381" VPOS="815" WIDTH="30" HEIGHT="25" WC="0.93" CONTENT="är,"/><SP WIDTH="15" VPOS="815" HPOS="411"/>
							<String ID="string_164" HPOS="426" VPOS="814" WIDTH="122" HEIGHT="21" WC="0.92" CONTENT="hvarunder"/><SP WIDTH="16" VPOS="814" HPOS="548"/>
							<String ID="string_165" HPOS="564" VPOS="814" WIDTH="98" HEIGHT="21" WC="0.92" CONTENT="anmälan"/><SP WIDTH="15" VPOS="814" HPOS="662"/>
							<String ID="string_166" HPOS="677" VPOS="820" WIDTH="34" HEIGHT="15" WC="0.96" CONTENT="om"/><SP WIDTH="16" VPOS="820" HPOS="711"/>
							<String ID="string_167" HPOS="727" VPOS="814" WIDTH="92" HEIGHT="22" WC="0.96" CONTENT="handeln"/><SP WIDTH="16" VPOS="814" HPOS="819"/>
							<String ID="string_168" HPOS="835" VPOS="815" WIDTH="64" HEIGHT="21" WC="0.96" CONTENT="skett."/>
						</TextLine>
					</TextBlock>
					<TextBlock ID="block_5" HPOS="204" VPOS="848" WIDTH="744" HEIGHT="600">
						<TextLine ID="line_21" HPOS="271" VPOS="848" WIDTH="674" HEIGHT="27">
							<String ID="string_169" HPOS="271" VPOS="848" WIDTH="118" HEIGHT="27" WC="0.90" CONTENT="Angäende"/><SP WIDTH="27" VPOS="848" HPOS="389"/>
							<String ID="string_170" HPOS="416" VPOS="848" WIDTH="196" HEIGHT="21" WC="0.90" CONTENT="landthandlandes"/><SP WIDTH="29" VPOS="848" HPOS="612"/>
							<String ID="string_171" HPOS="641" VPOS="848" WIDTH="153" HEIGHT="27" WC="0.90" CONTENT="näringsafgift"/><SP WIDTH="29" VPOS="848" HPOS="794"/>
							<String ID="string_172" HPOS="823" VPOS="849" WIDTH="122" HEIGHT="22" WC="0.88" CONTENT="bestämdes"/>
						</TextLine>
						<TextLine ID="line_22" HPOS="204" VPOS="881" WIDTH="742" HEIGHT="28">
							<String ID="string_173" HPOS="204" VPOS="881" WIDTH="55" HEIGHT="22" WC="0.96" CONTENT="först"/><SP WIDTH="15" VPOS="881" HPOS="259"/>
							<String ID="string_174" HPOS="274" VPOS="883" WIDTH="7" HEIGHT="20" WC="0.92" CONTENT="i"/><SP WIDTH="17" VPOS="883" HPOS="281"/>
							<String ID="string_175" HPOS="298" VPOS="882" WIDTH="123" HEIGHT="27" WC="0.91" CONTENT="Kejserliga"/><SP WIDTH="15" VPOS="882" HPOS="421"/>
							<String ID="string_176" HPOS="436" VPOS="882" WIDTH="153" HEIGHT="26" WC="0.96" CONTENT="förordningen"/><SP WIDTH="16" VPOS="882" HPOS="589"/>
							<String ID="string_177" HPOS="605" VPOS="883" WIDTH="41" HEIGHT="20" WC="0.96" CONTENT="den"/><SP WIDTH="15" VPOS="883" HPOS="646"/>
							<String ID="string_178" HPOS="661" VPOS="883" WIDTH="27" HEIGHT="20" WC="0.96" CONTENT="19"/><SP WIDTH="15" VPOS="883" HPOS="688"/>
							<String ID="string_179" HPOS="703" VPOS="883" WIDTH="118" HEIGHT="21" WC="0.96" CONTENT="December"/><SP WIDTH="16" VPOS="883" HPOS="821"/>
							<String ID="string_180" HPOS="837" VPOS="883" WIDTH="61" HEIGHT="25" WC="0.96" CONTENT="1859,"/><SP WIDTH="16" VPOS="883" HPOS="898"/>
							<String ID="string_181" HPOS="914" VPOS="885" WIDTH="32" HEIGHT="20" WC="0.96" CONTENT="att"/>
						</TextLine>
						<TextLine ID="line_23" HPOS="206" VPOS="916" WIDTH="740" HEIGHT="27">
							<String ID="string_182" HPOS="206" VPOS="916" WIDTH="41" HEIGHT="21" WC="0.95" CONTENT="den"/><SP WIDTH="26" VPOS="916" HPOS="247"/>
							<String ID="string_183" HPOS="273" VPOS="916" WIDTH="70" HEIGHT="21" WC="0.86" CONTENT="skulle"/><SP WIDTH="18" VPOS="916" HPOS="343"/>
							<String ID="string_184" HPOS="361" VPOS="916" WIDTH="23" HEIGHT="21" WC="0.96" CONTENT="af"/><SP WIDTH="14" VPOS="916" HPOS="384"/>
							<String ID="string_185" HPOS="398" VPOS="923" WIDTH="26" HEIGHT="14" WC="0.93" CONTENT="en"/><SP WIDTH="15" VPOS="923" HPOS="424"/>
							<String ID="string_186" HPOS="439" VPOS="916" WIDTH="59" HEIGHT="27" WC="0.95" CONTENT="hvar,"/><SP WIDTH="16" VPOS="916" HPOS="498"/>
							<String ID="string_187" HPOS="514" VPOS="922" WIDTH="46" HEIGHT="15" WC="0.93" CONTENT="som"/><SP WIDTH="15" VPOS="922" HPOS="560"/>
							<String ID="string_188" HPOS="575" VPOS="916" WIDTH="68" HEIGHT="21" WC="0.95" CONTENT="erhöll"/><SP WIDTH="15" VPOS="916" HPOS="643"/>
							<String ID="string_189" HPOS="658" VPOS="916" WIDTH="99" HEIGHT="21" WC="0.83" CONTENT="tillstånd"/><SP WIDTH="16" VPOS="916" HPOS="757"/>
							<String ID="string_190" HPOS="773" VPOS="917" WIDTH="33" HEIGHT="20" WC="0.93" CONTENT="till"/><SP WIDTH="15" VPOS="917" HPOS="806"/>
							<String ID="string_191" HPOS="821" VPOS="917" WIDTH="125" HEIGHT="22" WC="0.96" CONTENT="inrättande"/>
						</TextLine>
						<TextLine ID="line_24" HPOS="204" VPOS="950" WIDTH="742" HEIGHT="27">
							<String ID="string_192" HPOS="204" VPOS="950" WIDTH="24" HEIGHT="21" WC="0.93" CONTENT="af"/><SP WIDTH="13" VPOS="950" HPOS="228"/>
							<String ID="string_193" HPOS="241" VPOS="950" WIDTH="134" HEIGHT="21" WC="0.92" CONTENT="handelsbod"/><SP WIDTH="21" VPOS="950" HPOS="375"/>
							<String ID="string_194" HPOS="396" VPOS="950" WIDTH="28" HEIGHT="27" WC="0.96" CONTENT="pä"/><SP WIDTH="15" VPOS="950" HPOS="424"/>
							<String ID="string_195" HPOS="439" VPOS="950" WIDTH="79" HEIGHT="27" WC="0.93" CONTENT="landet,"/><SP WIDTH="16" VPOS="950" HPOS="518"/>
							<String ID="string_196" HPOS="534" VPOS="952" WIDTH="88" HEIGHT="25" WC="0.92" CONTENT="utgöras"/><SP WIDTH="15" VPOS="952" HPOS="622"/>
							<String ID="string_197" HPOS="637" VPOS="951" WIDTH="49" HEIGHT="20" WC="0.96" CONTENT="med"/><SP WIDTH="15" VPOS="951" HPOS="686"/>
							<String ID="string_198" HPOS="701" VPOS="951" WIDTH="66" HEIGHT="21" WC="0.96" CONTENT="minst"/><SP WIDTH="13" VPOS="951" HPOS="767"/>
							<String ID="string_199" HPOS="780" VPOS="951" WIDTH="29" HEIGHT="21" WC="0.93" CONTENT="20"/><SP WIDTH="14" VPOS="951" HPOS="809"/>
							<String ID="string_200" HPOS="823" VPOS="951" WIDTH="62" HEIGHT="21" WC="0.91" CONTENT="rubel"/><SP WIDTH="16" VPOS="951" HPOS="885"/>
							<String ID="string_201" HPOS="901" VPOS="951" WIDTH="45" HEIGHT="22" WC="0.92" CONTENT="silf-"/>
						</TextLine>
						<TextLine ID="line_25" HPOS="205" VPOS="983" WIDTH="741" HEIGHT="28">
							<String ID="string_202" HPOS="205" VPOS="990" WIDTH="37" HEIGHT="15" WC="0.96" CONTENT="ver"/><SP WIDTH="16" VPOS="990" HPOS="242"/>
							<String ID="string_203" HPOS="258" VPOS="990" WIDTH="34" HEIGHT="15" WC="0.93" CONTENT="om"/><SP WIDTH="15" VPOS="990" HPOS="292"/>
							<String ID="string_204" HPOS="307" VPOS="983" WIDTH="52" HEIGHT="27" WC="0.92" CONTENT="äret,"/><SP WIDTH="16" VPOS="983" HPOS="359"/>
							<String ID="string_205" HPOS="375" VPOS="990" WIDTH="48" HEIGHT="15" WC="0.96" CONTENT="men"/><SP WIDTH="15" VPOS="990" HPOS="423"/>
							<String ID="string_206" HPOS="438" VPOS="984" WIDTH="7" HEIGHT="21" WC="0.92" CONTENT="i"/><SP WIDTH="15" VPOS="984" HPOS="445"/>
							<String ID="string_207" HPOS="460" VPOS="985" WIDTH="12" HEIGHT="26" WC="0.92" CONTENT="&amp;"/><SP WIDTH="15" VPOS="985" HPOS="472"/>
							<String ID="string_208" HPOS="487" VPOS="985" WIDTH="13" HEIGHT="20" WC="0.96" CONTENT="6"/><SP WIDTH="15" VPOS="985" HPOS="500"/>
							<String ID="string_209" HPOS="515" VPOS="984" WIDTH="23" HEIGHT="21" WC="0.96" CONTENT="af"/><SP WIDTH="15" VPOS="984" HPOS="538"/>
							<String ID="string_210" HPOS="553" VPOS="984" WIDTH="54" HEIGHT="21" WC="0.93" CONTENT="1868"/><SP WIDTH="16" VPOS="984" HPOS="607"/>
							<String ID="string_211" HPOS="623" VPOS="984" WIDTH="35" HEIGHT="21" WC="0.91" CONTENT="ärs"/><SP WIDTH="15" VPOS="984" HPOS="658"/>
							<String ID="string_212" HPOS="673" VPOS="985" WIDTH="125" HEIGHT="26" WC="0.92" CONTENT="näringslag"/><SP WIDTH="15" VPOS="985" HPOS="798"/>
							<String ID="string_213" HPOS="813" VPOS="985" WIDTH="133" HEIGHT="21" WC="0.92" CONTENT="fastställdes"/>
						</TextLine>
						<TextLine ID="line_26" HPOS="206" VPOS="1018" WIDTH="741" HEIGHT="28">
							<String ID="string_214" HPOS="206" VPOS="1018" WIDTH="123" HEIGHT="21" WC="0.91" CONTENT="densamma"/><SP WIDTH="14" VPOS="1018" HPOS="329"/>
							<String ID="string_215" HPOS="343" VPOS="1018" WIDTH="34" HEIGHT="21" WC="0.87" CONTENT="till"/><SP WIDTH="15" VPOS="1018" HPOS="377"/>
							<String ID="string_216" HPOS="392" VPOS="1020" WIDTH="32" HEIGHT="19" WC="0.93" CONTENT="ett"/><SP WIDTH="15" VPOS="1020" HPOS="424"/>
							<String ID="string_217" HPOS="439" VPOS="1018" WIDTH="65" HEIGHT="28" WC="0.93" CONTENT="ärligt"/><SP WIDTH="14" VPOS="1018" HPOS="504"/>
							<String ID="string_218" HPOS="518" VPOS="1019" WIDTH="78" HEIGHT="27" WC="0.93" CONTENT="belopp"/><SP WIDTH="15" VPOS="1019" HPOS="596"/>
							<String ID="string_219" HPOS="611" VPOS="1018" WIDTH="24" HEIGHT="21" WC="0.93" CONTENT="af"/><SP WIDTH="8" VPOS="1018" HPOS="635"/>
							<String ID="string_220" HPOS="643" VPOS="1018" WIDTH="64" HEIGHT="27" WC="0.93" CONTENT="högst"/><SP WIDTH="8" VPOS="1018" HPOS="707"/>
							<String ID="string_221" HPOS="715" VPOS="1019" WIDTH="40" HEIGHT="21" WC="0.97" CONTENT="160"/><SP WIDTH="7" VPOS="1019" HPOS="755"/>
							<String ID="string_222" HPOS="762" VPOS="1020" WIDTH="61" HEIGHT="20" WC="0.97" CONTENT="mark"/><SP WIDTH="8" VPOS="1020" HPOS="823"/>
							<String ID="string_223" HPOS="831" VPOS="1020" WIDTH="34" HEIGHT="20" WC="0.93" CONTENT="för"/><SP WIDTH="8" VPOS="1020" HPOS="865"/>
							<String ID="string_224" HPOS="873" VPOS="1020" WIDTH="74" HEIGHT="26" WC="0.92" CONTENT="hvarje"/>
						</TextLine>
						<TextLine ID="line_27" HPOS="207" VPOS="1052" WIDTH="740" HEIGHT="28">
							<String ID="string_225" HPOS="207" VPOS="1052" WIDTH="191" HEIGHT="22" WC="0.90" CONTENT="landthandlande."/><SP WIDTH="30" VPOS="1052" HPOS="398"/>
							<String ID="string_226" HPOS="428" VPOS="1052" WIDTH="98" HEIGHT="27" WC="0.90" CONTENT="Afgiften"/><SP WIDTH="25" VPOS="1052" HPOS="526"/>
							<String ID="string_227" HPOS="551" VPOS="1052" WIDTH="70" HEIGHT="22" WC="0.96" CONTENT="skulle"/><SP WIDTH="16" VPOS="1052" HPOS="621"/>
							<String ID="string_228" HPOS="637" VPOS="1053" WIDTH="55" HEIGHT="21" WC="0.93" CONTENT="dock"/><SP WIDTH="22" VPOS="1053" HPOS="692"/>
							<String ID="string_229" HPOS="714" VPOS="1053" WIDTH="52" HEIGHT="27" WC="0.91" CONTENT="utgä"/><SP WIDTH="15" VPOS="1053" HPOS="766"/>
							<String ID="string_230" HPOS="781" VPOS="1053" WIDTH="33" HEIGHT="21" WC="0.93" CONTENT="för"/><SP WIDTH="14" VPOS="1053" HPOS="814"/>
							<String ID="string_231" HPOS="828" VPOS="1054" WIDTH="96" HEIGHT="22" WC="0.91" CONTENT="rörelsen"/><SP WIDTH="15" VPOS="1054" HPOS="924"/>
							<String ID="string_232" HPOS="939" VPOS="1054" WIDTH="8" HEIGHT="20" WC="0.96" CONTENT="i"/>
						</TextLine>
						<TextLine ID="line_28" HPOS="206" VPOS="1086" WIDTH="740" HEIGHT="27">
							<String ID="string_233" HPOS="206" VPOS="1086" WIDTH="34" HEIGHT="21" WC="0.93" CONTENT="sin"/><SP WIDTH="14" VPOS="1086" HPOS="240"/>
							<String ID="string_234" HPOS="254" VPOS="1086" WIDTH="80" HEIGHT="27" WC="0.89" CONTENT="helhet,"/><SP WIDTH="15" VPOS="1086" HPOS="334"/>
							<String ID="string_235" HPOS="349" VPOS="1086" WIDTH="101" HEIGHT="22" WC="0.92" CONTENT="hvarföre"/><SP WIDTH="15" VPOS="1086" HPOS="450"/>
							<String ID="string_236" HPOS="465" VPOS="1087" WIDTH="134" HEIGHT="21" WC="0.96" CONTENT="sistnämnda"/><SP WIDTH="14" VPOS="1087" HPOS="599"/>
							<String ID="string_237" HPOS="613" VPOS="1093" WIDTH="83" HEIGHT="15" WC="0.93" CONTENT="summa"/><SP WIDTH="14" VPOS="1093" HPOS="696"/>
							<String ID="string_238" HPOS="710" VPOS="1087" WIDTH="48" HEIGHT="21" WC="0.96" CONTENT="icke"/><SP WIDTH="15" VPOS="1087" HPOS="758"/>
							<String ID="string_239" HPOS="773" VPOS="1087" WIDTH="41" HEIGHT="21" WC="0.93" CONTENT="fick"/><SP WIDTH="16" VPOS="1087" HPOS="814"/>
							<String ID="string_240" HPOS="830" VPOS="1088" WIDTH="116" HEIGHT="21" WC="0.91" CONTENT="öfverskri-"/>
						</TextLine>
						<TextLine ID="line_29" HPOS="206" VPOS="1120" WIDTH="742" HEIGHT="29">
							<String ID="string_241" HPOS="206" VPOS="1121" WIDTH="46" HEIGHT="26" WC="0.93" CONTENT="das,"/><SP WIDTH="16" VPOS="1121" HPOS="252"/>
							<String ID="string_242" HPOS="268" VPOS="1120" WIDTH="62" HEIGHT="22" WC="0.93" CONTENT="äfven"/><SP WIDTH="15" VPOS="1120" HPOS="330"/>
							<String ID="string_243" HPOS="345" VPOS="1126" WIDTH="34" HEIGHT="16" WC="0.96" CONTENT="om"/><SP WIDTH="15" VPOS="1126" HPOS="379"/>
							<String ID="string_244" HPOS="394" VPOS="1120" WIDTH="53" HEIGHT="22" WC="0.93" CONTENT="flera"/><SP WIDTH="15" VPOS="1120" HPOS="447"/>
							<String ID="string_245" HPOS="462" VPOS="1121" WIDTH="71" HEIGHT="21" WC="0.92" CONTENT="skilda"/><SP WIDTH="15" VPOS="1121" HPOS="533"/>
							<String ID="string_246" HPOS="548" VPOS="1121" WIDTH="218" HEIGHT="27" WC="0.92" CONTENT="försäljningsställen"/><SP WIDTH="15" VPOS="1121" HPOS="766"/>
							<String ID="string_247" HPOS="781" VPOS="1122" WIDTH="23" HEIGHT="20" WC="0.96" CONTENT="af"/><SP WIDTH="7" VPOS="1122" HPOS="804"/>
							<String ID="string_248" HPOS="811" VPOS="1128" WIDTH="80" HEIGHT="15" WC="0.93" CONTENT="samma"/><SP WIDTH="9" VPOS="1128" HPOS="891"/>
							<String ID="string_249" HPOS="900" VPOS="1128" WIDTH="48" HEIGHT="21" WC="0.92" CONTENT="per-"/>
						</TextLine>
						<TextLine ID="line_30" HPOS="206" VPOS="1154" WIDTH="742" HEIGHT="29">
							<String ID="string_250" HPOS="206" VPOS="1160" WIDTH="39" HEIGHT="16" WC="0.93" CONTENT="son"/><SP WIDTH="22" VPOS="1160" HPOS="245"/>
							<String ID="string_251" HPOS="267" VPOS="1154" WIDTH="115" HEIGHT="27" WC="0.89" CONTENT="öppnades,"/><SP WIDTH="22" VPOS="1154" HPOS="382"/>
							<String ID="string_252" HPOS="404" VPOS="1160" WIDTH="48" HEIGHT="15" WC="0.96" CONTENT="men"/><SP WIDTH="22" VPOS="1160" HPOS="452"/>
							<String ID="string_253" HPOS="474" VPOS="1161" WIDTH="77" HEIGHT="21" WC="0.93" CONTENT="genom"/><SP WIDTH="19" VPOS="1161" HPOS="551"/>
							<String ID="string_254" HPOS="570" VPOS="1155" WIDTH="117" HEIGHT="27" WC="0.91" CONTENT="kejserliga"/><SP WIDTH="14" VPOS="1155" HPOS="687"/>
							<String ID="string_255" HPOS="701" VPOS="1155" WIDTH="153" HEIGHT="28" WC="0.96" CONTENT="förordningen"/><SP WIDTH="15" VPOS="1155" HPOS="854"/>
							<String ID="string_256" HPOS="869" VPOS="1156" WIDTH="24" HEIGHT="21" WC="0.96" CONTENT="af"/><SP WIDTH="13" VPOS="1156" HPOS="893"/>
							<String ID="string_257" HPOS="906" VPOS="1157" WIDTH="42" HEIGHT="21" WC="0.96" CONTENT="den"/>
						</TextLine>
						<TextLine ID="line_31" HPOS="206" VPOS="1188" WIDTH="742" HEIGHT="29">
							<String ID="string_258" HPOS="206" VPOS="1189" WIDTH="28" HEIGHT="20" WC="0.95" CONTENT="20"/><SP WIDTH="14" VPOS="1189" HPOS="234"/>
							<String ID="string_259" HPOS="248" VPOS="1188" WIDTH="94" HEIGHT="27" WC="0.95" CONTENT="Augusti"/><SP WIDTH="15" VPOS="1188" HPOS="342"/>
							<String ID="string_260" HPOS="357" VPOS="1188" WIDTH="56" HEIGHT="21" WC="0.93" CONTENT="1873"/><SP WIDTH="15" VPOS="1188" HPOS="413"/>
							<String ID="string_261" HPOS="428" VPOS="1189" WIDTH="130" HEIGHT="26" WC="0.89" CONTENT="bestämdes,"/><SP WIDTH="15" VPOS="1189" HPOS="558"/>
							<String ID="string_262" HPOS="573" VPOS="1191" WIDTH="32" HEIGHT="19" WC="0.97" CONTENT="att"/><SP WIDTH="15" VPOS="1191" HPOS="605"/>
							<String ID="string_263" HPOS="620" VPOS="1189" WIDTH="93" HEIGHT="21" WC="0.93" CONTENT="berörda"/><SP WIDTH="14" VPOS="1189" HPOS="713"/>
							<String ID="string_264" HPOS="727" VPOS="1189" WIDTH="64" HEIGHT="27" WC="0.93" CONTENT="afgift"/><SP WIDTH="15" VPOS="1189" HPOS="791"/>
							<String ID="string_265" HPOS="806" VPOS="1190" WIDTH="70" HEIGHT="21" WC="0.93" CONTENT="skulle"/><SP WIDTH="10" VPOS="1190" HPOS="876"/>
							<String ID="string_266" HPOS="886" VPOS="1192" WIDTH="62" HEIGHT="25" WC="0.90" CONTENT="utgö-"/>
						</TextLine>
						<TextLine ID="line_32" HPOS="206" VPOS="1222" WIDTH="742" HEIGHT="28">
							<String ID="string_267" HPOS="206" VPOS="1228" WIDTH="36" HEIGHT="15" WC="0.85" CONTENT="ras"/><SP WIDTH="21" VPOS="1228" HPOS="242"/>
							<String ID="string_268" HPOS="263" VPOS="1222" WIDTH="35" HEIGHT="22" WC="0.93" CONTENT="för"/><SP WIDTH="13" VPOS="1222" HPOS="298"/>
							<String ID="string_269" HPOS="311" VPOS="1222" WIDTH="75" HEIGHT="27" WC="0.93" CONTENT="hvarje"/><SP WIDTH="15" VPOS="1222" HPOS="386"/>
							<String ID="string_270" HPOS="401" VPOS="1222" WIDTH="94" HEIGHT="22" WC="0.93" CONTENT="särskild"/><SP WIDTH="15" VPOS="1222" HPOS="495"/>
							<String ID="string_271" HPOS="510" VPOS="1222" WIDTH="179" HEIGHT="27" WC="0.92" CONTENT="handelsrörelse,"/><SP WIDTH="16" VPOS="1222" HPOS="689"/>
							<String ID="string_272" HPOS="705" VPOS="1229" WIDTH="46" HEIGHT="15" WC="0.96" CONTENT="som"/><SP WIDTH="15" VPOS="1229" HPOS="751"/>
							<String ID="string_273" HPOS="766" VPOS="1223" WIDTH="23" HEIGHT="21" WC="0.93" CONTENT="af"/><SP WIDTH="13" VPOS="1223" HPOS="789"/>
							<String ID="string_274" HPOS="802" VPOS="1224" WIDTH="70" HEIGHT="26" WC="0.91" CONTENT="nägon"/><SP WIDTH="9" VPOS="1224" HPOS="872"/>
							<String ID="string_275" HPOS="881" VPOS="1224" WIDTH="67" HEIGHT="22" WC="0.90" CONTENT="inrät-"/>
						</TextLine>
						<TextLine ID="line_33" HPOS="207" VPOS="1256" WIDTH="741" HEIGHT="27">
							<String ID="string_276" HPOS="207" VPOS="1256" WIDTH="68" HEIGHT="25" WC="0.92" CONTENT="tades,"/><SP WIDTH="16" VPOS="1256" HPOS="275"/>
							<String ID="string_277" HPOS="291" VPOS="1256" WIDTH="134" HEIGHT="20" WC="0.92" CONTENT="fortfarande"/><SP WIDTH="16" VPOS="1256" HPOS="425"/>
							<String ID="string_278" HPOS="441" VPOS="1256" WIDTH="54" HEIGHT="21" WC="0.96" CONTENT="dock"/><SP WIDTH="16" VPOS="1256" HPOS="495"/>
							<String ID="string_279" HPOS="511" VPOS="1257" WIDTH="68" HEIGHT="20" WC="0.96" CONTENT="under"/><SP WIDTH="15" VPOS="1257" HPOS="579"/>
							<String ID="string_280" HPOS="594" VPOS="1257" WIDTH="41" HEIGHT="20" WC="0.93" CONTENT="den"/><SP WIDTH="15" VPOS="1257" HPOS="635"/>
							<String ID="string_281" HPOS="650" VPOS="1256" WIDTH="163" HEIGHT="27" WC="0.92" CONTENT="förutsättning,"/><SP WIDTH="16" VPOS="1256" HPOS="813"/>
							<String ID="string_282" HPOS="829" VPOS="1259" WIDTH="32" HEIGHT="19" WC="0.92" CONTENT="att"/><SP WIDTH="10" VPOS="1259" HPOS="861"/>
							<String ID="string_283" HPOS="871" VPOS="1258" WIDTH="77" HEIGHT="21" WC="0.92" CONTENT="sädant"/>
						</TextLine>
						<TextLine ID="line_34" HPOS="207" VPOS="1289" WIDTH="739" HEIGHT="27">
							<String ID="string_284" HPOS="207" VPOS="1289" WIDTH="82" HEIGHT="21" WC="0.96" CONTENT="skedde"/><SP WIDTH="23" VPOS="1289" HPOS="289"/>
							<String ID="string_285" HPOS="312" VPOS="1289" WIDTH="28" HEIGHT="27" WC="0.95" CONTENT="pä"/><SP WIDTH="15" VPOS="1289" HPOS="340"/>
							<String ID="string_286" HPOS="355" VPOS="1295" WIDTH="70" HEIGHT="15" WC="0.95" CONTENT="annan"/><SP WIDTH="23" VPOS="1295" HPOS="425"/>
							<String ID="string_287" HPOS="448" VPOS="1291" WIDTH="34" HEIGHT="19" WC="0.95" CONTENT="ort"/><SP WIDTH="18" VPOS="1291" HPOS="482"/>
							<String ID="string_288" HPOS="500" VPOS="1291" WIDTH="28" HEIGHT="19" WC="0.96" CONTENT="än"/><SP WIDTH="16" VPOS="1291" HPOS="528"/>
							<String ID="string_289" HPOS="544" VPOS="1290" WIDTH="47" HEIGHT="26" WC="0.96" CONTENT="den,"/><SP WIDTH="17" VPOS="1290" HPOS="591"/>
							<String ID="string_290" HPOS="608" VPOS="1290" WIDTH="38" HEIGHT="20" WC="0.96" CONTENT="der"/><SP WIDTH="15" VPOS="1290" HPOS="646"/>
							<String ID="string_291" HPOS="661" VPOS="1290" WIDTH="53" HEIGHT="21" WC="0.93" CONTENT="hans"/><SP WIDTH="16" VPOS="1290" HPOS="714"/>
							<String ID="string_292" HPOS="730" VPOS="1290" WIDTH="165" HEIGHT="22" WC="0.92" CONTENT="hufvudrörelse"/><SP WIDTH="15" VPOS="1290" HPOS="895"/>
							<String ID="string_293" HPOS="910" VPOS="1291" WIDTH="36" HEIGHT="21" WC="0.91" CONTENT="be-"/>
						</TextLine>
						<TextLine ID="line_35" HPOS="208" VPOS="1322" WIDTH="740" HEIGHT="30">
							<String ID="string_294" HPOS="208" VPOS="1322" WIDTH="88" HEIGHT="22" WC="0.91" CONTENT="drifves."/><SP WIDTH="29" VPOS="1322" HPOS="296"/>
							<String ID="string_295" HPOS="325" VPOS="1322" WIDTH="42" HEIGHT="22" WC="0.93" CONTENT="För"/><SP WIDTH="14" VPOS="1322" HPOS="367"/>
							<String ID="string_296" HPOS="381" VPOS="1323" WIDTH="67" HEIGHT="27" WC="0.92" CONTENT="öfrigt"/><SP WIDTH="14" VPOS="1323" HPOS="448"/>
							<String ID="string_297" HPOS="462" VPOS="1323" WIDTH="40" HEIGHT="21" WC="0.93" CONTENT="har"/><SP WIDTH="14" VPOS="1323" HPOS="502"/>
							<String ID="string_298" HPOS="516" VPOS="1323" WIDTH="91" HEIGHT="27" WC="0.93" CONTENT="afgiften"/><SP WIDTH="14" VPOS="1323" HPOS="607"/>
							<String ID="string_299" HPOS="621" VPOS="1324" WIDTH="8" HEIGHT="20" WC="0.93" CONTENT="i"/><SP WIDTH="15" VPOS="1324" HPOS="629"/>
							<String ID="string_300" HPOS="644" VPOS="1323" WIDTH="67" HEIGHT="27" WC="0.92" CONTENT="fräga,"/><SP WIDTH="15" VPOS="1323" HPOS="711"/>
							<String ID="string_301" HPOS="726" VPOS="1324" WIDTH="86" HEIGHT="27" WC="0.92" CONTENT="jemlikt"/><SP WIDTH="14" VPOS="1324" HPOS="812"/>
							<String ID="string_302" HPOS="826" VPOS="1324" WIDTH="122" HEIGHT="28" WC="0.92" CONTENT="Kejserliga"/>
						</TextLine>
						<TextLine ID="line_36" HPOS="207" VPOS="1356" WIDTH="741" HEIGHT="30">
							<String ID="string_303" HPOS="207" VPOS="1356" WIDTH="85" HEIGHT="22" WC="0.85" CONTENT="brefvet"/><SP WIDTH="15" VPOS="1356" HPOS="292"/>
							<String ID="string_304" HPOS="307" VPOS="1356" WIDTH="23" HEIGHT="22" WC="0.96" CONTENT="af"/><SP WIDTH="13" VPOS="1356" HPOS="330"/>
							<String ID="string_305" HPOS="343" VPOS="1357" WIDTH="42" HEIGHT="21" WC="0.96" CONTENT="den"/><SP WIDTH="15" VPOS="1357" HPOS="385"/>
							<String ID="string_306" HPOS="400" VPOS="1358" WIDTH="28" HEIGHT="20" WC="0.96" CONTENT="12"/><SP WIDTH="14" VPOS="1358" HPOS="428"/>
							<String ID="string_307" HPOS="442" VPOS="1357" WIDTH="42" HEIGHT="28" WC="0.96" CONTENT="Maj"/><SP WIDTH="16" VPOS="1357" HPOS="484"/>
							<String ID="string_308" HPOS="500" VPOS="1358" WIDTH="62" HEIGHT="26" WC="0.93" CONTENT="1869,"/><SP WIDTH="17" VPOS="1358" HPOS="562"/>
							<String ID="string_309" HPOS="579" VPOS="1358" WIDTH="116" HEIGHT="22" WC="0.96" CONTENT="beräknats"/><SP WIDTH="15" VPOS="1358" HPOS="695"/>
							<String ID="string_310" HPOS="710" VPOS="1358" WIDTH="48" HEIGHT="22" WC="0.96" CONTENT="från"/><SP WIDTH="15" VPOS="1358" HPOS="758"/>
							<String ID="string_311" HPOS="773" VPOS="1358" WIDTH="68" HEIGHT="22" WC="0.96" CONTENT="första"/><SP WIDTH="15" VPOS="1358" HPOS="841"/>
							<String ID="string_312" HPOS="856" VPOS="1359" WIDTH="70" HEIGHT="27" WC="0.96" CONTENT="dagen"/><SP WIDTH="14" VPOS="1359" HPOS="926"/>
							<String ID="string_313" HPOS="940" VPOS="1359" WIDTH="8" HEIGHT="21" WC="0.96" CONTENT="i"/>
						</TextLine>
						<TextLine ID="line_37" HPOS="207" VPOS="1391" WIDTH="741" HEIGHT="27">
							<String ID="string_314" HPOS="207" VPOS="1391" WIDTH="106" HEIGHT="21" WC="0.92" CONTENT="mänaden"/><SP WIDTH="15" VPOS="1391" HPOS="313"/>
							<String ID="string_315" HPOS="328" VPOS="1393" WIDTH="49" HEIGHT="19" WC="0.92" CONTENT="näst"/><SP WIDTH="15" VPOS="1393" HPOS="377"/>
							<String ID="string_316" HPOS="392" VPOS="1391" WIDTH="55" HEIGHT="21" WC="0.96" CONTENT="efter"/><SP WIDTH="15" VPOS="1391" HPOS="447"/>
							<String ID="string_317" HPOS="462" VPOS="1392" WIDTH="48" HEIGHT="26" WC="0.96" CONTENT="den,"/><SP WIDTH="16" VPOS="1392" HPOS="510"/>
							<String ID="string_318" HPOS="526" VPOS="1392" WIDTH="28" HEIGHT="21" WC="0.93" CONTENT="dä"/><SP WIDTH="14" VPOS="1392" HPOS="554"/>
							<String ID="string_319" HPOS="568" VPOS="1392" WIDTH="257" HEIGHT="22" WC="0.92" CONTENT="tillständsresolutionen"/><SP WIDTH="10" VPOS="1392" HPOS="825"/>
							<String ID="string_320" HPOS="835" VPOS="1393" WIDTH="71" HEIGHT="22" WC="0.90" CONTENT="blifvit"/><SP WIDTH="9" VPOS="1393" HPOS="906"/>
							<String ID="string_321" HPOS="915" VPOS="1395" WIDTH="33" HEIGHT="20" WC="0.93" CONTENT="sö-"/>
						</TextLine>
						<TextLine ID="line_38" HPOS="208" VPOS="1425" WIDTH="286" HEIGHT="23">
							<String ID="string_322" HPOS="208" VPOS="1425" WIDTH="86" HEIGHT="22" WC="0.92" CONTENT="kanden"/><SP WIDTH="15" VPOS="1425" HPOS="294"/>
							<String ID="string_323" HPOS="309" VPOS="1426" WIDTH="185" HEIGHT="22" WC="0.89" CONTENT="tillhandahällen."/>
						</TextLine>
					</TextBlock>
					<TextBlock ID="block_6" HPOS="277" VPOS="1460" WIDTH="669" HEIGHT="29">
						<TextLine ID="line_39" HPOS="277" VPOS="1460" WIDTH="669" HEIGHT="29">
							<String ID="string_324" HPOS="277" VPOS="1460" WIDTH="74" HEIGHT="23" WC="0.91" CONTENT="Säsom"/><SP WIDTH="15" VPOS="1460" HPOS="351"/>
							<String ID="string_325" HPOS="366" VPOS="1460" WIDTH="23" HEIGHT="22" WC="0.96" CONTENT="af"/><SP WIDTH="14" VPOS="1460" HPOS="389"/>
							<String ID="string_326" HPOS="403" VPOS="1460" WIDTH="69" HEIGHT="23" WC="0.96" CONTENT="denna"/><SP WIDTH="14" VPOS="1460" HPOS="472"/>
							<String ID="string_327" HPOS="486" VPOS="1460" WIDTH="158" HEIGHT="28" WC="0.93" CONTENT="framställning"/><SP WIDTH="15" VPOS="1460" HPOS="644"/>
							<String ID="string_328" HPOS="659" VPOS="1467" WIDTH="70" HEIGHT="22" WC="0.92" CONTENT="synes,"/><SP WIDTH="15" VPOS="1467" HPOS="729"/>
							<String ID="string_329" HPOS="744" VPOS="1462" WIDTH="39" HEIGHT="22" WC="0.93" CONTENT="har"/><SP WIDTH="15" VPOS="1462" HPOS="783"/>
							<String ID="string_330" HPOS="798" VPOS="1462" WIDTH="148" HEIGHT="23" WC="0.92" CONTENT="landthandla-"/>
						</TextLine>
					</TextBlock>
				</ComposedBlock>
				<ComposedBlock ID="cblock_3" HPOS="276" VPOS="1506" WIDTH="598" HEIGHT="23">
					<TextBlock ID="block_7" HPOS="276" VPOS="1506" WIDTH="598" HEIGHT="23">
						<TextLine ID="line_40" HPOS="276" VPOS="1506" WIDTH="598" HEIGHT="23">
							<String ID="string_331" HPOS="276" VPOS="1506" WIDTH="124" HEIGHT="18" WC="0.89" CONTENT="Sammansatta"/><SP WIDTH="11" VPOS="1506" HPOS="400"/>
							<String ID="string_332" HPOS="411" VPOS="1506" WIDTH="37" HEIGHT="23" WC="0.95" CONTENT="Lag"/><SP WIDTH="12" VPOS="1506" HPOS="448"/>
							<String ID="string_333" HPOS="460" VPOS="1507" WIDTH="29" HEIGHT="17" WC="0.96" CONTENT="och"/><SP WIDTH="12" VPOS="1507" HPOS="489"/>
							<String ID="string_334" HPOS="501" VPOS="1507" WIDTH="84" HEIGHT="18" WC="0.93" CONTENT="Ekonomi"/><SP WIDTH="11" VPOS="1507" HPOS="585"/>
							<String ID="string_335" HPOS="596" VPOS="1508" WIDTH="88" HEIGHT="17" WC="0.96" CONTENT="utskottets"/><SP WIDTH="12" VPOS="1508" HPOS="684"/>
							<String ID="string_336" HPOS="696" VPOS="1508" WIDTH="104" HEIGHT="18" WC="0.96" CONTENT="betänkande"/><SP WIDTH="12" VPOS="1508" HPOS="800"/>
							<String ID="string_337" HPOS="812" VPOS="1508" WIDTH="33" HEIGHT="18" WC="0.96" CONTENT="N:o"/><SP WIDTH="13" VPOS="1508" HPOS="845"/>
							<String ID="string_338" HPOS="858" VPOS="1509" WIDTH="16" HEIGHT="16" WC="0.96" CONTENT="3."/>
						</TextLine>
					</TextBlock>
				</ComposedBlock>
			</PrintSpace>
		</Page>
	</Layout>
</alto>
