1073 1703
234 146 28 21 22
399 146 31 20 U.
448 146 31 19 B.
512 156 6 2 -
540 145 87 24 Prop.
643 145 50 20 N:o
708 145 47 20 32.

274 206 33 21 Pä
321 215 49 19 nyss
385 205 128 22 framställda
528 205 45 21 skäl
588 205 32 21 f&r
634 205 109 22 Utskottet
753 204 106 23 vördsamt
869 205 83 22 föreslä:

347 247 31 19 att
395 247 28 19 ett
434 245 141 27 fullständigt
585 244 184 28 folkskolelärare-
784 244 37 22 och
836 245 117 21 lärarinne-

277 280 139 21 seminarium
423 279 48 21 med
472 279 90 28 finskan
569 280 70 20 såsom
649 279 232 27 undervisningsspräk
889 279 65 28 blefve

277 313 104 22 inrättadt
408 314 6 20 å
428 313 95 27 Kymölä
538 313 164 22 skattehemman
717 313 43 21 N:o
774 315 16 20 2
804 313 61 22 invid
879 313 76 22 Sorda-

276 348 49 21 vala
339 347 54 21 stad.

274 388 49 21 Den
339 388 102 22 afvikelse
455 387 46 22 frän
521 388 98 28 förslaget
634 387 7 21 i
657 388 39 20 den
711 387 76 29 nädiga
801 388 155 29 propositionen

209 422 129 22 beträffande
360 422 127 22 inrättandet
509 422 24 22 af
552 424 30 20 ett
596 422 178 21 folkskolelärare-
789 423 38 21 och
844 423 113 21 lärarinne-

211 456 140 26 seminarium,
375 464 45 14 som
441 456 119 22 Utskottets
582 456 132 22 betänkande
736 456 79 22 säledes
833 457 122 26 innehäller,

211 491 70 21 kunde
296 490 100 28 möjligen
411 498 59 14 anses
485 490 107 22 föranleda
607 490 116 28 väsentliga
737 490 144 29 förändringar
895 491 8 21 i
917 491 39 22 för-

211 525 64 28 slaget
294 532 34 14 om
348 526 69 20 staten
434 524 33 22 för
481 524 35 22 det
530 533 42 20 nya
587 524 126 22 seminariet.
743 524 34 29 Ty
792 524 34 23 det
841 526 115 27 antagande

210 558 67 29 ligger
297 563 50 17 nära
369 558 32 21 till
416 558 71 26 hands,
504 560 30 20 att
549 558 65 29 ärliga
629 561 74 18 räntan
717 558 47 21 frän
780 559 40 21 den
835 559 46 21 rika
896 559 61 22 dona-

211 592 50 27 tion,
277 601 45 13 som
343 592 83 29 ätföljer
441 592 115 22 Siitoinska
578 592 124 26 folkskolan,
717 593 72 20 kunde
805 593 104 22 användas
924 594 33 21 till

211 628 31 20 att
256 627 87 21 betäcka
358 627 55 21 helst
433 627 68 28 nägon
516 627 34 20 del
565 627 23 21 af
609 626 259 23 underhällskostnaderna
882 627 32 22 för
929 636 28 13 se-

211 660 103 22 minariet.
345 661 51 20 Men
411 661 87 21 emedan
513 662 13 24 8
542 661 27 21 33
585 661 7 20 i
607 660 108 28 stadgarne
731 661 32 21 för
777 661 115 22 Siitoinska
906 662 51 21 folk-

212 694 73 21 skolan
300 695 62 21 redan
378 694 117 22 innehåller
509 694 130 22 föreskrifter
654 702 34 13 om
703 696 62 20 sättet
780 696 30 20 att
825 696 96 21 använda
931 696 27 22 af-

212 728 126 29 kastningen
355 728 47 21 frän
415 728 202 28 jordlägenheterna,
633 731 54 18 samt
701 728 126 22 ätminstone
842 730 68 28 nägon
925 730 33 22 del

212 762 23 22 af
247 762 179 28 penningeräntan
441 762 95 22 kommer
551 765 31 19 att
596 764 57 26 tagas
668 762 8 21 i
691 763 89 28 anspräk
795 762 32 22 för
842 764 40 21 den
895 772 63 14 nuva-

212 796 63 22 rande
297 796 200 29 lärarepersonalens
520 796 96 28 aflöning,
638 796 38 21 har
694 797 109 22 Utskottet
825 798 36 21 vid
882 802 77 25 uppgö-

212 831 64 21 rande
298 830 23 22 af
339 832 68 20 staten
429 830 32 21 för
483 831 34 21 det
539 839 42 19 nya
604 830 121 22 seminariet
746 833 68 20 ansett
829 832 31 28 sig
875 832 18 28 ej
909 834 50 20 böra

213 869 47 24 taga
281 864 7 21 i
307 864 116 28 beräkning
445 864 40 21 den
507 864 65 28 ärliga
594 864 149 28 afkastningen
765 865 46 21 frän
827 866 131 26 donationen,

213 900 56 24 utan,
286 898 169 22 öfverlemnande
469 898 22 22 ät
506 898 109 28 Styrelsen
630 900 30 20 att
675 898 96 22 deröfver
785 900 7 20 i
803 900 92 28 enlighet
911 900 48 22 med

213 932 221 23 ofverlätelseskriften
449 932 85 28 förfoga,
551 932 97 29 uppgjort
663 934 68 20 staten
746 933 32 22 för
793 934 35 22 det
843 943 42 20 nya
899 935 66 21 semi-'

213 968 68 21 nariet
303 967 115 21 oberoende
441 966 23 22 af
483 967 69 21 denna
566 967 65 28 ärliga
646 967 97 22 afkomst.
774 968 43 23 Vid
832 969 75 22 sädant
921 970 39 21 för-

213 1002 96 21 hällande
324 1002 38 21 har
377 1002 108 21 Utskottet
500 1002 45 21 haft
560 1004 30 19 att
604 1004 48 25 taga
667 1002 81 28 hänsyn
763 1002 33 22 till
811 1003 40 26 det,
868 1012 44 13 som
928 1004 31 21 för

213 1035 136 22 förevarande
372 1035 96 22 ändamäl
483 1035 7 21 i
506 1035 40 22 den
566 1035 76 28 nädiga
665 1036 155 28 propositionen
839 1038 65 26 eskas,
921 1039 38 20 och

215 1069 72 22 dervid
309 1069 18 29 ej
350 1069 71 22 funnit
444 1070 45 21 skäl
511 1070 33 21 till
566 1077 69 14 annan
651 1069 100 22 afvikelse
767 1071 46 22 frän
828 1072 131 22 seminariets

213 1103 117 29 föreslagna
345 1105 46 24 stat,
408 1109 26 16 än
450 1103 46 26 den,
513 1111 44 14 som
572 1105 83 26 utgöres
671 1104 22 21 af
706 1105 93 28 anslaget
813 1105 32 22 för
859 1106 54 28 hyra
928 1107 32 21 för

213 1138 89 21 lokalen.
332 1138 77 21 Denna
423 1139 53 26 hyra
491 1138 37 21 bör
542 1138 106 28 nemligen
663 1138 96 22 bortfalla
774 1139 36 22 vid
829 1141 131 22 seminariets

213 1171 133 30 förläggande
361 1171 32 23 till
408 1172 94 28 Kymölä
517 1173 104 25 hemman,
638 1180 44 14 som
697 1173 63 22 redan
776 1182 48 21 eger
833 1176 125 28 byggnader,

213 1206 144 22 motsvarande
375 1206 130 22 seminariets
525 1206 64 22 behof
605 1206 125 23 ätminstone
749 1208 66 22 under
834 1210 40 22 den
896 1210 64 22 första

213 1240 59 22 tiden
287 1240 23 21 af
323 1240 45 21 dess
387 1241 89 28 tillvaro,
497 1241 38 20 och
550 1241 72 21 hvilka
637 1242 120 27 byggnader
772 1243 112 26 dessutom,
900 1245 7 19 i
923 1245 35 20 fall

215 1274 23 21 af
249 1274 68 26 behof,
334 1274 72 21 kunna
421 1275 149 27 kompletteras
584 1282 75 21 genom
675 1276 137 22 användande
823 1278 23 20 af
854 1278 25 21 de
890 1278 70 28 bespa-

214 1308 75 28 ringar,
305 1316 44 14 som
372 1308 31 22 uti
421 1309 39 21 den
480 1308 23 22 af
521 1309 102 22 Finlands
639 1309 132 24 Statskontor
791 1310 114 24 förvaltade
921 1312 39 22 Sii-

213 1342 83 21 toinska
311 1342 180 23 folkskolefonden
507 1344 106 21 allaredan
628 1344 93 28 uppstått
735 1346 39 20 och
789 1345 110 23 framdeles
910 1346 49 29 möj-

214 1376 56 29 ligen
284 1377 73 22 kunna
371 1378 134 28 uppkomma.

282 1411 31 22 Pä
328 1412 59 21 dessa
401 1413 46 21 skäl
462 1412 32 23 fär
509 1413 108 22 Utskottet
632 1414 106 23 vördsamt
752 1415 82 22 förorda

351 1449 32 19 att
396 1447 122 23 Ständerna
531 1449 50 21 ville
591 1449 41 27 för
647 1449 33 21 det
693 1457 43 20 nya
751 1451 122 21 seminariet
888 1452 14 21 ä
916 1451 44 28 Ky-

280 1481 57 21 mölä
359 1481 96 22 hemman
478 1483 64 21 anslå
564 1490 26 14 en
611 1490 82 14 summa
715 1484 29 27 af
755 1484 48 27 Fng
816 1486 100 25 224,885
931 1488 30 19 att

283 1520 138 19 Sammansatta
434 1521 58 19 Stats-
506 1522 32 19 och
550 1522 186 19 Ekonomiutskottets
748 1524 112 18 betänkande
872 1525 37 18 N:o
920 1526 16 18 2.
