1078 1717
315 152 28 19 U.
359 153 28 17 B.
403 162 24 4 -—
445 154 84 22 Prop.
544 154 47 17 N:o
604 154 37 18 21.
801 150 27 22 17

179 214 56 23 stru;
248 212 73 28 gifven
336 212 29 21 dä
381 213 137 28 arfvingarne
529 221 44 20 upp
585 213 121 27 egendomen
715 212 35 21 till
757 212 99 28 uppteck-

180 246 57 28 ning,
253 246 50 20 eller
318 246 31 26 de,
364 254 43 13 som
423 246 38 21 den
476 246 36 21 vid
527 246 114 29 dödsfallet
660 254 32 13 om
707 246 80 22 händer
803 246 54 28 haft,

180 279 37 20 och
238 279 93 29 skrifven
353 280 168 29 uppteckningen
540 281 74 26 under,
636 288 42 13 som
700 288 29 13 nu
749 282 26 19 är
789 280 69 28 sagdt.

180 313 71 28 Lyder
275 314 68 28 arfvet
364 314 67 21 under
455 315 156 26 stadsdomstol,
631 314 48 21 eller
694 316 26 19 är
734 314 123 28 egendomen

180 348 100 28 fastighet
295 349 9 20 i
318 348 59 26 stad;
392 349 29 20 dä
436 348 65 28 skola,
516 350 9 20 i
539 349 42 28 fall
590 350 19 26 ej
617 348 134 22 annorlunda
759 348 100 22 särskildt

182 382 99 28 stadgadt
296 384 32 26 är,
344 382 142 30 borgmästare
502 384 37 20 och
553 384 41 20 räd
609 385 77 19 nämna
702 384 36 20 tvä
753 384 50 20 eller
811 384 49 26 flere

182 416 79 29 redlige
283 419 57 24 män,
360 425 43 14 som
426 419 122 28 egendomen
572 419 118 28 uppteckna
706 418 37 21 och
758 418 103 25 värdera;

182 459 45 14 men
243 459 33 14 om
291 452 44 21 boet
350 452 59 28 lyder
424 453 68 21 under
507 453 123 20 häradsrätt
645 452 49 21 eller
702 453 123 27 egendomen
835 453 26 20 är

183 486 100 28 fastighet
306 487 13 20 &
341 487 78 25 landet,
441 488 36 20 mä
501 487 215 28 sterbhusdelegarene
736 486 58 21 kalla
808 487 53 27 gode

182 521 56 26 män,
253 528 44 13 som
311 521 52 28 efter
379 521 57 21 bästa
451 521 98 30 förstånd
564 520 164 30 uppteckningen
744 521 37 20 och
789 521 73 20 värde-

183 556 73 27 ringen
271 555 100 28 förrätta.
387 556 14 21 I
405 557 98 27 presthus
511 563 38 21 ega
557 556 112 29 arfvingar
677 555 59 21 kalla
751 555 37 21 och
796 555 66 20 bruka

185 589 71 21 dertill
267 589 38 21 den
321 590 24 21 de
361 590 50 21 helst
426 590 76 29 sjelfva
517 591 60 27 vilja.

472 654 27 20 12
521 653 57 28 Kap.

501 693 50 28 78.

395 727 75 28 Enligt
484 727 170 27 propositionen.

445 767 166 28 Slutmeningen.

351 801 83 22 Jemväl
451 802 68 27 enligt
533 801 168 28 propositionen.

189 842 166 21 Reservationer
385 843 24 20 af
431 843 67 26 nägre
512 842 67 21 bland
603 841 125 23 Utskottets
748 840 118 22 ledamöter

122 877 92 27 bifogas.

191 935 146 27 Helsingfors,
353 935 41 21 den
409 935 13 20 7
437 934 60 22 Mars
511 934 63 21 1877.

201 1529 126 23 Lagutskottets
339 1526 112 18 Betänkande
464 1526 34 17 N:o
511 1526 17 16 6-
