1048 1711
386 137 53 22 N:o
455 135 49 23 25.
765 139 26 19 23

68 203 42 20 den
124 203 8 20 i
148 203 38 21 sitt
208 204 74 21 arbete
304 205 95 20 användt
421 206 53 20 eller
496 206 97 21 använda
616 206 55 26 låtit,
690 206 83 21 ändock
789 207 32 20 att

68 237 65 26 ingen
148 238 68 20 skada
231 238 64 21 skett.

413 302 11 26 8
441 303 35 19 43.

139 338 47 22 Har
200 339 141 27 yrkesidkare
356 340 52 20 felat
423 342 57 19 emot
499 340 56 21 hvad
570 341 7 20 i
593 340 24 28 $$
633 342 33 24 29,
683 342 26 20 33
726 341 52 21 eller
793 342 27 20 36

68 372 68 22 finnes
152 373 108 27 stadgadt,
277 374 52 20 eller
344 374 124 21 underlåter
483 375 42 21 han
541 375 6 20 i
563 375 26 21 de
604 376 32 20 uti
651 375 24 27 $$
693 376 26 20 38
730 376 52 20 eller
793 376 26 21 39

68 406 141 22 omförmälda
230 407 38 21 fall
292 409 32 20 att
346 408 83 26 utgifva
451 409 70 27 betyg,
542 410 51 19 böte
608 409 47 20 från
671 410 39 20 och
725 410 49 20 med
789 410 30 21 tio

66 441 34 20 till
124 441 39 21 och
184 441 49 21 med
252 441 128 22 fembundra
399 442 68 27 mark,
488 443 39 21 och
543 449 56 20 vare,
615 443 6 20 i
637 443 37 20 fall
690 443 79 21 allmän
784 443 37 27 lag

67 475 71 21 tillika
159 475 72 21 blifvit
253 475 130 27 öfverträdd,
403 476 72 21 derför
491 477 105 20 särskildt
612 477 109 26 ansvarig;
739 479 80 20 ersätte

68 509 39 21 ock
130 509 28 21 all
181 515 76 20 genom
279 510 53 21 hans
355 510 133 22 förvällande
511 511 162 21 åstadkommen
693 511 68 21 skada
780 511 39 21 och

66 543 100 22 kostnad.

412 606 11 28 8
440 607 33 21 44.

139 646 93 26 Biträde,
249 646 99 21 arbetare
364 646 52 22 eller
431 647 85 26 lärling,
533 653 45 15 som
596 647 54 21 felar
669 649 56 19 emot
740 648 57 20 hvad
811 648 8 20 i

67 680 24 27 $$
114 681 26 20 35
165 680 51 21 eller
239 682 26 20 37
286 680 67 22 finnes
373 681 107 26 stadgadt,
497 682 56 20 skall
569 683 81 19 ersätta
664 682 72 20 vällad
752 682 67 20 skada

67 715 39 21 och
128 714 52 22 böta
202 714 47 21 frän
272 715 39 21 och
334 715 48 21 med
400 715 30 21 tio
451 716 33 20 till
500 716 39 20 och
554 716 49 20 med
618 716 118 21 trehundra
750 716 67 26 mark,

67 750 73 21 derest
155 749 18 27 ej
190 750 117 26 gerningen
326 750 68 26 enligt
412 750 78 21 allmän
506 750 35 27 lag
557 752 24 19 är
595 750 49 22 med
659 751 66 26 högre
741 756 77 16 ansvar

67 784 84 26 belagd.

414 847 11 27 8
441 848 33 20 45.

138 886 80 27 Skiljer
232 885 140 28 yrkesidkare
388 886 90 26 biträde,
496 886 99 21 arbetare
609 886 51 21 eller
670 887 85 26 lärling,
767 887 53 20 eller

66 921 98 26 upphöra
186 921 62 21 desse
271 921 48 20 med
342 921 38 20 sitt
402 921 74 20 arbete
499 921 38 20 hos
556 921 154 26 yrkesidkaren
725 921 7 20 i
748 927 73 14 annan

66 955 90 26 ordning
179 957 28 18 än
229 955 48 21 dem
300 955 90 20 emellan
412 955 103 26 ingänget
538 955 56 20 läro-
616 955 52 20 eller
691 955 126 21 arbetsaftal

66 989 52 22 eller
141 989 11 27 $
176 990 26 19 30
226 990 55 19 samt
296 989 24 26 $$
336 989 34 25 37,
386 989 27 20 38
428 989 40 20 och
483 990 27 20 39
526 989 7 20 i
548 989 70 20 denna
632 989 126 26 förordning
773 989 45 20 vid-

66 1023 149 27 handengifva,
232 1023 52 21 eller
300 1025 88 24 antager
403 1023 140 27 yrkesidkare
559 1029 80 15 annans
655 1023 91 26 biträde,
757 1023 61 21 arbe-

65 1060 47 19 tare
135 1058 53 21 eller
209 1058 84 25 lärling,
317 1063 45 15 som
385 1057 47 21 icke
454 1057 71 21 blifvit
547 1057 117 26 behörigen
687 1057 48 21 från
751 1058 67 21 denne

67 1093 63 26 skild,
152 1093 52 20 böte
222 1091 56 21 ifrån
298 1091 30 21 tio
344 1091 34 21 till
394 1091 39 21 och
449 1092 48 20 med
512 1091 127 21 femhundra
654 1091 61 21 mark
731 1092 40 20 och
786 1097 32 15 er-

66 1128 56 20 sätte
138 1127 29 19 all
183 1126 74 20 skada.

138 1160 146 21 Yrkesidkare
306 1160 24 20 är
348 1158 124 28 berättigad
491 1160 32 20 att
537 1165 77 21 genom
629 1160 109 20 närmaste
753 1158 65 28 polis-

66 1194 125 27 myndighet
210 1194 51 21 eller
280 1193 118 27 Kejsarens
417 1193 240 27 Befallningshafvande
672 1194 22 20 få
709 1193 47 26 den,
773 1199 48 15 som

66 1228 53 22 aftal
141 1228 75 26 brutit,
236 1227 152 27 ofördröjligen
408 1227 8 21 i
434 1227 73 21 arbete
523 1227 89 21 inställd
626 1228 29 26 på
670 1228 80 20 dennes
766 1233 52 21 egen

66 1263 127 21 bekostnad.

413 1324 11 26 8
440 1324 34 21 46.

136 1364 73 25 Böter,
232 1363 87 21 hvartill
341 1363 71 25 någon
430 1368 78 20 genom
523 1363 70 20 denna
607 1362 126 26 förordning
747 1361 72 21 blifvit

66 1398 59 26 fälld,
150 1397 61 21 skola
229 1397 27 27 gå
271 1397 33 21 till
320 1396 110 22 treskiftes
447 1396 45 26 och,
508 1396 37 21 vid
560 1396 111 21 bristande
687 1396 131 26 betalnings-

66 1431 97 28 tillgång,
187 1431 123 21 förvandlas
330 1431 33 20 till
382 1430 96 27 fängelse
493 1430 36 21 vid
544 1431 73 20 vatten
633 1430 39 21 och
687 1430 60 26 bröd,
764 1431 54 20 mot-

67 1466 105 22 svarande
188 1472 26 15 en
229 1465 106 28 tredjedel
350 1464 22 22 af
386 1465 171 26 bötesbeloppet.
