1053 1709
322 98 22 24 U.
361 98 23 23 B.
399 111 28 3 —
443 99 65 28 Prop.
525 100 38 22 N:o
579 98 37 24 30.
801 101 12 19 3

227 153 28 43 år
272 166 52 19 1865
356 181 4 5 .
391 181 4 4 .
426 182 4 4 .
463 182 4 4 .
497 165 48 27 Fm:
561 166 95 25 616,674:
672 167 33 19 85.

238 215 9 9 »
269 200 55 19 1866
355 216 4 4 .
390 215 4 4 .
425 216 4 4 .
461 217 4 4 .
511 216 10 9 »
560 201 96 25 608,398:
673 201 33 20 55.

236 249 10 9 »
270 234 53 20 1867
354 250 4 4 .
389 250 39 4 oc.
461 250 4 5 .
559 235 97 25 545,652;
673 235 33 20 35.

236 283 10 10 »
269 269 55 19 1868
354 285 5 4 .
390 285 4 4 .
461 285 4 4 os
512 285 9 9 »
560 270 96 25 505,634:
674 280 28 3 —

238 318 10 9 »
271 303 53 20 1869
355 318 39 5 2.
461 319 4 5 0.
512 319 9 10 0,
559 305 97 20 524.866:
672 305 34 20 40.

235 353 10 10 »
268 338 54 20 1870
352 354 4 4 .
392 354 1 4 0
423 354 40 5 ss
509 355 10 8 >
557 339 97 24 547,602:
685 339 19 20 5.

236 387 10 10 »
269 372 53 20 1891
354 388 40 5 0.
425 389 40 4 sv
512 389 9 9 oo
560 373 96 25 595,863:
674 374 32 19 15.

236 422 10 9 »
269 407 55 20 1872
512 423 9 10 »
560 408 96 25 630,590:
672 408 34 20 98.

163 441 38 21 Att
224 441 26 21 de
268 441 63 21 svära
345 440 132 27 missväxter,
493 447 47 16 som
553 442 70 21 under
637 447 76 16 senare
728 441 81 23 hälften
824 441 24 22 af

96 477 54 20 1860
166 475 55 22 talet
236 475 109 22 drabbade
360 475 95 27 Finland,
472 476 40 21 och
528 476 41 21 den
584 475 114 28 stockning
712 476 7 21 i
731 475 112 28 affärerna,

95 517 46 15 som
164 510 27 22 dä
213 516 37 16 var
264 510 96 22 rädande
375 510 7 21 i
397 509 79 28 landet,
493 509 62 22 äfven
569 510 69 21 skulle
653 511 73 21 utöfva
740 511 103 22 märkbar

94 545 103 22 inverkan
218 545 29 26 pä
268 544 143 27 bevillningen
425 551 39 14 var
477 544 110 28 naturligt,
602 551 49 15 men
666 547 32 19 att
713 545 130 28 densamma,

95 579 90 22 oaktadt
200 579 118 22 skördarna
332 579 123 22 sedermera
469 579 69 22 blefvo
553 579 77 28 rikliga
646 579 39 22 och
701 579 141 28 företagsam-

94 615 66 21 heten
175 614 57 21 inom
247 614 41 21 alla
303 614 141 27 affärsgrenar
458 614 87 22 kröntes
560 615 49 21 med
622 613 58 22 förut
695 614 70 21 oanad
779 614 64 22 fram-

95 649 62 27 gång,
176 649 130 21 fortfarande
326 649 44 21 höll
386 649 32 27 sig
432 649 34 21 till
480 649 89 27 ungefär
583 655 82 15 samma
686 649 50 27 låga
757 649 86 28 belopp,

94 690 37 15 var
147 683 96 22 deremot
258 683 24 22 sä
296 683 86 28 mycket
396 689 59 16 mera
470 683 218 28 anmärkningsvärdt.
718 685 67 21 Detta
800 684 43 21 för-

93 718 100 21 hållande
214 717 110 23 äfvensom
342 719 32 20 att
392 717 141 28 bevillningen
547 717 88 22 befanns
658 718 82 21 drabba
760 718 83 21 hefolk-

94 753 77 26 ningen
193 752 134 28 synnerligen
350 751 79 28 ojemnt
450 752 95 27 undgick
565 752 48 22 icke
628 752 67 22 heller
710 752 133 22 Ständernas

92 787 36 21 vid
152 788 54 20 1872
229 787 34 21 års
284 786 105 28 landtdag
409 786 194 28 uppmärksamhet,
628 786 40 22 och
682 786 29 27 på
726 786 82 27 förslag
822 786 23 22 af

92 820 245 28 Bevillningsutskottet,
360 826 47 16 som
428 820 67 28 ansåg
517 820 90 23 orsaken
621 821 72 21 dertill
707 821 54 21 böra
776 821 67 21 sökas

93 857 7 20 i
128 856 79 27 oriktig
228 856 132 27 tillämpning
383 856 40 21 och
445 856 71 27 slappt
537 855 163 23 handhafvande
724 855 24 22 af
768 856 75 21 bevill-

92 891 165 28 ningsstadgans
279 890 139 27 föreskrifter,
433 890 84 28 ingingo
534 891 120 22 Ständerna
668 891 34 21 till
715 891 61 22 Hans
791 891 51 28 Kej-

92 926 78 27 serliga
177 925 103 28 Majestät
286 925 50 22 med
343 925 134 28 underdånig
486 925 156 28 framställning
650 925 80 27 derom,
738 927 33 20 att
780 926 64 21 dessa

91 960 133 22 föreskrifter
246 961 67 21 måtte
327 960 8 21 i
350 960 102 22 afseende
468 961 13 21 å
495 966 110 21 noggrann
620 959 126 23 efterlefnad
755 960 40 21 hos
806 967 36 15 ve-

93 995 133 22 derbörande
241 995 121 27 inskärpas.

160 1030 74 21 Under
256 1030 66 27 derpå
343 1029 94 28 följande
459 1030 24 21 år
497 1029 72 22 utvisa
581 1029 155 27 bevillningens
751 1029 92 22 resultat

92 1063 61 23 äfven
177 1071 26 15 en
224 1063 133 28 fortgående,
380 1063 47 22 icke
447 1064 109 27 obetydlig
578 1063 95 28 stegring
688 1063 8 22 i
710 1064 131 21 inkomsten.

91 1093 58 27 Åren
168 1098 61 27 1873,
255 1100 54 20 1874
325 1098 41 21 och
381 1099 54 20 1875
451 1098 141 27 uppdebitera
606 1098 105 27 nemligen
725 1098 119 21 räkenska-

90 1139 68 22 perna
172 1132 84 23 utöfver
271 1132 292 28 sjöfartsbevillningen
506 1127 63 38 resp.
579 1133 97 25 714,366:
694 1133 33 25 57,
744 1133 98 26 837,517:

92 1170 25 20 55
134 1167 39 23 och
191 1169 90 25 973,269
296 1167 36 22 mf.
349 1169 27 20 23
391 1174 21 21 p.
437 1167 50 22 Men
502 1167 68 22 ehuru
585 1173 26 15 en
625 1166 124 28 förändring
764 1167 33 21 till
806 1166 37 23 det

91 1203 71 22 bättre
178 1202 90 22 sålunda
282 1202 166 27 ögonskenligen
463 1203 38 26 ägt
514 1208 53 20 rum,
584 1203 37 20 äro
636 1201 144 22 resultaterna
789 1201 55 22 dock

92 1240 56 19 ännu
162 1237 60 27 långt
236 1237 55 22 ifrån
306 1236 205 23 tillfredsställande.
535 1235 90 23 Oafsedt
633 1236 41 21 den
683 1236 160 27 omständighet

91 1274 33 20 att
138 1272 154 27 bevillningens
305 1271 78 27 belopp
399 1270 130 23 fortfarande
544 1271 70 21 måste
629 1276 63 16 anses
708 1270 71 22 alltför
793 1270 50 27 låg
831 1266 15 37 i

91 1307 133 21 förhållande
238 1306 33 22 till
290 1306 275 27 nationalförmögenheten,
581 1312 38 20 ger
632 1305 107 27 nemligen
754 1305 89 27 gransk-

91 1342 77 25 ningen
184 1340 23 21 af
219 1340 244 26 bevillningslängderna
477 1340 36 20 vid
526 1340 85 20 handen
627 1340 39 24 att,
682 1339 29 26 på
726 1340 45 19 sätt
781 1338 62 22 äfven

91 1381 25 14 ur
137 1374 88 26 bilagda
247 1374 59 20 tablå
328 1372 58 23 öfver
400 1373 95 27 Nylands
509 1373 47 21 läns
571 1372 115 26 bevillning
700 1372 34 21 för
748 1372 25 20 år
788 1373 54 19 1875

91 1408 100 28 framgår,
207 1408 142 27 bevillningen
359 1409 88 25 utgöres
455 1408 79 27 ytterst
541 1406 87 28 ojemnt,
636 1406 41 22 och
685 1406 70 22 denna
763 1406 80 28 ojemn-

154 1452 212 24 Bevillningsutskottets
381 1451 114 19 betänkande
510 1451 35 18 N:o
561 1448 19 21 3.
812 1444 4 4 i
