1048 1709
238 124 28 21 20

211 185 62 23 deraf
286 185 108 23 beroende
409 186 107 28 utstyrsel,
532 186 20 27 ej
567 186 69 22 heller
650 187 62 21 deras
727 186 68 26 antal;
811 192 48 16 men
873 186 5 21 i
891 186 73 22 stället

211 220 66 22 borde
297 220 36 21 vid
350 220 77 21 liniens
445 220 107 27 tracering
571 220 37 22 och
617 214 111 34 profilens
745 220 142 28 upprättande
909 221 56 20 samt

212 255 35 21 vid
259 254 237 28 jordexpropriationen
511 254 100 23 afseende
626 254 67 22 fästas
707 255 37 22 vid
754 255 137 27 möjligheten
901 254 24 22 af
933 256 32 20 att

212 290 35 21 vid
262 289 99 28 stigande
380 289 81 22 rörelse
479 289 72 22 kunna
565 289 28 28 på
614 290 101 27 lämpliga
741 290 76 22 ställen
840 292 69 25 öppna
923 296 42 21 nya

214 325 102 22 stationer
331 324 53 22 eller
398 323 143 28 haltpunkter.

280 359 32 22 Ur
327 359 134 28 synpunkten
475 359 23 22 af
512 365 26 15 en
553 361 73 25 sträng
636 359 137 28 hushållning
783 359 66 22 borde
859 359 8 21 i
877 359 88 21 allmän-

213 394 37 21 het
269 393 108 28 egentliga
397 393 103 22 stationer
518 394 76 22 endast
611 394 102 27 anläggas
728 394 7 21 i
751 393 72 22 städer
843 393 40 22 och
897 395 69 20 större

214 429 127 26 landsorter,
359 429 56 21 samt
429 429 28 26 på
471 429 26 21 de
513 428 83 27 ställen,
615 428 37 21 der
667 427 103 23 trafikens
785 428 182 27 ändamålsenliga

214 463 139 22 bedrifvande
368 463 77 22 sådant
459 463 92 27 kräfver,
567 463 7 22 i
590 463 39 22 och
644 463 33 21 för
691 463 130 27 anläggning
835 463 23 21 af
871 463 94 27 depoter,

214 499 128 25 vattentorn,
358 498 51 27 spår
423 497 34 22 för
471 497 109 27 tågmöten
596 497 38 22 och
650 498 24 21 så
689 497 80 22 vidare.
792 498 11 21 I
817 498 74 21 stället
900 497 67 22 borde

213 532 139 27 haltpunkter
373 532 113 27 anordnas,
508 532 74 22 hvilka
599 533 71 21 kunde
687 539 53 15 vara
758 532 24 22 så
803 532 84 28 mycket
909 531 58 29 flere,

213 573 45 16 som
281 567 26 22 de
326 566 71 23 blefve
414 567 100 27 billigare
532 568 32 21 att
582 567 153 26 åstadkomma,
753 568 28 21 än
799 567 84 21 härtills
901 567 67 27 öfliga

213 601 82 22 mindre
311 601 104 22 stationer
430 601 23 22 af
461 601 69 28 tredje
541 602 38 21 och
590 602 68 27 fjerde
668 602 93 22 klassen.
783 602 34 21 En
826 602 62 27 ringa
897 601 70 28 trafik,

214 643 45 15 som
275 638 56 20 ännu
346 636 47 22 icke
408 637 88 21 förmått
509 636 59 22 bilda
582 637 33 27 sig
628 636 67 27 några
709 635 180 28 centralpunkter,
900 636 68 21 måste

213 671 139 22 tvifvelsutan
367 677 62 16 anses
444 671 71 22 bättre
529 671 101 28 betjenad
645 671 23 22 af
681 673 69 20 tätare
761 677 34 15 om
806 671 39 22 ock
855 670 112 28 anspråks-

214 707 47 21 lösa
275 706 204 27 beröringspunkter
500 706 49 22 med
561 706 124 27 jernvägen,
707 707 28 20 än
750 705 23 22 af
786 705 23 22 få
825 705 38 22 och
878 705 43 22 rikt
935 706 33 20 ut-

215 741 87 21 rustade
317 740 86 22 sådana.

283 774 75 23 Skulle
374 775 35 21 vid
424 775 156 27 anläggningen
595 775 24 21 af
632 774 51 22 våra
698 774 101 22 framtida
813 775 115 27 jernvägar
938 775 32 21 ett

214 809 177 22 betraktelsesätt
405 811 52 25 göra
473 809 32 27 sig
520 809 99 28 gällande
633 809 101 22 liknande
749 809 36 22 det
803 809 166 22 kommissionen

214 843 112 24 nästofvan
348 843 48 23 sökt
414 844 95 27 utlägga,
527 844 67 23 borde
612 844 67 30 enligt
697 844 50 22 dess
768 844 65 22 tanke
855 843 48 22 icke
919 844 49 22 obe-

214 880 83 27 tydliga
311 879 139 28 besparingar
464 879 72 22 kunna
550 881 64 26 göras
624 879 31 22 uti
666 879 75 22 kontot
750 879 33 22 för
793 879 174 28 husbyggnader,

218 914 81 22 hvilket
314 914 65 22 konto
398 914 134 27 gemenligen
546 914 36 22 vid
600 914 157 27 anläggningen
775 914 58 22 svårt
847 916 76 26 tynger
941 913 28 28 på

214 949 215 28 byggnadsanslaget.

283 1053 11 22 I
315 1052 37 22 det
374 1052 130 27 föregående
521 1051 40 22 har
582 1051 164 23 kommissionen
769 1051 49 23 sökt
836 1053 7 20 i
863 1052 107 22 allmänna

218 1088 53 27 drag
290 1087 121 22 framställa
425 1087 40 21 och
483 1086 104 22 motivera
602 1087 26 20 de
646 1086 112 27 principer,
779 1092 45 16 som
839 1087 68 26 enligt
921 1087 49 21 dess

217 1122 56 27 åsigt
287 1121 67 22 borde
369 1121 63 28 följas
448 1121 35 22 vid
494 1121 157 27 anläggningen
661 1121 22 21 af
692 1121 102 21 Finlands
805 1120 100 22 framtida
913 1121 57 26 jern-

217 1158 72 25 vägar,
305 1155 40 23 och
360 1156 63 21 dessa
437 1156 107 27 principer
558 1156 40 21 har
616 1155 43 22 hon
674 1155 49 22 sökt
740 1157 32 20 att
786 1155 97 27 tillämpa
897 1155 28 28 på
939 1157 32 20 ett

216 1191 89 27 specielt
318 1189 51 23 fall.

285 1225 141 27 Hosföljande
441 1224 72 27 bilaga
533 1224 120 23 innehåller
667 1226 31 20 ett
713 1224 128 27 detaljeradt
858 1225 112 21 kostnads-

216 1261 81 26 förslag
319 1259 34 28 till
372 1265 25 15 en
414 1260 96 26 jernväg,
534 1259 70 21 såsom
623 1259 165 22 kommissionen
811 1259 61 21 tänkt
890 1259 32 26 sig
945 1265 26 15 en

217 1295 73 25 sådan,
306 1294 24 21 så
344 1293 71 27 billigt
429 1293 85 26 anlagd,
530 1299 45 15 som
586 1293 47 21 vårt
642 1293 75 21 klimat
727 1293 40 21 och
778 1293 68 26 öfriga
856 1293 115 21 förhållan-

218 1329 41 22 den
273 1329 37 21 det
325 1327 112 28 medgifva,
457 1333 49 16 men
524 1327 104 28 derjemte
648 1327 130 28 erbjudande
797 1329 79 20 största
894 1327 78 22 lätthet

217 1363 34 22 till
269 1362 129 27 utveckling.
431 1363 66 20 Detta
515 1362 80 27 förslag
614 1361 142 23 förekommer
773 1362 7 21 i
799 1362 86 27 bilagan
904 1362 67 21 under

218 1399 39 22 N:o
275 1398 17 21 I.
325 1398 71 21 Jemte
415 1398 60 21 detta
491 1397 40 22 har
548 1397 165 22 kommissionen
731 1398 110 26 upprättat
859 1398 31 20 ett
908 1398 64 20 annat

218 1434 81 27 förslag
314 1433 69 22 under
397 1433 39 21 N:o
452 1432 28 27 II,
495 1432 34 22 för
544 1438 81 16 samma
639 1432 57 27 linie,
712 1438 48 16 men
775 1432 75 22 dervid
865 1432 107 28 tillämpat

287 1468 92 33 Jernvägs-
384 1474 87 18 Utskottets
481 1473 104 18 betänkande
596 1473 35 17 N:o
643 1472 18 18 3.
