1056 1709
275 131 80 23 Ständ.
371 132 36 22 Sv.
424 144 27 4 —
467 132 68 28 Prop.
551 132 39 22 N:o
604 132 35 22 33.
779 134 14 20 5

83 194 161 28 uppsättningen
265 194 24 22 af
305 194 189 22 arbetsverkstäder
511 195 38 21 och
564 194 68 22 skolor
647 194 35 22 vid
697 195 125 28 fängelsean-

83 228 98 22 stalterna
196 228 8 20 i
219 228 76 22 landet.
325 228 61 22 Dock
408 228 90 29 framgår
516 229 22 21 af
554 229 94 21 bemälde
668 229 98 22 Ständers
787 236 34 14 un-

83 262 112 27 derdåniga
217 262 110 22 skrifvelse
341 262 8 21 i
364 264 75 23 ämnet,
459 265 31 19 att
508 263 72 21 endast
594 263 105 21 saknaden
713 262 24 22 af
748 270 27 13 en
790 263 31 20 be-

82 296 68 21 stämd
170 296 49 28 plan
239 296 31 21 för
287 296 195 29 fängelsereformen
497 298 52 20 samt
564 296 23 22 af
598 297 40 21 alla
653 295 169 23 kostnadsberäk-

84 329 74 29 ningar
172 329 103 22 föranledt
289 332 30 20 att
333 331 90 21 nämnda
438 331 70 28 anslag
523 330 57 23 stälts
595 330 8 21 i
617 330 86 22 anförda
717 331 105 21 allmänna

82 364 58 21 form.
171 364 36 21 Nu
228 364 62 23 hafva
309 365 92 21 deremot
415 365 8 21 i
438 365 152 29 propositioner
613 364 113 29 uppgifvits
742 364 25 22 de
782 369 39 17 sär-
835 385 4 2 .

81 398 67 21 skilda
163 399 123 28 byggnader,
302 399 72 22 hvilka
389 399 66 22 under
469 399 40 22 den
524 401 103 20 närmaste
637 399 111 22 framtiden
758 399 63 21 borde

81 428 158 35 åstadkommas,
260 433 65 38 jemte
347 433 26 22 de
394 433 33 22 för
446 433 104 26 desamma
569 433 117 22 beräknade
703 433 116 22 kostnader.

82 466 117 22 Ständerna
213 474 49 15 anse
277 467 32 28 sig
323 467 79 22 således
416 467 47 21 icke
476 468 50 21 böra
540 467 62 32 bevilja,
631 475 26 14 en
672 467 54 21 rund
740 474 81 14 summa

80 501 8 20 1
108 503 30 19 ett
159 500 33 22 för
213 501 42 26 allt,
278 501 67 22 såsom
366 501 73 28 bidrag
460 501 32 22 till
512 493 92 37 fängelse
628 501 90 22 formens
739 508 81 21 genom-

80 535 91 25 förande,
187 535 54 22 helst
255 535 160 28 redovisningen
429 535 39 22 ock
482 535 65 22 måste
562 535 60 22 ställa
637 535 31 28 sig
682 535 86 26 klarare,
784 539 37 18 när

82 570 97 27 anslagen
195 574 34 17 äro
244 569 149 29 specificerade.

149 604 11 21 I
175 604 214 22 öfverensstämmelse
403 604 48 21 med
466 605 54 21 hvad
534 604 118 22 Ständerna
666 604 62 21 ofvan
740 603 79 28 antydt,

80 638 72 21 kunna
166 637 117 23 Ständerna
297 638 46 22 icke
359 639 46 20 dela
419 639 40 20 den
474 638 96 22 stundom
583 638 92 22 uttalade
685 637 59 29 åsigt,
756 637 64 28 enligt

80 672 87 22 hvilken
184 672 127 22 Ständernas
326 672 35 22 vid
377 673 110 22 1863—64
502 673 32 22 års
548 673 98 28 landtdag
660 673 77 21 fattade
752 673 69 21 beslut

80 706 105 29 angående
200 707 71 28 anslag
284 707 32 22 till
330 706 195 29 fängelsereformen
540 707 67 22 skulle
621 706 63 23 hafva
697 707 121 28 betydelsen

79 741 23 20 af
114 749 25 13 en
155 741 32 22 för
201 741 41 21 alla
260 749 73 14 senare
354 741 120 28 landtdagar
494 741 94 28 gällande
602 740 126 23 förbindelse
742 743 31 20 att
787 741 31 22 be-

80 774 50 29 vilja
144 775 25 21 de
184 783 97 18 summor,
297 783 44 14 som
356 775 32 22 för
403 775 61 29 sagde
477 775 75 22 reform
562 775 82 29 pröfvas
655 783 49 14 vara
714 775 23 21 af
744 775 73 22 nöden.

80 809 117 22 Ständerna
211 809 72 22 kunna
297 812 90 19 tvärtom
401 810 46 21 icke
462 810 68 21 lemna
545 817 25 14 ur
584 809 52 29 sigte
651 812 30 19 att
694 811 27 20 36
732 811 14 25 &
755 809 26 21 L.
793 809 25 22 O.

79 843 67 29 gifver
160 844 36 22 vid
210 844 89 27 handen,
315 844 35 23 det
364 845 71 27 anslag
449 845 49 21 böra
513 843 85 29 beviljas
614 844 72 21 endast
700 844 32 21 till
742 844 36 21 det
787 844 31 21 be-

78 879 56 28 lopp,
150 886 43 14 som
207 879 46 21 icke
269 879 41 21 kan
324 878 24 23 af
359 878 134 23 statsverkets
509 878 102 22 ordinarie
626 878 114 22 inkomster
753 879 66 20 betäc-

79 913 42 25 kas,
144 913 76 22 hvaraf
239 913 90 29 framgär
347 915 31 20 att
395 913 72 29 hvarje
481 913 97 29 landtdag
593 913 37 22 bör
645 912 72 29 pröfva
731 913 87 28 anslags-

79 947 94 29 frägorna
188 948 48 21 med
250 948 84 28 hänsigt
347 948 33 21 till
395 948 35 21 det
444 948 26 21 dä
484 947 89 22 varande
588 947 127 28 finansläget.

146 983 21 20 Nu
197 983 38 20 har
248 991 75 20 genom
338 983 25 21 de
378 982 23 22 af
414 982 126 22 Ständernas
560 983 131 21 statsutskott
705 981 114 30 uppgjorda

79 1017 143 28 beräkningar,
238 1017 73 22 hvilka
325 1017 105 22 meddelas
445 1017 8 21 i
468 1017 126 22 Ständernas
609 1016 141 29 underdäniga
760 1016 59 22 skrif-

80 1051 55 22 velse
153 1051 106 28 angående
277 1051 96 28 samtliga
387 1052 36 21 vid
437 1052 68 21 denna
519 1051 98 28 landtdag
631 1051 103 28 beviljade
748 1051 71 27 anslag

79 1085 38 21 och
128 1093 32 13 om
172 1085 81 22 medlen
265 1088 30 19 att
304 1086 87 21 betäcka
401 1086 111 25 desamma,
524 1085 111 28 utredning
646 1085 85 22 vunnits
741 1085 76 25 derom,

79 1122 29 19 att
124 1127 26 14 en
164 1119 93 29 betydlig
272 1120 33 21 del
320 1120 23 21 af
354 1120 90 28 utgiften
456 1120 32 21 för
497 1120 25 21 de
532 1120 7 21 i
550 1119 154 30 propositionen
714 1123 105 25 upptagna

77 1153 210 30 fängelsebyggnader
305 1155 37 21 bör
360 1155 72 20 kunna
449 1153 24 22 af
488 1155 104 20 allmänna
610 1153 119 22 statsmedel
747 1153 71 22 bestri-

78 1188 41 21 das.
151 1188 42 22 Vid
208 1188 72 22 sådant
301 1189 135 25 förhållande,
452 1197 48 13 anse
520 1189 30 27 sig
569 1188 123 25 Ständerna,
708 1187 61 22 äfven
784 1195 34 13 om

78 1222 94 28 samtliga
192 1223 58 21 dessa
270 1223 119 28 byggnader
403 1223 109 28 pröfvades
527 1231 49 13 vara
590 1222 175 28 ändamålsenliga
780 1222 36 21 och

77 1256 23 21 af
113 1256 98 22 behofvet
229 1257 114 28 påkallade,
362 1257 47 21 icke
426 1257 48 22 böra
493 1256 71 22 anvisa
578 1256 194 28 bevillningsmedel
786 1255 32 22 till

77 1291 48 20 hela
140 1291 34 21 det
189 1291 7 20 i
211 1291 153 28 propositionen
379 1291 76 22 äskade
470 1291 80 28 belopp.

145 1325 34 20 Då
194 1325 35 21 det
243 1325 60 21 alltså
317 1326 65 26 gäller
397 1327 30 19 att
441 1329 48 23 göra
499 1327 30 19 ett
538 1324 137 28 särskiljande
685 1324 132 24 härutinnan,

77 1361 31 18 tro
124 1357 31 28 sig
174 1357 117 22 Ständerna
313 1359 71 20 kunna
406 1360 74 25 antaga
497 1360 30 19 att
545 1358 108 26 Styrelsen
668 1365 83 13 snarare
766 1357 52 20 skall

79 1399 47 13 vara
140 1391 93 28 benägen
249 1394 30 19 att
293 1391 72 22 anvisa
379 1392 105 21 allmänna
499 1391 119 23 statsmedel
632 1391 33 21 till
675 1390 143 21 fullbordande

77 1425 23 21 af
112 1425 25 21 de
153 1426 63 21 redan
231 1425 110 29 påbörjade
351 1426 217 29 byggnadsföretagen,
579 1424 110 35 tukthuset
699 1424 59 22 invid
768 1424 49 21 Hel-

77 1459 87 29 singfors
179 1460 38 22 och
231 1460 157 30 tillbyggnaden
403 1461 36 21 vid
453 1460 170 29 straffängelset
614 1455 13 39 i
640 1452 50 32 Åbo,
706 1464 27 17 än
746 1460 30 20 att
786 1459 32 21 be-
