1056 1709
312 135 79 23 Ständ.
406 136 37 23 Sv.
459 150 27 3 —
501 138 69 27 Prop.
585 138 40 22 N:o
635 134 41 26 30.
826 140 11 20 7

509 206 13 26 8
536 206 19 22 5.

263 238 57 22 Frän
334 239 113 28 utgörande
457 239 24 22 af
487 240 206 28 inkomstbevillning
702 244 35 18 äro
747 239 118 22 frikallade:

262 273 20 26 a)
301 272 91 29 Kyrkor,
415 274 155 28 vetenskapliga
592 273 101 27 samfund,
716 274 151 28 hushällnings-

196 306 38 21 och
252 306 240 30 landtbrukssällskaper,
508 308 103 21 allmänna
626 308 68 21 skolor
708 309 38 20 och
761 308 105 21 undervis-

195 339 118 29 ningsverk,
337 341 175 28 stipendiifonder,
535 342 202 28 pensionsanstalter,
759 342 54 29 sjuk-
828 343 38 20 och

195 374 258 30 fattigvärdsinrättningar
467 376 106 22 äfvensom
587 377 64 21 andra
663 376 88 22 fromma
761 376 104 26 stiftelser,

194 408 188 28 lifränteanstalter,
392 410 109 22 inhemska
510 411 26 28 på
547 411 110 28 ömsesidig
667 411 131 28 ansvarighet
805 419 61 20 grun-

195 443 51 21 dade
268 443 191 30 försäkringsbolag,
478 443 125 30 sparbanker
622 447 53 20 samt
689 445 124 41 kommuner
827 445 38 22 och

194 477 134 30 menigheter.

261 513 22 26 b)
298 513 80 22 Finska
397 513 139 29 medborgare,
558 492 78 52 hvilka,
659 513 32 22 för
709 514 58 21 tiden
787 514 78 21 bosatte

194 549 57 19 utom
265 547 97 26 Finland,
378 548 79 21 utrikes
471 548 66 22 drifva
551 549 74 27 näring
639 548 50 22 eller
704 548 58 28 yrke,
779 547 62 23 från
835 556 30 13 in-

194 581 124 22 komstskatt
332 581 32 22 för
378 582 145 29 behållningen
538 583 63 21 deraf.

261 617 19 26 6)
296 615 139 29 Tjenstemän,
457 617 90 29 betjente
569 617 39 22 och
627 617 126 28 gemenskap
767 617 36 22 vid
817 617 26 22 de
857 616 8 22 i

194 650 90 22 Finland
299 650 90 29 förlagde
403 651 64 28 ryska
481 651 61 22 civila
556 652 39 21 och
609 651 90 22 militära
712 651 152 29 myndigheter,

192 686 54 21 samt
267 692 97 21 personer
385 685 91 22 hörande
494 686 33 22 till
545 685 128 22 fremmande
688 685 91 22 makters
794 686 71 21 härva-

192 720 64 21 rande
270 719 125 27 konsulater,
409 719 64 30 jemte
489 721 58 21 deras
561 720 112 29 betjening,
689 720 85 22 säfrämt
784 721 25 21 de
818 720 47 22 icke

192 758 35 17 äro
249 754 67 21 finske
330 754 136 29 medborgare
487 755 50 21 eller
550 755 57 22 inom
621 755 70 21 landet
706 755 72 22 utöfva
792 755 73 27 näring

193 788 50 21 eller
257 789 58 28 yrke.

257 822 23 28 d)
296 823 144 28 Utländingar,
456 823 72 22 hvilka
543 823 72 22 endast
629 823 68 22 såsom
711 823 86 22 resande
812 823 31 28 sig
857 823 8 20 i

192 857 91 22 Finland
305 857 110 29 uppehälla
436 859 39 20 och
493 859 38 20 här
548 858 93 22 hvarken
661 858 49 21 idka
727 858 74 29 näring
815 859 50 20 eller

192 896 34 17 äro
241 892 8 21 i
264 894 83 23 statens,
370 892 138 22 kommunens
529 893 50 21 eller
602 892 81 22 enskild
702 900 85 21 persons
802 891 63 29 tjenst

192 926 106 22 anställde.

259 961 19 26 €)
293 960 102 22 Invänare
410 960 8 21 i
433 961 158 28 Lappmarkens
605 961 70 21 härad.

258 994 18 28 f)
291 994 47 26 Arf,
360 997 123 20 testamente
505 995 51 22 eller
575 995 148 21 fideikommiss
741 994 34 22 till
793 995 72 21 makar

192 1029 50 21 eller
256 1028 105 29 arfvingar
374 1029 31 22 uti
419 1031 41 20 rätt
474 1037 50 21 upp-
539 1029 50 22 eller
603 1029 135 28 nedstigande
753 1029 39 22 led.

258 1064 21 27 g)
294 1063 239 29 Dividendutdelningar
546 1063 47 22 frän
608 1063 65 28 bolag,
684 1063 72 22 hvilka
766 1063 99 22 inkomst-

191 1097 115 29 bevillning
320 1099 81 28 erlägga
416 1098 63 29 enligt
495 1099 12 25 $
523 1099 19 20 3.

503 1162 14 25 8
532 1161 19 21 6.

258 1200 80 28 Hvarje
360 1208 68 13 annan
451 1205 26 16 än
496 1201 53 20 finsk
568 1200 139 28 medborgare,
723 1209 44 13 som
781 1200 83 22 utöfver

191 1237 31 19 tre
244 1235 62 28 dagar
324 1235 63 21 vistas
401 1234 8 21 i
423 1235 70 21 landet
513 1235 38 21 och
565 1234 32 21 för
611 1242 53 21 egen
679 1235 56 25 eller,
751 1235 66 22 såsom
833 1237 30 19 ut-

191 1268 91 26 skickad,
302 1268 31 22 för
348 1277 78 13 annans
441 1269 88 28 räkning
545 1268 72 29 bjuder
633 1271 22 19 ut
671 1269 50 21 eller
735 1269 66 21 slutar
814 1269 49 21 han-

191 1304 33 21 del
246 1311 34 13 om
299 1305 63 19 annat
380 1303 58 20 lands
458 1311 65 17 varor,
539 1303 48 21 med
603 1303 104 28 undantag
722 1303 23 21 af
757 1303 107 21 medförda

190 1337 247 28 landtmannaprodukter
452 1338 37 19 och
505 1338 61 20 alster
577 1337 22 20 af
609 1337 98 28 husslöjd,
719 1338 53 20 skall
781 1337 32 21 för
823 1337 40 21 den

189 1371 37 25 tid,
246 1371 41 20 han
306 1370 118 22 derutöfver
439 1370 59 21 idkar
513 1371 57 27 dylik
585 1371 76 20 handel
677 1371 81 28 erlägga
772 1371 90 28 närings-

189 1404 115 30 bevillning
318 1404 48 22 med
380 1404 170 29 etthundratjugu
565 1404 59 22 mark
636 1405 8 20 i
655 1404 107 27 mänaden,
777 1405 86 22 hvilken

190 1440 60 29 afgift
264 1442 82 27 utgöres
361 1439 31 22 för
406 1439 39 22 full
459 1439 81 27 månad,
555 1440 90 22 anskönt
659 1440 41 22 han
715 1440 73 22 endast
797 1441 67 22 under

189 1474 68 29 någon
279 1474 33 22 del
335 1473 79 23 deraf
406 1469 13 39 i
429 1474 258 30 handelsangelägenheter
708 1475 31 28 sig
758 1475 105 22 härstädes
