1067 1711
246 158 14 20 2
430 159 27 18 U.
472 159 30 17 B.
516 168 28 3 —
559 159 81 21 Prop.
656 158 45 18 N:o
716 158 36 17 22.

219 225 41 20 den
276 224 100 21 katolska
390 224 84 27 kyrkan
489 224 48 21 med
552 223 93 27 anspråk
660 223 28 26 på
703 222 107 21 förmåner
825 223 34 22 för
867 224 47 21 sina
922 225 42 26 tje-

218 264 58 15 nare.
314 258 95 21 Sålunda
434 257 125 22 frikallades
584 257 65 21 också
668 257 67 20 redan
751 257 24 20 år
790 257 55 21 1200
860 259 102 20 medlem-

217 298 76 16 marna
314 292 24 21 af
358 292 37 21 det
413 292 88 26 andliga
518 291 87 21 ståndet
620 291 7 21 i
643 290 88 27 Sverige
747 291 40 21 och
801 291 94 22 Finland
917 292 48 22 från

219 326 43 22 alla
282 326 113 27 utskylder
409 326 34 20 till
459 326 116 26 verldsliga
590 324 100 22 ändamål
706 324 59 22 såväl
780 324 34 22 för
830 326 48 22 sina
891 333 73 20 perso-

218 366 40 15 ner
268 366 46 15 som
329 360 34 20 för
378 360 48 20 sina
440 360 54 26 gods
510 360 40 20 och
564 359 86 27 gårdar.

287 394 50 21 Men
359 395 59 19 utom
441 394 60 21 detta
523 393 94 27 anspråk
638 393 28 26 på
687 393 139 22 skattefrihet
841 394 76 26 gjorde
932 394 33 27 sig

219 428 39 21 hos
274 428 90 26 kyrkan,
380 434 45 14 som
441 428 8 20 i
464 428 40 20 allt
518 427 51 21 ville
587 426 64 22 ställa
666 427 33 27 sig
715 426 59 22 öfver
791 427 41 21 den
848 428 118 27 verldsliga

219 461 87 21 makten
326 462 40 20 och
381 462 7 20 i
404 461 121 21 oberoende
540 461 24 21 af
578 461 129 26 densamma,
724 460 64 22 äfven
804 468 25 14 en
844 468 71 14 annan
931 468 34 15 se-

219 495 128 27 paratistisk
368 495 98 27 riktning
488 494 107 28 gällande.
632 494 10 21 I
662 495 50 21 stöd
727 494 23 22 af
764 495 41 21 den
828 495 90 22 allmänt
933 502 32 15 er-

218 530 73 21 kända
305 531 80 24 satsen,
401 531 32 19 att
448 535 27 15 en
490 529 66 27 högre
571 529 47 21 icke
633 528 73 22 kunde
722 529 94 21 dömmas
832 529 23 21 af
865 536 27 15 en
899 530 68 26 lägre,

219 564 94 26 begynte
335 569 49 15 man
402 563 96 21 förfäkta
514 563 41 21 den
570 563 64 26 åsigt,
649 565 34 18 att
690 563 105 27 verldslig
810 564 93 21 domstol
918 564 48 21 icke

219 597 73 21 kunde
314 597 53 21 fälla
389 597 49 21 dom
458 596 60 22 öfver
533 603 25 15 en
574 597 74 26 andlig
664 597 52 21 eller
732 597 144 22 öfverhufvud
891 598 7 21 i
913 598 53 21 and-

220 631 46 26 liga
288 631 70 26 saker,
381 631 40 21 och
443 631 91 21 sälunda
553 631 135 21 framträdde
703 631 117 26 anspräket
834 631 28 27 pä
878 637 26 16 en
919 633 45 20 sär-

220 665 58 21 skild
292 665 88 26 kyrklig
392 665 148 26 jurisdiktion,
556 665 83 20 hvilket
653 665 48 20 icke
716 665 69 21 heller
800 665 46 22 blef
854 667 53 19 utan
918 666 48 21 sina

218 699 92 20 frukter.
339 698 62 21 Efter
420 698 126 27 långvariga
561 699 140 26 stridigheter
721 699 92 21 emellan
826 699 22 21 de
854 699 112 22 romerska

220 732 106 21 Påfvarne
342 732 40 21 och
398 733 26 20 de
440 732 63 27 tyska
520 733 119 26 Kejsarene
661 732 71 21 blefvo
748 733 103 26 slutligen
863 733 43 21 alla
914 733 52 21 and-

219 766 45 27 liga
284 766 8 21 i
314 766 37 21 det
366 765 63 28 tyska
443 766 132 27 kejsarriket
590 766 114 21 frikallade
720 766 48 21 från
783 766 105 27 verldslig
900 767 66 26 juris-

220 800 91 26 diktion,
327 799 24 22 sä
366 799 7 21 i
388 800 129 21 tviste-som
532 800 7 21 i
554 800 110 21 brottmål.
694 800 114 27 Sjelffallet
822 806 38 15 var
875 801 33 20 att
916 807 50 15 ena-

220 834 72 21 handa
314 833 141 27 grundsatser
477 834 7 21 i
506 834 61 21 detta
589 834 103 21 afseende
710 834 71 21 skulle
796 834 54 21 söka
864 836 53 25 göra
932 835 34 26 sig

220 868 100 26 gällande
336 867 63 22 äfven
414 868 7 20 i
436 868 68 21 andra
518 868 101 22 katolska
634 868 84 26 länder;
736 868 39 21 och
791 868 55 22 efter
854 868 112 22 utfärdan-

220 902 38 21 det
282 902 23 20 af
326 901 98 22 Calmare
439 902 79 22 Recess
534 902 23 22 af
570 902 24 22 är
609 902 63 26 1483,
687 902 140 27 hvarigenom
842 902 42 22 den
898 902 66 28 kyrk-

219 935 45 27 liga
286 936 134 21 domsrätten
435 936 39 21 hos
490 942 36 15 oss
543 936 68 22 nådde
625 936 36 27 sin
676 936 128 27 höjdpunkt,
821 936 95 22 sträckte
931 937 34 26 sig

220 969 125 21 densamma
366 969 40 21 här
427 970 8 20 i
457 970 75 21 landet
550 970 156 21 icke-allenast
720 970 34 21 till
770 970 27 21 de
812 970 99 27 andliges
926 971 40 21 och

219 1002 161 27 kyrkohjonens
402 1009 110 20 personer,
535 1006 59 24 utan,
616 1004 69 21 såsom
701 1004 39 21 det
754 1010 71 21 synes,
837 1004 80 27 jemväl
932 1004 34 22 till

219 1036 116 27 tvistemål,
351 1037 60 21 hvari
427 1037 83 27 kyrkan
526 1038 52 21 eller
594 1038 49 21 dess
659 1038 82 26 tjenare
756 1038 123 26 uppträdde
894 1038 72 22 såsom

218 1072 82 25 parter.

286 1100 72 26 Äfven
373 1105 122 22 oberoende
510 1105 23 22 af
546 1106 153 21 förutnämnda
714 1107 146 26 skattefrihet,
876 1107 36 27 låg
927 1107 38 22 det

218 1139 86 21 således
319 1139 8 21 i
342 1139 78 21 sakens
436 1141 70 25 natur,
522 1142 33 19 att
569 1141 163 26 presterskapet
744 1141 70 21 skulle
830 1141 84 27 åtnjuta
929 1142 37 21 be-

218 1172 74 22 frielse
308 1172 48 22 från
371 1173 44 21 alla
429 1174 77 27 bidrag
521 1174 34 21 till
571 1174 26 22 de
605 1174 118 28 verldsliga
731 1175 153 27 domstolarna,
892 1174 74 24 hvilka

220 1207 27 21 de
268 1207 48 21 icke
340 1207 140 27 underlydde.
510 1208 49 21 Men
576 1209 68 21 ehuru
660 1209 41 21 den
716 1209 101 27 kyrkliga
828 1210 137 27 jurisdiktio-

219 1247 42 15 nen
284 1240 55 22 efter
362 1241 179 22 reformationens
562 1242 168 26 genomförande
753 1244 7 19 i
778 1244 119 20 allmänhet
911 1250 54 20 upp-

219 1274 68 20 hörde
310 1274 39 21 och
374 1274 158 27 domkapitlens
557 1276 137 20 verksamhet
716 1276 50 20 med
780 1276 60 21 tiden
856 1278 67 25 antog
937 1283 27 15 en

218 1308 78 20 nästan
319 1307 138 22 uteslutande
479 1308 159 22 administrativ
660 1309 110 27 karaktär,
793 1310 40 21 har
848 1310 55 22 dock
917 1316 49 22 pre-

219 1342 135 27 sterskapets
378 1343 145 22 nästnämnda
544 1344 66 22 frihet
625 1344 97 22 fortfarit
737 1345 40 21 och
793 1345 99 27 qvarstår
906 1347 58 20 ännu

219 1376 71 21 såsom
315 1382 27 16 en
364 1377 178 28 grundlagsenlig
563 1378 107 28 rättighet
690 1379 7 21 i
712 1379 26 21 de
753 1379 34 21 för
801 1379 163 27 prestaståndet

219 1410 100 27 gällande
334 1411 132 27 privilegier.

286 1445 84 22 Jemväl
393 1446 41 21 den
456 1446 66 22 frihet
543 1447 162 27 Ridderskapet
724 1448 40 21 och
779 1448 70 22 Adeln
863 1449 8 22 i
886 1449 80 27 antydt

218 1478 103 23 afseende
339 1479 97 28 åtnjuter
458 1481 73 21 stöder
546 1481 34 28 sig
594 1481 28 27 på
636 1481 159 28 förhållanden,
810 1483 85 22 hvilkas
910 1489 54 22 upp-

288 1523 125 19 Sammansatta
426 1525 37 23 Lag
476 1526 29 17 och
517 1526 86 18 Ekonomi
614 1527 88 18 utskottets
716 1528 105 17 betänkande
833 1528 33 18 N:o
879 1529 15 17 1.
