1073 1709
229 133 28 21 20
407 136 28 18 U.
453 136 31 17 B.
502 145 23 3 —
543 134 86 24 Prop.
645 137 49 17 N:o
711 136 47 19 32.

200 199 101 29 vigtigare
319 200 46 21 skäl
383 199 32 22 för
429 200 131 22 seminariets
575 200 133 28 förläggande
723 200 33 22 till
770 200 100 29 Kymölä,
885 200 60 22 hvar-

199 232 71 22 ibland
284 233 74 22 främst
372 233 34 22 må
419 238 88 17 nämnas
521 236 70 20 ortens
604 234 174 28 bildningsbehof.
809 235 77 21 Denna
895 234 50 21 Fin-

198 267 60 22 lands
273 267 108 22 nordöstra
395 268 123 28 gränsmark
532 269 39 21 har
585 268 107 28 nemligen
706 268 8 21 i
728 268 52 29 följd
795 268 23 22 af
832 268 113 22 historiska

198 301 39 22 och
252 302 128 28 geografiska
394 301 144 23 förhållanden
562 303 73 21 endast
649 302 102 29 långsamt
766 303 39 21 och
819 303 68 21 under
901 302 44 22 svå-

198 336 92 28 righeter
312 337 80 21 arbetat
413 337 32 28 sig
465 336 54 22 fram
540 337 34 22 till
589 337 143 21 vesterländsk
748 337 131 26 civilisation,
894 337 7 21 i
917 336 27 22 af-

198 371 76 20 seende
293 371 12 21 &
324 371 87 21 hvilken
433 371 46 22 dess
500 371 23 21 af
542 373 90 20 naturen
652 371 149 28 välbegäfvade
822 371 123 28 befolkning

198 409 57 17 ännu
270 405 7 21 i
291 405 130 21 närvarande
443 405 31 22 tid
496 405 42 22 står
553 405 54 22 efter
621 405 149 28 befolkningen
784 405 8 21 i
807 405 66 28 öfriga
887 405 57 21 delar

197 438 24 22 af
233 439 77 22 landet.
343 439 36 21 En
393 439 64 28 högre
471 439 193 29 bildningsanstalts
679 439 133 28 förläggande
827 439 33 22 till
875 439 68 22 denna

195 473 93 22 landsort
310 473 73 26 skulle,
407 473 66 29 enligt
494 474 56 21 hvad
571 481 49 14 man
639 473 27 29 på
679 473 68 29 grund
762 473 23 22 af
805 474 40 21 alla
859 473 83 22 länders

195 507 39 21 och
248 507 65 22 tiders
328 507 119 22 erfarenhet
461 512 23 17 är
498 507 116 29 berättigad
629 510 81 26 antaga,
726 510 74 26 utgöra
815 510 30 19 ett
854 507 88 29 kraftigt

194 541 69 22 medel
283 543 30 20 att
330 541 101 28 befrämja
440 542 136 28 'bildningens
592 542 108 28 spridning
714 542 63 21 bland
791 542 149 29 befolkningen

194 575 39 22 och
255 575 73 28 bringa
350 575 120 22 densamma
484 576 9 21 i
506 581 96 16 närmare
617 576 71 28 andlig
703 576 125 21 förbindelse
843 576 49 21 med
906 585 35 13 ve-

194 611 43 20 stra
252 609 61 22 delen
327 609 24 22 af
363 610 76 21 landet.
469 610 66 21 Detta
550 610 117 28 antagande
682 618 62 21 synes
755 610 22 22 så
787 611 85 28 mycket
881 618 58 14 mera

193 643 131 28 berättigadt,
343 651 45 14 som
405 644 78 21 antalet
505 644 198 28 bildningssökande
725 644 8 21 i
751 645 18 20 I.
786 644 87 22 Siitoins
888 644 52 22 folk-

193 677 59 21 skola
266 677 67 22 under
353 677 48 22 hela
415 677 58 22 tiden
491 677 32 22 för
538 678 46 22 dess
599 678 83 21 tillvaro
697 678 54 22 varit
765 680 57 20 stort.
852 678 45 23 Vid
911 679 28 21 af-

192 711 101 28 görandet
314 711 23 22 af
357 711 72 29 frågan
449 719 34 14 om
503 712 130 21 seminariets
649 712 133 28 förläggande
797 712 32 21 till
843 712 96 29 Kymölä

191 745 38 22 bör
243 745 66 28 enligt
323 745 118 22 Utskottets
456 746 63 21 tanke
532 745 79 29 jemväl
626 746 59 29 billig
699 747 82 27 hänsyn
791 748 57 27 tagas
858 747 33 21 till
905 747 32 21 de-

191 787 34 14 ras
240 779 85 26 önskan,
341 787 45 14 som
407 779 32 22 till
454 780 120 28 Styrelsens
595 779 120 29 förfogande
738 780 138 22 öfverlemnat
896 781 40 21 den

191 812 116 23 Siitoinska
321 813 79 26 skolan,
416 815 54 20 samt
489 814 98 28 slutligen
602 814 69 21 denna
686 814 68 21 skolas
768 815 125 28 belägenhet
907 815 30 21 in-

190 847 37 22 vid
249 855 26 14 en
296 847 51 22 stad.
381 847 135 22 Sistnämnda
534 848 155 29 omständighet
706 848 110 29 möjliggör
829 849 107 29 nemligen

190 881 143 28 förläggandet
347 881 23 22 af
389 883 30 20 ett
433 882 92 22 internat
539 882 27 29 på
580 882 75 29 sjelfva
669 883 126 26 hemmanet,
811 883 75 22 medan
902 891 33 14 ex-

189 917 97 20 ternerne
300 915 73 22 kunna
393 915 78 22 erhålla
485 916 48 22 kost
551 917 39 21 och
605 919 83 26 qvarter
702 917 8 20 i
728 917 78 26 staden,
822 917 47 22 från
883 918 52 21 hvil-

188 949 43 22 ken
248 949 104 22 afståndet
370 949 33 22 till
418 950 120 22 seminariet
556 950 19 29 ej
591 955 23 17 är
629 953 64 19 större
709 955 26 17 än
749 951 56 22 hvad
819 953 31 20 ett
864 952 71 29 betyd-

188 983 39 28 ligt
237 984 56 21 antal
303 983 33 22 till
345 984 39 21 och
398 984 49 21 med
460 984 140 29 minderåriga
615 985 116 22 skolelever
745 985 8 21 i
767 993 27 14 en
809 987 64 20 större
888 987 46 21 stad

186 1017 65 22 hafva
259 1019 31 20 att
303 1017 158 30 tillryggalägga
470 1018 47 22 från
527 1019 45 21 sina
581 1019 50 21 hem
645 1019 33 22 till
693 1019 26 22 de
733 1020 70 21 skolor
814 1020 25 21 de
849 1021 83 21 besöka.

254 1051 13 22 I
281 1051 98 22 afseende
394 1052 13 21 å
421 1052 72 29 frågan
507 1053 106 22 huruvida
627 1053 35 22 det
676 1061 43 21 nya
733 1054 122 22 seminariet
869 1055 63 22 borde

186 1084 65 23 blifva
266 1087 97 20 externat
377 1086 51 21 eller
442 1086 91 23 internat
548 1088 51 21 eller
614 1087 71 22 förena
700 1089 65 28 begge
779 1089 59 21 dessa
848 1089 83 26 former,

185 1119 39 21 har
238 1119 109 22 Utskottet
361 1119 47 22 icke
423 1121 79 22 lemnat
517 1121 112 22 obeaktadt
644 1124 30 20 att
688 1122 82 22 landets
785 1122 23 22 år
823 1123 55 22 1872
892 1123 40 22 för-

185 1153 92 22 samlade
299 1153 90 22 Ständer
410 1154 8 21 i
440 1155 32 21 sin
494 1155 143 29 underdäniga
659 1156 89 29 petition
769 1157 8 21 i
800 1160 70 19 ämnet
893 1158 38 21 hos

184 1187 62 22 Hans
260 1187 120 29 Kejserliga
394 1188 99 28 Majestät
507 1189 87 22 anhållit
613 1192 30 20 att
663 1191 56 21 detta
733 1191 136 22 seminarium
883 1192 48 21 icke

184 1221 63 22 borde
263 1229 49 14 vara
327 1221 66 23 afsedt
407 1222 32 22 för
453 1223 102 27 interner;
572 1223 53 22 dock
639 1224 130 23 förekomma
783 1225 75 22 härvid
868 1226 62 22 äfven

184 1255 182 28 omständigheter,
381 1256 73 21 hvilka
468 1257 98 22 särskildt
580 1258 49 21 med
644 1258 97 21 afseende
756 1259 13 20 &
783 1259 98 28 förslaget
895 1267 33 14 om

182 1288 131 22 seminariets
328 1288 133 29 förläggande
475 1291 33 21 till
522 1291 95 28 Kymölä
631 1292 42 21 tala
692 1291 33 22 för
739 1292 120 23 konviktets
874 1293 55 22 bibe-

182 1321 103 23 hållande.
316 1323 39 22 Uti
373 1325 30 20 ett
417 1327 129 25 gemensamt
565 1325 75 22 lärare-
655 1326 38 21 och
715 1326 111 23 lärarinne-
841 1327 51 22 eller
906 1327 23 22 så

180 1355 81 23 kalladt
281 1359 136 21 sammansatt
438 1359 136 22 seminarium
597 1359 64 23 hafva
675 1361 106 28 nemligen
796 1361 130 23 seminariets

180 1391 92 28 manliga
286 1391 39 22 och
341 1391 92 30 qvinliga
447 1393 70 22 elever
531 1393 83 23 tillfälle
628 1395 33 21 till
676 1399 109 25 umgänge,
801 1403 44 15 som
860 1397 67 22 under

179 1425 104 23 helsosam
301 1426 90 22 kontroll
410 1432 23 17 är
453 1427 24 22 af
492 1428 97 22 bildande
604 1428 115 30 inflytande
734 1430 27 29 på
776 1430 95 30 samtliga
887 1432 39 22 ele-

179 1468 42 18 ver,
237 1468 49 14 men
300 1460 122 29 isynnerhet
436 1462 27 28 på
477 1462 25 22 de
517 1464 97 28 manliga,
630 1464 79 27 hvilka,
725 1464 67 22 såsom
808 1466 116 22 erfarenhe-

246 1499 139 21 Sammansatta
398 1502 58 18 Stats-
468 1502 32 18 och
512 1503 186 19 Ekonomiutskottets
711 1504 114 19 betänkande
836 1506 37 18 N:o
885 1507 16 18 2.
