1045 1709
237 124 26 20 14
424 124 29 22 U.
469 124 26 22 B.
512 137 27 3 —
553 124 74 28 Prop.
643 124 45 22 N:o
704 125 36 22 26.

432 366 295 21 Reservationer.

275 429 75 21 Såsom
370 429 111 26 suppleant
496 428 7 21 i
521 428 206 27 jernvägsutskottet
741 428 39 22 har
792 429 38 27 jag
844 429 47 21 icke
906 430 48 20 när-

205 464 55 21 varit
274 463 36 21 vid
325 463 157 26 behandlingen
493 463 24 21 af
529 463 106 26 projektet
645 462 34 21 för
686 463 51 21 våra
749 463 133 21 stambanors
890 463 65 22 fram-

204 499 46 20 tida
264 498 94 27 rigtning
372 497 73 22 förrän
459 503 35 21 nu,
507 497 26 22 då
548 497 75 28 frågan
638 503 34 15 om
687 497 151 27 sträckningen
853 497 23 22 af
889 497 66 22 Wasa

205 533 69 21 banan
290 534 54 19 öster
359 532 53 21 eller
425 533 66 19 vester
505 538 33 15 om
548 531 107 27 Näsijärvi
669 531 48 21 från
727 531 143 22 Tammerfors
880 533 76 20 norrut

205 567 68 21 skulle
288 567 57 21 inom
363 567 105 20 utskottet
487 565 104 22 definitivt
607 566 124 26 behandlas,
751 566 39 21 och
805 567 35 20 må
855 567 37 20 det
906 567 47 20 der-

204 601 46 22 före
271 601 100 21 ursäktas
394 602 37 24 att,
451 600 28 21 då
491 601 38 26 jag
544 600 46 21 icke
611 601 82 20 kunnat
711 601 113 24 godkänna
839 600 114 22 utskottets

203 635 128 27 motivering
346 635 34 21 för
394 635 81 21 banans
491 635 88 21 förande
595 636 57 19 öster
667 641 34 15 om
711 635 113 26 Näsijärvi,
832 635 67 26 några
915 635 38 21 ord

205 671 22 20 af
241 670 42 26 mig
298 670 100 26 tilläggas
414 669 33 21 för
461 669 112 27 belysning
588 669 23 21 af
624 670 43 20 min
682 669 135 28 uppfattning
832 669 23 22 af
868 669 41 21 den
924 676 29 14 nu

203 706 96 20 närmast
313 704 147 27 föreliggande
475 703 74 27 frågan
564 704 7 21 i
587 704 31 21 sin
633 703 82 22 helhet:
731 704 86 21 hvilken
829 703 123 28 sträckning

203 739 40 22 bör
255 738 168 28 jernvägslinien
436 738 35 21 till
487 737 65 22 Wasa
567 737 96 22 erhålla?

271 773 113 27 Utgående
395 773 48 20 från
458 773 156 26 öfvertygelsen
630 774 32 19 att
675 772 74 28 hvarje
764 772 34 21 för
813 773 51 21 våra
874 772 79 21 förhål-

203 808 77 22 landen
303 807 127 21 ekonomiskt
450 807 71 27 byggd
537 807 38 22 och
591 806 152 28 affärsmessigt
763 807 117 22 trafikerad
897 807 56 21 bana

203 843 56 22 skall
273 842 53 21 bära
341 841 32 28 sig
387 843 77 20 nästan
478 841 8 21 i
501 841 85 22 hvilken
601 841 24 21 af
638 842 26 21 de
675 841 122 27 föreslagna
807 841 145 27 rigtningarne

203 884 46 15 som
271 877 63 25 helst,
350 877 39 21 och
412 877 31 20 att
461 877 48 20 vårt
527 876 51 22 land
595 877 47 20 icke
660 876 39 21 har
714 877 39 20 råd
768 878 31 19 att
814 877 30 20 ett
860 876 54 21 enda
929 876 24 21 år

203 912 95 21 undvara
320 911 163 27 förlängningen
501 910 24 21 af
543 911 37 21 sitt
595 911 144 26 jernvägsnät,
755 911 39 21 har
807 911 43 26 jag,
866 910 65 22 ställd
945 910 8 21 i

203 947 58 21 valet
276 945 91 22 emellan
382 947 32 20 att
428 945 101 27 möjligen
547 945 46 22 icke
611 946 40 21 alls
667 945 21 21 få
703 945 69 28 någon
786 945 167 28 jernvägsbygg-

202 981 42 20 nad
257 981 33 20 till
301 980 62 21 stånd
373 980 69 21 under
456 979 176 22 nästkommande
647 979 155 28 femårsperiod
816 980 54 21 eller
884 981 32 19 att
930 979 22 22 få

203 1021 27 16 en
245 1015 66 21 sådan
333 1014 73 21 utförd
428 1015 65 20 vester
515 1015 53 20 eller
590 1016 53 19 öster
661 1020 34 15 om
710 1014 107 27 Näsijärvi
831 1014 34 21 till
880 1014 72 26 Wasa,

201 1051 70 20 röstat
285 1049 34 21 för
334 1050 69 21 denna
418 1049 90 21 sednare
523 1049 128 26 sträckning,
665 1048 185 26 hufvudsakligast
864 1048 89 21 emedan

203 1085 41 20 den
259 1085 7 20 i
283 1090 25 15 en
324 1090 50 15 snar
388 1083 88 22 framtid
490 1083 65 21 minst
570 1083 41 21 blir
625 1083 107 26 hinderlig
747 1082 33 22 för
795 1083 121 26 byggandet
931 1082 23 22 af

203 1119 41 20 den
257 1119 96 26 jernväg,
362 1124 46 15 som
424 1118 67 26 enligt
507 1118 43 21 min
565 1117 55 27 åsigt
634 1123 29 14 nu
678 1119 75 25 genast
767 1123 51 15 vore
829 1117 41 21 den
880 1118 73 20 natur-

201 1153 78 26 ligaste
302 1153 39 21 och
360 1154 54 19 mest
436 1152 156 21 räntebärande
606 1151 34 21 för
653 1151 80 21 landet.
762 1151 75 21 Ehuru
853 1151 37 27 jag
905 1151 47 22 icke

203 1193 38 15 ens
264 1187 42 21 kan
324 1187 81 26 hoppas
420 1188 33 19 att
467 1186 63 21 vinna
548 1186 110 27 pluralitet
673 1186 34 21 för
721 1186 49 21 mitt
784 1186 87 26 förslag,
886 1185 67 28 vågar

200 1221 37 28 jag
253 1221 55 22 dock
322 1222 40 21 här
377 1221 86 22 förorda

407 1261 25 14 en
454 1255 53 20 bana
528 1255 53 25 från
604 1254 87 21 Urdiala
706 1254 109 27 (eventuelt
829 1253 122 27 Loimijoki)

374 1287 31 22 till
427 1287 71 21 Kumo
513 1287 70 27 elfdal,
599 1287 61 27 längs
678 1288 68 21 denna
761 1287 33 21 till
808 1287 106 21 trakterna
929 1287 27 26 af

374 1321 133 28 Björneborg
525 1321 36 22 och
581 1321 70 22 vidare
673 1322 70 21 utmed
756 1321 74 22 kusten
844 1321 37 21 och
894 1323 58 20 stora

372 1356 140 27 strandvägen
523 1355 57 27 förbi
586 1355 145 22 Kristinestad
741 1356 37 21 och
785 1355 72 23 Kaskö
868 1355 33 22 till
909 1355 41 22 Ni-

373 1390 108 27 kolaistad,
497 1391 112 27 utgörande
628 1397 25 15 en
671 1391 83 21 sträcka
772 1391 28 26 af
810 1390 95 28 omkring
920 1392 31 20 28

374 1425 43 21 mil.

270 1466 181 22 Jernvägs-Utskottets
463 1466 103 17 betänkande
578 1466 33 16 N:o
624 1466 17 16 3.
