1073 1711
226 137 14 21 6
388 135 81 24 Ständ.
484 135 37 23 Sv.
537 148 27 3 —
580 137 71 26 Prop.
666 135 40 22 N:o
720 135 36 22 32.

269 205 44 21 Till
334 205 131 28 hyresmedel
486 204 32 22 för
540 203 191 26 seminariilokaler,
754 204 70 27 anslag
842 203 32 22 för
892 202 51 22 folk-

201 239 136 26 skolemöten,
355 238 120 22 honorarier
489 238 32 22 för
538 237 167 23 folkskolböcker
722 239 53 20 samt
789 237 64 22 andra
868 236 75 23 oförut-

202 274 64 22 sedda
280 274 86 28 utgifter
380 274 84 28 begäres
479 273 8 21 i
501 273 155 29 propositionen
671 274 29 20 ett
714 272 72 28 anslag
796 271 23 22 af
825 271 119 29 förslagsvis

202 309 78 25 20,000
288 308 66 22 mark.
374 308 117 22 Ständerna
500 308 63 22 hafva
576 307 71 22 funnit
662 308 29 20 ett
706 306 68 29 dylikt
788 306 70 29 anslag
872 314 50 14 vara
936 306 8 22 i

202 342 41 22 alla
256 342 113 23 afseenden
383 343 95 29 lämpligt
492 343 39 21 och
545 341 105 29 behöfligt,
666 343 54 21 samt
734 340 81 23 derföre

336 383 94 28 godkänt
448 384 40 20 den
508 383 82 27 nådiga
601 382 163 28 propositionen
774 382 82 28 jemvä!
871 383 8 19 i
894 382 51 20 den-

268 424 30 14 na
313 418 40 20 del.

270 464 13 21 I
296 463 154 29 propositionen
465 464 138 21 öfverlemnas
618 462 71 23 vidare
703 462 33 22 till
751 462 127 23 Ständernas
892 463 53 29 pröf-

203 497 55 29 ning,
274 497 105 22 huruvida
393 497 18 29 ej
427 497 40 22 den
482 497 94 29 &rsafgift
590 497 24 21 af
627 497 40 21 120
682 498 65 25 mark,
763 504 44 15 som
818 497 65 29 enligt
893 498 27 22 22
931 499 13 26 8

203 532 8 22 i
225 532 75 29 nädiga
318 532 158 28 Förordningen
494 532 41 22 den
550 532 25 22 11
591 532 43 28 Maj
651 532 53 22 1866
720 532 37 21 bör
772 532 91 29 erläggas
878 532 23 22 af
913 533 32 21 be-

202 566 84 22 talande
300 566 93 22 interner
407 566 36 22 vid
457 566 154 25 seminarierna,
627 566 70 22 kunde
711 566 45 21 från
766 566 98 22 läseärets
873 566 72 30 början

206 601 23 22 år
249 601 55 22 1878
322 601 50 28 utgå
393 600 48 22 med
457 601 40 22 150
511 601 60 21 mark
592 600 24 21 af
634 600 73 29 hvarje
728 601 76 25 intern,
820 609 44 14 som
879 601 18 29 ej
914 609 33 14 en-

202 635 39 28 ligt
255 636 27 21 56
298 636 14 26 &
327 635 8 21 i
349 643 79 14 samma
442 635 133 29 Förordning
596 635 91 28 åtnjuter
704 634 86 29 friplats.
822 635 82 23 Genom
919 644 26 13 en

204 669 58 29 dylik
281 669 119 28 förhöjning
417 669 83 22 komme
520 669 65 29 ärliga
602 669 98 29 beloppet
714 669 22 22 af
748 669 154 30 internafpifter
916 672 30 20 att

203 706 79 26 utgöra,
300 703 47 22 frän
361 705 31 20 ett
405 703 131 30 fullständigt
553 704 141 29 organiseradt
711 706 135 21 sammansatt
860 705 87 22 semina-

203 738 55 22 rium
274 738 77 27 10,500
365 738 64 26 mark,
445 739 38 20 och
498 738 46 22 frän
560 741 30 19 ett
600 738 70 21 enkelt
680 738 121 29 fyrklassigt
812 739 134 22 seminarium

204 773 63 26 3,000
286 772 66 22 mark.
382 772 74 22 Säsom
475 773 44 21 skäl
537 773 32 21 till
587 772 56 22 detta
661 772 76 29 förslag
751 773 109 29 uppgifves
876 776 30 20 att
920 782 26 14 en

204 806 94 29 &rsafgift
316 806 24 23 af
356 807 42 22 120
415 807 60 21 mark
489 815 87 14 numera
590 807 32 22 till
636 806 52 29 följd
702 807 24 22 af
737 808 102 29 betydligt
853 809 94 28 stegrade

203 841 66 29 priser
284 841 12 22 &
310 842 26 20 de
350 841 59 22 flesta
422 841 196 22 lifsförnödenheter
632 842 38 21 allt
683 841 81 22 mindre
779 845 114 19 motsvarar
906 843 40 22 den

204 875 94 29 verkliga
319 875 115 22 kostnaden
455 875 32 22 för
508 876 130 21 internernas
660 876 115 22 underhäll.
808 877 138 29 Riktigheten

204 909 62 23 häraf
281 910 43 22 kan
342 910 47 21 icke
403 910 106 26 bestridas,
526 910 107 22 äfvensom
647 912 31 20 att
692 910 108 30 intagning
814 912 32 22 uti
860 912 87 22 konvik-

204 946 31 20 tet
254 944 32 22 till
304 944 52 30 följd
375 944 61 22 häraf
448 947 60 25 utgör
523 952 26 14 en
564 944 86 30 premie,
664 944 37 23 vid
715 946 62 21 hvars
792 946 111 22 utdelande
918 948 28 21 lä-

204 979 145 28 rarekollegiet
370 979 38 21 har
429 978 56 22 svårt
506 981 31 20 att
554 979 58 21 alltid
627 979 92 29 iakttaga
733 980 39 22 full
786 981 94 27 rättvisa;
896 990 50 14 men

205 1013 27 22 då
246 1013 39 22 den
296 1012 115 30 föreslagna
421 1012 146 30 förhöjningen
577 1013 23 22 af
608 1013 120 30 årsafgiften
737 1015 84 22 komme
832 1018 30 20 att
872 1016 76 22 drabba

204 1055 104 22 personer,
323 1056 45 14 som
382 1048 8 21 i
404 1048 113 22 allmänhet
531 1048 83 22 tillhöra
630 1048 25 22 de
670 1048 81 22 mindre
766 1050 120 22 bemedlade
896 1050 51 22 folk-

204 1083 112 26 klasserne,
337 1085 54 20 samt
408 1083 202 22 seminariieleverne
624 1084 64 21 redan
706 1084 147 27 härförinnan,
864 1087 84 21 oaktadt

205 1117 131 22 internernes
357 1117 118 28 ärsafgifter
489 1117 77 29 utgjort
582 1118 72 21 endast
669 1119 40 21 120
724 1119 64 26 mark,
804 1119 36 22 vid
855 1121 93 21 utträdet

205 1150 46 22 från
266 1150 147 23 seminarierna
427 1151 70 28 plägat
512 1160 50 14 vara
572 1152 102 28 betydligt
684 1152 120 28 skuldsatte,
815 1154 63 22 hafva
888 1154 60 23 Stän-

205 1186 63 21 derna
290 1186 48 21 med
357 1185 97 22 afseende
474 1186 79 28 jemväl
572 1186 54 26 derå,
646 1189 31 19 att
692 1187 40 22 den
746 1188 116 30 föreslagna
877 1190 71 21 anord-

205 1220 77 28 ningen
297 1219 99 30 möjligen
409 1220 71 22 kunde
495 1220 83 23 komma
593 1223 30 20 att
637 1222 115 22 motarbeta
767 1222 95 30 tilloppet
876 1224 24 21 af
909 1224 38 22 ele-

204 1262 37 14 ver
255 1254 33 21 till
302 1254 36 21 det
356 1262 42 20 nya
416 1254 120 22 seminariet
550 1256 8 20 i
572 1258 55 18 östra
641 1256 97 25 Finland,
754 1257 62 21 hvars
830 1257 117 21 inrättande

204 1287 8 21 i
226 1287 155 29 propositionen
395 1287 90 26 föreslås,
501 1291 68 19 ansett
584 1289 31 28 sig
629 1290 50 20 böra

339 1321 75 28 afböja
425 1321 110 29 förslaget
551 1330 32 14 om
588 1322 133 30 förhöjning
732 1324 29 28 af
766 1325 135 28 årsafgiften
908 1326 40 28 för

272 1356 95 22 interner
381 1356 9 21 i
405 1356 83 22 landets
497 1356 242 29 folkskoleseminarier.

271 1402 49 23 Den
335 1402 75 29 nådiga
424 1404 153 28 propositionen
592 1405 116 21 innehåller
723 1406 71 21 vidare
810 1409 30 19 ett
850 1406 24 23 af
882 1407 66 22 öfver-

204 1437 102 29 styrelsen
320 1437 32 22 för
366 1438 145 23 skolväsendet
525 1438 117 23 framstäldt
656 1439 77 30 förslag
747 1449 34 13 om
796 1441 117 23 inrättande
926 1443 23 22 af
