1045 1711
243 147 13 20 2

214 208 85 21 absolut
314 207 115 27 billigaste,
445 213 48 16 men
507 207 166 21 kommissionen
688 206 64 28 hyser
767 207 41 21 den
823 205 143 28 öfvertygelse

214 244 31 20 att
260 242 37 22 det
311 241 34 22 för
359 242 48 21 vårt
421 241 51 22 land
487 241 55 22 skall
558 241 65 22 blifva
638 241 37 21 det
684 241 8 21 i
702 241 134 22 ekonomiskt
845 240 121 22 hänseende

213 278 55 20 mest
283 276 150 26 fördelaktiga,
448 276 23 21 af
484 276 54 26 skäl,
554 282 45 14 som
614 276 7 20 i
636 275 37 21 det
688 275 94 27 följande
798 275 61 21 skola
874 274 92 22 anföras.

281 311 33 21 De
333 310 102 27 faktorer,
455 316 45 16 som
519 310 7 22 i
545 310 89 21 främsta
653 312 92 19 rummet
763 311 38 20 äro
816 309 23 21 af
852 308 115 28 inflytande

213 345 36 21 vid
267 345 158 27 anläggningen
444 344 23 22 af
485 350 26 16 en
527 344 96 27 jernväg,
640 344 27 21 dä
683 344 69 21 denna
767 344 77 22 endast
857 343 110 22 betraktas

212 379 72 22 säsom
306 380 31 20 ett
360 378 122 22 mekaniskt
499 378 98 28 redskap,
617 378 70 22 afsedt
705 380 33 20 att
756 378 91 22 förrätta
866 379 30 21 ett
914 378 54 21 visst

213 413 80 26 arbete,
313 415 48 20 äro:
380 414 110 26 transport
508 413 159 27 myckenheten,
687 419 51 14 vare
757 413 33 26 sig
805 413 7 20 i
826 418 141 21 passagerare

212 448 55 21 eller
284 447 54 28 gods
357 447 23 21 af
397 447 58 21 olika
474 447 53 27 slag,
547 449 55 20 samt
619 447 143 27 hastigheten,
780 447 103 22 hvarmed
898 448 70 21 trans-

212 484 76 25 porten
303 482 39 21 bör
357 481 101 28 försiggä.
488 481 70 22 Jemte
574 482 63 21 dessa
651 481 69 22 finnas
736 481 109 27 ätskilliga
859 481 67 22 andra
936 482 31 20 in-

212 517 109 22 verkande
340 516 188 27 omständigheter.
562 515 85 22 Sädana
666 518 47 19 äro:
729 517 115 25 terrängen
859 516 38 21 der
910 515 58 27 jern-

211 553 70 25 vägen
300 553 24 19 är
339 550 76 22 afsedd
431 552 31 19 att
476 550 126 26 framledas;
618 550 175 26 klimatologiska
807 549 159 27 förhällanden;

212 585 78 22 lätthet
304 585 24 21 af
341 584 122 27 anslutning
477 585 34 21 till
521 584 39 22 och
571 585 90 27 begväm
671 584 111 22 samtrafik
792 584 49 22 med
851 584 116 22 bestäende

211 618 302 23 kommunikationsanstalter
528 621 55 19 samt
597 618 103 22 trafikens
716 618 106 27 säkerhet,
837 618 131 27 beavämlig-

211 653 44 26 het,
270 653 183 27 regelbundenhet
468 653 39 21 och
522 653 104 27 billighet.

281 688 33 21 Då
333 688 50 26 inga
398 686 78 22 exakta
490 687 108 27 uppgifter
613 686 115 22 förefinnas
743 688 92 21 rörande
851 688 41 21 den
906 687 62 27 fråga

211 722 166 22 kommissionen
398 721 43 21 fätt
462 722 33 26 sig
513 721 104 27 förelagd,
636 722 43 21 kan
697 722 43 21 hon
760 722 75 22 endast
853 722 114 21 framhälla

212 757 27 21 de
261 757 137 27 synpunkter,
421 763 27 15 ur
469 756 73 22 hvilka
565 756 126 22 hithörande
715 757 182 27 omständigheter
914 757 54 21 böra

211 791 117 27 betraktas,
349 791 108 21 äfvensom
473 792 41 20 den
529 791 102 21 inverkan
652 791 29 27 pä
702 792 58 21 valet
775 790 23 23 af
811 792 157 27 byggnadssys-

212 827 43 20 tem
275 826 25 22 de
320 826 64 21 ofvan
402 825 89 21 anförda
506 826 162 21 bestämmande
683 825 126 23 faktorerna
823 826 80 27 utöfva,
918 832 49 16 men

212 860 116 27 ingalunda
346 859 120 22 framställa
484 859 66 27 nägot
568 860 7 21 i
594 859 43 22 alla
652 860 92 27 detaljer
758 860 137 27 fullständigt
909 862 58 19 utar-

211 894 75 21 betadt
300 894 88 27 förslag.

461 933 256 29 Transportmyckenheten

280 975 100 20 Rörande
396 974 41 21 den
453 974 67 21 första
536 974 39 22 och
590 974 115 27 vigtigaste
720 974 82 27 frägan,
813 975 107 26 nemligen
930 981 36 14 an-

211 1009 54 21 talet
281 1009 22 21 af
316 1009 27 21 de
358 1014 141 21 passagerare
515 1009 39 21 och
570 1009 105 26 mängden
691 1009 25 21 af
730 1009 36 21 det
780 1009 53 27 gods
849 1015 46 15 som
910 1009 56 21 skall

211 1045 165 26 transporteras,
391 1043 43 21 kan
448 1043 166 22 kommissionen
625 1043 24 21 sä
659 1043 85 28 mycket
753 1043 83 21 mindre
847 1049 40 21 ega
896 1043 71 27 nägon

211 1078 64 21 säker
297 1077 205 28 beräkningsgrund,
522 1084 46 15 som
587 1079 56 20 ännu
662 1077 49 28 inga
729 1078 112 21 bestämda
859 1077 107 28 uppgifter

212 1112 106 27 föreligga
335 1112 49 21 med
402 1112 101 21 afseende
523 1112 13 21 å
554 1112 26 21 de
599 1111 100 22 framtida
715 1112 106 21 banornas
837 1111 129 28 sträckning.

211 1146 29 21 Af
257 1152 81 16 samma
356 1146 65 22 orsak
435 1146 40 21 har
489 1146 166 22 kommissionen
670 1146 47 22 icke
732 1146 69 22 heller
815 1146 82 22 kunnat
910 1145 56 23 före-

211 1182 51 26 taga
281 1181 32 27 sig
331 1181 66 27 nägot
416 1181 115 21 statistiskt
546 1180 73 22 arbete
635 1180 33 22 till
684 1180 125 22 erhällande
824 1181 23 21 af
860 1180 106 28 behöfliga

213 1215 56 26 data,
285 1215 82 21 hvilket
382 1215 74 21 arbete
471 1215 110 21 dessutom
595 1215 69 21 mäste
675 1221 63 15 anses
748 1216 59 26 ligga
816 1217 59 19 utom
885 1215 81 21 hennes

211 1249 195 21 verksamhetsfält.
437 1249 172 21 Kommissionen
623 1249 40 21 har
673 1249 86 21 derföre
769 1250 36 20 vid
814 1250 152 20 utarbetandet

212 1282 23 21 af
253 1282 37 21 sitt
308 1282 111 21 utlätande
438 1282 76 21 endast
531 1283 70 26 utgätt
619 1282 56 22 ifrän
694 1283 37 20 det
749 1283 128 26 antagande,
893 1284 31 20 att
939 1283 26 20 de

212 1316 116 22 framdeles
346 1316 132 27 uppstäende
498 1316 94 22 banorna
610 1316 34 21 till
663 1322 26 16 en
707 1316 76 28 början
803 1316 60 22 skola
881 1316 85 22 komma

213 1353 32 20 att
259 1351 106 22 förmedla
380 1357 26 15 en
420 1350 85 29 mycket
519 1351 61 28 ringa
595 1350 69 22 trafik.

502 1402 170 28 Täyhastigheten

279 1443 97 22 Emedan
395 1444 26 21 de
441 1443 95 22 härefter
550 1444 7 21 i
572 1443 91 22 Finland
678 1444 133 27 uppstäende
823 1444 142 28 jernvägarne

210 1478 46 21 icke
272 1478 69 21 heller
355 1478 34 21 till
404 1484 27 15 en
446 1478 75 27 början
536 1477 71 22 kunna
621 1478 97 27 päräkna
732 1479 69 26 nägon
811 1478 64 21 trafik
885 1479 24 22 af
917 1486 47 21 syn-

279 1518 181 21 Jernvägs-Utskottets
472 1518 104 17 betänkande
588 1518 35 16 N:o
635 1518 18 17 3.
