1048 1709
240 114 13 20 6
442 112 21 24 U.
480 112 23 22 B.
518 124 25 3 —
561 112 64 27 Prop.
643 111 38 23 N:o
697 110 38 23 33.

211 178 97 27 Wiborg
322 178 42 20 och
378 177 115 27 Uleåborg
508 180 59 18 samt
581 176 37 21 till
634 183 28 14 en
676 175 239 29 uppfostringsanstalt
929 175 35 21 för

212 212 151 27 minderåriga
377 211 132 27 förbrytare.

279 246 120 21 Utskottet
420 246 36 21 får
475 246 73 25 alltså,
566 245 51 22 med
632 244 169 22 återhemtande
815 244 24 22 af
852 245 39 20 sitt
905 244 60 21 förra

212 280 141 22 betänkande
368 280 38 21 till
421 280 41 21 och
476 280 51 21 med
541 280 224 27 förslagsmomenten
772 275 12 36 &
802 286 49 21 pag.
863 279 19 25 5,
892 279 9 21 i
911 279 54 21 stäl-

212 315 33 21 let
265 315 36 21 för
322 314 128 22 återstoden
474 315 24 20 af
518 314 68 27 sagde
608 313 142 22 betänkande
770 313 83 26 afgifva
868 313 97 27 följande

213 349 178 28 framställning:

281 423 46 22 Vid
348 423 135 28 pröfningen
505 423 25 21 af
550 423 43 22 den
611 423 82 27 nådiga
707 423 181 27 propositionens
903 423 63 21 inne-

213 458 48 21 häll
283 458 35 21 för
340 457 75 22 sävidt
437 457 38 22 det
492 458 72 27 gäller
580 457 42 22 den
638 460 60 25 yttre
713 457 182 28 organisationen
911 457 55 22 eller

213 492 210 21 ästadkommandet
438 492 25 21 af
475 491 232 28 fängelsebyggnader
719 491 51 22 med
781 491 77 22 dertill
868 491 98 22 hörande

214 527 159 27 inrättningar,
392 526 41 21 har
451 526 41 22 hos
510 526 120 22 Utskottet
644 528 101 19 närmast
759 526 98 21 kommit
871 526 9 21 i
895 526 72 21 öfver-

214 561 108 27 vägande,
337 561 122 21 huruledes
474 560 138 28 beviljandet
627 560 24 21 af
658 560 79 27 anslag
747 560 34 21 för
792 560 61 21 detta
863 560 105 21 ändamål

214 595 60 22 helst
297 602 68 21 synes
386 595 55 21 böra
463 595 40 21 ske
525 595 9 20 i
556 595 69 21 sädan
643 595 64 25 form,
723 597 34 18 att
771 595 90 21 medlen
877 595 90 21 anvisas

214 630 37 21 till
270 629 61 22 vissa
346 629 109 28 uppgifna
470 629 215 28 fängelseanstalter.
716 629 46 21 Väl
777 629 68 21 hafva
861 630 54 21 1872
931 631 36 19 ärs

215 663 96 22 Ständer
325 663 82 22 härvid
422 663 142 22 annorlunda
578 663 88 22 förfarit
681 663 8 21 i
704 663 38 22 det
757 663 28 21 de
799 665 56 19 utan
865 667 103 18 närmare

216 698 156 28 specifikation
394 698 107 21 anvisade
523 705 29 14 en
574 697 90 22 million
677 698 67 21 mark
761 697 50 26 ,till
826 697 27 22 de
868 701 101 19 närmast

215 733 112 27 behöfliga
347 733 154 27 fängelsernas
523 732 166 28 uppbyggande
712 735 59 19 samt
788 733 38 21 till
841 733 43 21 den
899 733 70 21 första

215 767 179 28 uppsättningen
409 767 24 21 af
446 767 209 22 arbetsverkstäder
670 767 41 22 och
721 767 78 22 skolor
809 767 39 22 vid
858 767 110 28 fängelse-

216 802 139 22 anstalterna
369 802 8 21 i
392 802 97 21 landet".
518 802 66 21 Dock
599 802 98 28 framgår
712 802 25 21 af
747 802 102 22 bemälde
860 803 107 21 Ständers

216 837 154 28 underdäniga
391 837 121 22 skrifvelse
534 837 8 21 i
564 840 82 23 ämnet,
669 840 34 19 att
721 837 80 22 endast
815 838 116 21 saknaden
946 837 24 22 af

216 879 27 14 en
265 871 103 22 bestämd
387 871 55 28 plan
457 872 34 21 för
505 871 214 28 fängelsereformen
734 875 59 18 samt
807 873 25 20 af
844 872 46 22 alla
905 872 62 21 kost-

215 906 56 21 nads
290 906 152 28 beräkningar
459 906 112 22 föranledt
590 909 34 18 att
642 907 102 27 anslaget
759 907 84 21 stäldes
856 907 8 21 i
875 907 92 22 anförda

215 941 116 21 allmänna
352 941 65 26 form,
442 941 72 21 ehuru
537 941 175 21 Statsutskottet
733 942 9 20 i
759 941 50 22 dess
825 941 28 22 dä
867 941 9 22 i
891 944 76 19 ämnet

214 975 85 27 afgifna
309 975 143 21 betänkande
462 975 87 28 antydt,
560 975 82 21 hvilka
648 975 232 28 fängelsebyggnader
887 976 81 21 främst

214 1009 68 22 borde
304 1009 8 21 i
335 1009 64 28 fräga
420 1009 97 22 komma
547 1009 38 22 Nu
607 1009 68 22 hafva
690 1009 100 22 deremot
804 1010 8 21 i
827 1010 44 21 den
886 1010 82 28 nädiga

213 1044 170 27 propositionen
405 1044 126 27 uppgifvits
554 1044 27 21 de
601 1044 113 22 särskilda
733 1045 136 28 byggnader,
887 1045 80 22 hvilka

215 1078 71 21 under
306 1078 43 21 den
364 1082 114 18 närmaste
493 1078 121 22 framtiden
629 1079 67 21 borde
711 1079 174 27 ästadkommas,
897 1080 70 28 jemte

214 1112 27 21 de
263 1113 35 21 för
320 1112 114 22 desamma
455 1113 130 21 beräknade
606 1113 127 22 kostnader.
763 1113 120 22 Utskottet
901 1121 66 14 anser

214 1147 34 28 sig
271 1147 87 22 således
379 1147 52 22 icke
451 1147 79 22 kunna
552 1147 88 22 förorda
662 1148 138 27 beviljandet
821 1149 25 21 af
863 1156 28 14 en
905 1149 60 22 rund

214 1188 88 15 summa
323 1182 9 21 i
347 1184 33 19 ett
394 1181 35 22 för
444 1182 48 26 allt,
507 1184 75 19 såsom
596 1182 79 27 bidrag
691 1183 37 20 till
743 1183 224 27 fängelsereformens

213 1215 180 28 genomförande,
417 1216 60 21 helst
498 1217 175 27 redovisningen
695 1217 43 21 ock
758 1219 73 20 måste
850 1218 68 21 ställa
933 1218 35 27 sig

212 1249 97 25 klarare,
329 1253 42 17 när
391 1251 113 26 anslagen
522 1254 39 17 äro
581 1251 154 26 specifiserade
753 1251 41 21 och
809 1251 28 22 då
852 1252 114 21 dessutom

212 1282 105 22 ärendets
340 1283 183 21 öfverlemnande
545 1283 38 21 till
601 1286 147 20 sammansatt
763 1284 72 22 Stats-
849 1285 42 22 och
905 1285 61 21 Eko-

214 1317 161 21 nomi-utskott
397 1324 68 21 synes
487 1317 109 21 innebära
618 1318 99 27 anspråk
735 1320 30 26 på
788 1321 33 19 ett
841 1318 124 27 utlåtande,

213 1358 50 15 som
277 1351 52 23 icke
343 1351 60 22 blott
417 1352 76 28 afsåge
508 1352 43 21 den
565 1354 52 19 rent
631 1352 119 22 finansiela
765 1352 65 23 delen
845 1354 25 20 af
880 1354 85 28 frågan.

279 1386 13 22 I
307 1386 234 22 öfverensstämmelse
558 1386 52 22 med
625 1386 60 23 hvad
699 1387 116 23 Utskottet
829 1388 69 22 redan
913 1388 52 23 tidi.

214 1428 53 22 gare
281 1423 58 26 (pag.
359 1422 12 21 2
387 1421 42 22 och
443 1422 13 20 3
472 1422 25 21 af
508 1421 60 22 förra
582 1422 163 26 betänkandet)
761 1423 86 28 antydt,
862 1423 47 22 kan
923 1423 42 23 Ut-

280 1463 133 17 BSammansatta
425 1463 56 17 Stats-
493 1465 30 16 och
535 1464 185 18 Ekonomi-Utskottets
732 1465 107 17 betänkande
851 1466 36 17 N:o
898 1464 33 19 3a.
