1053 1709
250 127 25 19 18
339 148 2 2 .
537 126 51 22 N:o
605 126 49 22 24.

220 194 91 21 resande
334 194 122 26 derigenom
479 194 131 21 förorsakas.
640 194 122 21 Fortsätter
786 194 91 20 resande
896 193 75 21 färden

220 229 52 20 utan
288 230 33 20 att
335 228 160 27 färjpenningar
511 228 138 22 derförinnan
664 228 93 26 erlägga,
773 234 51 14 vare
834 227 39 21 bot
883 233 87 15 samma.

564 292 11 27 8
591 293 34 20 20.

291 331 93 22 Brinner
405 331 46 27 bro,
475 332 52 21 eller
548 332 108 21 bortföres
679 333 40 20 den
735 331 24 22 af
771 331 124 26 vattenflod,
919 331 51 21 eller

219 365 78 22 varder
312 366 41 21 den
368 371 76 21 genom
459 368 66 19 annat
541 366 52 21 ofall
609 365 52 22 eller
675 366 23 21 af
706 365 152 22 våldsverkare
868 365 102 26 förstörd,

219 399 72 28 åligge
306 400 27 21 de
348 399 253 28 vägbyggnadsskyldige
615 401 33 20 att
662 400 14 21 å
691 400 73 21 stället
778 399 55 28 färja
843 400 53 21 eller
909 398 62 23 flotta

218 434 64 27 hålla,
298 434 45 21 tills
358 440 29 21 ny
401 435 38 20 bro
456 435 76 21 hinner
546 434 110 28 uppföras.

563 498 11 27 g
589 499 34 20 21.

288 537 73 27 Böter,
385 544 45 15 som
454 539 67 26 enligt
543 539 70 20 denna
634 537 126 28 förordning
783 538 94 26 ådömas,
894 537 27 28 gå
936 537 33 29 till

219 571 100 22 treskifte
335 572 40 21 och
389 572 130 27 förvandlas,
535 573 37 21 vid
586 573 111 21 bristande
712 572 97 27 tillgång,
825 572 33 21 till
873 572 96 27 fängelse

219 606 36 21 vid
269 607 75 20 vatten
359 607 40 21 och
413 607 54 20 bröd
482 607 68 27 enligt
564 607 79 21 allmän
658 607 42 26 lag.

561 670 11 27 s
588 671 33 20 22.

291 709 77 22 Denna
381 709 127 28 förordning
522 710 74 21 träder
610 711 8 20 i
632 710 137 21 verksamhet
784 711 40 20 den
942 711 26 20 18

488 790 75 27 Enligt
577 790 61 21 Hans
653 789 122 28 Kejserliga
796 790 114 27 Majestäts
931 790 38 22 nä-

421 824 51 28 diga
486 824 125 28 befallning,
626 824 73 27 gifven
714 824 7 22 i
737 824 32 22 S:t
783 824 131 28 Petersburg
926 825 41 21 den

419 859 29 28 43
462 859 119 22 December
598 859 60 22 1876.

289 955 98 22 EMIL
413 955 473 23 STJERNWALL-WALLEEN.

555 1069 55 18 Ch.
626 1069 68 17 Em.
711 1068 39 18 af
757 1069 184 18 Frosterus.

364 1470 122 25 Helsingfors,
497 1472 12 18 &
521 1472 23 19 K.
556 1470 90 21 Senatens
656 1472 88 24 tryckeri,
758 1472 49 19 1877.
