<?xml version="1.0" encoding="UTF-8"?>
<alto xmlns="http://www.loc.gov/standards/alto/ns-v3#" xmlns:xlink="http://www.w3.org/1999/xlink" xmlns:xsi="http://www.w3.org/2001/XMLSchema-instance" xsi:schemaLocation="http://www.loc.gov/standards/alto/ns-v3# http://www.loc.gov/alto/v3/alto-3-0.xsd">
	<Description>
		<MeasurementUnit>pixel</MeasurementUnit>
		<sourceImageInformation>
			<fileName>/tmp/tess_hwo6osrh_input.PNG</fileName>
		</sourceImageInformation>
		<OCRProcessing ID="OCR_0">
			<ocrProcessingStep>
				<processingSoftware>
					<softwareName>tesseract 5.3.4</softwareName>
				</processingSoftware>
			</ocrProcessingStep>
		</OCRProcessing>
	</Description>
	<Layout>
		<Page WIDTH="1075" HEIGHT="1714" PHYSICAL_IMG_NR="0" ID="page_0">
			<PrintSpace HPOS="0" VPOS="0" WIDTH="1075" HEIGHT="1714">
				<ComposedBlock ID="cblock_0" HPOS="433" VPOS="155" WIDTH="322" HEIGHT="22">
					<TextBlock ID="block_0" HPOS="433" VPOS="155" WIDTH="322" HEIGHT="22">
						<TextLine ID="line_0" HPOS="433" VPOS="155" WIDTH="322" HEIGHT="22">
							<String ID="string_0" HPOS="433" VPOS="155" WIDTH="26" HEIGHT="19" WC="0.93" CONTENT="U."/><SP WIDTH="15" VPOS="155" HPOS="459"/>
							<String ID="string_1" HPOS="474" VPOS="156" WIDTH="30" HEIGHT="17" WC="0.90" CONTENT="B."/><SP WIDTH="15" VPOS="156" HPOS="504"/>
							<String ID="string_2" HPOS="519" VPOS="165" WIDTH="27" HEIGHT="3" WC="0.90" CONTENT="—"/><SP WIDTH="16" VPOS="165" HPOS="546"/>
							<String ID="string_3" HPOS="562" VPOS="155" WIDTH="81" HEIGHT="22" WC="0.93" CONTENT="Prop."/><SP WIDTH="15" VPOS="155" HPOS="643"/>
							<String ID="string_4" HPOS="658" VPOS="155" WIDTH="46" HEIGHT="18" WC="0.84" CONTENT="N:o"/><SP WIDTH="15" VPOS="155" HPOS="704"/>
							<String ID="string_5" HPOS="719" VPOS="156" WIDTH="36" HEIGHT="16" WC="0.95" CONTENT="21."/>
						</TextLine>
					</TextBlock>
				</ComposedBlock>
				<ComposedBlock ID="cblock_1" HPOS="358" VPOS="219" WIDTH="609" HEIGHT="62">
					<TextBlock ID="block_1" HPOS="358" VPOS="219" WIDTH="609" HEIGHT="62">
						<TextLine ID="line_1" HPOS="358" VPOS="219" WIDTH="609" HEIGHT="28">
							<String ID="string_6" HPOS="358" VPOS="219" WIDTH="79" HEIGHT="22" WC="0.93" CONTENT="seende"/><SP WIDTH="14" VPOS="219" HPOS="437"/>
							<String ID="string_7" HPOS="451" VPOS="220" WIDTH="14" HEIGHT="21" WC="0.92" CONTENT="å"/><SP WIDTH="14" VPOS="220" HPOS="465"/>
							<String ID="string_8" HPOS="479" VPOS="220" WIDTH="159" HEIGHT="27" WC="0.92" CONTENT="omredigering"/><SP WIDTH="14" VPOS="220" HPOS="638"/>
							<String ID="string_9" HPOS="652" VPOS="219" WIDTH="131" HEIGHT="22" WC="0.92" CONTENT="härutinnan"/><SP WIDTH="16" VPOS="219" HPOS="783"/>
							<String ID="string_10" HPOS="799" VPOS="219" WIDTH="168" HEIGHT="21" WC="0.92" CONTENT="återremittera-"/>
						</TextLine>
						<TextLine ID="line_2" HPOS="361" VPOS="253" WIDTH="263" HEIGHT="28">
							<String ID="string_11" HPOS="361" VPOS="254" WIDTH="37" HEIGHT="21" WC="0.95" CONTENT="des"/><SP WIDTH="15" VPOS="254" HPOS="398"/>
							<String ID="string_12" HPOS="413" VPOS="253" WIDTH="34" HEIGHT="22" WC="0.93" CONTENT="till"/><SP WIDTH="15" VPOS="253" HPOS="447"/>
							<String ID="string_13" HPOS="462" VPOS="254" WIDTH="162" HEIGHT="27" WC="0.90" CONTENT="Lagutskottet;"/>
						</TextLine>
					</TextBlock>
				</ComposedBlock>
				<ComposedBlock ID="cblock_2" HPOS="293" VPOS="309" WIDTH="175" HEIGHT="25">
					<TextBlock ID="block_2" HPOS="293" VPOS="309" WIDTH="175" HEIGHT="25">
						<TextLine ID="line_3" HPOS="293" VPOS="309" WIDTH="175" HEIGHT="25">
							<String ID="string_14" HPOS="293" VPOS="309" WIDTH="175" HEIGHT="25" WC="0.92" CONTENT="Presteståndet"/>
						</TextLine>
					</TextBlock>
				</ComposedBlock>
				<ComposedBlock ID="cblock_3" HPOS="359" VPOS="356" WIDTH="608" HEIGHT="62">
					<TextBlock ID="block_3" HPOS="359" VPOS="356" WIDTH="608" HEIGHT="62">
						<TextLine ID="line_4" HPOS="428" VPOS="356" WIDTH="539" HEIGHT="29">
							<String ID="string_15" HPOS="428" VPOS="357" WIDTH="96" HEIGHT="28" WC="0.96" CONTENT="godkänt"/><SP WIDTH="24" VPOS="357" HPOS="524"/>
							<String ID="string_16" HPOS="548" VPOS="358" WIDTH="56" HEIGHT="21" WC="0.96" CONTENT="hvad"/><SP WIDTH="21" VPOS="358" HPOS="604"/>
							<String ID="string_17" HPOS="625" VPOS="357" WIDTH="148" HEIGHT="21" WC="0.96" CONTENT="betänkandet"/><SP WIDTH="19" VPOS="357" HPOS="773"/>
							<String ID="string_18" HPOS="792" VPOS="357" WIDTH="7" HEIGHT="20" WC="0.96" CONTENT="i"/><SP WIDTH="20" VPOS="357" HPOS="799"/>
							<String ID="string_19" HPOS="819" VPOS="358" WIDTH="72" HEIGHT="20" WC="0.93" CONTENT="ämnet"/><SP WIDTH="17" VPOS="358" HPOS="891"/>
							<String ID="string_20" HPOS="908" VPOS="356" WIDTH="59" HEIGHT="22" WC="0.90" CONTENT="inne-"/>
						</TextLine>
						<TextLine ID="line_5" HPOS="359" VPOS="391" WIDTH="80" HEIGHT="27">
							<String ID="string_21" HPOS="359" VPOS="391" WIDTH="80" HEIGHT="27" WC="0.86" CONTENT="håller"/><SP WIDTH="-8" VPOS="391" HPOS="439"/>
							<String ID="string_22" HPOS="431" VPOS="387" WIDTH="12" HEIGHT="35" WC="0.86" CONTENT=";"/>
						</TextLine>
					</TextBlock>
				</ComposedBlock>
				<ComposedBlock ID="cblock_4" HPOS="292" VPOS="448" WIDTH="195" HEIGHT="30">
					<TextBlock ID="block_4" HPOS="292" VPOS="448" WIDTH="195" HEIGHT="30">
						<TextLine ID="line_6" HPOS="292" VPOS="448" WIDTH="195" HEIGHT="30">
							<String ID="string_23" HPOS="292" VPOS="448" WIDTH="195" HEIGHT="30" WC="0.90" CONTENT="Borgareståndet"/>
						</TextLine>
					</TextBlock>
				</ComposedBlock>
				<ComposedBlock ID="cblock_5" HPOS="427" VPOS="495" WIDTH="541" HEIGHT="28">
					<TextBlock ID="block_5" HPOS="427" VPOS="495" WIDTH="541" HEIGHT="28">
						<TextLine ID="line_7" HPOS="427" VPOS="495" WIDTH="541" HEIGHT="28">
							<String ID="string_24" HPOS="427" VPOS="497" WIDTH="49" HEIGHT="20" WC="0.95" CONTENT="med"/><SP WIDTH="15" VPOS="497" HPOS="476"/>
							<String ID="string_25" HPOS="491" VPOS="496" WIDTH="125" HEIGHT="27" WC="0.96" CONTENT="anslutning"/><SP WIDTH="14" VPOS="496" HPOS="616"/>
							<String ID="string_26" HPOS="630" VPOS="495" WIDTH="34" HEIGHT="22" WC="0.96" CONTENT="till"/><SP WIDTH="15" VPOS="495" HPOS="664"/>
							<String ID="string_27" HPOS="679" VPOS="495" WIDTH="82" HEIGHT="22" WC="0.93" CONTENT="Herrar"/><SP WIDTH="15" VPOS="495" HPOS="761"/>
							<String ID="string_28" HPOS="776" VPOS="495" WIDTH="32" HEIGHT="21" WC="0.92" CONTENT="W."/><SP WIDTH="17" VPOS="495" HPOS="808"/>
							<String ID="string_29" HPOS="825" VPOS="495" WIDTH="94" HEIGHT="26" WC="0.92" CONTENT="Nystens"/><SP WIDTH="10" VPOS="495" HPOS="919"/>
							<String ID="string_30" HPOS="929" VPOS="495" WIDTH="39" HEIGHT="21" WC="0.96" CONTENT="och"/>
						</TextLine>
					</TextBlock>
				</ComposedBlock>
				<ComposedBlock ID="cblock_6" HPOS="361" VPOS="529" WIDTH="608" HEIGHT="56">
					<TextBlock ID="block_6" HPOS="361" VPOS="529" WIDTH="608" HEIGHT="56">
						<TextLine ID="line_8" HPOS="361" VPOS="529" WIDTH="608" HEIGHT="28">
							<String ID="string_31" HPOS="361" VPOS="530" WIDTH="32" HEIGHT="22" WC="0.88" CONTENT="EI."/><SP WIDTH="23" VPOS="530" HPOS="393"/>
							<String ID="string_32" HPOS="416" VPOS="530" WIDTH="51" HEIGHT="21" WC="0.95" CONTENT="Mal."/><SP WIDTH="18" VPOS="530" HPOS="467"/>
							<String ID="string_33" HPOS="485" VPOS="530" WIDTH="143" HEIGHT="27" WC="0.95" CONTENT="Rosengrens,"/><SP WIDTH="15" VPOS="530" HPOS="628"/>
							<String ID="string_34" HPOS="643" VPOS="529" WIDTH="148" HEIGHT="22" WC="0.93" CONTENT="betänkandet"/><SP WIDTH="14" VPOS="529" HPOS="791"/>
							<String ID="string_35" HPOS="805" VPOS="529" WIDTH="116" HEIGHT="26" WC="0.92" CONTENT="vidfogade"/><SP WIDTH="14" VPOS="529" HPOS="921"/>
							<String ID="string_36" HPOS="935" VPOS="535" WIDTH="34" HEIGHT="15" WC="0.92" CONTENT="re-"/>
						</TextLine>
						<TextLine ID="line_9" HPOS="361" VPOS="557" WIDTH="608" HEIGHT="28">
							<String ID="string_37" HPOS="361" VPOS="559" WIDTH="117" HEIGHT="26" WC="0.92" CONTENT="servation,"/><SP WIDTH="23" VPOS="559" HPOS="478"/>
							<String ID="string_38" HPOS="501" VPOS="559" WIDTH="91" HEIGHT="21" WC="0.92" CONTENT="beslutit"/><SP WIDTH="21" VPOS="559" HPOS="592"/>
							<String ID="string_39" HPOS="613" VPOS="559" WIDTH="33" HEIGHT="20" WC="0.96" CONTENT="att"/><SP WIDTH="21" VPOS="559" HPOS="646"/>
							<String ID="string_40" HPOS="667" VPOS="559" WIDTH="13" HEIGHT="20" WC="0.93" CONTENT="3"/><SP WIDTH="18" VPOS="559" HPOS="680"/>
							<String ID="string_41" HPOS="698" VPOS="558" WIDTH="12" HEIGHT="27" WC="0.91" CONTENT="$"/><SP WIDTH="15" VPOS="558" HPOS="710"/>
							<String ID="string_42" HPOS="725" VPOS="558" WIDTH="13" HEIGHT="21" WC="0.96" CONTENT="9"/><SP WIDTH="15" VPOS="558" HPOS="738"/>
							<String ID="string_43" HPOS="753" VPOS="557" WIDTH="49" HEIGHT="28" WC="0.96" CONTENT="kap."/><SP WIDTH="16" VPOS="557" HPOS="802"/>
							<String ID="string_44" HPOS="818" VPOS="557" WIDTH="25" HEIGHT="22" WC="0.93" CONTENT="G."/><SP WIDTH="15" VPOS="557" HPOS="843"/>
							<String ID="string_45" HPOS="858" VPOS="557" WIDTH="25" HEIGHT="21" WC="0.91" CONTENT="B."/><SP WIDTH="16" VPOS="557" HPOS="883"/>
							<String ID="string_46" HPOS="899" VPOS="557" WIDTH="70" HEIGHT="21" WC="0.96" CONTENT="skulle"/>
						</TextLine>
					</TextBlock>
				</ComposedBlock>
				<ComposedBlock ID="cblock_7" HPOS="361" VPOS="592" WIDTH="611" HEIGHT="572">
					<TextBlock ID="block_7" HPOS="362" VPOS="592" WIDTH="300" HEIGHT="27">
						<TextLine ID="line_10" HPOS="362" VPOS="592" WIDTH="300" HEIGHT="27">
							<String ID="string_47" HPOS="362" VPOS="593" WIDTH="83" HEIGHT="21" WC="0.96" CONTENT="erhålla"/><SP WIDTH="15" VPOS="593" HPOS="445"/>
							<String ID="string_48" HPOS="460" VPOS="593" WIDTH="95" HEIGHT="26" WC="0.93" CONTENT="följande"/><SP WIDTH="15" VPOS="593" HPOS="555"/>
							<String ID="string_49" HPOS="570" VPOS="592" WIDTH="92" HEIGHT="27" WC="0.96" CONTENT="lydelse:"/>
						</TextLine>
					</TextBlock>
					<TextBlock ID="block_8" HPOS="361" VPOS="626" WIDTH="608" HEIGHT="130">
						<TextLine ID="line_11" HPOS="429" VPOS="626" WIDTH="540" HEIGHT="28">
							<String ID="string_50" HPOS="429" VPOS="626" WIDTH="169" HEIGHT="28" WC="0.74" CONTENT="&lt;Morgongåfva"/><SP WIDTH="22" VPOS="626" HPOS="598"/>
							<String ID="string_51" HPOS="620" VPOS="626" WIDTH="55" HEIGHT="22" WC="0.95" CONTENT="skall"/><SP WIDTH="22" VPOS="626" HPOS="675"/>
							<String ID="string_52" HPOS="697" VPOS="628" WIDTH="62" HEIGHT="24" WC="0.96" CONTENT="tagas"/><SP WIDTH="18" VPOS="628" HPOS="759"/>
							<String ID="string_53" HPOS="777" VPOS="626" WIDTH="24" HEIGHT="21" WC="0.96" CONTENT="af"/><SP WIDTH="14" VPOS="626" HPOS="801"/>
							<String ID="string_54" HPOS="815" VPOS="631" WIDTH="103" HEIGHT="15" WC="0.93" CONTENT="mannens"/><SP WIDTH="15" VPOS="631" HPOS="918"/>
							<String ID="string_55" HPOS="933" VPOS="630" WIDTH="36" HEIGHT="16" WC="0.92" CONTENT="en-"/>
						</TextLine>
						<TextLine ID="line_12" HPOS="361" VPOS="660" WIDTH="608" HEIGHT="24">
							<String ID="string_56" HPOS="361" VPOS="661" WIDTH="72" HEIGHT="21" WC="0.96" CONTENT="skilda"/><SP WIDTH="13" VPOS="661" HPOS="433"/>
							<String ID="string_57" HPOS="446" VPOS="661" WIDTH="42" HEIGHT="21" WC="0.96" CONTENT="lott"/><SP WIDTH="14" VPOS="661" HPOS="488"/>
							<String ID="string_58" HPOS="502" VPOS="661" WIDTH="8" HEIGHT="21" WC="0.96" CONTENT="i"/><SP WIDTH="15" VPOS="661" HPOS="510"/>
							<String ID="string_59" HPOS="525" VPOS="661" WIDTH="57" HEIGHT="21" WC="0.93" CONTENT="boet."/><SP WIDTH="30" VPOS="661" HPOS="582"/>
							<String ID="string_60" HPOS="612" VPOS="660" WIDTH="45" HEIGHT="21" WC="0.92" CONTENT="Dör"/><SP WIDTH="14" VPOS="660" HPOS="657"/>
							<String ID="string_61" HPOS="671" VPOS="660" WIDTH="94" HEIGHT="21" WC="0.96" CONTENT="hustrun"/><SP WIDTH="14" VPOS="660" HPOS="765"/>
							<String ID="string_62" HPOS="779" VPOS="660" WIDTH="46" HEIGHT="21" WC="0.96" CONTENT="förr"/><SP WIDTH="10" VPOS="660" HPOS="825"/>
							<String ID="string_63" HPOS="835" VPOS="661" WIDTH="28" HEIGHT="19" WC="0.96" CONTENT="än"/><SP WIDTH="7" VPOS="661" HPOS="863"/>
							<String ID="string_64" HPOS="870" VPOS="665" WIDTH="99" HEIGHT="19" WC="0.96" CONTENT="mannen,"/>
						</TextLine>
						<TextLine ID="line_13" HPOS="361" VPOS="694" WIDTH="608" HEIGHT="26">
							<String ID="string_65" HPOS="361" VPOS="695" WIDTH="54" HEIGHT="21" WC="0.93" CONTENT="eller"/><SP WIDTH="14" VPOS="695" HPOS="415"/>
							<String ID="string_66" HPOS="429" VPOS="694" WIDTH="130" HEIGHT="22" WC="0.92" CONTENT="öfverlefves"/><SP WIDTH="15" VPOS="694" HPOS="559"/>
							<String ID="string_67" HPOS="574" VPOS="700" WIDTH="92" HEIGHT="15" WC="0.96" CONTENT="mannen"/><SP WIDTH="16" VPOS="700" HPOS="666"/>
							<String ID="string_68" HPOS="682" VPOS="694" WIDTH="23" HEIGHT="21" WC="0.96" CONTENT="af"/><SP WIDTH="13" VPOS="694" HPOS="705"/>
							<String ID="string_69" HPOS="718" VPOS="694" WIDTH="61" HEIGHT="26" WC="0.96" CONTENT="barn,"/><SP WIDTH="10" VPOS="694" HPOS="779"/>
							<String ID="string_70" HPOS="789" VPOS="694" WIDTH="28" HEIGHT="21" WC="0.92" CONTENT="då"/><SP WIDTH="7" VPOS="694" HPOS="817"/>
							<String ID="string_71" HPOS="824" VPOS="699" WIDTH="39" HEIGHT="21" WC="0.92" CONTENT="ege"/><SP WIDTH="8" VPOS="699" HPOS="863"/>
							<String ID="string_72" HPOS="871" VPOS="699" WIDTH="98" HEIGHT="20" WC="0.92" CONTENT="morgon-"/>
						</TextLine>
						<TextLine ID="line_14" HPOS="361" VPOS="728" WIDTH="178" HEIGHT="28">
							<String ID="string_73" HPOS="361" VPOS="728" WIDTH="64" HEIGHT="28" WC="0.92" CONTENT="gäfva"/><SP WIDTH="16" VPOS="728" HPOS="425"/>
							<String ID="string_74" HPOS="441" VPOS="728" WIDTH="17" HEIGHT="27" WC="0.96" CONTENT="ej"/><SP WIDTH="17" VPOS="728" HPOS="458"/>
							<String ID="string_75" HPOS="475" VPOS="728" WIDTH="64" HEIGHT="22" WC="0.76" CONTENT="rum&quot;."/>
						</TextLine>
					</TextBlock>
					<TextBlock ID="block_9" HPOS="361" VPOS="760" WIDTH="611" HEIGHT="404">
						<TextLine ID="line_15" HPOS="429" VPOS="760" WIDTH="541" HEIGHT="29">
							<String ID="string_76" HPOS="429" VPOS="762" WIDTH="60" HEIGHT="22" WC="0.95" CONTENT="Samt"/><SP WIDTH="22" VPOS="762" HPOS="489"/>
							<String ID="string_77" HPOS="511" VPOS="763" WIDTH="39" HEIGHT="25" WC="0.96" CONTENT="att,"/><SP WIDTH="22" VPOS="763" HPOS="550"/>
							<String ID="string_78" HPOS="572" VPOS="762" WIDTH="8" HEIGHT="21" WC="0.96" CONTENT="i"/><SP WIDTH="22" VPOS="762" HPOS="580"/>
							<String ID="string_79" HPOS="602" VPOS="762" WIDTH="54" HEIGHT="27" WC="0.96" CONTENT="följd"/><SP WIDTH="22" VPOS="762" HPOS="656"/>
							<String ID="string_80" HPOS="678" VPOS="761" WIDTH="69" HEIGHT="27" WC="0.96" CONTENT="häraf,"/><SP WIDTH="22" VPOS="761" HPOS="747"/>
							<String ID="string_81" HPOS="769" VPOS="762" WIDTH="19" HEIGHT="26" WC="0.95" CONTENT="4,"/><SP WIDTH="24" VPOS="762" HPOS="788"/>
							<String ID="string_82" HPOS="812" VPOS="763" WIDTH="13" HEIGHT="19" WC="0.94" CONTENT="5"/><SP WIDTH="15" VPOS="763" HPOS="825"/>
							<String ID="string_83" HPOS="840" VPOS="761" WIDTH="40" HEIGHT="21" WC="0.96" CONTENT="och"/><SP WIDTH="15" VPOS="761" HPOS="880"/>
							<String ID="string_84" HPOS="895" VPOS="761" WIDTH="12" HEIGHT="21" WC="0.92" CONTENT="7"/><SP WIDTH="16" VPOS="761" HPOS="907"/>
							<String ID="string_85" HPOS="923" VPOS="760" WIDTH="47" HEIGHT="28" WC="0.85" CONTENT="8&amp;"/><SP WIDTH="-14" VPOS="760" HPOS="970"/>
							<String ID="string_86" HPOS="956" VPOS="756" WIDTH="18" HEIGHT="37" WC="0.95" CONTENT="i"/>
						</TextLine>
						<TextLine ID="line_16" HPOS="361" VPOS="795" WIDTH="610" HEIGHT="28">
							<String ID="string_87" HPOS="361" VPOS="802" WIDTH="81" HEIGHT="16" WC="0.96" CONTENT="samma"/><SP WIDTH="15" VPOS="802" HPOS="442"/>
							<String ID="string_88" HPOS="457" VPOS="797" WIDTH="82" HEIGHT="26" WC="0.96" CONTENT="kapitel"/><SP WIDTH="15" VPOS="797" HPOS="539"/>
							<String ID="string_89" HPOS="554" VPOS="796" WIDTH="70" HEIGHT="21" WC="0.96" CONTENT="skulle"/><SP WIDTH="16" VPOS="796" HPOS="624"/>
							<String ID="string_90" HPOS="640" VPOS="796" WIDTH="97" HEIGHT="26" WC="0.96" CONTENT="undergå"/><SP WIDTH="15" VPOS="796" HPOS="737"/>
							<String ID="string_91" HPOS="752" VPOS="796" WIDTH="67" HEIGHT="21" WC="0.96" CONTENT="sådan"/><SP WIDTH="11" VPOS="796" HPOS="819"/>
							<String ID="string_92" HPOS="830" VPOS="795" WIDTH="99" HEIGHT="27" WC="0.96" CONTENT="ändring,"/><SP WIDTH="8" VPOS="795" HPOS="929"/>
							<String ID="string_93" HPOS="937" VPOS="797" WIDTH="34" HEIGHT="19" WC="0.96" CONTENT="att"/>
						</TextLine>
						<TextLine ID="line_17" HPOS="361" VPOS="829" WIDTH="609" HEIGHT="28">
							<String ID="string_94" HPOS="361" VPOS="831" WIDTH="67" HEIGHT="21" WC="0.96" CONTENT="orden"/><SP WIDTH="15" VPOS="831" HPOS="428"/>
							<String ID="string_95" HPOS="443" VPOS="830" WIDTH="117" HEIGHT="22" WC="0.75" CONTENT="&quot;mannens"/><SP WIDTH="15" VPOS="830" HPOS="560"/>
							<String ID="string_96" HPOS="575" VPOS="830" WIDTH="54" HEIGHT="22" WC="0.96" CONTENT="barn"/><SP WIDTH="15" VPOS="830" HPOS="629"/>
							<String ID="string_97" HPOS="644" VPOS="830" WIDTH="53" HEIGHT="22" WC="0.96" CONTENT="eller"/><SP WIDTH="16" VPOS="830" HPOS="697"/>
							<String ID="string_98" HPOS="713" VPOS="830" WIDTH="69" HEIGHT="21" WC="0.93" CONTENT="andra"/><SP WIDTH="15" VPOS="830" HPOS="782"/>
							<String ID="string_99" HPOS="797" VPOS="829" WIDTH="122" HEIGHT="28" WC="0.88" CONTENT="arfvingar*"/><SP WIDTH="16" VPOS="829" HPOS="919"/>
							<String ID="string_100" HPOS="935" VPOS="830" WIDTH="7" HEIGHT="20" WC="0.96" CONTENT="i"/><SP WIDTH="16" VPOS="830" HPOS="942"/>
							<String ID="string_101" HPOS="958" VPOS="830" WIDTH="12" HEIGHT="20" WC="0.96" CONTENT="4"/>
						</TextLine>
						<TextLine ID="line_18" HPOS="361" VPOS="864" WIDTH="609" HEIGHT="29">
							<String ID="string_102" HPOS="361" VPOS="866" WIDTH="11" HEIGHT="27" WC="0.61" CONTENT="$"/><SP WIDTH="16" VPOS="866" HPOS="372"/>
							<String ID="string_103" HPOS="388" VPOS="865" WIDTH="109" HEIGHT="21" WC="0.96" CONTENT="äfvensom"/><SP WIDTH="15" VPOS="865" HPOS="497"/>
							<String ID="string_104" HPOS="512" VPOS="865" WIDTH="67" HEIGHT="21" WC="0.96" CONTENT="orden"/><SP WIDTH="16" VPOS="865" HPOS="579"/>
							<String ID="string_105" HPOS="595" VPOS="865" WIDTH="116" HEIGHT="21" WC="0.91" CONTENT="&quot;mannens"/><SP WIDTH="10" VPOS="865" HPOS="711"/>
							<String ID="string_106" HPOS="721" VPOS="865" WIDTH="54" HEIGHT="21" WC="0.96" CONTENT="barn"/><SP WIDTH="11" VPOS="865" HPOS="775"/>
							<String ID="string_107" HPOS="786" VPOS="864" WIDTH="53" HEIGHT="22" WC="0.93" CONTENT="eller"/><SP WIDTH="9" VPOS="864" HPOS="839"/>
							<String ID="string_108" HPOS="848" VPOS="864" WIDTH="122" HEIGHT="27" WC="0.72" CONTENT="arfvingar&quot;"/>
						</TextLine>
						<TextLine ID="line_19" HPOS="361" VPOS="898" WIDTH="610" HEIGHT="28">
							<String ID="string_109" HPOS="361" VPOS="900" WIDTH="7" HEIGHT="20" WC="0.96" CONTENT="i"/><SP WIDTH="15" VPOS="900" HPOS="368"/>
							<String ID="string_110" HPOS="383" VPOS="901" WIDTH="12" HEIGHT="19" WC="0.96" CONTENT="5"/><SP WIDTH="16" VPOS="901" HPOS="395"/>
							<String ID="string_111" HPOS="411" VPOS="899" WIDTH="11" HEIGHT="27" WC="0.92" CONTENT="&amp;"/><SP WIDTH="16" VPOS="899" HPOS="422"/>
							<String ID="string_112" HPOS="438" VPOS="900" WIDTH="70" HEIGHT="21" WC="0.93" CONTENT="skulle"/><SP WIDTH="15" VPOS="900" HPOS="508"/>
							<String ID="string_113" HPOS="523" VPOS="899" WIDTH="88" HEIGHT="27" WC="0.92" CONTENT="utbytas"/><SP WIDTH="15" VPOS="899" HPOS="611"/>
							<String ID="string_114" HPOS="626" VPOS="901" WIDTH="45" HEIGHT="19" WC="0.96" CONTENT="mot"/><SP WIDTH="15" VPOS="901" HPOS="671"/>
							<String ID="string_115" HPOS="686" VPOS="900" WIDTH="67" HEIGHT="20" WC="0.96" CONTENT="orden"/><SP WIDTH="11" VPOS="900" HPOS="753"/>
							<String ID="string_116" HPOS="764" VPOS="899" WIDTH="119" HEIGHT="21" WC="0.83" CONTENT="&quot;mannens"/><SP WIDTH="8" VPOS="899" HPOS="883"/>
							<String ID="string_117" HPOS="891" VPOS="898" WIDTH="80" HEIGHT="22" WC="0.92" CONTENT="arfvin-"/>
						</TextLine>
						<TextLine ID="line_20" HPOS="362" VPOS="932" WIDTH="609" HEIGHT="28">
							<String ID="string_118" HPOS="362" VPOS="933" WIDTH="48" HEIGHT="27" WC="0.88" CONTENT="gar&quot;"/><SP WIDTH="15" VPOS="933" HPOS="410"/>
							<String ID="string_119" HPOS="425" VPOS="934" WIDTH="40" HEIGHT="20" WC="0.96" CONTENT="och"/><SP WIDTH="16" VPOS="934" HPOS="465"/>
							<String ID="string_120" HPOS="481" VPOS="933" WIDTH="67" HEIGHT="21" WC="0.96" CONTENT="orden"/><SP WIDTH="14" VPOS="933" HPOS="548"/>
							<String ID="string_121" HPOS="562" VPOS="932" WIDTH="96" HEIGHT="22" WC="0.95" CONTENT="&quot;barnen"/><SP WIDTH="15" VPOS="932" HPOS="658"/>
							<String ID="string_122" HPOS="673" VPOS="932" WIDTH="65" HEIGHT="22" WC="0.88" CONTENT="eller&quot;"/><SP WIDTH="15" VPOS="932" HPOS="738"/>
							<String ID="string_123" HPOS="753" VPOS="933" WIDTH="8" HEIGHT="21" WC="0.96" CONTENT="i"/><SP WIDTH="15" VPOS="933" HPOS="761"/>
							<String ID="string_124" HPOS="776" VPOS="933" WIDTH="13" HEIGHT="20" WC="0.96" CONTENT="7"/><SP WIDTH="16" VPOS="933" HPOS="789"/>
							<String ID="string_125" HPOS="805" VPOS="932" WIDTH="11" HEIGHT="28" WC="0.69" CONTENT="8"/><SP WIDTH="15" VPOS="932" HPOS="816"/>
							<String ID="string_126" HPOS="831" VPOS="932" WIDTH="62" HEIGHT="27" WC="0.92" CONTENT="utgå;"/><SP WIDTH="15" VPOS="932" HPOS="893"/>
							<String ID="string_127" HPOS="908" VPOS="932" WIDTH="63" HEIGHT="21" WC="0.91" CONTENT="hvar-"/>
						</TextLine>
						<TextLine ID="line_21" HPOS="361" VPOS="966" WIDTH="610" HEIGHT="28">
							<String ID="string_128" HPOS="361" VPOS="969" WIDTH="59" HEIGHT="19" WC="0.96" CONTENT="utom"/><SP WIDTH="15" VPOS="969" HPOS="420"/>
							<String ID="string_129" HPOS="435" VPOS="967" WIDTH="140" HEIGHT="27" WC="0.96" CONTENT="inledningen"/><SP WIDTH="15" VPOS="967" HPOS="575"/>
							<String ID="string_130" HPOS="590" VPOS="967" WIDTH="8" HEIGHT="21" WC="0.93" CONTENT="i"/><SP WIDTH="15" VPOS="967" HPOS="598"/>
							<String ID="string_131" HPOS="613" VPOS="966" WIDTH="247" HEIGHT="28" WC="0.92" CONTENT="författningsförslaget"/><SP WIDTH="14" VPOS="966" HPOS="860"/>
							<String ID="string_132" HPOS="874" VPOS="966" WIDTH="34" HEIGHT="21" WC="0.92" CONTENT="till"/><SP WIDTH="9" VPOS="966" HPOS="908"/>
							<String ID="string_133" HPOS="917" VPOS="966" WIDTH="54" HEIGHT="26" WC="0.91" CONTENT="Lag-"/>
						</TextLine>
						<TextLine ID="line_22" HPOS="362" VPOS="999" WIDTH="609" HEIGHT="24">
							<String ID="string_134" HPOS="362" VPOS="1001" WIDTH="107" HEIGHT="21" WC="0.92" CONTENT="utskottet"/><SP WIDTH="22" VPOS="1001" HPOS="469"/>
							<String ID="string_135" HPOS="491" VPOS="1000" WIDTH="198" HEIGHT="23" WC="0.91" CONTENT="återremitterades"/><SP WIDTH="15" VPOS="1000" HPOS="689"/>
							<String ID="string_136" HPOS="704" VPOS="1001" WIDTH="49" HEIGHT="21" WC="0.96" CONTENT="med"/><SP WIDTH="16" VPOS="1001" HPOS="753"/>
							<String ID="string_137" HPOS="769" VPOS="1001" WIDTH="108" HEIGHT="21" WC="0.96" CONTENT="anmodan"/><SP WIDTH="15" VPOS="1001" HPOS="877"/>
							<String ID="string_138" HPOS="892" VPOS="1001" WIDTH="33" HEIGHT="20" WC="0.93" CONTENT="att"/><SP WIDTH="14" VPOS="1001" HPOS="925"/>
							<String ID="string_139" HPOS="939" VPOS="999" WIDTH="32" HEIGHT="22" WC="0.92" CONTENT="af-"/>
						</TextLine>
						<TextLine ID="line_23" HPOS="362" VPOS="1034" WIDTH="609" HEIGHT="28">
							<String ID="string_140" HPOS="362" VPOS="1034" WIDTH="59" HEIGHT="28" WC="0.96" CONTENT="gifva"/><SP WIDTH="14" VPOS="1034" HPOS="421"/>
							<String ID="string_141" HPOS="435" VPOS="1035" WIDTH="119" HEIGHT="27" WC="0.96" CONTENT="utlåtande,"/><SP WIDTH="15" VPOS="1035" HPOS="554"/>
							<String ID="string_142" HPOS="569" VPOS="1034" WIDTH="107" HEIGHT="22" WC="0.95" CONTENT="huruvida"/><SP WIDTH="15" VPOS="1034" HPOS="676"/>
							<String ID="string_143" HPOS="691" VPOS="1035" WIDTH="72" HEIGHT="27" WC="0.95" CONTENT="någon"/><SP WIDTH="15" VPOS="1035" HPOS="763"/>
							<String ID="string_144" HPOS="778" VPOS="1034" WIDTH="127" HEIGHT="27" WC="0.96" CONTENT="förändring"/><SP WIDTH="14" VPOS="1034" HPOS="905"/>
							<String ID="string_145" HPOS="919" VPOS="1034" WIDTH="8" HEIGHT="21" WC="0.93" CONTENT="i"/><SP WIDTH="14" VPOS="1034" HPOS="927"/>
							<String ID="string_146" HPOS="941" VPOS="1034" WIDTH="30" HEIGHT="21" WC="0.88" CONTENT="af-"/>
						</TextLine>
						<TextLine ID="line_24" HPOS="362" VPOS="1068" WIDTH="609" HEIGHT="28">
							<String ID="string_147" HPOS="362" VPOS="1069" WIDTH="79" HEIGHT="21" WC="0.93" CONTENT="seende"/><SP WIDTH="14" VPOS="1069" HPOS="441"/>
							<String ID="string_148" HPOS="455" VPOS="1070" WIDTH="13" HEIGHT="20" WC="0.91" CONTENT="å"/><SP WIDTH="15" VPOS="1070" HPOS="468"/>
							<String ID="string_149" HPOS="483" VPOS="1070" WIDTH="123" HEIGHT="21" WC="0.96" CONTENT="densamma"/><SP WIDTH="14" VPOS="1070" HPOS="606"/>
							<String ID="string_150" HPOS="620" VPOS="1068" WIDTH="103" HEIGHT="28" WC="0.95" CONTENT="möjligen"/><SP WIDTH="15" VPOS="1068" HPOS="723"/>
							<String ID="string_151" HPOS="738" VPOS="1068" WIDTH="73" HEIGHT="22" WC="0.93" CONTENT="kunde"/><SP WIDTH="14" VPOS="1068" HPOS="811"/>
							<String ID="string_152" HPOS="825" VPOS="1068" WIDTH="98" HEIGHT="22" WC="0.90" CONTENT="befinnas"/><SP WIDTH="11" VPOS="1068" HPOS="923"/>
							<String ID="string_153" HPOS="934" VPOS="1070" WIDTH="37" HEIGHT="20" WC="0.92" CONTENT="nö-"/>
						</TextLine>
						<TextLine ID="line_25" HPOS="363" VPOS="1103" WIDTH="609" HEIGHT="27">
							<String ID="string_154" HPOS="363" VPOS="1103" WIDTH="37" HEIGHT="27" WC="0.96" CONTENT="dig"/><SP WIDTH="15" VPOS="1103" HPOS="400"/>
							<String ID="string_155" HPOS="415" VPOS="1104" WIDTH="6" HEIGHT="20" WC="0.96" CONTENT="i"/><SP WIDTH="15" VPOS="1104" HPOS="421"/>
							<String ID="string_156" HPOS="436" VPOS="1103" WIDTH="118" HEIGHT="27" WC="0.95" CONTENT="anledning"/><SP WIDTH="15" VPOS="1103" HPOS="554"/>
							<String ID="string_157" HPOS="569" VPOS="1104" WIDTH="23" HEIGHT="20" WC="0.95" CONTENT="af"/><SP WIDTH="14" VPOS="1104" HPOS="592"/>
							<String ID="string_158" HPOS="606" VPOS="1104" WIDTH="37" HEIGHT="20" WC="0.96" CONTENT="det"/><SP WIDTH="15" VPOS="1104" HPOS="643"/>
							<String ID="string_159" HPOS="658" VPOS="1103" WIDTH="50" HEIGHT="26" WC="0.93" CONTENT="slut,"/><SP WIDTH="9" VPOS="1103" HPOS="708"/>
							<String ID="string_160" HPOS="717" VPOS="1103" WIDTH="62" HEIGHT="21" WC="0.91" CONTENT="hvari"/><SP WIDTH="8" VPOS="1103" HPOS="779"/>
							<String ID="string_161" HPOS="787" VPOS="1103" WIDTH="185" HEIGHT="27" WC="0.91" CONTENT="Borgareståndet"/>
						</TextLine>
						<TextLine ID="line_26" HPOS="362" VPOS="1137" WIDTH="528" HEIGHT="27">
							<String ID="string_162" HPOS="362" VPOS="1137" WIDTH="9" HEIGHT="20" WC="0.96" CONTENT="i"/><SP WIDTH="14" VPOS="1137" HPOS="371"/>
							<String ID="string_163" HPOS="385" VPOS="1137" WIDTH="62" HEIGHT="27" WC="0.96" CONTENT="fråga"/><SP WIDTH="14" VPOS="1137" HPOS="447"/>
							<String ID="string_164" HPOS="461" VPOS="1143" WIDTH="35" HEIGHT="15" WC="0.93" CONTENT="om"/><SP WIDTH="14" VPOS="1143" HPOS="496"/>
							<String ID="string_165" HPOS="510" VPOS="1137" WIDTH="155" HEIGHT="27" WC="0.90" CONTENT="morgongåfva"/><SP WIDTH="15" VPOS="1137" HPOS="665"/>
							<String ID="string_166" HPOS="680" VPOS="1138" WIDTH="96" HEIGHT="24" WC="0.92" CONTENT="stannat;"/><SP WIDTH="17" VPOS="1138" HPOS="776"/>
							<String ID="string_167" HPOS="793" VPOS="1148" WIDTH="22" HEIGHT="4" WC="0.92" CONTENT="—"/><SP WIDTH="19" VPOS="1148" HPOS="815"/>
							<String ID="string_168" HPOS="834" VPOS="1138" WIDTH="56" HEIGHT="20" WC="0.95" CONTENT="samt"/>
						</TextLine>
					</TextBlock>
				</ComposedBlock>
				<ComposedBlock ID="cblock_8" HPOS="297" VPOS="1198" WIDTH="169" HEIGHT="25">
					<TextBlock ID="block_10" HPOS="297" VPOS="1198" WIDTH="169" HEIGHT="25">
						<TextLine ID="line_27" HPOS="297" VPOS="1198" WIDTH="169" HEIGHT="25">
							<String ID="string_169" HPOS="297" VPOS="1198" WIDTH="169" HEIGHT="25" WC="0.91" CONTENT="Bondeståndet"/>
						</TextLine>
					</TextBlock>
				</ComposedBlock>
				<ComposedBlock ID="cblock_9" HPOS="361" VPOS="1246" WIDTH="610" HEIGHT="261">
					<TextBlock ID="block_11" HPOS="361" VPOS="1246" WIDTH="610" HEIGHT="261">
						<TextLine ID="line_28" HPOS="429" VPOS="1246" WIDTH="542" HEIGHT="25">
							<String ID="string_170" HPOS="429" VPOS="1246" WIDTH="35" HEIGHT="21" WC="0.96" CONTENT="för"/><SP WIDTH="21" VPOS="1246" HPOS="464"/>
							<String ID="string_171" HPOS="485" VPOS="1247" WIDTH="33" HEIGHT="21" WC="0.96" CONTENT="sin"/><SP WIDTH="22" VPOS="1247" HPOS="518"/>
							<String ID="string_172" HPOS="540" VPOS="1247" WIDTH="35" HEIGHT="20" WC="0.96" CONTENT="del"/><SP WIDTH="19" VPOS="1247" HPOS="575"/>
							<String ID="string_173" HPOS="594" VPOS="1247" WIDTH="100" HEIGHT="24" WC="0.95" CONTENT="bestämt,"/><SP WIDTH="15" VPOS="1247" HPOS="694"/>
							<String ID="string_174" HPOS="709" VPOS="1248" WIDTH="33" HEIGHT="18" WC="0.96" CONTENT="att"/><SP WIDTH="23" VPOS="1248" HPOS="742"/>
							<String ID="string_175" HPOS="765" VPOS="1246" WIDTH="89" HEIGHT="21" WC="0.96" CONTENT="hustrus"/><SP WIDTH="20" VPOS="1246" HPOS="854"/>
							<String ID="string_176" HPOS="874" VPOS="1248" WIDTH="45" HEIGHT="19" WC="0.96" CONTENT="rätt"/><SP WIDTH="18" VPOS="1248" HPOS="919"/>
							<String ID="string_177" HPOS="937" VPOS="1247" WIDTH="34" HEIGHT="20" WC="0.96" CONTENT="till"/>
						</TextLine>
						<TextLine ID="line_29" HPOS="361" VPOS="1279" WIDTH="610" HEIGHT="27">
							<String ID="string_178" HPOS="361" VPOS="1279" WIDTH="155" HEIGHT="27" WC="0.91" CONTENT="morgongåfva"/><SP WIDTH="24" VPOS="1279" HPOS="516"/>
							<String ID="string_179" HPOS="540" VPOS="1279" WIDTH="55" HEIGHT="21" WC="0.93" CONTENT="efter"/><SP WIDTH="15" VPOS="1279" HPOS="595"/>
							<String ID="string_180" HPOS="610" VPOS="1280" WIDTH="109" HEIGHT="20" WC="0.91" CONTENT="landsrätt"/><SP WIDTH="14" VPOS="1280" HPOS="719"/>
							<String ID="string_181" HPOS="733" VPOS="1279" WIDTH="71" HEIGHT="21" WC="0.96" CONTENT="skulle"/><SP WIDTH="14" VPOS="1279" HPOS="804"/>
							<String ID="string_182" HPOS="818" VPOS="1280" WIDTH="98" HEIGHT="26" WC="0.96" CONTENT="upphöra"/><SP WIDTH="15" VPOS="1280" HPOS="916"/>
							<String ID="string_183" HPOS="931" VPOS="1280" WIDTH="40" HEIGHT="20" WC="0.96" CONTENT="och"/>
						</TextLine>
						<TextLine ID="line_30" HPOS="363" VPOS="1313" WIDTH="608" HEIGHT="27">
							<String ID="string_184" HPOS="363" VPOS="1314" WIDTH="73" HEIGHT="21" WC="0.95" CONTENT="derom"/><SP WIDTH="15" VPOS="1314" HPOS="436"/>
							<String ID="string_185" HPOS="451" VPOS="1313" WIDTH="100" HEIGHT="27" WC="0.95" CONTENT="gällande"/><SP WIDTH="15" VPOS="1313" HPOS="551"/>
							<String ID="string_186" HPOS="566" VPOS="1313" WIDTH="134" HEIGHT="27" WC="0.96" CONTENT="stadganden"/><SP WIDTH="15" VPOS="1313" HPOS="700"/>
							<String ID="string_187" HPOS="715" VPOS="1314" WIDTH="8" HEIGHT="20" WC="0.96" CONTENT="i"/><SP WIDTH="8" VPOS="1314" HPOS="723"/>
							<String ID="string_188" HPOS="731" VPOS="1314" WIDTH="82" HEIGHT="21" WC="0.96" CONTENT="samma"/><SP WIDTH="8" VPOS="1314" HPOS="813"/>
							<String ID="string_189" HPOS="821" VPOS="1313" WIDTH="57" HEIGHT="27" WC="0.96" CONTENT="syfte"/><SP WIDTH="7" VPOS="1313" HPOS="878"/>
							<String ID="string_190" HPOS="885" VPOS="1314" WIDTH="86" HEIGHT="25" WC="0.96" CONTENT="ändras;"/>
						</TextLine>
						<TextLine ID="line_31" HPOS="363" VPOS="1347" WIDTH="608" HEIGHT="28">
							<String ID="string_191" HPOS="363" VPOS="1347" WIDTH="118" HEIGHT="27" WC="0.91" CONTENT="hvarjemte"/><SP WIDTH="22" VPOS="1347" HPOS="481"/>
							<String ID="string_192" HPOS="503" VPOS="1347" WIDTH="91" HEIGHT="22" WC="0.93" CONTENT="ärendet"/><SP WIDTH="20" VPOS="1347" HPOS="594"/>
							<String ID="string_193" HPOS="614" VPOS="1347" WIDTH="199" HEIGHT="22" WC="0.92" CONTENT="återremitterades"/><SP WIDTH="24" VPOS="1347" HPOS="813"/>
							<String ID="string_194" HPOS="837" VPOS="1347" WIDTH="34" HEIGHT="22" WC="0.93" CONTENT="till"/><SP WIDTH="19" VPOS="1347" HPOS="871"/>
							<String ID="string_195" HPOS="890" VPOS="1347" WIDTH="81" HEIGHT="28" WC="0.92" CONTENT="Lagut-"/>
						</TextLine>
						<TextLine ID="line_32" HPOS="363" VPOS="1382" WIDTH="608" HEIGHT="22">
							<String ID="string_196" HPOS="363" VPOS="1382" WIDTH="83" HEIGHT="22" WC="0.96" CONTENT="skottet"/><SP WIDTH="14" VPOS="1382" HPOS="446"/>
							<String ID="string_197" HPOS="460" VPOS="1382" WIDTH="7" HEIGHT="21" WC="0.96" CONTENT="i"/><SP WIDTH="15" VPOS="1382" HPOS="467"/>
							<String ID="string_198" HPOS="482" VPOS="1382" WIDTH="102" HEIGHT="22" WC="0.93" CONTENT="afseende"/><SP WIDTH="15" VPOS="1382" HPOS="584"/>
							<String ID="string_199" HPOS="599" VPOS="1382" WIDTH="13" HEIGHT="21" WC="0.91" CONTENT="å"/><SP WIDTH="14" VPOS="1382" HPOS="612"/>
							<String ID="string_200" HPOS="626" VPOS="1382" WIDTH="161" HEIGHT="22" WC="0.96" CONTENT="verkställande"/><SP WIDTH="23" VPOS="1382" HPOS="787"/>
							<String ID="string_201" HPOS="810" VPOS="1382" WIDTH="23" HEIGHT="22" WC="0.96" CONTENT="af"/><SP WIDTH="17" VPOS="1382" HPOS="833"/>
							<String ID="string_202" HPOS="850" VPOS="1382" WIDTH="27" HEIGHT="21" WC="0.91" CONTENT="de"/><SP WIDTH="16" VPOS="1382" HPOS="877"/>
							<String ID="string_203" HPOS="893" VPOS="1382" WIDTH="78" HEIGHT="21" WC="0.91" CONTENT="redak-"/>
						</TextLine>
						<TextLine ID="line_33" HPOS="362" VPOS="1416" WIDTH="609" HEIGHT="28">
							<String ID="string_204" HPOS="362" VPOS="1416" WIDTH="211" HEIGHT="27" WC="0.91" CONTENT="tionsförändringar"/><SP WIDTH="8" VPOS="1416" HPOS="573"/>
							<String ID="string_205" HPOS="581" VPOS="1416" WIDTH="138" HEIGHT="22" WC="0.96" CONTENT="beträffande"/><SP WIDTH="9" VPOS="1416" HPOS="719"/>
							<String ID="string_206" HPOS="728" VPOS="1417" WIDTH="146" HEIGHT="27" WC="0.93" CONTENT="inledningen,"/><SP WIDTH="11" VPOS="1417" HPOS="874"/>
							<String ID="string_207" HPOS="885" VPOS="1417" WIDTH="86" HEIGHT="22" WC="0.92" CONTENT="författ-"/>
						</TextLine>
						<TextLine ID="line_34" HPOS="363" VPOS="1451" WIDTH="607" HEIGHT="27">
							<String ID="string_208" HPOS="363" VPOS="1451" WIDTH="170" HEIGHT="27" WC="0.92" CONTENT="ningsförslaget"/><SP WIDTH="15" VPOS="1451" HPOS="533"/>
							<String ID="string_209" HPOS="548" VPOS="1451" WIDTH="39" HEIGHT="21" WC="0.96" CONTENT="och"/><SP WIDTH="15" VPOS="1451" HPOS="587"/>
							<String ID="string_210" HPOS="602" VPOS="1451" WIDTH="69" HEIGHT="27" WC="0.96" CONTENT="öfriga"/><SP WIDTH="16" VPOS="1451" HPOS="671"/>
							<String ID="string_211" HPOS="687" VPOS="1451" WIDTH="60" HEIGHT="22" WC="0.96" CONTENT="delar"/><SP WIDTH="8" VPOS="1451" HPOS="747"/>
							<String ID="string_212" HPOS="755" VPOS="1451" WIDTH="25" HEIGHT="22" WC="0.95" CONTENT="af"/><SP WIDTH="5" VPOS="1451" HPOS="780"/>
							<String ID="string_213" HPOS="785" VPOS="1451" WIDTH="108" HEIGHT="22" WC="0.95" CONTENT="allmänna"/><SP WIDTH="8" VPOS="1451" HPOS="893"/>
							<String ID="string_214" HPOS="901" VPOS="1451" WIDTH="69" HEIGHT="27" WC="0.96" CONTENT="lagen,"/>
						</TextLine>
						<TextLine ID="line_35" HPOS="363" VPOS="1485" WIDTH="517" HEIGHT="22">
							<String ID="string_215" HPOS="363" VPOS="1491" WIDTH="45" HEIGHT="15" WC="0.96" CONTENT="som"/><SP WIDTH="15" VPOS="1491" HPOS="408"/>
							<String ID="string_216" HPOS="423" VPOS="1485" WIDTH="24" HEIGHT="21" WC="0.93" CONTENT="af"/><SP WIDTH="13" VPOS="1485" HPOS="447"/>
							<String ID="string_217" HPOS="460" VPOS="1485" WIDTH="174" HEIGHT="22" WC="0.92" CONTENT="Bondeståndets"/><SP WIDTH="14" VPOS="1485" HPOS="634"/>
							<String ID="string_218" HPOS="648" VPOS="1485" WIDTH="74" HEIGHT="22" WC="0.96" CONTENT="beslut"/><SP WIDTH="14" VPOS="1485" HPOS="722"/>
							<String ID="string_219" HPOS="736" VPOS="1486" WIDTH="144" HEIGHT="21" WC="0.96" CONTENT="föranleddes."/>
						</TextLine>
					</TextBlock>
				</ComposedBlock>
				<ComposedBlock ID="cblock_10" HPOS="294" VPOS="1530" WIDTH="447" HEIGHT="23">
					<TextBlock ID="block_12" HPOS="294" VPOS="1530" WIDTH="447" HEIGHT="23">
						<TextLine ID="line_36" HPOS="294" VPOS="1530" WIDTH="447" HEIGHT="23">
							<String ID="string_220" HPOS="294" VPOS="1530" WIDTH="68" HEIGHT="23" WC="0.91" CONTENT="Bihang"/><SP WIDTH="12" VPOS="1530" HPOS="362"/>
							<String ID="string_221" HPOS="374" VPOS="1531" WIDTH="29" HEIGHT="16" WC="0.93" CONTENT="till"/><SP WIDTH="10" VPOS="1531" HPOS="403"/>
							<String ID="string_222" HPOS="413" VPOS="1531" WIDTH="128" HEIGHT="22" WC="0.86" CONTENT="Lagutskottets"/><SP WIDTH="13" VPOS="1531" HPOS="541"/>
							<String ID="string_223" HPOS="554" VPOS="1530" WIDTH="110" HEIGHT="18" WC="0.96" CONTENT="Betänkande"/><SP WIDTH="13" VPOS="1530" HPOS="664"/>
							<String ID="string_224" HPOS="677" VPOS="1530" WIDTH="34" HEIGHT="18" WC="0.96" CONTENT="N:o"/><SP WIDTH="13" VPOS="1530" HPOS="711"/>
							<String ID="string_225" HPOS="724" VPOS="1531" WIDTH="17" HEIGHT="17" WC="0.96" CONTENT="6."/>
						</TextLine>
					</TextBlock>
				</ComposedBlock>
			</PrintSpace>
		</Page>
	</Layout>
</alto>
