1059 1714
304 116 27 18 U.
347 117 28 18 B.
393 126 23 3 —
433 118 84 22 Prop.
532 116 48 21 N:o
594 119 36 17 25.
783 116 27 21 39

94 182 36 27 dig
154 188 84 21 person,
261 182 87 21 hvilken
370 182 48 22 ieke
440 189 38 15 ens
498 185 24 19 är
537 183 95 27 lagligen
647 184 100 27 ansvarig
762 184 34 21 för
811 184 27 22 de

93 216 145 22 förbindelser
246 216 44 21 han
304 217 8 20 i
326 216 40 21 ock
381 217 34 21 för
430 218 105 26 näringen
551 218 73 20 kunde
640 218 56 26 ingå.
714 230 23 3 —
754 219 32 20 De
802 224 36 16 an-

92 251 64 21 förda
178 250 75 22 skälen
269 251 45 20 tala
328 250 63 22 äfven
406 252 8 20 i
429 251 129 27 tillämpliga
574 252 59 21 delar
648 254 44 18 mot
708 252 41 21 den
764 252 74 21 ofvan-

92 284 96 22 nämnda
210 284 116 27 ändringar
348 285 7 20 i
377 291 62 15 mom.
462 286 19 20 3.
506 298 22 2 —
546 286 38 20 Ett
599 286 95 27 ,intyg*,
709 286 91 26 utgifvet
816 285 24 21 af

92 318 63 22 hvem
169 318 64 27 helst,
249 318 46 26 bör,
311 318 33 21 för
359 318 39 21 här
412 318 117 23 förutsatta
544 319 45 27 fall,
601 320 121 26 uppenbart
731 320 48 21 icke
786 326 53 14 vara

92 352 212 27 tillfyllestgörande.

162 386 97 26 Derföre,
285 386 28 21 dä
338 387 41 21 den
404 387 123 27 utredning,
552 393 46 15 som
614 387 140 26 yrkesidkare
769 387 69 26 enligt

93 427 63 15 mom.
172 422 13 19 3
200 421 39 21 bör
254 423 104 24 prestera,
374 421 48 21 icke
438 423 24 19 är
476 421 34 21 för
524 422 80 20 honom
619 422 27 26 pä
661 422 65 26 nägot
742 422 44 20 sätt
800 421 36 21 be-

92 455 122 26 tungande;
238 454 27 22 dä
288 455 42 21 den
351 455 102 27 pröfning
475 455 23 21 af
518 456 70 20 skedd
604 456 110 20 anmälans
730 455 107 27 giltighet,

92 496 52 20 som,
160 489 68 27 enligt
242 495 62 15 mom.
320 490 19 26 4,
355 491 23 19 är
394 489 162 22 vederbörande
569 484 110 37 myndighet
695 484 142 37 förbehällen,

92 524 40 21 och
148 530 45 15 som
208 523 74 22 består
296 524 57 21 blott
368 524 7 20 i
390 524 132 27 granskning
538 524 23 21 af
575 524 65 27 något
656 524 105 27 skriftligt
769 523 68 27 bevis,

93 564 63 21 synes
178 558 44 27 mig
244 558 124 27 nödvändig
388 558 39 21 och
442 558 48 21 med
506 559 39 20 full
560 558 103 27 trygghet
677 559 74 20 kunna
766 559 72 20 anför-

92 595 46 18 tros
154 592 22 21 åt
198 592 88 21 hvilken
301 592 130 27 tjensteman
448 598 45 15 som
509 592 58 21 helst
583 592 7 21 i
605 592 48 21 vårt
668 592 60 26 land;
744 591 40 22 och
802 591 34 27 då,

92 633 77 21 genom
184 627 138 21 uteslutande
338 627 23 20 af
374 633 26 15 en
417 627 66 20 sådan
499 627 129 26 föregående
644 627 106 26 pröfning,
767 626 70 27 tredje

92 667 60 16 mans
175 663 44 19 rätt
237 661 40 22 och
291 661 103 27 trygghet
418 661 43 21 kan
477 661 131 27 äfventyras,
628 661 33 21 får
674 661 37 26 jag
726 661 110 21 vördsamt

93 691 91 37 föreslå:
532 723 3 1 .

158 732 31 17 att
210 729 38 20 den
264 729 81 28 nädiga
358 730 167 27 propositionens
541 729 131 28 ordalydelse
687 730 9 19 i
710 737 28 12 nu
752 729 85 27 ifräga-

442 810 68 27 Aug.
526 811 98 20 Fredr.
640 810 128 22 Jansson.

159 860 10 21 I
184 860 58 21 Herr
256 861 105 21 Janssons
377 861 155 21 ofvanstäende
546 861 134 21 reservation
695 861 87 21 förenar
796 861 34 26 sig

476 907 104 27 Gustaf
592 907 176 27 Silfversvan.

159 969 51 21 Med
233 970 41 20 den
296 969 82 26 lydelse
397 969 107 21 utskottet
523 969 69 27 inlagt
606 970 33 20 uti
655 969 11 20 4
682 975 62 15 mom.
760 969 24 21 af
797 969 11 28 $
823 969 15 21 2

91 1003 71 21 skulle
185 1009 27 15 en
226 1009 85 21 person,
338 1009 45 15 som
398 1003 39 21 hos
453 1003 148 22 vederbörnde
616 1003 126 27 myndighet
757 1003 81 22 anmält

92 1037 33 27 sig
147 1037 34 21 till
199 1037 91 21 handels
306 1037 53 21 eller
374 1044 70 14 annan
459 1038 88 26 närings
562 1037 124 27 utöfvande,
702 1037 47 21 icke
765 1037 23 21 af
801 1038 37 21 be-

92 1072 56 21 viset
170 1072 100 21 deröfver
296 1071 81 21 erhålla
398 1072 130 27 upplysning
554 1072 106 21 huruvida
679 1072 43 20 han
737 1072 101 27 fullgjort

91 1106 58 21 hvad
167 1105 158 27 författningen
340 1106 34 21 för
390 1106 42 21 slik
448 1106 99 22 anmälan
561 1105 140 22 föreskrifvit.
730 1105 12 21 I
756 1111 82 15 samma

92 1140 97 22 ovisshet
212 1140 85 22 komme
322 1140 62 21 äfven
409 1140 78 21 allmän
510 1140 102 27 åklagare
635 1140 40 21 och
697 1140 93 21 domstol
804 1141 34 19 att

92 1177 78 19 stanna
192 1174 28 21 då
242 1174 48 21 dem
311 1174 123 21 företeddes
450 1175 77 21 sådant
542 1174 60 22 bevis
617 1174 8 21 i
640 1174 100 21 afseende
756 1174 12 20 å
784 1175 54 25 styr-

91 1208 72 22 kande
185 1208 24 20 af
224 1208 115 27 ifrågasatt
354 1208 139 26 näringsrätt.
523 1208 31 21 På
570 1208 70 26 grund
654 1207 64 21 häraf
731 1207 40 22 och
786 1209 52 19 enär

89 1242 39 27 jag
143 1242 121 22 emellertid
284 1243 8 20 i
306 1242 84 27 hänsyn
405 1242 34 21 till
455 1243 41 21 den
511 1243 34 20 för
560 1242 66 27 öfrigt
640 1242 120 21 frisinnade
775 1241 62 27 anda,

91 1275 90 23 hvilken
203 1276 117 27 genomgår
340 1276 170 27 propositionen,
524 1276 52 26 hyst
590 1276 150 26 betänklighet
754 1275 36 21 vid
806 1276 33 20 att

92 1310 8 21 i
115 1309 97 28 enlighet
231 1310 49 21 med
296 1310 123 22 densamma
434 1310 106 22 öfverlåta
555 1310 22 21 åt
592 1310 114 27 magistrat
721 1309 53 22 eller
788 1310 51 20 kro-

92 1344 94 26 nofogde
209 1345 33 19 att
263 1344 13 20 å
298 1344 99 20 anmälan
412 1344 24 20 af
449 1344 82 26 antydd
546 1345 35 19 art
595 1343 99 21 meddela
708 1343 62 21 bifall
786 1343 54 21 eller

92 1377 76 26 afslag,
191 1376 58 22 helst
272 1376 84 27 verklig
370 1378 174 20 besvärsinstans
560 1376 60 22 öfver
634 1376 145 27 kronofogdes
794 1376 45 21 till-

92 1410 96 28 görande
210 1411 18 27 ej
252 1410 150 27 förekommer,
417 1410 116 22 föranlåtes
546 1411 44 27 jag,
607 1416 45 16 som
666 1416 65 16 anser
745 1410 96 22 anmäla-

92 1451 39 16 ren
140 1444 51 29 sjelf
198 1445 49 22 med
262 1446 90 27 ledning
365 1446 23 21 af
395 1447 32 20 ett
441 1445 206 29 tillfyllestgörande
661 1445 61 27 intyg
737 1445 49 22 från
801 1445 38 22 nä-

161 1492 126 18 Sammansatta
299 1493 37 22 Lag
350 1493 29 16 och
391 1491 84 19 Ekonomi
487 1492 89 17 utskottets
589 1492 104 17 betänkande
704 1491 35 18 N:o
752 1491 19 18 3.
