1086 1720
340 148 27 19 U.
382 148 29 18 B.
430 158 22 4 —
470 150 81 22 Prop.
566 149 46 18 N:o
628 150 35 18 21.
828 146 13 21 7

126 214 73 22 kallad
224 214 53 27 gärd
301 214 23 21 af
341 214 100 27 billighet
463 215 40 21 och
523 216 91 20 rättvisa
628 217 33 19 att
677 215 43 21 låta
735 215 70 21 henne
820 215 49 21 ock-

125 249 24 21 så
163 249 22 21 få
214 248 154 27 tillgodonjuta
391 249 112 21 enahanda
527 248 99 27 giftorätt
650 248 40 22 och
712 248 89 22 arfsrätt
823 254 46 16 som

124 288 98 20 mannen,
248 282 18 27 ej
292 282 56 22 blott
368 282 56 21 efter
449 283 41 21 den
512 282 66 22 redan
600 282 190 27 sexhundraåriga,
819 289 49 15 men

124 316 57 22 blott
196 316 33 22 för
252 322 25 15 en
301 317 35 21 del
360 316 22 22 af
405 316 85 22 landets
507 316 91 27 gvinnor
613 316 100 28 gällande
729 317 139 26 stadsrätten,

125 353 53 19 utan
193 351 63 21 äfven
272 351 55 21 efter
342 357 26 15 en
383 350 33 22 för
431 352 49 20 hela
495 351 73 22 landet
584 357 121 21 gemensam
720 353 51 19 rätt.

196 385 69 27 Utgär
287 392 49 14 man
358 385 56 21 ifrän
429 386 153 26 erkännandet,
601 388 33 19 att
648 392 27 15 en
690 386 66 20 sädan
772 385 97 27 eftergift

124 421 22 20 ät
162 420 92 27 gvinnan
271 422 24 19 är
310 426 27 15 en
353 419 23 21 af
389 420 197 21 tidsmedvetandet
593 420 101 26 påkallad
710 420 54 26 gärd
779 419 22 21 af
815 422 53 18 rätt-

125 455 47 20 visa
193 454 33 21 för
249 453 81 22 hennes
355 453 48 27 kön,
420 453 23 22 sä
458 454 68 27 mäste
546 455 26 20 de
587 453 56 22 ifrän
658 454 58 21 vissa
731 453 80 22 sociala
826 453 43 22 för-

127 489 114 21 hällanden
267 489 33 26 sig
307 488 132 21 härledande
454 488 158 27 invändningar
626 490 57 19 emot
698 495 26 14 en
740 488 67 21 sädan
822 488 47 26 lag-

125 523 127 26 förändring
274 523 57 20 inför
354 523 117 21 detsamma
494 522 80 23 förlora
592 523 8 20 i
614 523 117 26 betydelse.
761 523 51 21 Man
828 523 40 21 har

124 557 88 27 pästätt,
236 557 40 21 och
298 556 63 21 äfven
383 556 58 22 inom
457 556 113 22 Utskottet
584 556 65 22 hafva
664 558 75 20 trenne
756 556 112 22 Utskotts-

124 592 119 21 ledamöter
263 591 23 21 af
298 590 163 22 Bondeständet
476 591 57 22 ifrän
548 590 104 22 Savolaks
668 592 40 20 och
722 592 95 21 Karelen
832 598 37 14 an-

122 627 78 25 märkt,
224 628 32 20 att
276 632 27 15 en
322 626 36 26 lag
373 632 34 15 om
422 626 45 20 lika
482 626 90 21 arfsrätt
586 626 34 20 för
634 632 49 15 man
698 626 40 20 och
754 626 80 26 gvinna
849 626 18 26 ej

125 668 52 15 vore
201 660 93 27 förenlig
316 660 49 22 med
390 660 37 21 det
448 660 83 22 mindre
552 660 140 28 jordbrukets
707 660 99 22 intresse.
835 660 33 21 De

123 696 65 21 hafva
213 696 54 26 sagt,
290 696 33 20 att
346 695 111 21 döttrarne
480 695 7 21 i
510 696 32 20 ett
565 695 48 21 hem
628 694 77 22 endast
720 694 7 21 i
741 695 63 27 ringa
818 695 50 20 män

124 732 92 26 bidraga
237 730 35 20 till
296 729 49 21 dess
369 728 111 22 förkofran
501 729 39 21 och
558 731 61 19 snart
634 728 76 28 skiljas
725 729 94 21 derifrän
835 729 34 21 för

125 767 34 20 att
180 764 68 22 blifva
266 764 129 21 husmödrar
410 763 8 21 i
433 769 54 20 egna
502 763 54 27 hem,
572 763 77 21 medan
665 765 91 19 sönerne
772 764 97 20 deremot

125 802 78 20 stanna
217 800 7 20 i
239 798 190 22 föräldrahemmet
445 798 46 26 och,
507 797 45 22 ofta
567 799 53 19 utan
635 797 70 27 nägon
720 798 95 27 egentlig
824 797 43 28 lön,

123 840 76 21 genom
214 834 72 25 träget
301 833 74 21 arbete
390 832 91 27 bidraga
497 832 18 27 ej
531 832 57 21 blott
603 832 34 21 till
646 832 48 21 dess
707 832 98 27 beständ,
814 833 53 20 utan

124 869 63 20 äfven
208 867 35 22 till
258 866 152 22 förbättrande
425 866 23 21 af
463 867 41 20 den
516 866 159 27 jordlägenhet,
691 872 45 15 som
752 866 27 21 de
794 865 74 22 kunna

121 903 82 26 hoppas
219 903 32 20 att
267 901 63 21 deras
345 902 70 20 större
431 901 86 20 arfslott
533 907 25 14 en
571 901 56 26 gäng
636 900 55 21 skall
700 902 53 25 göra
761 900 34 21 till
804 901 62 21 deras

124 943 60 20 egen,
208 937 55 20 samt
286 937 32 20 att
334 935 36 21 det
387 935 37 20 vid
439 935 77 21 sädant
531 935 136 21 förhällande
683 941 49 15 vore
748 935 48 21 icke
811 935 56 21 blott

119 971 71 26 härdt,
202 971 52 20 utan
276 969 107 26 orättvist,
400 970 33 20 att
457 969 62 22 desse
537 971 63 20 söner
618 969 70 21 skulle
702 969 37 21 vid
754 969 112 21 arfsskifte

121 1005 86 21 komma
222 1006 32 18 att
269 1003 83 22 erhälla
366 1003 57 21 blott
437 1003 46 21 lika
497 1003 42 21 lott
553 1003 49 21 med
618 1003 63 21 deras
697 1005 88 25 systrar.
815 1003 50 21 Man

120 1039 40 21 har
175 1038 63 21 äfven
254 1038 107 25 anmärkt,
377 1038 32 20 att
424 1044 27 14 en
465 1037 46 21 lika
525 1038 90 20 arfsrätt
626 1036 34 22 för
674 1044 49 14 man
738 1037 40 21 och
787 1038 80 26 gvinna

120 1072 70 22 skulle
205 1072 34 21 för
254 1072 42 21 den
308 1071 163 27 jordbrukande
486 1071 98 22 klassens
596 1073 49 19 män
654 1072 97 20 medföra
759 1078 26 14 en
795 1073 70 20 större

120 1106 164 27 skuldsättning
313 1106 8 20 i
350 1105 53 27 följd
429 1105 24 21 af
476 1106 41 20 den
543 1108 70 19 större
636 1105 61 22 lösen
713 1106 26 20 de
754 1106 112 27 nödgades

120 1141 88 26 erlägga
232 1140 34 21 för
284 1140 79 27 jorden
386 1140 23 20 ät
424 1140 47 20 sina
486 1140 115 26 samarfva,
618 1139 39 21 och
672 1142 33 19 att
720 1140 61 20 detta
795 1140 70 21 skulle

119 1176 50 20 leda
190 1174 35 22 till
245 1174 185 28 jordbrukarenes
453 1174 56 21 ruin.
546 1174 50 21 Men
611 1174 68 27 jemte
694 1174 37 21 det
746 1174 119 22 ledamöter

118 1209 57 21 ifrän
191 1204 141 26 Österbotten
347 1208 114 27 vitsordat,
477 1210 32 19 att
525 1208 94 27 gvinnan
634 1208 28 26 pä
677 1208 62 21 deras
755 1208 108 22 hemtrak-

118 1245 34 19 ter
173 1242 97 27 deltager
284 1242 8 21 i
304 1242 131 27 jordbruket
450 1242 49 21 med
513 1248 93 16 mannen
624 1242 40 22 och
678 1242 7 21 i
700 1242 51 26 lika,
767 1248 34 16 om
816 1242 47 21 icke

119 1279 69 19 större
211 1277 49 20 män
282 1278 30 19 än
334 1276 42 22 han
391 1277 88 20 arbetar
494 1277 33 21 för
542 1277 42 20 sitt
598 1276 61 21 hems
674 1276 117 27 förkofran,
809 1278 55 19 samt

118 1317 26 16 en
169 1311 198 21 Utskottsledamot
385 1311 24 20 af
425 1311 169 26 Bondeständet,
624 1316 46 16 som
684 1311 40 20 har
739 1310 39 22 sitt
793 1311 48 20 hem
856 1311 9 20 i

117 1346 73 19 vestra
209 1345 100 25 Finland,
324 1345 126 24 framhällit,
466 1346 32 19 att
514 1345 41 20 den
570 1345 45 19 lika
630 1344 117 21 arfsrätten
762 1351 51 14 vore
828 1345 35 20 för

118 1378 106 26 allmogen
247 1378 112 21 derstädes
375 1378 148 25 välkommen,
543 1378 41 21 har
598 1377 57 21 inom
670 1377 114 22 Utskottet
798 1377 63 21 äfven

118 1412 71 21 såsom
204 1412 93 21 motskä]
312 1411 35 22 till
358 1411 139 22 förenämnda
505 1411 169 27 anmärkningar
682 1411 76 22 blifvit
765 1411 98 22 anfördt
855 1407 12 36 :

116 1448 34 20 att
165 1447 105 26 gvinnans
286 1446 138 22 verksamhet
439 1446 34 21 för
489 1447 42 20 den
544 1446 48 21 inre
607 1445 168 28 hushållningen
791 1445 8 21 i
807 1445 58 22 hem-

115 1482 50 26 met,
181 1481 68 22 ehuru
264 1481 85 22 mindre
363 1481 169 26 framträdande,
546 1480 68 22 likväl
624 1480 63 22 äfven
696 1480 57 22 hade
761 1480 33 22 sin
803 1482 61 20 stora

184 1527 127 23 Lagutskoltets
323 1526 113 18 Betänkande
447 1526 36 18 N:o
495 1526 17 18 6.
