<?xml version="1.0" encoding="UTF-8"?>
<alto xmlns="http://www.loc.gov/standards/alto/ns-v3#" xmlns:xlink="http://www.w3.org/1999/xlink" xmlns:xsi="http://www.w3.org/2001/XMLSchema-instance" xsi:schemaLocation="http://www.loc.gov/standards/alto/ns-v3# http://www.loc.gov/alto/v3/alto-3-0.xsd">
	<Description>
		<MeasurementUnit>pixel</MeasurementUnit>
		<sourceImageInformation>
			<fileName>/tmp/tess_z7kfa2pv_input.PNG</fileName>
		</sourceImageInformation>
		<OCRProcessing ID="OCR_0">
			<ocrProcessingStep>
				<processingSoftware>
					<softwareName>tesseract 5.3.4</softwareName>
				</processingSoftware>
			</ocrProcessingStep>
		</OCRProcessing>
	</Description>
	<Layout>
		<Page WIDTH="1078" HEIGHT="1706" PHYSICAL_IMG_NR="0" ID="page_0">
			<PrintSpace HPOS="0" VPOS="0" WIDTH="1078" HEIGHT="1706">
				<ComposedBlock ID="cblock_0" HPOS="333" VPOS="131" WIDTH="511" HEIGHT="24">
					<TextBlock ID="block_0" HPOS="333" VPOS="131" WIDTH="511" HEIGHT="24">
						<TextLine ID="line_0" HPOS="333" VPOS="131" WIDTH="511" HEIGHT="24">
							<String ID="string_0" HPOS="333" VPOS="131" WIDTH="30" HEIGHT="21" WC="0.93" CONTENT="U."/><SP WIDTH="16" VPOS="131" HPOS="363"/>
							<String ID="string_1" HPOS="379" VPOS="131" WIDTH="32" HEIGHT="21" WC="0.88" CONTENT="B."/><SP WIDTH="18" VPOS="131" HPOS="411"/>
							<String ID="string_2" HPOS="429" VPOS="143" WIDTH="23" HEIGHT="3" WC="0.89" CONTENT="—"/><SP WIDTH="16" VPOS="143" HPOS="452"/>
							<String ID="string_3" HPOS="468" VPOS="132" WIDTH="84" HEIGHT="23" WC="0.95" CONTENT="Prop."/><SP WIDTH="15" VPOS="132" HPOS="552"/>
							<String ID="string_4" HPOS="567" VPOS="131" WIDTH="48" HEIGHT="21" WC="0.84" CONTENT="N:e"/><SP WIDTH="15" VPOS="131" HPOS="615"/>
							<String ID="string_5" HPOS="630" VPOS="132" WIDTH="46" HEIGHT="20" WC="0.96" CONTENT="32."/><SP WIDTH="154" VPOS="132" HPOS="676"/>
							<String ID="string_6" HPOS="830" VPOS="132" WIDTH="14" HEIGHT="21" WC="0.95" CONTENT="5"/>
						</TextLine>
					</TextBlock>
				</ComposedBlock>
				<ComposedBlock ID="cblock_1" HPOS="133" VPOS="195" WIDTH="745" HEIGHT="1310">
					<TextBlock ID="block_1" HPOS="133" VPOS="195" WIDTH="744" HEIGHT="739">
						<TextLine ID="line_1" HPOS="203" VPOS="195" WIDTH="669" HEIGHT="29">
							<String ID="string_7" HPOS="203" VPOS="195" WIDTH="95" HEIGHT="23" WC="0.92" CONTENT="Orsaken"/><SP WIDTH="21" VPOS="195" HPOS="298"/>
							<String ID="string_8" HPOS="319" VPOS="196" WIDTH="71" HEIGHT="22" WC="0.92" CONTENT="härtill"/><SP WIDTH="21" VPOS="196" HPOS="390"/>
							<String ID="string_9" HPOS="411" VPOS="196" WIDTH="109" HEIGHT="28" WC="0.92" CONTENT="uppgifves"/><SP WIDTH="15" VPOS="196" HPOS="520"/>
							<String ID="string_10" HPOS="535" VPOS="196" WIDTH="7" HEIGHT="20" WC="0.96" CONTENT="i"/><SP WIDTH="14" VPOS="196" HPOS="542"/>
							<String ID="string_11" HPOS="556" VPOS="196" WIDTH="41" HEIGHT="21" WC="0.92" CONTENT="den"/><SP WIDTH="20" VPOS="196" HPOS="597"/>
							<String ID="string_12" HPOS="617" VPOS="196" WIDTH="75" HEIGHT="28" WC="0.92" CONTENT="nädiga"/><SP WIDTH="21" VPOS="196" HPOS="692"/>
							<String ID="string_13" HPOS="713" VPOS="196" WIDTH="159" HEIGHT="28" WC="0.96" CONTENT="propositionen."/>
						</TextLine>
						<TextLine ID="line_2" HPOS="135" VPOS="230" WIDTH="738" HEIGHT="28">
							<String ID="string_14" HPOS="135" VPOS="230" WIDTH="44" HEIGHT="21" WC="0.95" CONTENT="Det"/><SP WIDTH="14" VPOS="230" HPOS="179"/>
							<String ID="string_15" HPOS="193" VPOS="238" WIDTH="37" HEIGHT="13" WC="0.96" CONTENT="var"/><SP WIDTH="13" VPOS="238" HPOS="230"/>
							<String ID="string_16" HPOS="243" VPOS="230" WIDTH="67" HEIGHT="21" WC="0.96" CONTENT="under"/><SP WIDTH="14" VPOS="230" HPOS="310"/>
							<String ID="string_17" HPOS="324" VPOS="230" WIDTH="107" HEIGHT="21" WC="0.96" CONTENT="uttalande"/><SP WIDTH="15" VPOS="230" HPOS="431"/>
							<String ID="string_18" HPOS="446" VPOS="230" WIDTH="22" HEIGHT="21" WC="0.96" CONTENT="af"/><SP WIDTH="13" VPOS="230" HPOS="468"/>
							<String ID="string_19" HPOS="481" VPOS="230" WIDTH="40" HEIGHT="21" WC="0.93" CONTENT="den"/><SP WIDTH="15" VPOS="230" HPOS="521"/>
							<String ID="string_20" HPOS="536" VPOS="230" WIDTH="152" HEIGHT="28" WC="0.89" CONTENT="öfvertygelsen"/><SP WIDTH="15" VPOS="230" HPOS="688"/>
							<String ID="string_21" HPOS="703" VPOS="232" WIDTH="31" HEIGHT="20" WC="0.96" CONTENT="att"/><SP WIDTH="10" VPOS="232" HPOS="734"/>
							<String ID="string_22" HPOS="744" VPOS="230" WIDTH="35" HEIGHT="22" WC="0.96" CONTENT="det"/><SP WIDTH="9" VPOS="230" HPOS="779"/>
							<String ID="string_23" HPOS="788" VPOS="230" WIDTH="32" HEIGHT="21" WC="0.93" CONTENT="för"/><SP WIDTH="10" VPOS="230" HPOS="820"/>
							<String ID="string_24" HPOS="830" VPOS="230" WIDTH="43" HEIGHT="21" WC="0.93" CONTENT="där-"/>
						</TextLine>
						<TextLine ID="line_3" HPOS="134" VPOS="262" WIDTH="743" HEIGHT="29">
							<String ID="string_25" HPOS="134" VPOS="263" WIDTH="87" HEIGHT="21" WC="0.92" CONTENT="värdens"/><SP WIDTH="16" VPOS="263" HPOS="221"/>
							<String ID="string_26" HPOS="237" VPOS="263" WIDTH="163" HEIGHT="28" WC="0.92" CONTENT="reorganisation"/><SP WIDTH="14" VPOS="263" HPOS="400"/>
							<String ID="string_27" HPOS="414" VPOS="263" WIDTH="129" HEIGHT="28" WC="0.91" CONTENT="lämpligaste"/><SP WIDTH="15" VPOS="263" HPOS="543"/>
							<String ID="string_28" HPOS="558" VPOS="265" WIDTH="78" HEIGHT="26" WC="0.92" CONTENT="system"/><SP WIDTH="14" VPOS="265" HPOS="636"/>
							<String ID="string_29" HPOS="650" VPOS="270" WIDTH="49" HEIGHT="14" WC="0.92" CONTENT="vore"/><SP WIDTH="14" VPOS="270" HPOS="699"/>
							<String ID="string_30" HPOS="713" VPOS="263" WIDTH="127" HEIGHT="21" WC="0.91" CONTENT="inrättandet"/><SP WIDTH="14" VPOS="263" HPOS="840"/>
							<String ID="string_31" HPOS="854" VPOS="262" WIDTH="23" HEIGHT="22" WC="0.97" CONTENT="af"/>
						</TextLine>
						<TextLine ID="line_4" HPOS="134" VPOS="296" WIDTH="741" HEIGHT="28">
							<String ID="string_32" HPOS="134" VPOS="296" WIDTH="69" HEIGHT="22" WC="0.91" CONTENT="lokala"/><SP WIDTH="21" VPOS="296" HPOS="203"/>
							<String ID="string_33" HPOS="224" VPOS="297" WIDTH="140" HEIGHT="21" WC="0.92" CONTENT="kuranstalter"/><SP WIDTH="21" VPOS="297" HPOS="364"/>
							<String ID="string_34" HPOS="385" VPOS="296" WIDTH="32" HEIGHT="22" WC="0.93" CONTENT="för"/><SP WIDTH="21" VPOS="296" HPOS="417"/>
							<String ID="string_35" HPOS="438" VPOS="297" WIDTH="64" HEIGHT="21" WC="0.90" CONTENT="akuta"/><SP WIDTH="22" VPOS="297" HPOS="502"/>
							<String ID="string_36" HPOS="524" VPOS="296" WIDTH="190" HEIGHT="28" WC="0.90" CONTENT="sinnessjukdomar"/><SP WIDTH="19" VPOS="296" HPOS="714"/>
							<String ID="string_37" HPOS="733" VPOS="298" WIDTH="53" HEIGHT="20" WC="0.93" CONTENT="samt"/><SP WIDTH="21" VPOS="298" HPOS="786"/>
							<String ID="string_38" HPOS="807" VPOS="296" WIDTH="68" HEIGHT="22" WC="0.91" CONTENT="skilda"/>
						</TextLine>
						<TextLine ID="line_5" HPOS="135" VPOS="329" WIDTH="740" HEIGHT="29">
							<String ID="string_39" HPOS="135" VPOS="330" WIDTH="150" HEIGHT="22" WC="0.93" CONTENT="värdanstalter"/><SP WIDTH="14" VPOS="330" HPOS="285"/>
							<String ID="string_40" HPOS="299" VPOS="331" WIDTH="51" HEIGHT="21" WC="0.93" CONTENT="eller"/><SP WIDTH="14" VPOS="331" HPOS="350"/>
							<String ID="string_41" HPOS="364" VPOS="331" WIDTH="68" HEIGHT="27" WC="0.92" CONTENT="asyler"/><SP WIDTH="14" VPOS="331" HPOS="432"/>
							<String ID="string_42" HPOS="446" VPOS="330" WIDTH="32" HEIGHT="21" WC="0.93" CONTENT="för"/><SP WIDTH="17" VPOS="330" HPOS="478"/>
							<String ID="string_43" HPOS="495" VPOS="330" WIDTH="89" HEIGHT="27" WC="0.93" CONTENT="obotliga"/><SP WIDTH="18" VPOS="330" HPOS="584"/>
							<String ID="string_44" HPOS="602" VPOS="329" WIDTH="65" HEIGHT="26" WC="0.92" CONTENT="därar,"/><SP WIDTH="20" VPOS="329" HPOS="667"/>
							<String ID="string_45" HPOS="687" VPOS="337" WIDTH="45" HEIGHT="14" WC="0.96" CONTENT="som"/><SP WIDTH="17" VPOS="337" HPOS="732"/>
							<String ID="string_46" HPOS="749" VPOS="332" WIDTH="69" HEIGHT="19" WC="0.93" CONTENT="senast"/><SP WIDTH="18" VPOS="332" HPOS="818"/>
							<String ID="string_47" HPOS="836" VPOS="329" WIDTH="39" HEIGHT="22" WC="0.92" CONTENT="för-"/>
						</TextLine>
						<TextLine ID="line_6" HPOS="134" VPOS="362" WIDTH="741" HEIGHT="30">
							<String ID="string_48" HPOS="134" VPOS="364" WIDTH="91" HEIGHT="21" WC="0.92" CONTENT="samlade"/><SP WIDTH="16" VPOS="364" HPOS="225"/>
							<String ID="string_49" HPOS="241" VPOS="364" WIDTH="89" HEIGHT="22" WC="0.93" CONTENT="Ständer"/><SP WIDTH="13" VPOS="364" HPOS="330"/>
							<String ID="string_50" HPOS="343" VPOS="363" WIDTH="103" HEIGHT="29" WC="0.93" CONTENT="beviljade"/><SP WIDTH="15" VPOS="363" HPOS="446"/>
							<String ID="string_51" HPOS="461" VPOS="363" WIDTH="134" HEIGHT="22" WC="0.92" CONTENT="förenämnde"/><SP WIDTH="11" VPOS="363" HPOS="595"/>
							<String ID="string_52" HPOS="606" VPOS="371" WIDTH="86" HEIGHT="17" WC="0.93" CONTENT="summa,"/><SP WIDTH="18" VPOS="371" HPOS="692"/>
							<String ID="string_53" HPOS="710" VPOS="362" WIDTH="90" HEIGHT="27" WC="0.85" CONTENT="&lt;hvaraf,"/><SP WIDTH="12" VPOS="362" HPOS="800"/>
							<String ID="string_54" HPOS="812" VPOS="363" WIDTH="63" HEIGHT="21" WC="0.97" CONTENT="sedan"/>
						</TextLine>
						<TextLine ID="line_7" HPOS="134" VPOS="396" WIDTH="741" HEIGHT="29">
							<String ID="string_55" HPOS="134" VPOS="406" WIDTH="26" HEIGHT="12" WC="0.96" CONTENT="en"/><SP WIDTH="15" VPOS="406" HPOS="160"/>
							<String ID="string_56" HPOS="175" VPOS="397" WIDTH="26" HEIGHT="28" WC="0.93" CONTENT="pä"/><SP WIDTH="14" VPOS="397" HPOS="201"/>
							<String ID="string_57" HPOS="215" VPOS="398" WIDTH="62" HEIGHT="27" WC="0.93" CONTENT="sagde"/><SP WIDTH="14" VPOS="398" HPOS="277"/>
							<String ID="string_58" HPOS="291" VPOS="400" WIDTH="78" HEIGHT="25" WC="0.96" CONTENT="system"/><SP WIDTH="14" VPOS="400" HPOS="369"/>
							<String ID="string_59" HPOS="383" VPOS="397" WIDTH="94" HEIGHT="28" WC="0.93" CONTENT="grundad"/><SP WIDTH="15" VPOS="397" HPOS="477"/>
							<String ID="string_60" HPOS="492" VPOS="396" WIDTH="113" HEIGHT="29" WC="0.92" CONTENT="detaljerad"/><SP WIDTH="14" VPOS="396" HPOS="605"/>
							<String ID="string_61" HPOS="619" VPOS="397" WIDTH="49" HEIGHT="28" WC="0.93" CONTENT="plan"/><SP WIDTH="14" VPOS="397" HPOS="668"/>
							<String ID="string_62" HPOS="682" VPOS="396" WIDTH="69" HEIGHT="22" WC="0.91" CONTENT="blifvit"/><SP WIDTH="13" VPOS="396" HPOS="751"/>
							<String ID="string_63" HPOS="764" VPOS="396" WIDTH="24" HEIGHT="22" WC="0.96" CONTENT="af"/><SP WIDTH="12" VPOS="396" HPOS="788"/>
							<String ID="string_64" HPOS="800" VPOS="404" WIDTH="26" HEIGHT="14" WC="0.93" CONTENT="en"/><SP WIDTH="14" VPOS="404" HPOS="826"/>
							<String ID="string_65" HPOS="840" VPOS="397" WIDTH="35" HEIGHT="21" WC="0.92" CONTENT="ko-"/>
						</TextLine>
						<TextLine ID="line_8" HPOS="135" VPOS="430" WIDTH="739" HEIGHT="29">
							<String ID="string_66" HPOS="135" VPOS="431" WIDTH="49" HEIGHT="22" WC="0.83" CONTENT="mit6"/><SP WIDTH="22" VPOS="431" HPOS="184"/>
							<String ID="string_67" HPOS="206" VPOS="431" WIDTH="107" HEIGHT="28" WC="0.96" CONTENT="uppgjord,"/><SP WIDTH="16" VPOS="431" HPOS="313"/>
							<String ID="string_68" HPOS="329" VPOS="439" WIDTH="26" HEIGHT="13" WC="0.96" CONTENT="en"/><SP WIDTH="15" VPOS="439" HPOS="355"/>
							<String ID="string_69" HPOS="370" VPOS="431" WIDTH="33" HEIGHT="21" WC="0.96" CONTENT="del"/><SP WIDTH="22" VPOS="431" HPOS="403"/>
							<String ID="string_70" HPOS="425" VPOS="431" WIDTH="63" HEIGHT="21" WC="0.89" CONTENT="borde"/><SP WIDTH="19" VPOS="431" HPOS="488"/>
							<String ID="string_71" HPOS="507" VPOS="430" WIDTH="104" HEIGHT="22" WC="0.96" CONTENT="användas"/><SP WIDTH="19" VPOS="430" HPOS="611"/>
							<String ID="string_72" HPOS="630" VPOS="430" WIDTH="32" HEIGHT="21" WC="0.93" CONTENT="för"/><SP WIDTH="17" VPOS="430" HPOS="662"/>
							<String ID="string_73" HPOS="679" VPOS="430" WIDTH="117" HEIGHT="22" WC="0.92" CONTENT="inrättande"/><SP WIDTH="20" VPOS="430" HPOS="796"/>
							<String ID="string_74" HPOS="816" VPOS="430" WIDTH="58" HEIGHT="21" WC="0.92" CONTENT="efter-"/>
						</TextLine>
						<TextLine ID="line_9" HPOS="134" VPOS="463" WIDTH="741" HEIGHT="29">
							<String ID="string_75" HPOS="134" VPOS="465" WIDTH="56" HEIGHT="20" WC="0.95" CONTENT="hand"/><SP WIDTH="21" VPOS="465" HPOS="190"/>
							<String ID="string_76" HPOS="211" VPOS="464" WIDTH="23" HEIGHT="22" WC="0.93" CONTENT="af"/><SP WIDTH="11" VPOS="464" HPOS="234"/>
							<String ID="string_77" HPOS="245" VPOS="465" WIDTH="140" HEIGHT="22" WC="0.91" CONTENT="kuranstalter"/><SP WIDTH="16" VPOS="465" HPOS="385"/>
							<String ID="string_78" HPOS="401" VPOS="464" WIDTH="36" HEIGHT="22" WC="0.93" CONTENT="vid"/><SP WIDTH="21" VPOS="464" HPOS="437"/>
							<String ID="string_79" HPOS="458" VPOS="464" WIDTH="163" HEIGHT="28" WC="0.92" CONTENT="länesjukhusen"/><SP WIDTH="21" VPOS="464" HPOS="621"/>
							<String ID="string_80" HPOS="642" VPOS="463" WIDTH="180" HEIGHT="29" WC="0.91" CONTENT="hufvudsakligast"/><SP WIDTH="22" VPOS="463" HPOS="822"/>
							<String ID="string_81" HPOS="844" VPOS="463" WIDTH="31" HEIGHT="22" WC="0.96" CONTENT="för"/>
						</TextLine>
						<TextLine ID="line_10" HPOS="134" VPOS="498" WIDTH="741" HEIGHT="29">
							<String ID="string_82" HPOS="134" VPOS="499" WIDTH="78" HEIGHT="21" WC="0.96" CONTENT="vården"/><SP WIDTH="14" VPOS="499" HPOS="212"/>
							<String ID="string_83" HPOS="226" VPOS="499" WIDTH="23" HEIGHT="21" WC="0.93" CONTENT="af"/><SP WIDTH="12" VPOS="499" HPOS="249"/>
							<String ID="string_84" HPOS="261" VPOS="499" WIDTH="64" HEIGHT="22" WC="0.96" CONTENT="akuta"/><SP WIDTH="14" VPOS="499" HPOS="325"/>
							<String ID="string_85" HPOS="339" VPOS="499" WIDTH="42" HEIGHT="26" WC="0.96" CONTENT="fall,"/><SP WIDTH="16" VPOS="499" HPOS="381"/>
							<String ID="string_86" HPOS="397" VPOS="499" WIDTH="38" HEIGHT="21" WC="0.96" CONTENT="och"/><SP WIDTH="11" VPOS="499" HPOS="435"/>
							<String ID="string_87" HPOS="446" VPOS="499" WIDTH="40" HEIGHT="21" WC="0.93" CONTENT="den"/><SP WIDTH="10" VPOS="499" HPOS="486"/>
							<String ID="string_88" HPOS="496" VPOS="498" WIDTH="129" HEIGHT="22" WC="0.96" CONTENT="återstående"/><SP WIDTH="11" VPOS="498" HPOS="625"/>
							<String ID="string_89" HPOS="636" VPOS="498" WIDTH="60" HEIGHT="21" WC="0.96" CONTENT="delen"/><SP WIDTH="10" VPOS="498" HPOS="696"/>
							<String ID="string_90" HPOS="706" VPOS="499" WIDTH="68" HEIGHT="21" WC="0.96" CONTENT="anslås"/><SP WIDTH="9" VPOS="499" HPOS="774"/>
							<String ID="string_91" HPOS="783" VPOS="498" WIDTH="33" HEIGHT="22" WC="0.92" CONTENT="till"/><SP WIDTH="9" VPOS="498" HPOS="816"/>
							<String ID="string_92" HPOS="825" VPOS="507" WIDTH="50" HEIGHT="20" WC="0.92" CONTENT="upp-"/>
						</TextLine>
						<TextLine ID="line_11" HPOS="135" VPOS="532" WIDTH="740" HEIGHT="28">
							<String ID="string_93" HPOS="135" VPOS="533" WIDTH="84" HEIGHT="21" WC="0.96" CONTENT="förande"/><SP WIDTH="15" VPOS="533" HPOS="219"/>
							<String ID="string_94" HPOS="234" VPOS="533" WIDTH="23" HEIGHT="21" WC="0.96" CONTENT="af"/><SP WIDTH="13" VPOS="533" HPOS="257"/>
							<String ID="string_95" HPOS="270" VPOS="541" WIDTH="26" HEIGHT="13" WC="0.96" CONTENT="en"/><SP WIDTH="15" VPOS="541" HPOS="296"/>
							<String ID="string_96" HPOS="311" VPOS="533" WIDTH="50" HEIGHT="21" WC="0.96" CONTENT="eller"/><SP WIDTH="14" VPOS="533" HPOS="361"/>
							<String ID="string_97" HPOS="375" VPOS="533" WIDTH="50" HEIGHT="21" WC="0.93" CONTENT="flera"/><SP WIDTH="22" VPOS="533" HPOS="425"/>
							<String ID="string_98" HPOS="447" VPOS="532" WIDTH="151" HEIGHT="22" WC="0.91" CONTENT="värdanstalter"/><SP WIDTH="19" VPOS="532" HPOS="598"/>
							<String ID="string_99" HPOS="617" VPOS="532" WIDTH="50" HEIGHT="21" WC="0.93" CONTENT="eller"/><SP WIDTH="14" VPOS="532" HPOS="667"/>
							<String ID="string_100" HPOS="681" VPOS="533" WIDTH="68" HEIGHT="27" WC="0.93" CONTENT="asyler"/><SP WIDTH="14" VPOS="533" HPOS="749"/>
							<String ID="string_101" HPOS="763" VPOS="532" WIDTH="32" HEIGHT="21" WC="0.93" CONTENT="för"/><SP WIDTH="14" VPOS="532" HPOS="795"/>
							<String ID="string_102" HPOS="809" VPOS="539" WIDTH="66" HEIGHT="21" WC="0.93" CONTENT="perso-"/>
						</TextLine>
						<TextLine ID="line_12" HPOS="135" VPOS="565" WIDTH="739" HEIGHT="29">
							<String ID="string_103" HPOS="135" VPOS="575" WIDTH="42" HEIGHT="18" WC="0.96" CONTENT="ner,"/><SP WIDTH="16" VPOS="575" HPOS="177"/>
							<String ID="string_104" HPOS="193" VPOS="567" WIDTH="109" HEIGHT="22" WC="0.96" CONTENT="behäftade"/><SP WIDTH="15" VPOS="567" HPOS="302"/>
							<String ID="string_105" HPOS="317" VPOS="567" WIDTH="48" HEIGHT="21" WC="0.93" CONTENT="med"/><SP WIDTH="14" VPOS="567" HPOS="365"/>
							<String ID="string_106" HPOS="379" VPOS="566" WIDTH="86" HEIGHT="22" WC="0.96" CONTENT="kronisk"/><SP WIDTH="17" VPOS="566" HPOS="465"/>
							<String ID="string_107" HPOS="482" VPOS="565" WIDTH="186" HEIGHT="29" WC="0.75" CONTENT="sinnessjukdom»."/><SP WIDTH="29" VPOS="565" HPOS="668"/>
							<String ID="string_108" HPOS="697" VPOS="566" WIDTH="51" HEIGHT="21" WC="0.96" CONTENT="Men"/><SP WIDTH="15" VPOS="566" HPOS="748"/>
							<String ID="string_109" HPOS="763" VPOS="566" WIDTH="40" HEIGHT="21" WC="0.96" CONTENT="den"/><SP WIDTH="17" VPOS="566" HPOS="803"/>
							<String ID="string_110" HPOS="820" VPOS="566" WIDTH="54" HEIGHT="28" WC="0.96" CONTENT="plan,"/>
						</TextLine>
						<TextLine ID="line_13" HPOS="136" VPOS="599" WIDTH="739" HEIGHT="30">
							<String ID="string_111" HPOS="136" VPOS="601" WIDTH="92" HEIGHT="21" WC="0.92" CONTENT="komiten"/><SP WIDTH="15" VPOS="601" HPOS="228"/>
							<String ID="string_112" HPOS="243" VPOS="601" WIDTH="120" HEIGHT="28" WC="0.92" CONTENT="uppgjorde,"/><SP WIDTH="17" VPOS="601" HPOS="363"/>
							<String ID="string_113" HPOS="380" VPOS="600" WIDTH="86" HEIGHT="22" WC="0.90" CONTENT="befanns"/><SP WIDTH="18" VPOS="600" HPOS="466"/>
							<String ID="string_114" HPOS="484" VPOS="600" WIDTH="47" HEIGHT="21" WC="0.92" CONTENT="icke"/><SP WIDTH="17" VPOS="600" HPOS="531"/>
							<String ID="string_115" HPOS="548" VPOS="607" WIDTH="50" HEIGHT="14" WC="0.97" CONTENT="vara"/><SP WIDTH="13" VPOS="607" HPOS="598"/>
							<String ID="string_116" HPOS="611" VPOS="599" WIDTH="94" HEIGHT="28" WC="0.96" CONTENT="grundad"/><SP WIDTH="13" VPOS="599" HPOS="705"/>
							<String ID="string_117" HPOS="718" VPOS="599" WIDTH="28" HEIGHT="28" WC="0.97" CONTENT="pä"/><SP WIDTH="14" VPOS="599" HPOS="746"/>
							<String ID="string_118" HPOS="760" VPOS="600" WIDTH="57" HEIGHT="21" WC="0.93" CONTENT="detta"/><SP WIDTH="14" VPOS="600" HPOS="817"/>
							<String ID="string_119" HPOS="831" VPOS="607" WIDTH="44" HEIGHT="21" WC="0.93" CONTENT="pro-"/>
						</TextLine>
						<TextLine ID="line_14" HPOS="134" VPOS="633" WIDTH="741" HEIGHT="30">
							<String ID="string_120" HPOS="134" VPOS="642" WIDTH="64" HEIGHT="21" WC="0.91" CONTENT="gram,"/><SP WIDTH="16" VPOS="642" HPOS="198"/>
							<String ID="string_121" HPOS="214" VPOS="634" WIDTH="40" HEIGHT="21" WC="0.93" CONTENT="den"/><SP WIDTH="15" VPOS="634" HPOS="254"/>
							<String ID="string_122" HPOS="269" VPOS="635" WIDTH="62" HEIGHT="21" WC="0.92" CONTENT="afvek"/><SP WIDTH="15" VPOS="635" HPOS="331"/>
							<String ID="string_123" HPOS="346" VPOS="634" WIDTH="23" HEIGHT="22" WC="0.96" CONTENT="sä"/><SP WIDTH="14" VPOS="634" HPOS="369"/>
							<String ID="string_124" HPOS="383" VPOS="635" WIDTH="32" HEIGHT="21" WC="0.96" CONTENT="till"/><SP WIDTH="15" VPOS="635" HPOS="415"/>
							<String ID="string_125" HPOS="430" VPOS="634" WIDTH="48" HEIGHT="21" WC="0.93" CONTENT="vida"/><SP WIDTH="16" VPOS="634" HPOS="478"/>
							<String ID="string_126" HPOS="494" VPOS="633" WIDTH="96" HEIGHT="26" WC="0.92" CONTENT="derifrän,"/><SP WIDTH="16" VPOS="633" HPOS="590"/>
							<String ID="string_127" HPOS="606" VPOS="635" WIDTH="31" HEIGHT="20" WC="0.93" CONTENT="att"/><SP WIDTH="9" VPOS="635" HPOS="637"/>
							<String ID="string_128" HPOS="646" VPOS="633" WIDTH="62" HEIGHT="21" WC="0.93" CONTENT="ofvan"/><SP WIDTH="10" VPOS="633" HPOS="708"/>
							<String ID="string_129" HPOS="718" VPOS="633" WIDTH="116" HEIGHT="22" WC="0.90" CONTENT="refererade"/><SP WIDTH="10" VPOS="633" HPOS="834"/>
							<String ID="string_130" HPOS="844" VPOS="641" WIDTH="31" HEIGHT="20" WC="0.93" CONTENT="sy-"/>
						</TextLine>
						<TextLine ID="line_15" HPOS="135" VPOS="667" WIDTH="740" HEIGHT="26">
							<String ID="string_131" HPOS="135" VPOS="670" WIDTH="59" HEIGHT="23" WC="0.96" CONTENT="stem,"/><SP WIDTH="19" VPOS="670" HPOS="194"/>
							<String ID="string_132" HPOS="213" VPOS="668" WIDTH="59" HEIGHT="21" WC="0.94" CONTENT="«med"/><SP WIDTH="21" VPOS="668" HPOS="272"/>
							<String ID="string_133" HPOS="293" VPOS="668" WIDTH="147" HEIGHT="22" WC="0.93" CONTENT="kombinerade"/><SP WIDTH="22" VPOS="668" HPOS="440"/>
							<String ID="string_134" HPOS="462" VPOS="668" WIDTH="47" HEIGHT="21" WC="0.92" CONTENT="kur-"/><SP WIDTH="17" VPOS="668" HPOS="509"/>
							<String ID="string_135" HPOS="526" VPOS="668" WIDTH="39" HEIGHT="21" WC="0.93" CONTENT="och"/><SP WIDTH="21" VPOS="668" HPOS="565"/>
							<String ID="string_136" HPOS="586" VPOS="667" WIDTH="156" HEIGHT="26" WC="0.92" CONTENT="värdanstalter,"/><SP WIDTH="15" VPOS="667" HPOS="742"/>
							<String ID="string_137" HPOS="757" VPOS="667" WIDTH="32" HEIGHT="22" WC="0.96" CONTENT="uti"/><SP WIDTH="14" VPOS="667" HPOS="789"/>
							<String ID="string_138" HPOS="803" VPOS="667" WIDTH="72" HEIGHT="21" WC="0.96" CONTENT="hvilka"/>
						</TextLine>
						<TextLine ID="line_16" HPOS="135" VPOS="701" WIDTH="740" HEIGHT="29">
							<String ID="string_139" HPOS="135" VPOS="702" WIDTH="90" HEIGHT="28" WC="0.92" CONTENT="obotliga"/><SP WIDTH="14" VPOS="702" HPOS="225"/>
							<String ID="string_140" HPOS="239" VPOS="701" WIDTH="60" HEIGHT="22" WC="0.91" CONTENT="därar"/><SP WIDTH="14" VPOS="701" HPOS="299"/>
							<String ID="string_141" HPOS="313" VPOS="702" WIDTH="83" HEIGHT="21" WC="0.92" CONTENT="komme"/><SP WIDTH="15" VPOS="702" HPOS="396"/>
							<String ID="string_142" HPOS="411" VPOS="704" WIDTH="30" HEIGHT="20" WC="0.93" CONTENT="att"/><SP WIDTH="15" VPOS="704" HPOS="441"/>
							<String ID="string_143" HPOS="456" VPOS="702" WIDTH="74" HEIGHT="22" WC="0.93" CONTENT="värdas"/><SP WIDTH="14" VPOS="702" HPOS="530"/>
							<String ID="string_144" HPOS="544" VPOS="701" WIDTH="137" HEIGHT="22" WC="0.96" CONTENT="tillsammans"/><SP WIDTH="14" VPOS="701" HPOS="681"/>
							<String ID="string_145" HPOS="695" VPOS="701" WIDTH="49" HEIGHT="21" WC="0.96" CONTENT="med"/><SP WIDTH="14" VPOS="701" HPOS="744"/>
							<String ID="string_146" HPOS="758" VPOS="701" WIDTH="63" HEIGHT="21" WC="0.93" CONTENT="andre"/><SP WIDTH="15" VPOS="701" HPOS="821"/>
							<String ID="string_147" HPOS="836" VPOS="701" WIDTH="39" HEIGHT="21" WC="0.93" CONTENT="sin-"/>
						</TextLine>
						<TextLine ID="line_17" HPOS="135" VPOS="735" WIDTH="741" HEIGHT="29">
							<String ID="string_148" HPOS="135" VPOS="735" WIDTH="98" HEIGHT="29" WC="0.92" CONTENT="nessjuka"/><SP WIDTH="14" VPOS="735" HPOS="233"/>
							<String ID="string_149" HPOS="247" VPOS="736" WIDTH="38" HEIGHT="21" WC="0.96" CONTENT="och"/><SP WIDTH="15" VPOS="736" HPOS="285"/>
							<String ID="string_150" HPOS="300" VPOS="736" WIDTH="65" HEIGHT="22" WC="0.93" CONTENT="delvis"/><SP WIDTH="14" VPOS="736" HPOS="365"/>
							<String ID="string_151" HPOS="379" VPOS="736" WIDTH="66" HEIGHT="21" WC="0.96" CONTENT="hållas"/><SP WIDTH="15" VPOS="736" HPOS="445"/>
							<String ID="string_152" HPOS="460" VPOS="736" WIDTH="8" HEIGHT="21" WC="0.93" CONTENT="i"/><SP WIDTH="14" VPOS="736" HPOS="468"/>
							<String ID="string_153" HPOS="482" VPOS="735" WIDTH="155" HEIGHT="29" WC="0.92" CONTENT="gemensamhet"/><SP WIDTH="19" VPOS="735" HPOS="637"/>
							<String ID="string_154" HPOS="656" VPOS="735" WIDTH="48" HEIGHT="21" WC="0.96" CONTENT="med"/><SP WIDTH="19" VPOS="735" HPOS="704"/>
							<String ID="string_155" HPOS="723" VPOS="735" WIDTH="67" HEIGHT="26" WC="0.0" CONTENT="dem,"/><SP WIDTH="16" VPOS="735" HPOS="790"/>
							<String ID="string_156" HPOS="806" VPOS="735" WIDTH="70" HEIGHT="22" WC="0.96" CONTENT="blifvit"/>
						</TextLine>
						<TextLine ID="line_18" HPOS="135" VPOS="769" WIDTH="741" HEIGHT="29">
							<String ID="string_157" HPOS="131" VPOS="765" WIDTH="26" HEIGHT="38" WC="0.93" CONTENT="af"/><SP WIDTH="10" VPOS="765" HPOS="157"/>
							<String ID="string_158" HPOS="167" VPOS="770" WIDTH="95" HEIGHT="22" WC="0.87" CONTENT="komiten"/><SP WIDTH="21" VPOS="770" HPOS="262"/>
							<String ID="string_159" HPOS="283" VPOS="770" WIDTH="107" HEIGHT="28" WC="0.91" CONTENT="tillstyrkt."/><SP WIDTH="30" VPOS="770" HPOS="390"/>
							<String ID="string_160" HPOS="420" VPOS="770" WIDTH="61" HEIGHT="21" WC="0.93" CONTENT="Hans"/><SP WIDTH="15" VPOS="770" HPOS="481"/>
							<String ID="string_161" HPOS="496" VPOS="769" WIDTH="119" HEIGHT="29" WC="0.91" CONTENT="Kejserliga"/><SP WIDTH="14" VPOS="769" HPOS="615"/>
							<String ID="string_162" HPOS="629" VPOS="769" WIDTH="97" HEIGHT="28" WC="0.91" CONTENT="Majestät"/><SP WIDTH="22" VPOS="769" HPOS="726"/>
							<String ID="string_163" HPOS="748" VPOS="769" WIDTH="38" HEIGHT="21" WC="0.93" CONTENT="har"/><SP WIDTH="20" VPOS="769" HPOS="786"/>
							<String ID="string_164" HPOS="806" VPOS="769" WIDTH="70" HEIGHT="22" WC="0.92" CONTENT="funnit"/>
						</TextLine>
						<TextLine ID="line_19" HPOS="135" VPOS="803" WIDTH="740" HEIGHT="29">
							<String ID="string_165" HPOS="135" VPOS="805" WIDTH="25" HEIGHT="20" WC="0.96" CONTENT="de"/><SP WIDTH="15" VPOS="805" HPOS="160"/>
							<String ID="string_166" HPOS="175" VPOS="804" WIDTH="21" HEIGHT="21" WC="0.93" CONTENT="af"/><SP WIDTH="14" VPOS="804" HPOS="196"/>
							<String ID="string_167" HPOS="210" VPOS="804" WIDTH="117" HEIGHT="22" WC="0.92" CONTENT="Ständerna"/><SP WIDTH="9" VPOS="804" HPOS="327"/>
							<String ID="string_168" HPOS="336" VPOS="803" WIDTH="102" HEIGHT="29" WC="0.93" CONTENT="beviljade"/><SP WIDTH="9" VPOS="803" HPOS="438"/>
							<String ID="string_169" HPOS="447" VPOS="805" WIDTH="93" HEIGHT="24" WC="0.92" CONTENT="400,000"/><SP WIDTH="9" VPOS="805" HPOS="540"/>
							<String ID="string_170" HPOS="549" VPOS="803" WIDTH="59" HEIGHT="22" WC="0.93" CONTENT="mark"/><SP WIDTH="18" VPOS="803" HPOS="608"/>
							<String ID="string_171" HPOS="626" VPOS="803" WIDTH="58" HEIGHT="21" WC="0.96" CONTENT="«icke"/><SP WIDTH="10" VPOS="803" HPOS="684"/>
							<String ID="string_172" HPOS="694" VPOS="803" WIDTH="50" HEIGHT="21" WC="0.96" CONTENT="böra"/><SP WIDTH="10" VPOS="803" HPOS="744"/>
							<String ID="string_173" HPOS="754" VPOS="805" WIDTH="51" HEIGHT="20" WC="0.93" CONTENT="utan"/><SP WIDTH="11" VPOS="805" HPOS="805"/>
							<String ID="string_174" HPOS="816" VPOS="803" WIDTH="59" HEIGHT="22" WC="0.93" CONTENT="Stän-"/>
						</TextLine>
						<TextLine ID="line_20" HPOS="135" VPOS="837" WIDTH="740" HEIGHT="30">
							<String ID="string_175" HPOS="135" VPOS="839" WIDTH="73" HEIGHT="21" WC="0.91" CONTENT="dernas"/><SP WIDTH="22" VPOS="839" HPOS="208"/>
							<String ID="string_176" HPOS="230" VPOS="839" WIDTH="107" HEIGHT="28" WC="0.92" CONTENT="samtycke"/><SP WIDTH="21" VPOS="839" HPOS="337"/>
							<String ID="string_177" HPOS="358" VPOS="838" WIDTH="32" HEIGHT="21" WC="0.93" CONTENT="för"/><SP WIDTH="22" VPOS="838" HPOS="390"/>
							<String ID="string_178" HPOS="412" VPOS="838" WIDTH="118" HEIGHT="21" WC="0.92" CONTENT="ändamälet"/><SP WIDTH="21" VPOS="838" HPOS="530"/>
							<String ID="string_179" HPOS="551" VPOS="837" WIDTH="104" HEIGHT="22" WC="0.96" CONTENT="användas"/><SP WIDTH="14" VPOS="837" HPOS="655"/>
							<String ID="string_180" HPOS="669" VPOS="837" WIDTH="27" HEIGHT="28" WC="0.96" CONTENT="pä"/><SP WIDTH="15" VPOS="837" HPOS="696"/>
							<String ID="string_181" HPOS="711" VPOS="839" WIDTH="30" HEIGHT="20" WC="0.93" CONTENT="ett"/><SP WIDTH="14" VPOS="839" HPOS="741"/>
							<String ID="string_182" HPOS="755" VPOS="837" WIDTH="46" HEIGHT="21" WC="0.93" CONTENT="frän"/><SP WIDTH="15" VPOS="837" HPOS="801"/>
							<String ID="string_183" HPOS="816" VPOS="837" WIDTH="59" HEIGHT="21" WC="0.96" CONTENT="deras"/>
						</TextLine>
						<TextLine ID="line_21" HPOS="135" VPOS="871" WIDTH="740" HEIGHT="29">
							<String ID="string_184" HPOS="135" VPOS="872" WIDTH="134" HEIGHT="22" WC="0.93" CONTENT="härförinnan"/><SP WIDTH="15" VPOS="872" HPOS="269"/>
							<String ID="string_185" HPOS="284" VPOS="872" WIDTH="91" HEIGHT="22" WC="0.93" CONTENT="uttalade"/><SP WIDTH="16" VPOS="872" HPOS="375"/>
							<String ID="string_186" HPOS="391" VPOS="872" WIDTH="53" HEIGHT="28" WC="0.88" CONTENT="äsigt"/><SP WIDTH="14" VPOS="872" HPOS="444"/>
							<String ID="string_187" HPOS="458" VPOS="871" WIDTH="112" HEIGHT="22" WC="0.92" CONTENT="afvikande"/><SP WIDTH="15" VPOS="871" HPOS="570"/>
							<String ID="string_188" HPOS="585" VPOS="873" WIDTH="60" HEIGHT="23" WC="0.96" CONTENT="sätt»,"/><SP WIDTH="11" VPOS="873" HPOS="645"/>
							<String ID="string_189" HPOS="656" VPOS="871" WIDTH="39" HEIGHT="21" WC="0.93" CONTENT="och"/><SP WIDTH="10" VPOS="871" HPOS="695"/>
							<String ID="string_190" HPOS="705" VPOS="871" WIDTH="56" HEIGHT="28" WC="0.92" CONTENT="förty"/><SP WIDTH="9" VPOS="871" HPOS="761"/>
							<String ID="string_191" HPOS="770" VPOS="871" WIDTH="48" HEIGHT="22" WC="0.92" CONTENT="lätit"/><SP WIDTH="9" VPOS="871" HPOS="818"/>
							<String ID="string_192" HPOS="827" VPOS="871" WIDTH="48" HEIGHT="21" WC="0.96" CONTENT="med"/>
						</TextLine>
						<TextLine ID="line_22" HPOS="133" VPOS="905" WIDTH="502" HEIGHT="29">
							<String ID="string_193" HPOS="133" VPOS="907" WIDTH="41" HEIGHT="20" WC="0.93" CONTENT="alla"/><SP WIDTH="14" VPOS="907" HPOS="174"/>
							<String ID="string_194" HPOS="188" VPOS="906" WIDTH="167" HEIGHT="28" WC="0.92" CONTENT="verkställighets"/><SP WIDTH="15" VPOS="906" HPOS="355"/>
							<String ID="string_195" HPOS="370" VPOS="905" WIDTH="95" HEIGHT="29" WC="0.96" CONTENT="åtgärder"/><SP WIDTH="15" VPOS="905" HPOS="465"/>
							<String ID="string_196" HPOS="480" VPOS="906" WIDTH="7" HEIGHT="21" WC="0.96" CONTENT="i"/><SP WIDTH="15" VPOS="906" HPOS="487"/>
							<String ID="string_197" HPOS="502" VPOS="906" WIDTH="64" HEIGHT="21" WC="0.93" CONTENT="saken"/><SP WIDTH="14" VPOS="906" HPOS="566"/>
							<String ID="string_198" HPOS="580" VPOS="905" WIDTH="55" HEIGHT="21" WC="0.96" CONTENT="bero."/>
						</TextLine>
					</TextBlock>
					<TextBlock ID="block_2" HPOS="135" VPOS="938" WIDTH="742" HEIGHT="160">
						<TextLine ID="line_23" HPOS="203" VPOS="938" WIDTH="672" HEIGHT="30">
							<String ID="string_199" HPOS="203" VPOS="940" WIDTH="40" HEIGHT="22" WC="0.96" CONTENT="Att"/><SP WIDTH="15" VPOS="940" HPOS="243"/>
							<String ID="string_200" HPOS="258" VPOS="942" WIDTH="31" HEIGHT="20" WC="0.93" CONTENT="ett"/><SP WIDTH="14" VPOS="942" HPOS="289"/>
							<String ID="string_201" HPOS="303" VPOS="940" WIDTH="197" HEIGHT="28" WC="0.92" CONTENT="bevillningsanslag"/><SP WIDTH="14" VPOS="940" HPOS="500"/>
							<String ID="string_202" HPOS="514" VPOS="940" WIDTH="47" HEIGHT="21" WC="0.93" CONTENT="icke"/><SP WIDTH="15" VPOS="940" HPOS="561"/>
							<String ID="string_203" HPOS="576" VPOS="938" WIDTH="110" HEIGHT="26" WC="0.92" CONTENT="användes,"/><SP WIDTH="16" VPOS="938" HPOS="686"/>
							<String ID="string_204" HPOS="702" VPOS="942" WIDTH="37" HEIGHT="17" WC="0.96" CONTENT="när"/><SP WIDTH="15" VPOS="942" HPOS="739"/>
							<String ID="string_205" HPOS="754" VPOS="938" WIDTH="121" HEIGHT="28" WC="0.96" CONTENT="regeringen"/>
						</TextLine>
						<TextLine ID="line_24" HPOS="135" VPOS="972" WIDTH="741" HEIGHT="29">
							<String ID="string_206" HPOS="135" VPOS="976" WIDTH="67" HEIGHT="20" WC="0.96" CONTENT="finner"/><SP WIDTH="14" VPOS="976" HPOS="202"/>
							<String ID="string_207" HPOS="216" VPOS="975" WIDTH="45" HEIGHT="21" WC="0.93" CONTENT="skäl"/><SP WIDTH="14" VPOS="975" HPOS="261"/>
							<String ID="string_208" HPOS="275" VPOS="974" WIDTH="129" HEIGHT="22" WC="0.96" CONTENT="förekomma"/><SP WIDTH="22" VPOS="974" HPOS="404"/>
							<String ID="string_209" HPOS="426" VPOS="976" WIDTH="30" HEIGHT="20" WC="0.93" CONTENT="att"/><SP WIDTH="14" VPOS="976" HPOS="456"/>
							<String ID="string_210" HPOS="470" VPOS="974" WIDTH="46" HEIGHT="21" WC="0.96" CONTENT="icke"/><SP WIDTH="15" VPOS="974" HPOS="516"/>
							<String ID="string_211" HPOS="531" VPOS="973" WIDTH="8" HEIGHT="21" WC="0.90" CONTENT="i"/><SP WIDTH="14" VPOS="973" HPOS="539"/>
							<String ID="string_212" HPOS="553" VPOS="973" WIDTH="41" HEIGHT="21" WC="0.93" CONTENT="allo"/><SP WIDTH="13" VPOS="973" HPOS="594"/>
							<String ID="string_213" HPOS="607" VPOS="973" WIDTH="110" HEIGHT="28" WC="0.96" CONTENT="godkänna"/><SP WIDTH="19" VPOS="973" HPOS="717"/>
							<String ID="string_214" HPOS="736" VPOS="972" WIDTH="35" HEIGHT="22" WC="0.96" CONTENT="det"/><SP WIDTH="18" VPOS="972" HPOS="771"/>
							<String ID="string_215" HPOS="789" VPOS="974" WIDTH="41" HEIGHT="20" WC="0.96" CONTENT="sätt"/><SP WIDTH="14" VPOS="974" HPOS="830"/>
							<String ID="string_216" HPOS="844" VPOS="972" WIDTH="32" HEIGHT="22" WC="0.88" CONTENT="för"/>
						</TextLine>
						<TextLine ID="line_25" HPOS="136" VPOS="1006" WIDTH="741" HEIGHT="30">
							<String ID="string_217" HPOS="136" VPOS="1008" WIDTH="160" HEIGHT="28" WC="0.93" CONTENT="användningen"/><SP WIDTH="15" VPOS="1008" HPOS="296"/>
							<String ID="string_218" HPOS="311" VPOS="1008" WIDTH="62" HEIGHT="26" WC="0.92" CONTENT="deraf,"/><SP WIDTH="17" VPOS="1008" HPOS="373"/>
							<String ID="string_219" HPOS="390" VPOS="1016" WIDTH="44" HEIGHT="13" WC="0.93" CONTENT="som"/><SP WIDTH="11" VPOS="1016" HPOS="434"/>
							<String ID="string_220" HPOS="445" VPOS="1008" WIDTH="117" HEIGHT="21" WC="0.92" CONTENT="Ständerna"/><SP WIDTH="14" VPOS="1008" HPOS="562"/>
							<String ID="string_221" HPOS="576" VPOS="1007" WIDTH="36" HEIGHT="21" WC="0.93" CONTENT="vid"/><SP WIDTH="14" VPOS="1007" HPOS="612"/>
							<String ID="string_222" HPOS="626" VPOS="1006" WIDTH="127" HEIGHT="28" WC="0.93" CONTENT="beviljandet"/><SP WIDTH="9" VPOS="1006" HPOS="753"/>
							<String ID="string_223" HPOS="762" VPOS="1006" WIDTH="56" HEIGHT="21" WC="0.96" CONTENT="velat"/><SP WIDTH="9" VPOS="1006" HPOS="818"/>
							<String ID="string_224" HPOS="827" VPOS="1010" WIDTH="50" HEIGHT="24" WC="0.96" CONTENT="göra"/>
						</TextLine>
						<TextLine ID="line_26" HPOS="135" VPOS="1040" WIDTH="741" HEIGHT="31">
							<String ID="string_225" HPOS="135" VPOS="1043" WIDTH="100" HEIGHT="28" WC="0.96" CONTENT="gällande,"/><SP WIDTH="17" VPOS="1043" HPOS="235"/>
							<String ID="string_226" HPOS="252" VPOS="1048" WIDTH="22" HEIGHT="16" WC="0.96" CONTENT="är"/><SP WIDTH="15" VPOS="1048" HPOS="274"/>
							<String ID="string_227" HPOS="289" VPOS="1044" WIDTH="34" HEIGHT="20" WC="0.96" CONTENT="väl"/><SP WIDTH="14" VPOS="1044" HPOS="323"/>
							<String ID="string_228" HPOS="337" VPOS="1044" WIDTH="30" HEIGHT="20" WC="0.96" CONTENT="ett"/><SP WIDTH="10" VPOS="1044" HPOS="367"/>
							<String ID="string_229" HPOS="377" VPOS="1042" WIDTH="123" HEIGHT="26" WC="0.96" CONTENT="förfarande,"/><SP WIDTH="11" VPOS="1042" HPOS="500"/>
							<String ID="string_230" HPOS="511" VPOS="1049" WIDTH="34" HEIGHT="14" WC="0.93" CONTENT="om"/><SP WIDTH="10" VPOS="1049" HPOS="545"/>
							<String ID="string_231" HPOS="555" VPOS="1042" WIDTH="61" HEIGHT="21" WC="0.92" CONTENT="hvars"/><SP WIDTH="11" VPOS="1042" HPOS="616"/>
							<String ID="string_232" HPOS="627" VPOS="1040" WIDTH="99" HEIGHT="28" WC="0.91" CONTENT="riktighet"/><SP WIDTH="14" VPOS="1040" HPOS="726"/>
							<String ID="string_233" HPOS="740" VPOS="1040" WIDTH="136" HEIGHT="28" WC="0.92" CONTENT="meningarna"/>
						</TextLine>
						<TextLine ID="line_27" HPOS="136" VPOS="1076" WIDTH="276" HEIGHT="22">
							<String ID="string_234" HPOS="136" VPOS="1078" WIDTH="47" HEIGHT="20" WC="0.96" CONTENT="icke"/><SP WIDTH="14" VPOS="1078" HPOS="183"/>
							<String ID="string_235" HPOS="197" VPOS="1076" WIDTH="58" HEIGHT="22" WC="0.97" CONTENT="torde"/><SP WIDTH="15" VPOS="1076" HPOS="255"/>
							<String ID="string_236" HPOS="270" VPOS="1085" WIDTH="49" HEIGHT="13" WC="0.93" CONTENT="vara"/><SP WIDTH="15" VPOS="1085" HPOS="319"/>
							<String ID="string_237" HPOS="334" VPOS="1076" WIDTH="78" HEIGHT="22" WC="0.96" CONTENT="delade."/>
						</TextLine>
					</TextBlock>
					<TextBlock ID="block_3" HPOS="136" VPOS="1107" WIDTH="740" HEIGHT="97">
						<TextLine ID="line_28" HPOS="203" VPOS="1107" WIDTH="673" HEIGHT="31">
							<String ID="string_238" HPOS="203" VPOS="1111" WIDTH="35" HEIGHT="21" WC="0.94" CONTENT="En"/><SP WIDTH="14" VPOS="1111" HPOS="238"/>
							<String ID="string_239" HPOS="252" VPOS="1118" WIDTH="69" HEIGHT="14" WC="0.93" CONTENT="annan"/><SP WIDTH="10" VPOS="1118" HPOS="321"/>
							<String ID="string_240" HPOS="331" VPOS="1110" WIDTH="57" HEIGHT="28" WC="0.88" CONTENT="fräga"/><SP WIDTH="10" VPOS="1110" HPOS="388"/>
							<String ID="string_241" HPOS="398" VPOS="1114" WIDTH="28" HEIGHT="21" WC="0.96" CONTENT="är,"/><SP WIDTH="11" VPOS="1114" HPOS="426"/>
							<String ID="string_242" HPOS="437" VPOS="1109" WIDTH="104" HEIGHT="21" WC="0.96" CONTENT="huruvida"/><SP WIDTH="13" VPOS="1109" HPOS="541"/>
							<String ID="string_243" HPOS="554" VPOS="1108" WIDTH="35" HEIGHT="22" WC="0.97" CONTENT="det"/><SP WIDTH="14" VPOS="1108" HPOS="589"/>
							<String ID="string_244" HPOS="603" VPOS="1116" WIDTH="29" HEIGHT="13" WC="0.96" CONTENT="nu"/><SP WIDTH="15" VPOS="1116" HPOS="632"/>
							<String ID="string_245" HPOS="647" VPOS="1107" WIDTH="115" HEIGHT="29" WC="0.96" CONTENT="föreslagna"/><SP WIDTH="14" VPOS="1107" HPOS="762"/>
							<String ID="string_246" HPOS="776" VPOS="1109" WIDTH="100" HEIGHT="27" WC="0.96" CONTENT="systemet"/>
						</TextLine>
						<TextLine ID="line_29" HPOS="136" VPOS="1141" WIDTH="740" HEIGHT="31">
							<String ID="string_247" HPOS="136" VPOS="1145" WIDTH="32" HEIGHT="21" WC="0.93" CONTENT="för"/><SP WIDTH="15" VPOS="1145" HPOS="168"/>
							<String ID="string_248" HPOS="183" VPOS="1144" WIDTH="124" HEIGHT="23" WC="0.52" CONTENT="därvärdens"/><SP WIDTH="21" VPOS="1144" HPOS="307"/>
							<String ID="string_249" HPOS="328" VPOS="1144" WIDTH="141" HEIGHT="22" WC="0.96" CONTENT="förbättrande"/><SP WIDTH="22" VPOS="1144" HPOS="469"/>
							<String ID="string_250" HPOS="491" VPOS="1151" WIDTH="48" HEIGHT="21" WC="0.96" CONTENT="eger"/><SP WIDTH="17" VPOS="1151" HPOS="539"/>
							<String ID="string_251" HPOS="556" VPOS="1142" WIDTH="90" HEIGHT="28" WC="0.96" CONTENT="verkligt"/><SP WIDTH="21" VPOS="1142" HPOS="646"/>
							<String ID="string_252" HPOS="667" VPOS="1141" WIDTH="103" HEIGHT="22" WC="0.96" CONTENT="företräde"/><SP WIDTH="20" VPOS="1141" HPOS="770"/>
							<String ID="string_253" HPOS="790" VPOS="1141" WIDTH="86" HEIGHT="21" WC="0.96" CONTENT="framför"/>
						</TextLine>
						<TextLine ID="line_30" HPOS="136" VPOS="1175" WIDTH="587" HEIGHT="29">
							<String ID="string_254" HPOS="136" VPOS="1180" WIDTH="35" HEIGHT="21" WC="0.96" CONTENT="det"/><SP WIDTH="14" VPOS="1180" HPOS="171"/>
							<String ID="string_255" HPOS="185" VPOS="1178" WIDTH="23" HEIGHT="22" WC="0.93" CONTENT="af"/><SP WIDTH="13" VPOS="1178" HPOS="208"/>
							<String ID="string_256" HPOS="221" VPOS="1178" WIDTH="117" HEIGHT="22" WC="0.91" CONTENT="Ständerna"/><SP WIDTH="14" VPOS="1178" HPOS="338"/>
							<String ID="string_257" HPOS="352" VPOS="1178" WIDTH="36" HEIGHT="21" WC="0.96" CONTENT="vid"/><SP WIDTH="14" VPOS="1178" HPOS="388"/>
							<String ID="string_258" HPOS="402" VPOS="1179" WIDTH="80" HEIGHT="20" WC="0.93" CONTENT="senaste"/><SP WIDTH="15" VPOS="1179" HPOS="482"/>
							<String ID="string_259" HPOS="497" VPOS="1177" WIDTH="99" HEIGHT="27" WC="0.91" CONTENT="landtdag"/><SP WIDTH="13" VPOS="1177" HPOS="596"/>
							<String ID="string_260" HPOS="609" VPOS="1175" WIDTH="114" HEIGHT="29" WC="0.96" CONTENT="godkända."/>
						</TextLine>
					</TextBlock>
					<TextBlock ID="block_4" HPOS="135" VPOS="1208" WIDTH="743" HEIGHT="267">
						<TextLine ID="line_31" HPOS="208" VPOS="1208" WIDTH="669" HEIGHT="30">
							<String ID="string_261" HPOS="208" VPOS="1212" WIDTH="83" HEIGHT="21" WC="0.96" CONTENT="Härvid"/><SP WIDTH="15" VPOS="1212" HPOS="291"/>
							<String ID="string_262" HPOS="306" VPOS="1219" WIDTH="61" HEIGHT="13" WC="0.96" CONTENT="anser"/><SP WIDTH="14" VPOS="1219" HPOS="367"/>
							<String ID="string_263" HPOS="381" VPOS="1211" WIDTH="101" HEIGHT="21" WC="0.96" CONTENT="utskottet"/><SP WIDTH="15" VPOS="1211" HPOS="482"/>
							<String ID="string_264" HPOS="497" VPOS="1210" WIDTH="31" HEIGHT="28" WC="0.96" CONTENT="sig"/><SP WIDTH="14" VPOS="1210" HPOS="528"/>
							<String ID="string_265" HPOS="542" VPOS="1210" WIDTH="73" HEIGHT="21" WC="0.95" CONTENT="främst"/><SP WIDTH="9" VPOS="1210" HPOS="615"/>
							<String ID="string_266" HPOS="624" VPOS="1210" WIDTH="49" HEIGHT="20" WC="0.96" CONTENT="böra"/><SP WIDTH="9" VPOS="1210" HPOS="673"/>
							<String ID="string_267" HPOS="682" VPOS="1208" WIDTH="87" HEIGHT="29" WC="0.96" CONTENT="påpeka,"/><SP WIDTH="9" VPOS="1208" HPOS="769"/>
							<String ID="string_268" HPOS="778" VPOS="1210" WIDTH="30" HEIGHT="20" WC="0.96" CONTENT="att"/><SP WIDTH="10" VPOS="1210" HPOS="808"/>
							<String ID="string_269" HPOS="818" VPOS="1208" WIDTH="59" HEIGHT="22" WC="0.96" CONTENT="dessa"/>
						</TextLine>
						<TextLine ID="line_32" HPOS="136" VPOS="1242" WIDTH="740" HEIGHT="32">
							<String ID="string_270" HPOS="136" VPOS="1248" WIDTH="76" HEIGHT="19" WC="0.96" CONTENT="tvenne"/><SP WIDTH="15" VPOS="1248" HPOS="212"/>
							<String ID="string_271" HPOS="227" VPOS="1248" WIDTH="79" HEIGHT="26" WC="0.96" CONTENT="system"/><SP WIDTH="14" VPOS="1248" HPOS="306"/>
							<String ID="string_272" HPOS="320" VPOS="1244" WIDTH="112" HEIGHT="29" WC="0.96" CONTENT="ingalunda"/><SP WIDTH="15" VPOS="1244" HPOS="432"/>
							<String ID="string_273" HPOS="447" VPOS="1244" WIDTH="23" HEIGHT="21" WC="0.93" CONTENT="så"/><SP WIDTH="14" VPOS="1244" HPOS="470"/>
							<String ID="string_274" HPOS="484" VPOS="1243" WIDTH="126" HEIGHT="28" WC="0.90" CONTENT="väsendtligt"/><SP WIDTH="14" VPOS="1243" HPOS="610"/>
							<String ID="string_275" HPOS="624" VPOS="1242" WIDTH="62" HEIGHT="28" WC="0.96" CONTENT="skilja"/><SP WIDTH="17" VPOS="1242" HPOS="686"/>
							<String ID="string_276" HPOS="703" VPOS="1242" WIDTH="31" HEIGHT="28" WC="0.96" CONTENT="sig"/><SP WIDTH="19" VPOS="1242" HPOS="734"/>
							<String ID="string_277" HPOS="753" VPOS="1242" WIDTH="46" HEIGHT="21" WC="0.92" CONTENT="från"/><SP WIDTH="19" VPOS="1242" HPOS="799"/>
							<String ID="string_278" HPOS="818" VPOS="1242" WIDTH="58" HEIGHT="21" WC="0.92" CONTENT="hvar-"/>
						</TextLine>
						<TextLine ID="line_33" HPOS="138" VPOS="1276" WIDTH="738" HEIGHT="28">
							<String ID="string_279" HPOS="138" VPOS="1280" WIDTH="70" HEIGHT="24" WC="0.96" CONTENT="andra,"/><SP WIDTH="15" VPOS="1280" HPOS="208"/>
							<String ID="string_280" HPOS="223" VPOS="1282" WIDTH="31" HEIGHT="18" WC="0.96" CONTENT="att"/><SP WIDTH="17" VPOS="1282" HPOS="254"/>
							<String ID="string_281" HPOS="271" VPOS="1279" WIDTH="25" HEIGHT="21" WC="0.96" CONTENT="de"/><SP WIDTH="15" VPOS="1279" HPOS="296"/>
							<String ID="string_282" HPOS="311" VPOS="1279" WIDTH="68" HEIGHT="21" WC="0.96" CONTENT="skulle"/><SP WIDTH="14" VPOS="1279" HPOS="379"/>
							<String ID="string_283" HPOS="393" VPOS="1279" WIDTH="72" HEIGHT="20" WC="0.96" CONTENT="kunna"/><SP WIDTH="21" VPOS="1279" HPOS="465"/>
							<String ID="string_284" HPOS="486" VPOS="1278" WIDTH="104" HEIGHT="21" WC="0.96" CONTENT="betraktas"/><SP WIDTH="15" VPOS="1278" HPOS="590"/>
							<String ID="string_285" HPOS="605" VPOS="1277" WIDTH="67" HEIGHT="21" WC="0.96" CONTENT="såsom"/><SP WIDTH="22" VPOS="1277" HPOS="672"/>
							<String ID="string_286" HPOS="694" VPOS="1276" WIDTH="182" HEIGHT="28" WC="0.95" CONTENT="representerande"/>
						</TextLine>
						<TextLine ID="line_34" HPOS="136" VPOS="1309" WIDTH="741" HEIGHT="31">
							<String ID="string_287" HPOS="136" VPOS="1315" WIDTH="97" HEIGHT="20" WC="0.96" CONTENT="motsatta"/><SP WIDTH="20" VPOS="1315" HPOS="233"/>
							<String ID="string_288" HPOS="253" VPOS="1312" WIDTH="116" HEIGHT="28" WC="0.95" CONTENT="riktningar"/><SP WIDTH="14" VPOS="1312" HPOS="369"/>
							<String ID="string_289" HPOS="383" VPOS="1312" WIDTH="27" HEIGHT="28" WC="0.96" CONTENT="på"/><SP WIDTH="15" VPOS="1312" HPOS="410"/>
							<String ID="string_290" HPOS="425" VPOS="1312" WIDTH="55" HEIGHT="21" WC="0.96" CONTENT="detta"/><SP WIDTH="15" VPOS="1312" HPOS="480"/>
							<String ID="string_291" HPOS="495" VPOS="1311" WIDTH="61" HEIGHT="28" WC="0.95" CONTENT="gebit."/><SP WIDTH="34" VPOS="1311" HPOS="556"/>
							<String ID="string_292" HPOS="590" VPOS="1311" WIDTH="33" HEIGHT="21" WC="0.93" CONTENT="De"/><SP WIDTH="18" VPOS="1311" HPOS="623"/>
							<String ID="string_293" HPOS="641" VPOS="1310" WIDTH="7" HEIGHT="21" WC="0.96" CONTENT="i"/><SP WIDTH="19" VPOS="1310" HPOS="648"/>
							<String ID="string_294" HPOS="667" VPOS="1310" WIDTH="40" HEIGHT="21" WC="0.96" CONTENT="den"/><SP WIDTH="10" VPOS="1310" HPOS="707"/>
							<String ID="string_295" HPOS="717" VPOS="1309" WIDTH="75" HEIGHT="28" WC="0.92" CONTENT="nådiga"/><SP WIDTH="14" VPOS="1309" HPOS="792"/>
							<String ID="string_296" HPOS="806" VPOS="1317" WIDTH="71" HEIGHT="21" WC="0.92" CONTENT="propo-"/>
						</TextLine>
						<TextLine ID="line_35" HPOS="137" VPOS="1343" WIDTH="741" HEIGHT="30">
							<String ID="string_297" HPOS="137" VPOS="1346" WIDTH="88" HEIGHT="22" WC="0.92" CONTENT="sitionen"/><SP WIDTH="22" VPOS="1346" HPOS="225"/>
							<String ID="string_298" HPOS="247" VPOS="1346" WIDTH="115" HEIGHT="27" WC="0.96" CONTENT="föreslagna"/><SP WIDTH="21" VPOS="1346" HPOS="362"/>
							<String ID="string_299" HPOS="383" VPOS="1345" WIDTH="43" HEIGHT="21" WC="0.96" CONTENT="fem"/><SP WIDTH="22" VPOS="1345" HPOS="426"/>
							<String ID="string_300" HPOS="448" VPOS="1349" WIDTH="77" HEIGHT="16" WC="0.93" CONTENT="smärre"/><SP WIDTH="21" VPOS="1349" HPOS="525"/>
							<String ID="string_301" HPOS="546" VPOS="1352" WIDTH="15" HEIGHT="13" WC="0.90" CONTENT="s."/><SP WIDTH="16" VPOS="1352" HPOS="561"/>
							<String ID="string_302" HPOS="577" VPOS="1344" WIDTH="21" HEIGHT="20" WC="0.91" CONTENT="k."/><SP WIDTH="15" VPOS="1344" HPOS="598"/>
							<String ID="string_303" HPOS="613" VPOS="1343" WIDTH="265" HEIGHT="28" WC="0.91" CONTENT="upptagningsanstalterna"/>
						</TextLine>
						<TextLine ID="line_36" HPOS="135" VPOS="1376" WIDTH="740" HEIGHT="30">
							<String ID="string_304" HPOS="135" VPOS="1380" WIDTH="35" HEIGHT="21" WC="0.96" CONTENT="för"/><SP WIDTH="7" VPOS="1380" HPOS="170"/>
							<String ID="string_305" HPOS="177" VPOS="1378" WIDTH="138" HEIGHT="28" WC="0.96" CONTENT="sinnessjuka,"/><SP WIDTH="12" VPOS="1378" HPOS="315"/>
							<String ID="string_306" HPOS="327" VPOS="1378" WIDTH="74" HEIGHT="22" WC="0.96" CONTENT="ställde"/><SP WIDTH="14" VPOS="1378" HPOS="401"/>
							<String ID="string_307" HPOS="415" VPOS="1378" WIDTH="65" HEIGHT="21" WC="0.96" CONTENT="under"/><SP WIDTH="14" VPOS="1378" HPOS="480"/>
							<String ID="string_308" HPOS="494" VPOS="1385" WIDTH="79" HEIGHT="13" WC="0.94" CONTENT="samma"/><SP WIDTH="15" VPOS="1385" HPOS="573"/>
							<String ID="string_309" HPOS="588" VPOS="1376" WIDTH="84" HEIGHT="27" WC="0.96" CONTENT="ledning"/><SP WIDTH="15" VPOS="1376" HPOS="672"/>
							<String ID="string_310" HPOS="687" VPOS="1383" WIDTH="44" HEIGHT="14" WC="0.93" CONTENT="som"/><SP WIDTH="14" VPOS="1383" HPOS="731"/>
							<String ID="string_311" HPOS="745" VPOS="1376" WIDTH="130" HEIGHT="20" WC="0.91" CONTENT="länelasaret-"/>
						</TextLine>
						<TextLine ID="line_37" HPOS="135" VPOS="1409" WIDTH="743" HEIGHT="30">
							<String ID="string_312" HPOS="135" VPOS="1416" WIDTH="42" HEIGHT="23" WC="0.96" CONTENT="ten,"/><SP WIDTH="9" VPOS="1416" HPOS="177"/>
							<String ID="string_313" HPOS="186" VPOS="1413" WIDTH="82" HEIGHT="21" WC="0.96" CONTENT="komme"/><SP WIDTH="9" VPOS="1413" HPOS="268"/>
							<String ID="string_314" HPOS="277" VPOS="1414" WIDTH="30" HEIGHT="20" WC="0.96" CONTENT="att"/><SP WIDTH="14" VPOS="1414" HPOS="307"/>
							<String ID="string_315" HPOS="321" VPOS="1415" WIDTH="104" HEIGHT="19" WC="0.96" CONTENT="motsvara"/><SP WIDTH="7" VPOS="1415" HPOS="425"/>
							<String ID="string_316" HPOS="432" VPOS="1411" WIDTH="87" HEIGHT="28" WC="0.96" CONTENT="ungefär"/><SP WIDTH="11" VPOS="1411" HPOS="519"/>
							<String ID="string_317" HPOS="530" VPOS="1410" WIDTH="107" HEIGHT="22" WC="0.96" CONTENT="enahanda"/><SP WIDTH="10" VPOS="1410" HPOS="637"/>
							<String ID="string_318" HPOS="647" VPOS="1409" WIDTH="101" HEIGHT="26" WC="0.96" CONTENT="ändamål,"/><SP WIDTH="12" VPOS="1409" HPOS="748"/>
							<String ID="string_319" HPOS="760" VPOS="1410" WIDTH="38" HEIGHT="20" WC="0.96" CONTENT="och"/><SP WIDTH="10" VPOS="1410" HPOS="798"/>
							<String ID="string_320" HPOS="808" VPOS="1409" WIDTH="70" HEIGHT="28" WC="0.96" CONTENT="intaga"/>
						</TextLine>
						<TextLine ID="line_38" HPOS="136" VPOS="1444" WIDTH="739" HEIGHT="31">
							<String ID="string_321" HPOS="136" VPOS="1448" WIDTH="89" HEIGHT="21" WC="0.95" CONTENT="likartad"/><SP WIDTH="15" VPOS="1448" HPOS="225"/>
							<String ID="string_322" HPOS="240" VPOS="1448" WIDTH="53" HEIGHT="27" WC="0.95" CONTENT="plats"/><SP WIDTH="15" VPOS="1448" HPOS="293"/>
							<String ID="string_323" HPOS="308" VPOS="1447" WIDTH="7" HEIGHT="20" WC="0.96" CONTENT="i"/><SP WIDTH="14" VPOS="1447" HPOS="315"/>
							<String ID="string_324" HPOS="329" VPOS="1446" WIDTH="128" HEIGHT="21" WC="0.95" CONTENT="förhållande"/><SP WIDTH="15" VPOS="1446" HPOS="457"/>
							<String ID="string_325" HPOS="472" VPOS="1446" WIDTH="32" HEIGHT="21" WC="0.96" CONTENT="till"/><SP WIDTH="14" VPOS="1446" HPOS="504"/>
							<String ID="string_326" HPOS="518" VPOS="1445" WIDTH="81" HEIGHT="21" WC="0.93" CONTENT="landets"/><SP WIDTH="15" VPOS="1445" HPOS="599"/>
							<String ID="string_327" HPOS="614" VPOS="1444" WIDTH="88" HEIGHT="21" WC="0.89" CONTENT="dårvård"/><SP WIDTH="14" VPOS="1444" HPOS="702"/>
							<String ID="string_328" HPOS="716" VPOS="1444" WIDTH="7" HEIGHT="21" WC="0.96" CONTENT="i"/><SP WIDTH="15" VPOS="1444" HPOS="723"/>
							<String ID="string_329" HPOS="738" VPOS="1444" WIDTH="46" HEIGHT="21" WC="0.96" CONTENT="dess"/><SP WIDTH="14" VPOS="1444" HPOS="784"/>
							<String ID="string_330" HPOS="798" VPOS="1444" WIDTH="77" HEIGHT="24" WC="0.96" CONTENT="helhet,"/>
						</TextLine>
					</TextBlock>
					<TextBlock ID="block_5" HPOS="206" VPOS="1483" WIDTH="657" HEIGHT="22">
						<TextLine ID="line_39" HPOS="206" VPOS="1483" WIDTH="657" HEIGHT="22">
							<String ID="string_331" HPOS="206" VPOS="1487" WIDTH="138" HEIGHT="18" WC="0.89" CONTENT="Sammansatta"/><SP WIDTH="13" VPOS="1487" HPOS="344"/>
							<String ID="string_332" HPOS="357" VPOS="1486" WIDTH="58" HEIGHT="19" WC="0.92" CONTENT="Stats-"/><SP WIDTH="13" VPOS="1486" HPOS="415"/>
							<String ID="string_333" HPOS="428" VPOS="1485" WIDTH="32" HEIGHT="19" WC="0.93" CONTENT="och"/><SP WIDTH="12" VPOS="1485" HPOS="460"/>
							<String ID="string_334" HPOS="472" VPOS="1484" WIDTH="193" HEIGHT="19" WC="0.91" CONTENT="Ekonomieutskottets"/><SP WIDTH="13" VPOS="1484" HPOS="665"/>
							<String ID="string_335" HPOS="678" VPOS="1483" WIDTH="110" HEIGHT="19" WC="0.95" CONTENT="betänkande"/><SP WIDTH="12" VPOS="1483" HPOS="788"/>
							<String ID="string_336" HPOS="800" VPOS="1483" WIDTH="35" HEIGHT="18" WC="0.95" CONTENT="N:o"/><SP WIDTH="13" VPOS="1483" HPOS="835"/>
							<String ID="string_337" HPOS="848" VPOS="1483" WIDTH="15" HEIGHT="18" WC="0.95" CONTENT="1."/>
						</TextLine>
					</TextBlock>
				</ComposedBlock>
			</PrintSpace>
		</Page>
	</Layout>
</alto>
