1061 1703
320 135 28 18 U.
365 133 30 20 B.
415 145 22 2 —
458 133 83 24 Prop.
557 133 47 20 N:o
620 133 47 20 27.
809 132 27 20 29

184 200 52 21 Men
250 207 29 14 nu
293 199 45 26 har,
354 198 68 23 såsom
437 199 24 21 af
474 199 40 21 den
529 198 75 29 nådiga
613 199 169 28 propositionens
788 199 76 27 grund-

116 233 82 29 princip
213 241 68 20 synes,
297 233 62 22 Hans
374 233 122 28 Kejserliga
510 232 99 29 Majestät
623 234 70 20 ansett
707 232 99 28 förslaget
820 233 44 21 der-

116 275 34 14 om
169 267 32 22 för
219 267 106 22 bristande
340 269 64 26 utväg
422 267 34 21 till
473 267 178 21 häradsrätternas
670 266 130 28 ombildning
813 267 51 21 tills-

115 301 73 22 vidare
202 302 52 20 böra
271 301 87 25 förfalla,
379 308 49 14 men
444 301 52 21 dock
510 300 71 22 funnit
593 300 100 29 förslaget
707 300 106 28 angående
828 301 35 20 hä-

117 335 150 22 radsrätternas
282 335 130 27 ombildning
426 335 34 21 till
474 335 136 28 permanenta
623 334 74 21 kunna
711 334 7 20 i
733 342 26 13 en
769 334 94 28 betydlig

117 369 35 21 del
174 369 24 21 af
216 369 72 21 landet
309 368 66 22 blifva
396 368 138 28 genomfördt,
549 368 83 22 hvilket
651 368 8 21 i
673 368 41 28 hög
728 368 51 28 grad
794 368 68 21 skulle

115 403 97 21 befordra
234 402 170 30 lagskipningens
427 403 150 27 skyndsamhet
593 402 8 21 i
619 402 47 22 vårt
680 400 54 23 land.
764 402 52 21 Men
829 402 33 22 uti

117 437 113 28 domsagor,
246 437 8 21 i
269 436 73 22 hvilka
356 444 50 14 man
421 436 19 28 ej
460 438 43 20 tror
522 436 31 28 sig
574 436 73 21 kunna
669 436 91 21 anordna
782 443 79 21 perma-

115 473 64 19 nenta
201 470 169 22 sammanträden
392 470 39 22 och
453 470 32 22 uti
507 470 72 21 hvilka
599 469 35 22 det
649 470 67 21 skulle
731 470 85 21 komma
830 472 31 19 att

115 505 67 21 finnas
198 506 50 20 flera
265 504 94 29 tingslag,
376 504 68 22 såsom
463 512 35 18 nu,
514 504 85 22 föreslås
614 504 52 22 blott
681 504 35 22 två
731 504 51 28 ting,
798 504 63 22 allde-

115 540 30 21 les
161 539 67 22 såsom
244 539 34 22 det
293 547 29 14 nu
338 543 27 17 är.

183 573 83 22 Genom
286 581 27 14 en
335 573 64 22 sådan
422 573 173 28 omorganisation
609 572 110 23 förbättras
735 573 65 28 enligt
815 573 44 21 min

115 607 53 29 åsigt
182 608 114 28 ingalunda
310 607 82 22 landets
407 607 132 29 lagskipning
554 607 7 21 i
577 607 119 26 allmänhet,
707 609 53 20 utan
769 610 91 19 tvärtom

114 642 68 22 skulle
198 643 40 21 den
257 647 50 24 göra
327 642 48 21 hela
394 641 177 23 rättssäkerheten
586 641 32 22 för
632 643 65 20 större
712 642 61 21 delen
788 642 24 21 af
823 641 36 22 fol-

113 677 38 21 ket
165 677 85 21 alldeles
265 676 112 28 bristfällig
391 678 54 19 samt
459 676 130 27 småningom
604 675 96 29 försvaga
710 676 149 21 domstolarnas

113 710 46 22 inre
175 710 145 28 organisation.
350 710 34 28 Ty
399 710 67 21 ehuru
484 710 101 28 byalagen
599 710 8 21 i
621 710 144 28 tingsgårdens
779 714 81 18 närma-

114 746 31 20 ste
165 744 115 28 omgifning
298 744 68 21 skulle
385 744 86 21 komma
485 746 31 19 att
531 744 60 21 deraf
603 744 78 21 erhålla
697 752 26 13 en
738 744 120 28 skyndsam-

113 786 57 14 mare
186 778 114 29 rättegång,
316 778 23 22 så
353 778 69 22 skulle
437 780 65 19 större
518 778 60 21 delen
593 778 23 21 af
629 778 40 22 den
683 778 114 29 menighet,
813 786 45 14 som

113 813 38 21 har
165 812 47 22 sina
224 812 92 22 hemvist
330 812 8 21 i
353 812 122 28 domsagans
485 812 103 26 utkanter,
600 812 32 22 uti
646 812 47 22 vårt
702 813 54 27 glest
764 813 95 21 bebodda

113 848 39 20 och
166 846 206 22 kommunikationer
386 846 107 22 saknande
508 847 49 21 land
572 846 8 21 i
594 846 55 22 intet
663 846 36 22 fall
713 855 58 13 mera
786 846 72 22 kunna

112 882 82 20 bevaka
208 889 37 13 ens
260 880 46 22 sina
321 882 129 30 testaments-
466 880 36 21 och
519 880 225 28 inteckningsärender,
760 882 52 20 utan
826 883 32 19 att

113 924 37 13 ens
168 915 42 22 tala
232 923 33 13 om
288 922 69 14 annan
378 914 174 29 rättsansökning.
583 914 32 29 Ty
638 915 55 21 huru
708 915 68 21 skulle
790 915 68 28 någon

113 949 60 29 fattig
196 949 134 29 medborgare
352 949 73 21 kunna
447 948 51 22 först
517 949 67 22 färdas
599 949 43 21 fem
657 949 51 21 eller
722 957 37 13 sex
774 949 37 21 mil
826 949 32 22 för

113 985 30 20 att
158 986 72 25 uttaga
249 983 105 28 stämning
373 983 39 21 och
431 983 63 21 sedan
509 984 47 20 med
574 982 43 22 fem
633 985 12 18 å
660 991 36 14 sex
710 984 83 21 vittnen
808 986 50 25 göra

112 1017 47 28 fyra
175 1019 11 18 å
200 1017 43 20 fem
258 1018 119 27 tingsresor,
392 1016 33 21 till
440 1017 73 21 hvilka
528 1018 79 20 enhvar
621 1018 71 20 kunde
707 1017 48 28 åtgå
764 1025 38 20 par
812 1025 45 14 vec-

112 1051 44 21 kor.
191 1051 46 21 Och
260 1051 26 20 då
304 1050 136 28 rättegången
462 1051 67 20 skulle
547 1055 60 24 göras
625 1051 22 20 så
661 1051 108 28 besvärlig,
786 1051 70 21 kunde

112 1085 36 22 det
169 1085 75 25 hända,
260 1086 31 20 att
313 1092 49 13 man
384 1083 131 30 småningom
537 1085 67 20 skulle
623 1085 62 28 vänja
700 1085 31 28 sig
745 1085 37 21 vid
796 1093 60 20 egen-

111 1119 123 28 mäktighet,
255 1119 83 20 hvilket
359 1117 45 22 åter
426 1118 67 22 skulle
515 1119 95 21 nedsätta
632 1119 88 22 känslan
739 1119 32 22 för
785 1120 71 27 lagens

111 1153 63 29 helgd
188 1154 54 21 samt
256 1153 48 21 hela
319 1152 130 29 sedligheten
464 1153 37 21 hos
516 1153 46 21 vårt
577 1153 46 22 ädla
638 1153 49 21 folk.
710 1153 12 21 I
736 1153 121 29 propositio-

111 1195 42 14 nen
169 1191 121 17 omnämnes
305 1186 44 22 fem
363 1187 38 21 och
417 1194 37 14 sex
469 1188 47 21 mils
535 1187 120 28 vägalängd,
672 1195 48 14 men
735 1188 36 21 det
785 1188 71 21 kunde

110 1221 74 26 hända,
201 1223 31 20 att
249 1220 136 29 indelningen
403 1221 47 21 icke
465 1222 67 20 skulle
547 1222 72 21 kunna
634 1222 122 21 verkställas
772 1222 22 21 så
808 1229 48 21 nog-

110 1258 66 26 grant,
196 1255 134 21 alldenstund
347 1255 94 21 komitén
460 1255 18 28 ej
501 1256 70 25 heller,
589 1255 65 28 enligt
675 1256 45 21 min
738 1256 60 28 åsigt,
813 1256 41 28 lyc-

110 1290 47 21 kats
172 1289 8 21 i
194 1290 37 21 sitt
245 1289 77 28 förslag
336 1289 33 21 till
384 1290 145 27 domsagornas
543 1290 109 28 reglering.
682 1290 43 28 Jag
739 1290 65 22 fäster
817 1290 39 21 bär

109 1324 214 27 uppmärksamheten
346 1322 35 21 vid
403 1325 30 19 ett
456 1324 101 27 exempel,
573 1324 87 20 hvarom
679 1324 93 21 komitén
792 1324 61 22 äfven

109 1356 50 28 sjelf
171 1360 23 17 är
207 1356 63 28 något
284 1356 103 27 villrådig.
412 1356 36 21 Då
462 1357 104 27 nemligen
581 1357 133 25 Hirvensalo,
725 1358 88 20 hvilken
823 1360 33 18 ort

109 1395 24 17 är
146 1390 88 28 belägen
251 1391 75 20 nästan
343 1389 58 22 inom
416 1383 45 28 Åbo
476 1390 55 22 stads
549 1389 90 27 område,
655 1390 85 23 föreslås
760 1393 30 20 att
804 1391 52 22 höra

109 1425 33 22 till
156 1424 79 22 Nousis
250 1424 103 29 domsaga,
371 1424 67 21 ehuru
454 1424 40 21 den
508 1424 65 22 förras
592 1424 127 23 innevånare
735 1425 65 22 måste
815 1425 40 23 fär-

108 1460 37 21 das
164 1459 30 22 dit
212 1466 76 21 genom
305 1453 44 28 Åbo
369 1459 46 22 stad
433 1459 38 21 och
487 1461 64 20 större
571 1459 61 22 delen
647 1459 24 22 af
683 1460 40 21 den
738 1459 116 30 föreslagna

177 1499 135 24 Lagutskottets
325 1499 110 18 betänkande
447 1499 36 19 N:o
495 1500 27 17 12.
