1067 1720
243 171 13 19 2
357 169 79 22 Ständ.
452 170 53 21 Skr.
521 181 26 3 -—
562 169 69 27 Prop.
646 169 40 21 N:o
700 168 29 22 30
744 176 30 14 m.
790 169 24 21 fl.

283 232 12 21 I
310 231 96 23 afseende
420 232 50 22 härä
485 232 49 22 böra
548 232 116 22 Ständerna
678 231 72 22 främst
765 231 76 21 erinra:

283 268 31 20 att
328 266 92 28 anslaget
434 267 33 21 till
481 266 238 28 landtbrukssällskapen
732 265 47 23 icke
788 265 70 22 blifvit
868 265 85 26 bifallet,

216 300 24 22 af
252 300 44 22 skäl
311 302 30 20 att
358 301 114 22 detsamma
490 304 77 20 ansetts
582 301 71 22 kunna
667 300 24 22 af
703 300 134 23 statsverkets
852 300 103 22 ordinarie

216 335 109 29 tillgångar
342 336 106 26 bestridas,

284 369 106 23 äfvensom
404 372 31 20 att
449 370 61 29 något
525 371 70 29 anslag
610 370 32 22 till
657 378 59 20 egare
731 370 22 22 af
766 369 85 23 säterier
861 370 53 21 samt
923 369 30 22 rå-

217 405 37 21 och
272 405 140 22 rörshemman
432 405 67 22 såsom
516 406 114 26 ersättning
649 405 32 21 för
700 404 156 29 öfvertagandet
870 404 24 22 af
906 404 50 22 håll-

218 438 205 30 skjutsningstungan
437 440 47 21 icke
498 440 87 22 kommit
600 440 7 21 i
622 439 62 28 fråga,
701 439 35 22 vid
752 439 39 21 den
807 438 77 29 utgång
899 442 57 17 ären-

217 473 35 22 det
266 473 105 28 angående
386 473 197 30 hållskjutsningens
598 474 104 22 ordnande
720 473 46 22 haft
780 473 37 21 hos
833 472 122 25 Ständerna,

217 507 85 22 hvarom
324 508 37 21 allt
379 508 116 22 Ständerna
516 509 32 22 uti
566 509 100 22 särskilda
681 507 141 29 underdåniga
837 507 120 22 skrifvelser

217 542 37 22 hos
268 542 79 22 Eders
366 542 154 30 Kejserliga
535 543 123 30 Majestät
673 543 83 22 anmält.

284 577 34 22 Då
333 577 35 22 det
382 580 68 20 senast
464 578 101 29 beviljade
579 579 98 28 anslaget,
689 578 90 26 140,000
790 578 64 25 mark,
866 577 32 22 för
907 577 50 21 kon-

218 612 74 21 trollen
308 612 58 22 öfver
380 613 149 31 brännerierna
543 616 53 19 samt
613 613 31 22 för
660 613 53 22 ökad
727 613 47 22 tull-
788 613 39 21 och
841 619 68 14 annan
924 612 34 21 be-

218 647 91 28 vakning
330 647 54 22 visat
405 647 31 29 sig
457 645 138 32 otillräckligt,
614 647 62 22 hafva
698 647 122 26 Ständerna,
840 647 7 21 i
866 646 92 29 enlighet

217 681 47 22 med
278 681 154 29 propositionen
447 682 76 27 derom,
540 683 44 28 höjt
598 683 116 22 detsamma
728 682 33 22 till
776 690 26 13 en
817 681 141 29 förslagssum-

216 725 34 13 ma
268 716 24 22 af
311 716 59 29 högst
385 717 91 25 200,000
494 717 64 22 mark.
588 717 51 22 Men
658 722 49 17 enär
721 716 156 30 ifrågavarande
892 715 64 30 utgift

217 751 51 22 först
289 751 23 22 år
330 752 54 21 1876
406 751 70 23 blifvit
498 752 31 22 för
551 752 25 22 de
594 751 123 30 föregående
732 752 14 21 5
761 751 49 22 åren
825 751 8 22 i
847 751 111 22 räkenska-

218 794 64 21 perna
299 786 65 21 afförd
383 787 38 21 och
441 786 73 23 sådant
528 787 46 22 icke
594 795 61 21 synes
670 787 48 22 med
734 786 140 29 regelbunden
888 785 70 23 bokfö-

216 820 46 28 ring
277 819 188 28 öfverensstämma,
481 821 62 22 hafva
558 821 116 22 Ständerna
688 821 74 22 härvid
780 822 68 21 ansett
862 820 31 29 sig
907 821 51 21 böra

216 859 49 24 göra
275 855 35 21 det
319 855 107 25 förbehåll,
437 858 30 19 att
477 855 7 21 i
494 856 166 29 räkenskaperna
668 849 57 28 öfver
735 855 181 22 bränvinsskatten
924 854 32 22 för

217 889 72 29 hvarje
299 889 24 22 år
330 890 38 21 bör
378 889 73 22 afföras
461 890 35 22 det
505 890 80 29 belopp,
594 898 43 14 som
647 890 12 22 å
669 890 92 28 anslaget
770 890 62 28 tagits
843 890 7 21 i
860 888 96 30 anspråk.

285 924 13 22 I
316 924 62 29 öfrigt
394 924 63 22 hafva
472 925 116 22 Ständerna
607 925 46 22 icke
669 925 56 22 velat
739 924 83 29 vidtaga
836 924 68 29 någon
918 923 40 23 för-

218 959 86 29 ändring
319 959 48 22 med
381 959 25 22 de
421 959 26 29 på
462 960 180 22 bränvinsskatten
657 960 97 22 anvisade
769 960 71 28 anslag
854 959 38 22 och
908 958 49 23 såle-

218 993 36 22 des
266 993 79 28 jemväl
359 993 125 23 fortfarande
499 994 95 22 vidhållit
610 997 80 19 senaste
707 994 108 28 landtdags
830 994 68 22 beslut
913 994 43 21 der-

218 1036 40 18 om,
274 1030 30 20 att
322 1028 37 22 allt
380 1028 119 26 öfverskott,
515 1036 44 14 som
577 1028 51 22 härä
642 1029 42 21 kan
706 1029 133 29 uppkomma,
856 1028 53 22 skall
924 1028 32 22 för

218 1062 214 29 jernvägsbyggnader
453 1071 115 14 reserveras
590 1064 39 21 och
646 1063 68 21 derför
732 1062 66 22 under
815 1062 143 23 kommunika-

219 1096 132 22 tionsfonden
366 1096 102 22 bokföras.

287 1130 32 22 På
336 1131 68 28 grund
418 1131 23 21 af
458 1131 34 23 det
507 1131 85 22 anförda
606 1130 62 22 hafva
687 1131 116 22 Ständerna
818 1131 91 26 beslutit,
925 1131 35 21 det

220 1164 90 29 följande
328 1166 72 28 anslag
417 1165 58 22 skola
488 1166 67 22 under
572 1166 50 22 åren
638 1166 139 21 1878—1882
792 1164 46 23 från
852 1165 108 22 bränvins-

221 1199 82 22 skatten
318 1198 79 29 årligen
412 1199 61 29 utgå:

356 1234 43 26 1:0)
424 1233 129 28 Ersättning
569 1234 35 21 till
618 1233 124 22 statsverket
752 1233 41 27 för

288 1267 168 26 eftergifvandet
472 1268 30 25 af
508 1267 35 20 det
550 1267 68 26 förra
628 1267 166 21 bränvinsbrän-

286 1299 166 28 ningsarrendet
466 1316 5 4 .
537 1316 75 6 esm
642 1315 4 4 a
678 1316 5 5 W
713 1316 4 4 a
748 1317 4 4 8

355 1334 45 27 2:0)
424 1334 129 28 Ersättning
564 1334 44 22 icke
618 1334 92 22 allenast
716 1334 41 28 för
768 1334 25 21 de

289 1369 46 21 med
349 1368 120 22 kontrollen
484 1368 59 28 öfver
562 1369 156 21 brännerierna
729 1368 65 28 före-

288 1403 56 21 nade
358 1403 97 27 utgifter,
470 1406 52 18 utan
538 1403 38 21 ock
582 1402 42 28 för
635 1402 26 21 de
671 1403 122 25 kostnader,

288 1444 44 15 som
342 1436 132 28 föranledas
489 1438 30 25 af
529 1437 55 21 ökad
599 1438 51 20 tull-
666 1437 37 21 och
719 1444 74 14 annan

290 1471 118 27 bevakning
430 1472 35 21 till
482 1472 177 26 förekommande
680 1472 30 27 af
720 1472 74 27 oloflig

290 1505 96 28 införsel,
407 1506 139 28 tillverkning
564 1505 39 22 och
612 1506 138 28 försäljning
770 1506 29 27 af

289 1540 91 21 bränvin
395 1540 8 20 i
418 1540 80 26 landet,
509 1540 60 28 högst
610 1557 4 5 .
646 1556 4 4 .
680 1556 4 4 .
715 1556 4 4 .
750 1556 4 4 .
786 1556 4 4 .
826 1541 134 25 200,000:—

825 1300 99 25 660,000:
934 1311 26 3 —
