1048 1706
311 125 28 19 U.
356 124 32 20 B.
407 136 25 3 —
448 126 85 24 Prop.
551 126 49 21 N:o
616 126 47 20 33.
813 128 11 19 5

109 188 75 23 39,400
200 190 58 19 mark
274 191 13 19 &
302 191 36 19 det
353 191 73 25 anslag
442 191 117 20 Ständerna
576 192 53 20 1872
648 192 32 20 för
694 188 159 35 fängelserefor-

109 229 46 13 men
172 224 93 26 beviljat.

178 257 30 20 Pä
222 258 69 26 grund
302 259 24 19 af
338 259 36 19 det
389 258 87 21 anförda
493 259 31 19 fär
540 260 101 19 utskottet
656 260 107 20 vördsamt
777 260 77 20 föreslä

242 294 34 18 att
292 292 130 26 Ständerna,
438 293 8 19 i
466 292 35 21 det
523 293 152 27 underdäniga
698 296 71 18 svaret
784 294 18 20 å
812 294 41 22 den

176 324 81 28 nädiga
269 326 164 26 propositionen
452 326 55 25 ville,
523 326 48 21 med
587 326 141 22 erkännande
743 327 30 27 af
785 328 69 20 ända-

176 359 177 26 mälsenligheten
375 359 29 27 af
420 360 26 20 de
460 360 9 20 i
484 360 123 21 densamma
622 363 113 25 upptagna
751 362 104 26 åtgärder

170 392 41 26 för
229 393 153 27 fängvärdens
405 394 47 20 inre
475 394 157 27 organisation,
648 395 71 21 såsom
736 395 119 21 önskvärdt

168 426 137 27 framhålla:

244 461 22 26 a)
282 463 32 18 att
336 461 118 27 stipendier
476 463 65 20 måtte
564 463 95 20 inrättas
672 462 42 27 för
729 464 32 19 att
777 462 77 21 bereda

174 501 68 20 yngre
254 497 113 25 prestmän
389 495 90 27 tillfälle
498 499 33 18 att
541 497 9 19 i
559 496 98 21 utlandet
671 496 84 21 utbilda
770 496 33 28 sig
819 497 36 20 till

175 528 179 27 religionslärare
368 529 36 21 vid
421 529 85 21 landets
516 530 129 27 fängelser
636 524 13 37 ;

243 563 24 26 b)
282 565 33 18 att
337 563 73 21 kosten
432 565 9 18 i
458 563 145 28 fängelserna
625 564 44 21 icke
691 565 66 20 måtte
775 564 79 21 ställas

175 595 69 22 bättre
264 599 28 18 än
309 596 94 29 behofvet
428 598 174 27 oundgängligen
624 597 95 27 kräfver,
738 597 38 21 och
793 597 60 28 före-

174 629 122 28 skrifterna
306 631 72 21 derom
390 631 108 21 meddelas
511 631 32 27 på
557 631 137 28 grundvalen
709 631 30 26 af
749 631 8 20 i
771 631 82 21 sådant

174 664 58 27 syfte
248 664 128 27 infordradt
391 665 113 21 utlåtande
519 665 30 27 af
560 665 119 28 Collegium
697 665 110 21 Medicum.

176 699 40 19 Vid
232 699 124 26 pröfningen
372 699 23 20 af
408 699 26 20 de
450 699 93 28 begärda
565 700 100 25 anslagen
689 699 31 20 för
736 699 39 21 den
798 701 56 24 yttre

106 733 169 26 organisationen
292 733 23 20 af
327 733 133 27 fängelserna
483 734 46 19 med
548 733 69 20 dertill
636 733 93 20 hörande
744 734 109 19 inrättnin-

106 773 38 19 gar
155 766 37 20 har
204 767 106 20 Utskottet
320 767 72 20 främst
408 768 53 25 tagit
475 768 6 19 i
498 768 155 26 öfvervägande
671 768 96 26 anslaget
781 767 32 20 för
827 774 26 13 en

106 801 151 26 palissadering
273 801 97 26 omkring
384 802 26 19 de
425 801 129 27 byggnader,
571 801 72 20 hvilka
658 802 57 19 bilda
730 801 103 26 fängelset
847 802 7 19 i

106 835 110 21 Kexholm,
247 835 63 21 Detta
325 836 93 26 fängelse
434 835 42 26 har,
494 836 66 26 enligt
572 835 31 21 för
616 836 116 20 detsamma
747 836 107 19 utfärdadt

106 869 74 27 nådigt
194 870 128 26 reglemente
338 869 22 21 af
373 870 40 19 den
430 870 11 19 6
458 870 88 27 Augusti
567 871 50 19 1861
643 871 66 25 tjenat
731 870 32 20 till
785 870 68 20 förva-

105 904 92 26 ringsort
211 904 32 20 för
258 904 80 20 sådana
352 904 74 26 fångar
442 904 22 19 af
478 904 98 26 mankön,
591 911 44 13 som
651 905 84 25 jemlikt
757 904 98 26 stadgan-

107 938 35 19 det
156 938 7 19 i
186 939 6 19 4
209 944 60 14 mom.
285 938 24 20 af
321 938 105 26 Kongliga
442 938 83 20 Brefvet
541 937 40 20 den
597 938 26 19 22
639 938 54 19 Mars
714 938 52 20 1803
786 937 67 21 hållas

108 971 31 19 till
154 972 72 20 arbete
242 972 31 20 för
289 974 31 18 att
335 972 65 20 under
422 972 152 26 fängelsetiden
598 972 104 20 förmanas
724 972 31 19 till
776 971 77 21 bekän-

107 1005 58 21 nelse
180 1006 24 19 af
217 1006 61 26 brott,
295 1012 44 14 som
354 1008 56 18 emot
426 1006 46 20 dem
489 1006 68 20 blifvit
567 1005 92 27 angifna.
685 1006 81 20 Genom
777 1006 78 26 nädiga

108 1040 140 26 kungörelsen
264 1040 40 20 den
320 1040 26 20 22
362 1040 101 20 Februari
476 1040 53 20 1873
541 1040 103 20 ändrades
660 1040 65 20 likväl
741 1039 114 26 fängelsets

107 1074 97 26 syftemäl
221 1074 86 23 derhän,
324 1076 31 17 att
370 1074 35 20 det
420 1074 108 26 upphörde
544 1076 31 18 att
594 1080 50 13 vara
660 1073 195 27 förvaringsanstalt

107 1108 32 20 för
161 1108 210 26 bekännelsefängar,
386 1108 6 20 i
409 1108 51 26 följd
483 1108 77 20 hvaraf
573 1108 35 19 det
623 1107 68 21 skulle
705 1108 22 19 fä
742 1108 113 19 ankomma

107 1142 28 26 pä
149 1142 117 27 Kejserliga
282 1142 90 20 Senaten
389 1144 30 18 att
434 1142 52 20 efter
502 1141 192 26 omständighetera
709 1142 27 25 gä
751 1142 7 18 i
773 1141 81 20 författ-

107 1176 51 26 ning
173 1176 58 20 säväl
254 1182 34 14 om
310 1176 248 26 fängelseinrättningens
581 1176 139 19 användande
742 1175 32 19 för
790 1176 66 18 andra

108 1210 80 26 fångar,
204 1216 43 14 som
263 1210 40 20 ock
319 1216 33 13 om
368 1209 241 27 bekännelsefängarnes
623 1209 126 20 förvarande
763 1209 12 19 å
786 1215 68 13 annan

109 1246 38 17 ort.

177 1277 44 20 Den
238 1278 31 19 för
284 1277 209 26 fängelsereformens
508 1277 165 27 genomförande
688 1276 88 20 tillsatta
789 1276 66 20 komi-

111 1312 33 18 tén
160 1312 67 24 yttrar
242 1318 33 12 om
291 1311 237 27 fängelseinrättningen
538 1312 6 18 i
556 1311 110 26 Kexholm,
682 1312 31 18 att
728 1310 40 20 den
784 1313 70 23 egent-

108 1345 56 25 ligen
180 1344 46 19 icke
242 1348 23 15 är
280 1345 69 25 egnad
365 1347 30 17 att
410 1351 36 13 ens
467 1346 65 18 under
555 1345 40 18 den
618 1345 104 18 närmaste
745 1344 110 19 framtiden

110 1379 73 24 utgöra
198 1377 141 25 siraffanstalt,
356 1384 45 12 men
417 1377 95 20 förordar
527 1376 66 20 likväl
605 1377 68 19 denna
688 1376 166 26 fängelseinrätt-

109 1412 61 24 nings
186 1410 148 21 bibehållande
349 1412 67 19 såsom
433 1410 137 21 straffanstalt
588 1410 32 20 för
640 1410 83 26 vidpass
742 1411 33 25 60,
795 1410 62 26 högst

111 1446 26 19 75
154 1444 127 27 älderstigne
296 1444 39 20 och
352 1445 81 20 derföre
448 1445 77 20 lättare
543 1444 111 20 bevakade
669 1444 152 27 lifstidsfängar
836 1445 22 19 af

178 1484 140 19 Sammansatta
330 1485 59 18 Stats-
402 1484 31 18 och
445 1483 195 19 Ekonomi-utskottets
652 1483 111 18 betänkande
775 1483 38 19 N:o
825 1484 16 17 3.
