1056 1714
247 138 28 20 n
548 135 50 22 N:o
613 135 48 22 28.

220 203 70 26 ständ,
310 203 32 21 uti
362 202 79 26 hvilka,
460 202 93 21 förutom
568 202 127 27 penningar,
711 202 78 21 endast
804 201 26 21 de
846 201 119 22 väsendtli-

220 238 61 25 gaste
302 236 148 27 produkterna
471 235 23 22 af
525 235 131 22 äkerbruket
682 236 40 21 och
742 235 221 27 ladugärdsskötseln,

221 271 53 20 eller
296 270 118 21 artiklarne
436 270 96 26 spanmäl
555 270 39 21 och
610 271 57 20 smör
682 270 94 26 inginge,
793 270 7 21 i
816 269 76 27 antydt
908 269 55 28 syfte

221 303 82 28 afgifva
317 303 81 27 förslag
413 303 7 21 i
436 305 77 20 ämnet.

289 337 137 22 Sistnämnde
446 338 92 26 Komité,
559 343 45 15 som
620 337 41 21 den
676 338 28 21 23
718 337 106 21 Februari
839 337 55 21 1876
910 343 54 16 sam-

220 371 116 27 manträdt,
360 372 39 20 har
419 371 95 22 derefter
534 371 32 22 uti
586 371 90 27 afgifvet
696 371 113 22 utlätande
829 372 86 26 anmält,
932 374 32 19 att

220 406 108 25 Komiten,
346 405 35 22 till
395 406 71 26 grund
481 405 33 22 för
530 406 47 21 sina
591 405 152 27 beräkningar,
759 406 84 27 antagit
858 406 55 21 1868
929 406 34 21 ärs

220 440 98 21 Komites
334 439 110 27 uppgifter
459 439 12 21 &
485 440 55 21 total
555 439 102 27 beloppet
671 439 33 22 för
720 439 74 27 hvarje
809 440 36 21 län
861 439 22 21 af
893 441 71 20 ränte-

219 473 145 27 persedlarne,
385 473 148 27 dagsverkena
553 473 38 21 och
612 473 148 27 penningarne
776 474 7 20 i
799 474 26 20 de
840 473 71 27 gamla
925 480 39 14 un-

220 507 176 26 dervisningarne
402 507 38 22 och
447 507 174 22 afrubelskatten
627 507 55 22 efter
694 507 229 27 medelmarkegängen
931 507 33 21 för

220 541 26 21 de
258 541 81 21 femton
354 541 51 21 ären
416 541 56 21 ifrän
486 541 39 22 och
533 542 48 21 med
596 541 53 22 1825
657 541 33 21 till
705 541 39 22 och
756 542 48 21 med
819 541 61 26 1839,
893 541 70 22 säsom

220 575 47 26 ock,
278 576 34 21 för
328 575 125 22 erhällande
466 576 151 21 medelvärden
634 575 33 22 för
677 576 26 22 de
712 576 30 21 tio
749 578 87 19 senaste
845 576 58 26 ären,
912 576 52 22 eller

220 609 34 21 för
273 610 51 21 ären
343 609 146 27 1866—1875,
509 610 12 20 &
537 610 136 27 dagsverken
688 610 40 21 och
744 610 26 20 de
784 610 118 26 persedlar,
919 616 45 15 som

219 643 34 21 för
271 644 161 21 rubelskattens
451 644 138 22 beräknande
612 644 7 20 i
639 644 234 27 markegängstaxorna
888 647 75 24 uppta-

219 678 49 26 gits,
284 678 50 26 följt
347 678 236 26 prisbestämningarne
598 679 7 20 i
614 679 92 21 nämnde
719 680 68 24 taxor,
800 679 39 21 och
850 678 33 22 för
894 678 70 27 öfriga

219 712 112 25 persedlar
346 712 27 20 de
381 712 23 20 af
413 712 164 21 Guvernörerne
587 712 8 21 i
606 712 122 21 affordrade
739 712 162 26 förteckningar
911 719 52 21 upp-

220 744 59 27 gifna
294 746 109 26 gängbara
418 746 51 26 pris.

286 780 90 21 Jemlikt
395 780 27 20 de
437 780 24 20 af
474 780 102 21 Komiten
591 780 96 21 derefter
701 781 135 21 verkställda
850 782 113 20 uträknin-

219 820 73 21 garne,
316 820 46 15 som
380 814 73 20 blifvit
467 814 90 26 intagna
571 814 32 21 uti
619 821 26 15 en
662 814 94 22 särskild
771 815 74 27 bilaga
860 816 51 21 Litt.
928 816 34 26 H.,

220 848 65 21 hafva
300 848 159 27 grundräntans
475 848 231 27 förvandlingsvärden
722 850 68 26 enligt
805 850 27 21 de
843 851 70 25 gamla
924 851 40 21 och

220 882 27 21 de
265 882 23 21 af
306 882 55 21 1868
376 882 35 21 års
427 882 86 22 Komit
528 882 124 28 föreslagna
665 883 209 27 undervisningarne
890 885 73 21 äfven-

220 922 45 16 som
283 916 68 27 enligt
370 922 29 16 nu
414 916 101 27 gällande
529 917 156 27 undervisning
701 918 40 21 och
757 918 41 21 den
813 924 46 16 som
874 919 89 22 föresla-

220 951 42 26 gits
278 950 23 21 af
314 950 160 27 Ridderskapet
489 952 39 20 och
539 951 70 21 Adeln
621 952 56 21 samt
689 952 162 22 Bondeständet
861 953 36 21 vid
907 954 55 22 1867

220 984 34 22 ärs
276 984 105 28 landtdag
403 984 34 22 för
461 986 100 26 samtliga
583 986 35 20 län
643 985 82 22 utfallit
744 986 65 27 olika,
824 987 92 22 sälunda
931 990 32 20 att

221 1019 69 21 denna
309 1020 69 24 ränta,
393 1019 7 21 i
416 1018 135 23 förhällande
567 1019 33 21 till
616 1020 56 21 hvad
689 1020 41 21 den
746 1020 70 22 skulle
831 1022 81 26 utgjort
927 1029 36 15 en-

219 1053 41 27 ligt
285 1052 27 22 de
337 1053 59 21 äldre
421 1053 214 27 undervisningarne,
662 1054 93 26 förhöjts
791 1055 68 27 enligt
873 1062 29 15 nu
917 1057 46 26 gäl-

218 1086 65 22 lande
306 1086 155 26 undervisning
482 1087 33 21 för
539 1087 69 27 öfriga
632 1088 35 20 län
678 1090 59 19 utom
750 1088 96 27 Nylands
861 1090 42 26 län,
925 1091 38 21 der

220 1120 40 21 den
276 1120 96 26 nedgätt,
387 1126 48 15 men
451 1120 95 22 deremot
560 1122 84 20 komme
659 1123 33 20 att
706 1121 130 23 förminskas
850 1122 35 22 för
900 1126 63 19 samt-

220 1154 44 26 liga
281 1154 36 21 län
336 1154 58 21 säväl
409 1154 68 26 enligt
492 1155 159 27 Ridderskapet
666 1156 40 21 och
717 1156 82 21 Adelns
809 1158 55 20 samt
879 1157 84 23 Bonde-

218 1188 104 25 ständets,
341 1194 46 14 som
404 1188 69 26 äfven,
489 1188 69 22 ehuru
576 1189 7 21 i
598 1189 107 27 betydligt
719 1190 84 22 mindre
818 1191 60 27 grad,
895 1192 68 27 enligt

216 1222 55 20 1868
294 1222 34 20 års
344 1222 96 22 Komites
455 1222 87 28 förslag,
558 1224 52 20 eller
628 1224 49 20 med
695 1224 95 27 följande
806 1226 120 26 procenttal
935 1226 29 21 af

219 1256 159 20 skatterubelns
396 1257 66 20 värde
477 1258 67 25 enligt
559 1258 26 20 de
600 1258 60 20 äldre
676 1259 213 26 undervisningarne,
905 1266 57 14 nem-

219 1288 67 26 ligen:
