1042 1709
252 152 12 19 2
436 150 29 22 U.
481 150 27 22 B.
524 162 28 4 —
567 150 74 28 Prop.
657 150 46 23 N:o
718 151 37 22 26.

224 218 163 22 vattendelande
401 218 146 28 landthöjden,
563 226 45 14 som
623 219 7 21 i
645 219 93 21 tekniskt
753 219 99 22 afseende
859 219 71 22 kunde
941 226 34 14 er-

223 253 67 29 bjuda
304 252 69 30 nägra
387 252 94 23 fördelar
496 254 56 20 samt
567 253 108 22 dessutom
690 253 56 21 hade
761 260 26 15 en
802 253 77 22 rakare
889 254 40 22 och
940 252 33 23 sä-

223 288 58 22 ledes
303 287 63 23 äfven
388 288 86 21 kortare
488 287 156 28 utsträckning,
663 294 49 15 men
727 287 28 21 dä
774 287 61 22 dessa
857 288 94 22 fördelar
966 289 7 21 i

223 323 104 28 väsentlig
345 321 50 22 män
413 322 124 28 motvägdes
552 322 25 21 af
589 322 69 21 andra
677 321 81 28 jemväl
776 322 97 21 tekniska
888 322 86 29 olägen-

222 358 67 26 heter,
309 356 67 29 ansåg
394 351 168 34 Öfverstyrelsen
581 357 32 27 sig
631 356 54 22 böra
703 356 57 22 fästa
778 356 83 22 mindre
879 357 45 28 vigt
939 357 34 22 vid

223 392 63 22 dessa
304 391 148 22 förhållanden
471 392 28 21 än
518 391 34 22 vid
571 391 41 22 den
631 391 159 28 omständighet
805 391 24 22 af
841 391 50 22 vida
905 392 70 21 öfver-

222 426 97 28 vägande
333 425 109 28 betydelse
456 428 33 19 att
504 425 41 22 den
558 425 133 22 sistnämnda
700 425 194 28 bansträckningen
905 426 69 22 skulle

222 461 59 22 ledas
300 467 76 21 genom
394 460 40 21 öde
452 460 83 22 trakter
552 460 39 21 der
612 460 63 27 ringa
692 459 52 22 eller
765 460 63 27 ingen
850 460 123 22 lokaltrafik

221 502 51 15 vore
287 496 33 20 att
333 493 107 29 påräkna;
461 495 40 21 och
520 501 45 15 som
583 494 83 21 banans
681 494 142 27 ändpunkter,
838 494 135 23 Nikolaistad

222 530 40 22 och
277 528 109 28 Uleåborg
403 535 51 16 vore
473 528 73 22 alltför
565 535 65 21 svaga
649 528 7 21 i
675 528 124 22 merkantilt
821 529 100 22 afseende
939 530 34 21 för

221 566 32 20 att
271 565 73 20 kunna
361 564 105 27 betrygga
483 557 86 38 banans
582 561 101 28 bestånd,
702 563 71 22 kunde
793 563 48 24 dess
855 563 119 23 inkomster

221 599 46 22 icke
282 605 38 15 ens
334 599 86 21 komma
434 600 32 19 att
481 600 108 19 motsvara
605 597 215 23 trafikkostnaderna.

289 633 41 22 Vid
349 633 99 21 ärendets
467 633 152 28 föredragning
638 632 7 21 i
664 633 121 27 Kejserliga
801 633 92 22 Senaten
908 633 64 22 hafva

220 667 69 29 några
304 669 22 20 at
344 667 26 21 de
385 667 144 26 medlemmar,
547 674 46 15 som
612 667 69 21 bildat
695 667 144 27 pluraliteten,
855 669 70 20 ansett
939 669 32 26 sig

220 703 60 25 böra,
296 702 7 21 i
318 701 219 22 öfverensstämmelse
551 701 49 22 med
611 701 131 22 Ständernas
752 701 35 22 vid
798 704 83 19 senaste
891 702 81 21 Landt-

221 737 42 28 dag
277 735 97 23 uttalade
388 735 136 28 önskningar,
539 735 69 22 tillika
623 734 82 29 påyrka
720 737 32 20 att
765 735 66 28 jemte
847 736 25 21 de
887 736 31 21 uti
928 736 43 21 Nå-

220 771 50 28 diga
285 770 161 28 propositionen
460 771 7 20 i
482 770 90 21 främsta
589 771 92 20 rummet
696 769 33 22 till
743 769 113 29 byggande
871 777 29 14 nu
915 770 56 22 före-

219 806 76 27 slagna
317 805 131 22 bandelarne
468 804 66 22 linien
552 803 49 22 från
619 803 107 22 Wälimaa
740 803 33 22 till
791 803 110 29 Uleåborg
915 812 56 14 sam-

218 840 64 27 tidigt
296 839 69 22 skulle
382 839 110 28 anläggas.
524 839 33 21 De
580 838 123 28 skiljaktiga
721 837 86 29 åsigter,
826 846 46 14 som
889 838 35 23 för
939 839 32 21 öf-

219 875 43 28 rigt
276 874 70 21 blifvit
360 874 8 21 i
382 873 120 28 Kejserliga
512 873 92 22 Senaten
622 872 103 27 uttalade,
744 873 65 22 hafva
826 872 80 23 bestått
925 873 45 22 deri

219 911 32 20 att
258 907 68 30 några
337 908 118 22 ledamöter
462 907 60 28 gifvit
529 907 118 22 företrädet
657 906 22 22 åt
687 907 122 22 kustbanan
816 907 153 22 Tammerfors-

218 941 391 29 Kankaanpää-Wälimaa-Uleäborg,
632 943 56 20 samt
709 941 70 28 några
801 943 68 21 andra
890 943 79 22 uttalat

218 979 41 21 den
277 977 92 28 mening,
389 978 32 20 att
436 976 229 29 jernvägsbyggnaden
680 975 29 29 på
725 976 40 22 den
780 976 109 23 mellersta
903 979 65 20 stam-

217 1013 73 22 banan
310 1011 261 22 Davidstad-Nikolaistad
586 1011 8 20 i
609 1011 91 22 främsta
721 1013 93 20 rummet
828 1011 67 22 borde
910 1011 57 22 brin-

217 1054 39 21 gas
270 1046 33 22 till
322 1045 69 26 stånd,
407 1045 40 22 och
466 1047 32 20 att
512 1045 84 22 arbetet
611 1045 68 22 skulle
693 1045 110 28 begynnas
817 1046 36 21 vid
868 1045 41 23 den
925 1048 43 19 ost-

216 1081 45 28 liga
283 1080 144 28 ändpunkten.
460 1080 113 21 Dessutom
592 1079 56 22 hade
667 1080 113 22 afvikande
802 1081 111 28 meningar
932 1083 35 26 egt

216 1123 48 14 rum
286 1114 134 23 beträffande
441 1113 133 28 tidpunkten,
597 1113 28 22 då
647 1113 83 23 arbetet
749 1114 34 22 för
801 1114 26 22 de
844 1114 123 28 föreslagna

216 1149 143 23 bandelarnes
376 1148 112 29 byggande
505 1148 68 22 borde
591 1148 92 28 vidtaga,
698 1149 7 20 i
725 1148 36 22 det
782 1147 69 30 några
871 1148 94 23 ledamö-

215 1186 33 20 ter
262 1183 30 28 på
309 1183 121 22 financiella
448 1183 89 22 motiver
559 1184 70 20 ansett
647 1182 32 29 sig
697 1183 54 22 böra
769 1182 126 29 vilkorligen
914 1183 52 22 eller

216 1217 137 29 ovilkorligen
369 1217 95 28 afstyrka
479 1217 29 22 all
522 1217 144 28 banbyggnad
681 1217 46 22 före
744 1218 64 21 nästa
822 1217 110 28 landtdag.

283 1251 85 22 Efteråt
381 1252 56 20 hade
451 1251 139 27 fullständiga
610 1251 299 28 undersökningshandlingar
929 1254 35 19 rö-

214 1286 67 21 rande
295 1285 73 22 banan
384 1284 291 22 Tammerfors-Kuivasmäki
697 1284 34 21 till
741 1285 120 27 Kejserliga
871 1285 92 22 Senaten

213 1319 118 22 inkommit.
350 1318 125 23 Kostnaden
492 1318 34 22 för
546 1318 123 22 densamma
683 1318 41 21 har
743 1314 169 33 Öfverstyrelsen
929 1320 34 21 för

213 1355 50 28 väg-
274 1353 40 23 och
324 1353 307 22 vattenkommunikationerna
641 1352 106 23 beräknat
756 1353 33 22 till
801 1355 89 25 120,822
901 1354 62 22 mark

212 1389 8 21 i
234 1388 101 23 medeltal
349 1388 34 22 för
397 1388 75 28 hvarje
485 1389 58 20 verst
557 1387 24 22 af
593 1387 78 27 banan,
681 1388 65 22 hvars
755 1387 50 23 hela
814 1389 148 28 utsträckning

212 1422 54 23 efter
281 1422 91 23 slutförd
386 1421 159 29 undersökning
559 1422 40 22 och
614 1421 113 23 afvikande
741 1421 50 23 från
806 1422 41 22 den
860 1423 8 21 i
877 1422 87 30 Nådiga

211 1457 161 30 propositionen
393 1456 104 29 uppgifna
517 1456 75 23 siffran
614 1456 108 24 befunnits
743 1464 53 16 vara
815 1456 68 27 132!/2
897 1460 63 21 verst.

276 1493 91 31 Jernvägs-
374 1493 84 31 Utskottets
469 1497 109 18 betänkande.
