1042 1706
402 139 56 25 N:o
478 140 52 24 33.
800 145 13 20 3

92 206 38 22 der
146 207 66 21 sädan
226 208 153 28 undervisning
394 209 65 21 redan
475 212 24 18 är
514 210 148 27 föreskrifven,
674 213 57 25 utan,
743 218 34 14 om
787 212 52 26 möj-

92 240 46 27 ligt,
161 240 61 22 äfven
237 242 7 20 i
259 242 100 21 Kronans
382 243 70 26 öfriga
474 243 227 28 fängvärdsanstalter,
725 246 56 20 samt
800 247 38 23 att,

91 274 71 21 såsom
185 282 25 14 en
233 275 53 28 följd
308 276 67 26 häraf,
391 277 7 20 i
414 276 43 22 alla
478 278 144 26 nyssnämnda
647 279 104 20 anstalter
766 278 73 21 skolor

91 310 113 25 uppsättas
220 309 38 21 och
275 310 86 26 dugliga
376 310 70 22 lärare
462 311 34 20 vid
512 312 47 20 dem
574 312 114 26 anställas;

163 344 33 20 4:0
219 344 32 20 att
273 343 232 28 fängelsebiblioteker,
528 346 132 21 omfattande
682 346 47 22 icke
748 346 91 22 allenast

92 376 100 22 andakts-
209 378 38 20 och
263 378 128 22 skolböcker
406 380 51 20 utan
473 379 61 22 äfven
550 380 88 21 skrifter
654 380 22 21 af
685 382 65 20 annat
760 381 80 27 nyttigt

91 410 99 27 innehåll,
206 412 92 21 inrättas
313 412 7 20 i
336 412 42 21 alla
393 412 99 22 Kronans
508 413 230 27 fångvårdsanstalter;

162 446 33 20 5:0
212 447 32 20 att
259 446 141 21 helsovården
416 448 5 20 i
438 447 64 21 dessa
516 448 104 21 anstalter
635 448 163 22 vidmakthålles
810 449 28 21 el-

90 480 31 21 ler
136 479 125 28 förbättras,
277 480 38 21 der
330 480 77 22 sådant
422 481 42 21 kan
479 481 67 22 finnas
562 482 85 26 nödigt;

162 516 33 20 6:0
214 516 32 20 att
261 515 173 27 kosthållningen
449 516 7 20 i
471 516 250 27 fångvårdsanstalterna
737 518 78 20 ordnas
831 518 6 21 i

90 548 221 22 öfverensstämmelse
322 550 48 20 med
381 550 74 21 dessas
467 550 104 27 syftemål,
584 551 24 21 så
618 552 32 20 att
660 551 96 21 hvarken
764 552 6 20 i
779 551 59 22 tukt-

89 583 68 21 husen
183 583 52 21 eller
254 584 7 20 i
279 584 279 27 ransakningsfängelserna
584 585 118 27 medgifves
726 586 40 21 den
789 586 49 21 obe-

89 617 104 21 hindrade
208 618 129 27 gemenskap
354 619 90 21 emellan
459 618 108 27 fångarne,
583 619 87 21 hvartill
686 620 26 20 de
727 620 111 21 såkallade

90 652 115 21 artellerna
221 652 52 21 eller
287 652 114 26 fångarnes
416 652 224 28 kosthållningsbolag
650 653 57 27 gifva
718 653 120 27 anledning,

90 685 39 22 och
144 686 19 27 ej
179 686 68 22 heller
261 686 37 22 det
313 686 146 28 köpslagande
474 687 47 21 från
536 687 114 27 fångarnes
666 688 48 20 sida
728 694 34 14 om
778 687 60 22 födo-

91 722 81 24 ämnen,
189 726 46 15 som
251 727 25 14 ur
291 721 64 21 dessa
369 721 88 21 arteller
473 721 85 21 erhållit
574 721 38 21 sitt
626 721 90 27 upphof;

162 756 32 19 7:0
211 756 32 20 att
257 754 48 22 icke
319 755 57 21 blott
385 755 124 26 tukthusen,
520 757 51 19 utan
582 755 62 21 äfven
655 755 184 27 länsfängelserna

90 789 39 21 och
152 789 66 21 andra
241 791 70 19 större
333 789 155 27 kronohäkten,
512 796 45 15 som
575 790 115 21 framdeles
709 790 71 21 kunna
796 790 42 21 till-

90 824 91 26 komma,
198 824 74 21 ställas
288 824 68 21 under
371 824 87 26 ledning
468 824 23 21 af
500 824 126 26 tillräckligt
636 824 103 26 aflönade,
751 824 86 27 insigts-

89 858 59 26 fulla,
172 858 85 21 bildade
280 858 39 22 och
334 859 92 20 redbara
441 858 147 22 föreståndare
604 858 48 22 med
668 858 84 21 biträde
767 858 23 21 af
804 865 33 14 or-

90 892 81 27 dentlig
190 892 39 21 och
248 892 85 27 pålitlig
349 894 55 20 samt
420 892 85 22 derföre
517 892 78 27 jemväl
612 892 126 27 tillräckligt
753 892 85 21 aflönad

90 926 115 27 betjening,
221 926 87 22 hvilken
323 926 6 21 i
345 926 90 22 tukthus
451 926 33 21 för
500 927 89 25 qvinnor
604 930 56 18 samt
675 927 6 19 i
697 926 71 26 öfriga
778 926 60 27 fång-

90 960 181 22 vårdsanstalters
294 960 135 27 afdelningar
451 960 34 21 för
507 966 81 16 samma
607 960 43 21 kön
668 960 73 26 borde,
757 960 34 21 för
806 962 32 18 att

89 994 47 22 icke
160 994 48 22 såra
230 994 161 28 blygsamheten
411 994 51 22 eller
478 995 68 21 lemna
562 994 85 22 tillfälle
663 994 32 21 till
711 994 126 26 osedlighet,

89 1029 33 21 till
138 1030 69 20 större
223 1029 62 21 delen
299 1030 90 25 utgöras
405 1028 22 22 af
443 1029 95 27 qvinnor,
554 1035 48 15 men
618 1028 32 21 för
667 1028 65 27 öfrigt
747 1028 24 21 af
784 1028 53 27 gifta

90 1064 58 24 män;

147 1097 33 21 8:0
196 1098 33 20 att
245 1097 58 21 såväl
318 1097 36 20 vid
369 1097 90 21 tukthus
475 1103 45 15 som
536 1097 35 20 vid
586 1096 127 21 länshäkten
730 1095 38 22 och
784 1096 53 21 Kro-

89 1137 53 15 nans
158 1131 69 26 öfriga
242 1132 48 21 med
306 1132 48 21 dem
369 1131 111 21 likställda
495 1131 106 27 fängelser
616 1131 103 21 tillsättas
735 1131 26 21 de
776 1131 7 20 i
794 1130 42 21 för-

89 1165 118 27 ordningen
225 1165 24 21 af
265 1166 41 21 den
325 1167 27 20 26
371 1165 120 22 November
512 1166 59 25 1866,
588 1171 34 15 om
637 1165 163 26 verkställighet
816 1164 23 21 af

89 1199 145 26 frihetsstraff,
250 1199 130 21 föreskrifna
395 1199 239 26 fängelsedirektioner;
649 1199 39 20 och

160 1235 33 19 9:0
216 1235 38 24 att,
277 1233 32 21 till
333 1233 86 26 ledning
441 1233 34 20 för
494 1234 127 25 tjenstemän
638 1233 37 20 och
692 1232 94 27 betjente
802 1231 34 22 vid

89 1267 255 27 fångvårdsanstalterna,
361 1273 41 21 nya
417 1267 240 26 fängelsereglementen
669 1266 103 26 utfärdas,
783 1272 53 21 upp-

89 1302 75 27 gjorda
180 1301 66 27 enligt
261 1302 36 20 det
313 1301 203 28 fångvårdssystem,
532 1307 46 16 som
588 1301 7 21 i
606 1301 62 21 dessa
684 1301 104 20 anstalter
802 1300 35 21 til-

88 1337 89 26 lämpas.

161 1370 10 20 I
183 1369 222 22 öfverensstämmelse
415 1369 48 21 med
474 1369 55 21 hvad
539 1368 110 22 ofvanföre
660 1368 70 21 blifvit
740 1368 95 25 nämndt,

90 1403 63 22 hafva
167 1403 140 22 Komiterade
321 1404 78 21 främst
408 1403 98 21 förordat
517 1403 140 27 erforderliga
668 1402 74 27 anslag
752 1402 33 21 till
796 1402 41 21 den

90 1438 69 22 första
180 1438 168 27 uppsättningen
371 1438 22 22 af
414 1438 73 22 skolor
509 1438 39 21 och
562 1438 128 21 verkstäder
704 1437 58 22 inom
777 1436 60 27 fång-

89 1472 204 28 vårdsanstalterna,
317 1472 110 23 äfvensom
449 1475 32 21 ett
498 1472 118 23 understöd
630 1472 34 22 för
679 1471 122 23 inrättande
816 1471 23 22 af
