1059 1706
244 144 12 20 4
379 146 26 18 U.
421 146 30 16 B.
467 154 28 4 —
509 145 81 21 Prop.
607 144 45 17 N:o
667 144 28 16 30
710 148 34 14 m.
760 142 26 18 fl.

214 210 82 27 gångar
311 210 71 20 dertill
396 209 67 27 förslä
478 209 61 21 skola
556 208 112 25 anskaffas,
685 208 203 21 öfverensstämmer
904 208 49 20 med

215 244 40 21 den
277 244 115 26 grundsats
415 250 44 14 som
481 243 65 21 sedan
561 242 70 22 sekler
646 242 56 20 varit
717 242 81 21 erkänd
813 241 7 21 i
836 242 37 20 vär
888 242 64 20 stats-

215 279 43 19 rätt
272 278 7 20 i
294 278 60 26 fräga
370 284 33 14 om
419 278 77 26 gärder
512 276 51 22 eller
578 276 124 26 bevillning,
722 276 106 26 nämligen
844 277 32 19 att
892 277 61 19 extra

214 312 115 27 tillgångar
353 312 76 21 endast
444 312 28 20 dä
486 311 60 21 skola
561 310 114 26 anskaffas,
690 312 109 24 temporär
814 310 140 26 beskattning

215 346 76 21 endast
313 346 27 20 då
362 352 40 20 ega
424 352 54 19 rum,
500 346 38 20 när
561 346 82 20 statens
665 350 50 15 vare
738 344 34 26 sig
790 344 96 20 normala
901 343 53 21 eller

211 380 109 26 tillfälliga
334 380 90 26 utgifter
438 380 48 21 icke
501 379 71 21 kunna
588 378 124 22 derförutan
728 378 117 21 bestridas.

279 426 41 21 För
340 427 32 19 att
386 425 73 22 kunna
473 424 75 27 pröfva
564 424 39 22 och
618 424 96 26 bedöma,
730 424 107 21 huruvida
852 424 101 20 statsver-

213 461 47 20 kets
280 460 116 26 tillgångar
418 459 111 26 verkligen
546 459 47 20 icke
608 458 68 21 förslå
690 458 34 20 till
740 458 26 20 de
781 464 30 14 nu
825 457 128 26 ifrågasatta

212 501 42 20 nya
275 493 108 27 anslagen,
406 493 108 21 erfordras
528 493 48 20 icke
591 492 57 21 blott
662 492 122 20 kännedom
800 498 33 15 om
850 493 102 19 statsver-

211 528 48 21 kets
274 527 104 27 ställning
392 527 36 20 vid
442 527 60 20 tiden
516 526 46 21 före
577 526 170 26 landtdagsåret,
764 527 51 19 utan
830 525 40 21 ock
886 532 26 15 en
926 526 28 26 på

212 563 108 26 möjligast
335 561 64 22 säkra
413 561 61 21 fakta
488 561 59 27 bygd
561 561 213 26 förslagsberäkning
789 560 33 21 för
838 561 42 20 den
894 560 58 21 kom-

211 596 77 21 mande
311 595 189 27 femårsperioden,
522 595 138 26 upptagande
682 595 143 20 statsverkets
841 595 113 20 sannolika

211 630 118 21 inkomster
344 630 40 21 och
399 629 96 26 utgifter,
510 635 51 14 vare
576 629 33 26 sig
624 629 7 20 i
646 635 82 14 summa
736 629 33 20 för
781 629 26 20 de
818 631 12 18 5
840 629 51 20 åren
902 629 52 20 eller

211 665 7 21 i
226 664 100 21 medeltal
341 664 34 21 för
390 663 52 21 året.

278 704 115 27 Uttrycket
408 702 118 21 statsverket
541 703 43 20 kan
600 709 62 14 anses
678 702 91 21 omfatta
778 702 58 21 såväl
847 702 107 21 allmänna

212 737 134 22 statsfonden
370 743 44 14 som
436 736 165 21 militiefonden.
637 737 43 20 För
696 736 41 20 den
753 736 133 21 sistnämnda
902 738 29 23 är,
947 736 6 20 i

213 771 79 26 nådiga
306 770 161 27 propositionen
482 776 35 15 n:o
533 770 32 25 41,
581 770 49 21 med
646 769 115 26 anledning
776 769 24 21 af
812 770 141 26 värnepligts-

212 805 109 26 förslaget,
336 804 114 21 meddelad
465 810 26 15 en
506 803 202 27 budgetberäkning
723 803 33 21 för
765 803 146 26 1878—1882,
919 803 34 21 till

211 839 119 21 utredande
344 839 24 20 af
381 839 36 20 det
432 838 84 27 belopp,
532 845 45 14 som
594 838 108 27 Styrelsen
718 840 72 19 ansett
805 837 103 28 behöfligt
921 840 32 18 att

211 873 21 21 få
254 873 23 21 af
298 872 120 22 Ständerna
436 872 104 22 anvisadt.
571 872 62 21 Hvad
649 872 98 21 deremot
762 872 108 21 allmänna
885 873 64 20 stats-

213 907 79 22 fonden
307 907 138 26 vidkommer,
461 907 39 21 har
515 907 70 26 någon
601 907 67 21 sådan
683 907 120 26 beräkning
819 906 48 22 icke
876 907 75 26 delgif-

211 942 41 21 vits
285 941 121 22 Ständerna
432 941 52 21 eller
504 941 150 21 statutskottet
677 941 52 21 eller
752 947 37 14 ens
812 941 72 21 blifvit
899 947 52 20 upp-

212 975 68 27 gjord.

279 1015 114 21 Allmänna
415 1015 135 21 statsfonden
565 1017 23 19 är
604 1015 119 21 emellertid
732 1015 221 26 hufvudafdelningen

210 1049 24 21 af
254 1049 41 21 den
317 1049 69 20 finska
407 1049 170 26 statsbudgeten.
616 1049 42 20 Det
673 1050 23 19 är
715 1049 23 20 af
752 1049 26 20 de
794 1049 69 20 under
883 1049 71 21 denna

210 1083 51 20 fond
283 1084 109 25 upptagna
414 1083 128 26 tillgångars
564 1083 40 20 och
626 1082 102 26 utgifters
743 1083 85 26 belopp,
851 1089 45 14 som
916 1083 37 20 det

210 1117 148 26 förnämligast
372 1116 69 27 beror,
456 1117 109 20 huruvida
582 1116 118 27 bevillning
716 1116 114 21 erfordras.

277 1157 75 21 Ehuru
374 1157 18 26 ej
415 1157 7 20 i
438 1156 105 27 grundlag
558 1156 145 27 uttryckligen
722 1156 144 27 föreskrifvet,
883 1157 69 21 skulle

210 1191 37 22 det
268 1191 56 21 dock
338 1191 47 21 med
409 1191 49 21 dess
473 1191 55 21 anda
543 1191 39 21 och
597 1191 85 26 mening
698 1191 198 25 öfverensstämma,
919 1197 33 15 om

211 1225 115 28 Styrelsen,
343 1225 28 22 då
385 1225 39 22 hos
440 1225 120 22 Ständerna
577 1226 63 21 äskas
655 1225 211 27 bevillningsanslag,
882 1225 71 21 tillika

210 1259 84 26 afgåfve
316 1265 32 20 en,
364 1265 34 14 om
412 1259 40 20 ock
466 1259 56 21 blott
537 1259 156 26 approximativ
709 1259 116 26 utredning
840 1259 110 26 angående

210 1292 156 26 bevillningens
380 1292 140 26 behöflighet.

277 1332 34 21 Då
328 1332 25 22 så
369 1332 47 22 icke
436 1332 64 27 skett,
519 1339 48 14 men
590 1332 162 22 statsutskottet
768 1334 71 20 ansett
854 1333 34 26 sig
902 1333 47 22 icke

210 1367 73 20 kunna
297 1366 43 21 till-
356 1367 53 21 eller
424 1367 97 26 afstyrka
536 1367 126 21 anvisandet
677 1367 23 21 af
714 1368 61 20 extra
790 1367 116 27 tillgångar
916 1368 33 21 för

210 1401 126 21 kommande
350 1401 150 26 finansperiod,
515 1402 52 20 utan
582 1402 34 20 att
630 1401 54 21 först
699 1401 65 21 hafva
778 1401 56 22 visat
845 1401 55 22 huru
910 1402 39 21 all-

210 1437 78 20 männa
302 1434 145 23 statsfondens
462 1435 63 22 debet
540 1435 40 21 och
594 1435 72 21 kredit
681 1435 109 22 sannolikt
800 1436 72 21 skulle
884 1436 64 22 ställa

211 1470 33 26 sig
260 1469 67 21 under
342 1475 79 16 samma
435 1469 38 27 tid,
485 1470 39 21 har
538 1469 108 22 utskottet
660 1469 101 28 uppgjort
776 1470 67 21 sädan
856 1470 92 27 budget-

277 1514 135 19 Statsutskottets
425 1515 104 18 betänkande
540 1514 34 17 N:o
587 1515 27 18 12.
