1042 1711
241 145 27 19 48
428 143 25 22 U.
469 143 27 22 B.
512 155 26 4 —
554 143 73 28 Prop.
643 143 45 22 N:o
703 144 37 24 26,

212 210 106 23 förbehåll
336 213 32 19 att
384 211 186 28 jernvägsarbetet
589 211 67 22 skulle
671 210 140 29 påbegynnas
825 211 46 21 före
885 209 76 29 utgån-

212 253 40 20 gen
268 245 24 21 af
306 245 24 22 år
346 247 61 24 1878,
423 245 112 22 hvarutom
551 245 106 22 särskilda
671 245 188 22 landskommuner
874 245 87 22 förbun-

212 280 31 20 dit
268 280 33 28 sig
322 280 34 21 till
377 280 77 28 bidrag
475 281 7 20 i
506 280 137 28 dagsverken,
664 281 120 27 penningar
802 281 40 20 och
861 279 100 25 trävirke,

211 314 71 22 hvilka
297 314 71 22 såsom
382 314 106 22 beroende
505 315 24 21 af
541 314 152 28 folkmängden
708 315 47 21 icke
769 315 73 21 kunna
856 314 32 22 till
899 314 62 21 deras

213 349 65 22 värde
292 357 57 21 noga
363 349 135 22 bestämmas.
528 349 42 22 För
588 349 65 28 öfrigt
670 349 40 22 har
729 349 34 22 vid
782 348 69 29 några
871 349 24 21 af
913 349 48 21 sist-

212 384 94 22 nämnda
324 386 73 26 poster
416 384 36 22 det
470 384 68 22 vilkor
552 384 69 22 blifvit
636 384 81 22 fästadt
732 386 33 20 att
776 384 187 28 jernvägsarbetet

211 419 67 22 borde
293 419 87 28 vidtaga
394 419 58 21 inom
468 419 42 21 fem
526 417 30 24 år.

280 454 57 21 Utan
353 453 77 22 officiel
444 454 133 28 uppmaning
592 453 64 22 hafva
672 454 108 21 dessutom
790 454 42 22 tolf
839 453 71 22 lands-
921 454 40 22 och

211 490 33 20 tre
258 489 191 26 stadskommuner,
465 488 92 22 räknadt
572 487 48 22 från
635 488 66 22 Alavo
717 490 88 25 österut,
821 489 94 27 erbjudit
929 489 33 27 sig

211 525 32 20 att
261 524 7 21 i
287 523 52 22 flere
357 523 80 22 former
456 523 39 21 och
511 523 170 22 modifikationer
696 523 91 28 bidraga
801 523 33 22 till
849 523 113 28 byggande

212 557 44 22 dels
278 558 25 21 af
324 558 40 21 den
386 557 109 22 mellersta
514 558 127 21 stambanan
661 558 44 21 dels
725 558 24 21 af
765 565 26 14 en
808 558 57 21 bana
881 557 80 28 dragen

210 594 77 20 norrut
302 591 48 22 från
366 592 31 21 S:t
411 592 85 27 Michel,
513 592 48 22 med
577 592 138 28 dagsverken,
731 592 100 28 sleepers,
842 592 119 28 penningar

211 627 51 21 eller
277 626 130 22 kostnadsfri
423 627 167 27 expropriation,
607 626 66 28 jemte
688 626 36 22 det
738 626 37 22 två
789 627 125 21 kommuner
928 626 33 22 för

211 660 123 23 ändamålet
349 661 93 28 anslagit
458 661 61 22 deras
535 661 63 22 andel
612 661 8 21 i
629 661 187 22 bränvinsskatten
827 661 33 21 för
871 661 41 22 viss
922 662 38 25 tid,

211 696 35 22 två
261 696 51 22 eller
327 696 42 22 fem
384 695 31 27 år,
431 698 56 19 samt
502 703 26 14 en
543 696 24 22 af
581 696 46 21 dem
643 696 101 21 särskildt
755 697 76 25 15,000
841 696 62 21 mark
913 696 48 21 med

211 731 67 21 vilkor
293 732 32 20 att
341 731 40 21 den
396 730 108 22 mellersta
519 730 127 22 stambanan
662 731 7 20 i
684 730 91 22 främsta
789 732 92 20 rummet
893 730 68 22 skulle

211 765 86 22 komma
312 767 32 20 att
359 765 109 27 anläggas.

279 800 59 21 Enär
356 800 26 21 de
400 799 91 22 sålunda
508 800 109 21 utlofvade
635 800 104 27 bidragen
757 801 8 20 i
780 798 134 23 förhållande
929 800 32 21 till

211 834 49 22 hela
274 834 119 22 kostnaden
408 834 34 21 för
454 834 286 27 jernvägsanläggningarne
758 834 67 21 måste
841 841 61 15 anses
913 834 48 22 obe-

211 868 88 28 tydliga,
314 869 41 21 har
370 868 109 21 Utskottet
494 868 69 21 funnit
579 870 32 20 att
626 868 62 21 dessa
703 868 46 21 icke
760 868 71 21 kunna
841 869 73 21 utöfva
924 867 37 22 nå-

212 905 37 26 got
266 903 117 28 inflytande
400 901 30 29 på
447 903 171 21 bestämmandet
636 902 95 22 hvarken
750 903 25 20 af
792 902 107 22 banornes
913 902 48 29 läge

212 937 51 22 eller
278 937 59 22 tiden
352 937 34 22 för
401 937 63 22 deras
479 937 140 28 anläggning;
635 937 40 21 och
691 937 27 21 då
733 937 71 21 dertill
819 937 96 22 kommer
929 939 32 19 att

212 973 25 20 de
252 972 62 22 flesta
328 972 105 27 bidragen
449 972 45 22 afse
509 979 26 14 en
550 972 63 27 bana,
629 979 46 14 som
690 972 67 27 enligt
766 971 120 22 Utskottets
896 971 64 22 tanke

212 1007 87 22 alldeles
313 1007 47 21 icke
375 1007 39 21 bör
429 1007 85 21 komma
529 1007 33 21 till
577 1006 69 27 stånd,
663 1008 32 20 att
709 1006 69 28 några
789 1006 24 21 af
821 1007 48 21 dem
879 1008 38 20 äro
928 1009 32 18 ut-

211 1041 84 22 lofvade
313 1041 108 28 vilkorligt
440 1043 56 20 samt
514 1043 33 20 att
566 1042 35 21 det
616 1041 123 22 tillochmed
753 1041 43 21 kan
811 1048 63 15 anses
889 1041 71 26 ovisst,

211 1083 34 15 om
264 1077 26 21 de
309 1083 75 21 genom
399 1076 98 22 besluten
512 1077 97 21 enskilda
625 1076 138 21 medlemmar
777 1075 78 29 ålagda
869 1075 91 22 tillskott

210 1112 38 20 äro
261 1111 103 27 juridiskt
377 1111 114 25 bindande,
508 1111 63 28 hyser
587 1111 108 21 Utskottet
711 1111 40 21 den
767 1109 55 29 åsigt
837 1112 32 20 att
884 1109 76 28 frågan

210 1152 34 14 om
260 1145 63 22 dessa
336 1144 77 28 bidrag
428 1144 67 23 borde
512 1144 81 23 lemnas
608 1146 54 20 utan
677 1145 40 21 allt
731 1144 115 25 afseende..

278 1249 110 21 Utskottet
405 1248 41 21 bör
464 1248 100 28 slutligen
584 1248 69 21 uttala
671 1249 33 19 sin
723 1246 56 28 åsigt
793 1247 110 28 angående
919 1248 40 20 den

210 1284 52 21 eller
280 1283 26 21 de
321 1282 109 26 bandelar,
451 1288 35 15 om
500 1282 81 21 hvilkas
597 1282 113 28 byggande
725 1283 31 19 ett
771 1281 104 22 definitivt
889 1281 70 22 beslut

210 1326 29 14 nu
253 1317 67 23 borde
335 1316 71 23 fattas.
436 1316 47 22 Den
498 1315 84 29 Nådiga
597 1316 161 28 propositionen
773 1315 90 22 föreslår
879 1316 7 21 i
901 1316 58 22 detta

210 1353 99 23 afseende
330 1352 92 22 linierna
444 1351 291 23 Tammerfors-Kuivasmäki
757 1351 40 22 och
815 1350 144 23 Nikolaistad-

210 1388 120 29 Jyväskylä.
360 1388 42 20 För
418 1387 32 21 sin
466 1386 34 22 del
516 1394 63 14 anser
594 1386 109 22 Utskottet
718 1387 32 21 att
761 1386 40 22 den
811 1386 148 22 förstnämnda

210 1424 65 21 linien
294 1423 39 21 bör
352 1421 82 22 erhålla
452 1423 30 20 ett
500 1422 113 27 vestligare
628 1422 47 27 läge
691 1422 40 21 och
746 1421 59 22 bilda
820 1428 27 15 en
861 1421 51 22 länk
926 1422 31 21 uti

212 1459 40 21 den
266 1457 122 28 föreslagna
403 1456 134 27 stambanan,
553 1457 80 28 dragen
649 1455 47 23 från
711 1456 144 22 Tammerfors
865 1457 93 22 österom

279 1499 91 22 Jernvägs-
374 1498 86 17 Utskottets
472 1498 106 17 betänkande.
