1031 1703
283 134 80 23 Ständ.
378 135 38 22 Sv.
432 147 25 3 —
473 135 70 28 Prop.
557 135 41 22 N:o
612 135 34 22 27.
797 135 14 21 3

98 196 67 22 dande
179 196 24 22 af
215 197 40 21 den
270 196 61 22 andel
346 196 47 22 utaf
405 196 276 29 lagmanstingsgästningen,
697 204 44 14 som
755 197 83 21 komme

97 232 31 20 att
141 230 38 22 hos
194 230 108 29 Styrelsen
323 230 87 26 innestå,
426 233 54 20 samt
501 233 29 20 att
546 230 116 22 Ständerna
681 230 35 22 vid
730 231 59 21 1872
805 230 33 22 års

97 264 98 28 landtdag
216 266 65 26 yttrat
295 264 40 22 den
356 264 59 28 åsigt,
431 266 30 20 att
478 264 40 22 den
540 264 86 22 sålunda
647 264 112 28 besparade
777 264 62 28 tings-

97 298 124 29 gästningen
235 298 70 21 kunde
320 298 76 21 bereda
410 306 26 13 en
455 300 63 26 utväg
535 298 31 21 för
581 298 128 22 anställande
723 298 24 21 af
759 306 26 13 en
800 299 40 27 lag-

97 332 59 22 faren
170 332 93 21 bisittare
278 332 35 21 vid
323 332 172 26 häradsrätterna,
507 340 47 13 men
565 334 30 19 att
608 332 84 21 Eders
706 332 134 28 Majestät,

98 367 26 22 då
139 366 71 29 frågan
225 373 34 14 om
273 373 27 14 en
315 365 58 29 dylik
386 366 104 22 bisittares
509 365 127 23 anställande
655 367 78 21 ansetts
748 374 29 13 nu
792 367 49 21 böra

97 401 88 25 förfalla,
201 401 54 21 velat
269 399 43 23 låta
326 400 48 21 med
387 399 153 29 framställning
553 408 35 14 om
597 400 62 29 sagde
673 400 120 29 besparings
807 409 34 13 an-

98 435 108 23 vändande
228 434 64 27 anstå,
315 434 56 23 intill
389 435 46 22 dess
457 435 103 28 utgången
582 434 24 22 af
618 435 40 21 den
673 434 117 23 Ständerna
804 435 36 22 vid

99 471 68 21 denna
180 469 98 29 landtdag
292 469 104 28 förelagda
414 469 72 28 frågan
501 477 34 14 om
550 477 25 13 en
590 469 34 21 del
638 469 149 22 häradsrätters
802 469 39 22 för-

99 504 88 28 ändring
197 503 32 22 till
239 505 135 27 permanenta
382 503 112 22 domstolar
504 503 39 22 och
556 503 190 22 sammanträdenas
761 503 80 22 ökande

98 540 7 21 i
120 539 65 22 andra
199 539 54 28 finge
269 538 82 27 erfaras,
366 538 39 21 och
420 539 152 28 verkningarne
582 537 22 22 af
617 538 60 21 dessa
691 537 148 30 förändringar,

102 574 36 21 der
153 573 26 22 de
193 573 84 21 komme
290 572 34 22 till
337 572 67 27 stånd,
420 572 54 23 visat
488 572 36 29 sig.

168 607 35 22 Då
217 607 116 22 Ständerna
347 607 36 22 vid
398 607 26 21 de
438 607 64 28 begge
513 606 171 29 nästföregående
694 606 149 29 landtdagarne

100 643 64 22 redan
171 642 75 22 uttalat
253 641 32 29 sig
292 641 31 22 för
331 640 281 29 lagmanstingsgästningens
623 641 136 21 användande
770 641 33 21 till
813 642 31 21 att

101 677 96 22 befordra
211 684 26 13 en
253 677 68 20 bättre
335 674 102 22 rättsvärd
451 675 27 28 pä
492 675 76 25 landet,
584 675 38 21 och
637 674 62 22 äfven
714 675 25 21 de
754 675 13 21 &
782 675 62 28 sagde

102 710 151 30 tingsgästning
275 710 120 28 uppkomna
415 709 138 29 besparingar,
576 708 73 22 hvilka
666 716 29 14 nu
709 708 47 22 icke
773 709 72 21 kunna

102 746 74 22 anlitas
191 744 32 23 för
237 746 30 20 att
282 744 36 22 vid
332 743 166 22 häradsrätterna
514 743 54 22 fästa
582 742 92 30 lagfarne
689 743 99 25 bisittare,
806 743 38 21 lik-

102 781 33 21 väl
150 780 8 21 i
173 788 26 13 en
212 778 85 22 framtid
311 778 58 22 torde
384 776 100 23 erfordras
494 777 32 22 för
536 776 141 29 befrämjande
688 777 23 21 af
719 777 67 29 någon
796 777 48 22 med

104 814 129 22 rättsvården
243 813 12 21 å
265 812 70 22 landet
345 812 202 28 sammanhängande
557 811 83 25 reform,
651 811 62 22 hafva
729 812 117 22 Ständerna

102 850 68 20 ansett
185 848 30 28 sig
229 848 50 20 böra
289 847 7 21 i
306 846 112 28 anledning
434 846 22 22 af
468 846 140 28 nyssnämnda
620 845 75 29 nådiga
709 846 136 22 meddelande

106 882 149 28 underdånigst
269 880 56 30 gifva
340 880 110 22 tillkänna:

240 918 31 19 att
285 914 127 26 Ständerna,
427 921 44 15 som
493 921 51 15 anse
566 914 24 20 de
610 914 14 20 å
639 913 208 29 lagmanstingsgäst-

173 951 79 27 ningen
275 950 120 26 uppkomna
416 948 36 22 och
466 950 30 20 än
510 948 72 22 vidare
604 948 87 21 skeende
710 948 138 28 besparingar

170 984 137 29 fortfarande
322 984 50 21 böra
382 982 115 29 förräntas
511 982 40 28 för
566 984 30 20 alt
610 983 8 20 i
632 983 69 21 sinom
721 983 32 21 tid
771 984 77 20 använ-

175 1020 39 21 das
230 1019 39 28 för
291 1018 24 21 de
337 1018 106 25 ändamål,
466 1018 33 21 till
520 1017 81 22 hvilkas
623 1016 145 28 befrämjande
786 1017 64 27 sagde

175 1053 156 28 tingsgästning
347 1052 67 21 redan
436 1051 36 22 vid
488 1051 130 28 föregående
638 1051 127 27 landtdagar
779 1051 69 28 blifvit

174 1087 97 26 bestämd,
291 1087 54 26 vilja
359 1087 9 20 i
384 1085 169 28 underdånighet
572 1085 87 27 afvakta
677 1085 40 21 den
731 1085 119 27 framställ-

175 1123 52 26 ning
241 1123 9 19 i
265 1123 75 24 ämnet,
355 1127 44 15 som
422 1120 64 27 enligt
507 1119 40 22 den
561 1119 80 27 nådiga
652 1119 159 27 propositionen
825 1120 26 20 är

180 1157 31 20 att
224 1157 80 20 emotse.

176 1201 101 21 Finlands
293 1200 89 24 Ständer
397 1199 117 22 framhärda
529 1201 37 20 ete.

177 1246 137 29 Helsingfors,
330 1246 40 21 den
385 1246 13 20 3
414 1245 116 21 December
546 1245 60 21 1877.
