1045 1706
229 133 12 19 w

519 131 53 22 N:o
590 131 51 21 26.

259 201 32 18 att
309 199 127 25 Ständerna,
452 198 34 21 för
505 198 134 21 anställande
659 198 22 20 af
696 198 165 21 instrumentala
876 198 78 21 under-

203 233 117 26 sökningar
338 233 23 21 af
376 232 131 21 sistnämnde
526 234 33 19 tre
575 232 124 26 stamlinier,
716 232 94 26 anslagit
829 238 25 15 en
871 238 83 15 summa

203 267 23 21 af
239 268 91 25 200,000
346 267 61 20 mark
422 267 7 20 i
445 268 31 19 ett
491 266 33 21 för
540 266 44 26 allt,
601 267 32 19 att
648 266 52 26 utgä
716 266 23 20 af
752 266 200 26 bränvinsskatten;

259 302 32 20 att
307 301 41 21 den
367 300 170 21 österbottniska
556 300 70 21 banan
642 300 47 21 frän
709 300 143 21 Tammerfors
868 301 33 21 till
916 301 38 20 Ni-

202 335 108 21 kolaistad
326 335 39 21 och
381 334 109 26 Uleäborg
504 334 78 21 främst
596 334 67 21 borde
679 334 90 21 sälunda
785 334 143 26 undersökas;

259 371 32 19 att
307 369 88 21 dernäst
414 369 111 21 enahanda
543 368 186 27 undersökningar
748 369 67 21 borde
831 375 65 20 egnas
913 370 41 20 den

202 404 110 21 mellersta
328 404 39 20 och
383 404 40 20 den
440 405 59 19 östra
515 404 136 22 stambanan;
668 403 88 21 hvarvid
766 404 68 20 borde
844 404 110 26 iakttagas

202 440 38 25 att,
257 438 6 21 i
282 438 103 21 händelse
405 438 63 21 dessa
487 438 22 20 af
528 444 25 15 en
573 438 51 21 eller
643 444 70 14 annan
733 438 64 21 orsak
817 438 46 21 icke
882 438 72 21 kunde

202 473 46 21 före
264 474 62 19 nästa
341 473 103 26 landtdag
459 472 138 27 fullständigt
611 472 135 26 verkställas,
758 473 160 26 undersökning
933 473 24 20 af

202 507 40 20 den
262 507 128 26 ifrägasatta
405 507 66 20 linien
494 507 90 20 emellan
603 507 97 20 Joensuu
723 507 38 20 och
781 506 99 27 Piippola
898 506 57 27 finge

202 541 81 20 lemnas
299 541 119 20 tillsvidare
434 541 116 25 beroende;
568 542 55 19 samt

259 577 32 19 att
308 575 121 21 Ständerna
445 575 155 26 underdänigst
616 575 109 26 emotsäge
741 575 37 21 det
793 575 83 21 täcktes
893 575 59 20 Hans

202 609 121 27 Kejserliga
338 609 103 27 Majestät
456 609 5 20 i
479 609 71 21 Näder
566 609 111 26 förelägga
692 609 177 21 nästkommande
884 609 69 21 landt-

202 645 41 25 dag
265 644 115 21 resultatet
402 643 23 21 af
442 643 64 21 dessa
528 644 186 25 undersökningar
735 644 67 26 jemte
821 643 81 27 förslag
920 644 34 20 täl

203 678 149 21 stambansnät
370 677 39 21 och
428 678 33 20 till
482 679 72 24 sättet,
574 678 118 26 ordningen
716 678 38 20 och
774 678 59 21 tiden
851 678 34 21 för
905 678 49 21 dess

204 712 112 21 utförande
340 713 55 20 samt
417 711 230 27 kostnadsberäkning,
670 712 28 26 pä
721 712 36 21 det
785 711 119 22 Ständerna
927 713 27 20 dä

202 746 70 21 Dblefve
295 747 5 20 i
317 746 86 21 tillfälle
426 747 30 20 att
480 745 54 22 fatta
556 746 94 21 beslut
645 741 15 36 i
673 747 70 20 denna
764 746 190 27 maktpäliggande

201 781 166 26 angelägenhet;

260 815 39 20 och
314 814 64 21 hafva
398 814 120 21 Ständerna
537 815 102 26 derjemte
655 814 6 20 i
678 815 171 26 underdänighet
865 815 90 20 anhållit

203 849 36 21 det
262 849 160 20 vederbörande
444 849 137 20 Guvernörer
603 848 67 21 mätte
693 848 119 21 anbefallas
832 850 38 24 att,
889 849 65 20 innan

201 883 141 21 omförmälda
354 882 289 27 jernvägsundersökningar
658 882 138 27 päbegyntes,
811 883 44 20 läta
869 883 35 21 vid
918 883 36 21 be-

202 917 90 26 hörigen
302 917 82 26 utlystä
398 917 227 20 kommunalstämmor
636 917 6 19 i
652 916 25 21 de
689 917 96 22 socknar,
795 923 76 20 genom
882 917 74 21 hvilka

203 951 52 21 eller
270 951 7 20 i
292 951 84 20 hvilkas
392 951 77 20 närhet
482 951 90 26 jernväg
587 950 71 21 kunde
673 950 86 21 komma
774 953 33 18 att
823 951 84 26 dragas,
923 952 32 20 in-

202 985 72 21 hemta
297 985 115 26 utredning
439 985 106 21 huruvida
573 985 63 20 dessa
658 984 127 22 kommuner
807 991 51 15 vore
881 986 74 26 villiga

204 1022 32 18 att
253 1019 111 27 öfvertaga
384 1019 319 27 expropriationskostnaderna
718 1019 34 21 för
764 1020 192 27 jernvägsanlägg-

202 1055 85 25 ningen,
307 1055 56 20 samt
379 1060 33 15 om
429 1054 38 21 och
486 1054 34 20 till
539 1054 56 20 hvad
615 1053 77 28 belopp
708 1054 77 27 bidrag
801 1055 32 20 till
849 1054 107 27 företaget

203 1088 72 21 kunde
294 1094 51 15 vara
364 1089 33 19 att
416 1088 23 21 af
455 1088 154 21 kommunerna
623 1088 109 26 päräknas
745 1089 80 25 jemväl
840 1089 7 20 i
863 1088 55 21 form
933 1089 23 20 af

203 1122 139 26 dagsverken,
358 1122 60 21 virke
434 1122 39 21 och
488 1122 67 21 andra
569 1122 230 26 naturaprestationer.

259 1155 10 21 I
289 1155 115 26 anledning
423 1155 64 21 häraf
504 1155 64 21 hafva
586 1156 49 21 med
654 1155 157 22 ofvannämnda
829 1157 75 27 anslag
922 1157 33 20 in-

202 1189 141 21 strumentala
358 1189 187 27 undersökningar
566 1189 70 22 blifvit
653 1190 133 21 verkställda
801 1193 56 18 samt
871 1191 82 26 kartor,

202 1224 106 26 ritningar
324 1223 38 21 och
378 1223 187 27 kostnadsförslag
580 1224 121 26 uppgjorda
711 1224 33 21 för
755 1226 78 20 tvänne
841 1225 112 27 jernvägs-

201 1257 163 26 anläggningar.

259 1291 47 20 Den
322 1296 40 15 ena
377 1291 23 20 af
414 1291 25 20 de
454 1291 134 21 undersökta
601 1291 92 21 linierna
708 1292 64 26 utgår
782 1292 49 21 från
846 1293 108 21 Tammer-

200 1326 46 21 fors
261 1325 41 22 och
320 1325 96 22 sträcker
436 1325 33 26 sig
487 1325 23 20 åt
528 1326 103 21 nordvest
649 1325 57 22 förbi
721 1326 59 27 Kyrö
795 1327 45 21 fors
857 1327 32 21 till
905 1329 49 19 när-

201 1361 65 21 heten
281 1359 23 22 af
316 1359 148 28 Kankaanpää
480 1359 89 22 sockens
584 1360 75 27 kyrka,
670 1360 83 27 fortgår
767 1361 95 22 derifrån
873 1362 6 21 i
890 1362 64 21 nord-

202 1395 30 26 lig
248 1395 38 20 och
302 1394 120 27 nordostlig
438 1394 95 27 rigtning
548 1401 76 20 genom
641 1395 133 22 österbotten
786 1398 59 19 tvärs
857 1396 59 21 öfver
927 1397 26 20 de

201 1429 38 21 der
258 1428 149 27 framflytande
426 1429 106 20 elfvarnes
550 1429 110 21 mellersta
678 1429 49 27 lopp
748 1430 52 21 eller
819 1431 7 20 i
842 1431 112 21 trakterna

199 1463 25 20 af
244 1463 129 26 Honkajoki,
399 1462 129 27 Kauhajoki,
556 1463 81 26 Ilmola,
664 1463 141 28 Kortesjärvi,
829 1465 124 26 Teerijärvi,
