1053 1709
393 136 52 23 N:o
463 137 49 22 24.
790 139 12 20 9

155 204 45 22 Der
213 204 76 27 ridväg
307 204 67 22 finnes
390 205 33 21 för
438 206 89 20 allmänt
545 206 65 21 behof
622 206 101 26 inrättad,
739 206 35 21 må
789 206 41 21 den

84 238 136 21 underhållas
240 239 55 21 efter
312 239 57 21 hvad
388 239 139 22 Guvernören
541 240 88 27 pröfvar
643 240 74 27 nödigt
732 240 7 21 i
755 240 77 21 sådant

84 272 100 22 afseende
200 273 107 21 förordna.

435 302 10 26 8
461 303 19 19 2.

155 340 60 21 Hvar
229 341 39 20 och
285 347 31 20 en,
333 347 45 14 som
394 341 13 21 å
421 341 72 21 landet
509 343 51 24 äger
574 341 52 20 eller
640 341 81 21 brukar
733 341 7 20 i
751 341 80 21 mantal

84 375 44 20 satt
144 374 56 26 jord,
217 375 24 20 så
259 375 40 20 ock
318 374 137 21 innehafvare
471 375 22 20 af
507 375 123 26 skattlagda
645 376 48 25 torp
710 375 38 21 och
764 375 67 26 utjor-

84 408 45 25 dar,
145 408 61 26 bruk,
222 409 101 26 fabriker,
340 409 70 26 sågar,
425 409 192 26 tullmjölgvarnar,
634 409 146 27 ölbryggerier
794 409 39 20 och

84 442 233 27 bränvinsbrännerier,
334 442 108 22 äfvensom
461 443 88 21 Kronan
567 443 34 20 för
619 443 47 20 sina
682 443 150 26 skogsparker,

84 481 50 16 vare
150 476 84 27 skyldig
249 478 33 19 att
297 477 86 25 deltaga
398 477 7 20 i
420 477 106 21 allmänna
541 479 78 24 vägars
634 477 39 20 och
684 477 35 20 vid
730 477 47 21 dem
793 478 36 19 nö-

85 509 49 27 dige
149 510 75 21 broars
240 511 111 26 byggande
367 511 39 20 och
421 511 118 22 underhåll.

156 544 178 21 Lotshemmanen
353 545 84 20 komma
456 545 64 21 likväl
541 545 38 21 allt
599 545 105 26 framgent
723 546 32 19 att
774 544 58 21 bibe-

85 577 69 22 hållas
170 578 35 21 vid
221 579 47 20 dem
284 579 59 20 förut
358 578 116 22 tillerkänd
488 579 101 21 befrielse
604 579 47 21 från
666 578 112 28 byggande
794 578 39 22 och

86 612 112 21 underhåll
213 613 23 20 af
249 613 104 26 landsväg
368 614 48 20 med
432 613 72 21 dertill
519 613 95 21 hörande
629 613 70 21 broar.

436 675 11 28 $
464 677 18 20 3.

157 715 80 26 Hvarje
252 715 109 27 borgerlig
376 715 100 21 kommun
493 718 62 25 utgör
571 717 32 20 ett
612 716 33 21 för
660 716 32 26 sig
703 715 66 22 skildt
784 717 50 25 väg-

87 749 153 27 byggnadslag,
257 749 81 21 hvilket
353 749 81 27 åligger
450 752 38 24 att,
503 750 54 21 efter
574 750 25 21 de
615 750 99 26 grunder,
726 756 45 15 som
782 750 6 20 i
799 750 11 27 $
822 751 13 20 4

87 784 135 26 bestämmas,
246 784 129 26 landsvägar
397 784 38 21 och
459 784 64 22 broar
545 784 56 22 inom
625 784 210 27 vägbyggnadslaget

87 818 70 26 bygga
176 818 39 21 och
234 818 135 26 underhålla;
386 818 53 21 dock
459 819 34 20 må
513 818 12 21 å
545 818 26 21 de
590 820 63 24 orter,
670 818 38 21 der
726 819 108 25 vägbygg-

88 852 113 27 nadslaget
216 852 33 21 för
264 853 133 20 närvarande
411 853 46 20 icke
473 852 158 22 sammanfaller
641 853 48 20 med
700 853 134 26 kommunen,

89 886 73 21 dervid
184 886 100 21 förblifva
307 887 24 20 så
353 887 62 26 länge
437 886 26 21 de
489 887 251 26 vägbyggnadsskyldige
763 887 73 20 derom

88 921 84 26 sämjas.

160 954 68 21 Anses
245 955 121 26 byggandet
381 955 39 20 och
433 955 135 21 underhållet
578 955 23 20 af
615 955 154 26 landsvägarne
779 955 58 20 inom

88 989 66 26 något
168 989 189 26 vägbyggnadslag
373 989 34 21 för
417 989 117 21 detsamma
550 988 72 21 alltför
632 989 141 26 betungande,
784 989 53 20 kun-

89 1030 27 14 na
131 1023 148 26 angränsande
294 1023 188 26 vägbyggnadslag
497 1023 114 26 förpligtas
627 1024 32 19 att
675 1023 45 20 deri
734 1024 51 25 taga
796 1022 40 21 del.

89 1057 114 21 Likaledes
225 1057 40 25 må,
283 1057 37 20 der
339 1057 154 21 kostsammare
517 1057 37 20 bro
574 1056 147 26 förekommer,
742 1057 96 20 närmast

90 1091 91 26 belägna
202 1091 195 26 vägbyggnadslag,
416 1091 89 20 häradet
529 1091 51 21 eller
599 1091 58 20 länet
679 1090 87 26 åläggas
784 1090 55 21 att
829 1086 14 35 i

89 1125 123 27 byggandet
231 1125 39 20 och
289 1125 135 21 underhållet
442 1124 22 21 af
482 1125 66 20 sådan
567 1125 39 20 bro
627 1124 90 26 deltaga.
747 1124 11 20 I
774 1124 63 21 dessa

90 1159 115 21 afseenden
220 1159 62 26 gjord
298 1159 119 26 ansökning
432 1159 123 20 ankommer
569 1157 28 28 på
613 1157 137 21 Guvernören
759 1159 38 24 att,
809 1157 30 21 ef-

91 1195 32 19 ter
139 1193 6 20 i
162 1193 90 26 stadgad
270 1192 90 27 ordning
379 1193 129 25 föregången
527 1191 165 26 undersökning,
709 1191 75 26 pröfva
800 1191 39 21 och

91 1227 75 26 afgöra
182 1229 61 24 samt,
259 1228 38 20 der
313 1227 46 21 skäl
375 1227 32 20 till
423 1227 60 20 bifall
505 1227 6 20 å
527 1227 123 20 densamma
665 1225 121 26 förefinnes,
802 1225 36 21 be-

92 1263 90 19 stämma
197 1261 72 21 hvilka
284 1261 187 27 vägbyggnadslag
486 1261 55 20 böra
555 1260 34 21 till
605 1259 57 27 dylik
678 1261 49 24 väg-
738 1259 39 21 och
791 1259 48 20 bro-

92 1297 100 27 byggnad
207 1296 144 26 bidraga”och
371 1296 6 20 i
393 1295 54 21 hvad
463 1294 48 22 mån
527 1294 77 21 sådant
620 1294 54 20 skall
691 1294 44 25 ske,
750 1293 90 21 hvarvid

91 1331 101 21 afseende
206 1330 150 25 förnämligast
371 1329 54 21 skall
440 1328 69 21 fästas
520 1328 12 21 å
543 1328 40 21 den
593 1330 62 23 nytta
665 1328 27 20 de
706 1326 132 26 bidragande

93 1364 22 21 af
129 1365 63 20 dessa
206 1366 66 24 vägar
287 1363 52 21 eller
355 1363 64 20 broar
433 1362 135 26 tillskyndas.

163 1397 80 26 Hvarje
261 1396 188 26 vägbyggnadslag
468 1398 24 18 är
508 1396 101 24 obetaget
624 1396 32 18 att
672 1394 47 20 dess
736 1396 49 24 väg-
801 1393 40 21 och

93 1430 281 28 brobyggnadsskyldighet,
391 1429 100 26 antingen
507 1428 34 22 hel
557 1428 38 21 och
611 1427 70 21 hållen
696 1427 51 21 eller
758 1427 33 21 till
804 1429 37 20 nå-

94 1472 42 20 gon
152 1465 40 27 del,
208 1464 23 22 åt
251 1466 139 25 entreprenör
408 1463 94 27 upplåta,
518 1463 52 21 eller
589 1462 40 21 ock
644 1468 33 15 om
696 1462 147 26 fullgörandet
