1039 1706
241 144 26 21 10
404 144 79 22 Ständ.
499 144 36 22 Sv.
551 156 26 4 —
593 144 70 27 Prop.
679 144 40 22 N:o
733 144 35 22 24.

277 206 147 28 ölbryggerier
438 206 37 21 och
489 206 234 25 bränvinsbrännerier,
734 208 29 18 än
773 205 178 22 kostnadsberäk-

278 241 79 27 ningen
372 240 31 27 af
412 240 156 28 vägunderhåll
583 240 36 21 bör
634 239 62 21 hvart
706 240 68 28 femte
789 240 26 20 år
828 240 98 28 förnyas.

587 297 16 27 $
617 298 20 19 5.

345 336 127 29 Byggandet
494 337 36 21 och
552 336 137 22 underhållet
708 336 29 28 af
755 336 66 28 byväg
839 336 47 21 med
904 336 47 21 dess

278 371 64 21 broar
357 371 38 21 och
410 373 103 19 trummor
527 371 84 28 åligger
626 372 102 26 samtliga
744 371 25 21 de
783 370 167 28 lägenhetsinne-

277 404 91 28 hafvare
388 407 54 19 utan
460 405 111 28 undantag
590 404 36 21 och
641 405 70 28 öfrige
725 404 163 21 redanbemälde
902 407 50 26 väg-

278 439 214 28 byggnadsskyldige,
507 446 44 14 som
570 439 33 28 sig
623 438 28 28 af
665 441 66 26 vägen
752 439 88 28 betjena.
870 439 82 21 Delak-

278 473 91 28 tigheten
384 473 8 20 i
406 473 70 21 sådan
491 473 140 28 vägbyggnad
645 473 122 21 bestämmes
778 473 53 28 efter
840 473 111 25 mantalet,

277 514 47 14 men
339 507 46 20 med
401 507 115 28 tillbörligt
530 507 99 28 afseende
639 507 82 28 jemväl
736 508 13 19 å
765 507 39 21 den
815 507 57 21 olika
883 509 69 26 nytta,

277 548 44 14 som
336 541 81 21 enhvar
432 541 28 28 af
471 543 66 26 vägen
553 540 136 29 tillskyndas.

346 575 66 26 Bruk,
424 575 109 28 fabriker,
548 576 72 27 sågar,
637 576 195 27 tullmjölgvarnar,
843 575 109 28 ölbrygge-

278 609 44 21 vier
337 613 56 18 samt
408 610 235 26 bränvinsbrännerier,
659 609 72 21 hvilka
749 610 87 27 deltaga
851 611 9 19 i
874 610 78 21 under-

277 643 67 21 hållet
359 643 27 28 af
399 643 72 28 byväg,
487 643 61 22 skola
563 643 75 22 dertill
653 643 92 28 bidraga
763 643 47 21 med
820 644 131 27 penningar,

278 684 50 19 som,
340 679 32 26 pä
386 680 44 19 sätt
445 680 78 25 vägens
537 678 98 27 delegare
648 677 185 28 öfverenskomma,
844 677 108 28 uppdäras

278 711 38 22 och
332 712 35 21 till
379 714 79 25 vägens
472 711 116 22 underhäll
603 711 118 22 användas.

588 769 15 28 $
618 770 19 20 6.

345 808 117 27 Landsväg
484 807 43 26 bör,
543 808 56 28 efter
618 807 67 28 behof,
701 815 52 14 vara
770 808 58 27 frän
848 809 47 19 ätta
918 807 35 21 till

278 843 44 27 tolf
340 843 72 24 alnar,
428 842 37 21 och
485 842 66 28 byväg
573 843 66 20 minst
657 849 36 14 sex
715 842 65 21 alnar
798 842 51 21 bred
863 842 91 21 emellan

277 877 84 21 dikena.
397 876 45 21 Der
459 878 40 25 väg
521 877 28 27 af
567 883 74 14 annan
662 876 65 21 bredd
746 877 66 20 redan
822 876 81 27 finnes,
918 876 35 21 må

278 911 76 21 dervid
370 910 109 28 förblifva
501 911 60 21 intill
583 910 48 21 dess
652 910 72 21 derom
745 910 140 21 annorlunda
904 910 50 28 för-

278 945 86 21 ordnas.

346 972 20 27 Å
384 980 131 26 guvernören
537 978 123 21 ankommer
679 981 39 24 att,
734 978 54 28 efter
806 978 108 28 pröfning
929 979 28 27 af

278 1012 156 28 samfärdselns
457 1012 90 28 liflighet
569 1012 38 22 och
627 1012 72 22 andra
717 1012 187 28 omständigheter,
920 1013 34 27 af-

278 1049 53 27 göra
346 1046 108 22 huruvida
471 1047 103 28 landsväg
589 1046 56 22 skall
661 1048 34 20 till
707 1047 51 31 hela
768 1047 47 21 dess
826 1046 66 21 bredd
901 1054 53 20 gru-

278 1076 45 42 sas,
333 1081 40 33 och
391 1081 25 21 sä
435 1081 149 25 underhållas,
602 1087 45 15 som
662 1082 7 20 i
683 1082 15 27 $
712 1082 13 20 9
739 1080 147 29 föreskrifves,
902 1082 52 20 eller

278 1122 33 14 om
331 1114 97 28 eftergift
447 1115 131 21 derutinnan
600 1115 35 21 mä
645 1115 40 28 för
699 1116 73 27 någon
787 1115 35 21 del
836 1115 28 27 af
876 1118 76 25 vägens

278 1149 66 21 bredd
359 1156 39 20 ega
413 1156 54 14 rum.

591 1201 16 27 $
621 1202 20 20 7.

346 1240 37 20 Då
404 1247 28 18 ny
448 1240 81 20 allmän
544 1242 40 25 väg
603 1240 57 21 skall
675 1240 87 27 byggas,
778 1241 52 19 eller
844 1241 62 20 äldre
920 1243 34 18 ut-

279 1274 75 27 vidgas
370 1273 35 21 till
424 1274 69 20 sådan
509 1273 66 21 bredd
590 1274 15 27 $
619 1276 14 18 6
648 1274 130 24 bestämmer,
794 1274 43 20 låte
851 1276 103 25 guvernö-

279 1314 44 18 ren,
342 1307 54 28 efter
413 1307 224 22 kommunalstämmas
656 1307 101 26 hörande,
771 1308 37 20 vid
827 1308 128 21 häradsrätt

280 1341 122 22 undersöka
420 1349 32 13 om
468 1342 93 28 behofvet
581 1342 70 28 deraf,
667 1342 108 28 äfvensom
789 1342 115 22 huruledes
919 1343 33 21 så-

280 1376 54 22 dant
348 1376 127 28 lämpligast
489 1376 36 21 och
541 1377 47 21 med
602 1377 80 21 minsta
697 1377 91 21 kostnad
803 1377 43 21 kan
861 1376 91 29 utföras.

347 1411 72 28 Egare
434 1411 52 21 eller
500 1410 141 30 innehafvare
661 1411 27 28 af
694 1412 55 28 jord
765 1419 49 14 vare
824 1412 82 28 pligtig
921 1414 33 20 att

280 1446 61 21 mark
356 1446 36 21 till
406 1446 69 20 sådan
490 1447 40 26 väg
545 1446 91 28 upplåta
651 1453 47 14 men
713 1447 60 26 njute
788 1447 120 28 ersättning
919 1453 34 15 en-

279 1480 39 28 ligt
333 1480 25 21 de
372 1479 103 28 grunder,
490 1486 43 15 som
549 1481 8 20 i
567 1480 162 28 förordningen
739 1481 28 28 af
778 1481 41 21 den
829 1482 29 21 12
867 1481 86 21 Decem-
