1045 1709
302 128 26 19 U.
345 129 30 18 B.
391 138 28 4 —
434 129 81 23 Prep.
531 127 48 21 N:o
597 130 35 18 25.
783 128 26 20 33

470 196 11 26 8
500 196 33 20 23.

430 230 141 21 Oförändrad.

454 292 56 27 Kap.
525 291 22 21 3.

234 324 37 21 Om
286 323 124 30 föreningar
424 325 86 20 emellan
523 323 140 30 yrkesidkare.

471 387 12 28 $
498 387 35 22 24.

231 421 78 20 Idkare
325 420 27 29 af
364 421 149 28 näringsyrken
529 422 8 19 i
551 421 99 21 städerna
664 421 64 26 skola,
740 421 98 28 antingen

158 455 50 21 alla
230 457 131 26 gemensamt,
381 455 50 20 eller
446 455 35 21 ock
497 456 8 19 i
519 455 58 28 högst
593 458 70 17 trenne
676 462 96 21 grupper
787 454 52 28 efter

163 489 84 26 handel,
262 488 176 29 fabriksindustri
452 489 37 21 och
504 489 120 26 handtverk,
641 489 58 20 bilda
716 489 123 28 föreningar

156 530 26 15 -0.
198 530 17 15 S.
230 530 20 15 Vv.
265 523 45 22 lika
324 523 49 22 med
387 524 169 27 propositionen.

469 587 12 27 8
499 587 34 20 25.

232 620 137 21 Oförändrad
383 621 60 20 utom
458 621 53 21 sista
525 626 69 20 mom.,
606 625 44 16 som
662 619 93 22 erhäller
763 619 76 28 följan-

165 654 27 21 de
206 654 92 27 lydelse:

232 688 40 25 De,
286 695 43 13 som
345 687 64 28 enligt
424 688 13 26 $
452 687 14 20 6
481 687 85 21 erhällit
580 687 96 20 tillständ
691 687 34 20 till
742 687 97 26 närings-

154 721 70 29 yrkes
239 721 144 28 bedrifvande,
398 722 37 20 äro
447 721 78 28 jemväl
543 721 117 28 förbundne
675 721 35 20 till
724 721 115 28 utgörande

164 756 28 28 af
210 756 93 21 nämnda
326 755 82 29 bidrag,
430 763 45 14 men
497 756 34 21 det
545 755 119 22 ankommer
679 756 13 20 å
706 755 133 29 föreningens

162 790 136 21 medlemmar
313 793 37 23 att,
365 790 54 28 efter
432 790 163 28 beskaffenheten
608 790 28 28 af
643 790 82 20 sädana
730 796 109 21 personers

162 824 77 21 vandel
262 824 105 28 tillstädja
389 824 50 21 eller
459 824 102 28 förvägra
577 823 45 21 dem
636 823 95 21 tillträde
746 822 34 21 till
794 822 45 29 för-

163 859 96 27 eningens
275 857 182 22 sammankomster
472 858 49 21 eller
536 860 31 18 att
581 858 87 21 rösträtt
682 857 36 20 vid
734 857 104 20 desamma

163 893 79 27 utöfva.

468 927 11 26 8
499 927 34 20 26.

431 959 142 22 Oförändrad.

468 1021 11 28 8
499 1022 34 21 27.

232 1055 136 22 Oförändrad
383 1055 7 22 i
406 1055 65 27 öfrigt
486 1057 59 20 utom
561 1056 32 20 att
610 1055 89 21 framför
715 1054 66 21 orden
797 1054 42 21 *in-

158 1095 39 16 om
212 1089 45 28 sig"
277 1089 13 22 å
304 1089 68 22 första
387 1089 67 22 raden
468 1089 7 21 i
491 1089 68 21 andra
572 1094 62 16 mom.
650 1089 100 20 insättes:
765 1087 9 21 i
789 1087 50 28 laga

164 1123 96 28 ordning.

471 1157 11 27 8
500 1157 34 21 28.

432 1190 142 22 Oförändrad.

456 1253 57 27 Kap.
528 1251 19 22 4.

234 1293 39 21 Om
288 1292 164 29 yrkesbiträden,
467 1292 94 21 arbetare
576 1291 37 21 och
628 1291 111 27 lärlingar.

470 1354 12 27 8
499 1354 35 21 29.

233 1387 136 22 Oförändrad
390 1388 9 20 i
420 1387 67 27 öfrigt
507 1389 60 19 utom
589 1388 33 20 att
638 1392 62 15 mom.
716 1387 12 19 3
743 1385 96 21 kommer

157 1424 41 20 satt
213 1422 62 27 lyda:

166 1468 124 17 Sammansatta
302 1468 37 22 Lag
351 1466 30 19 och
392 1466 85 18 Ekonomi
489 1467 88 17 utskottets
590 1465 103 19 betänkande
705 1464 33 18 N:o
753 1464 17 17 3.

704 1500 10 18 3
