1056 1709
404 139 54 21 N:o
474 139 51 22 24.
793 143 13 20 5

88 204 94 22 ändrade
198 205 162 27 bestämningen
375 207 18 26 ej
410 208 32 20 att
456 208 102 26 medföra,
574 208 56 22 helst
642 208 144 27 Guvernören,
799 216 35 14 en-

87 238 40 26 ligt
142 238 6 20 i
164 238 91 21 berörde
270 239 11 27 $
296 239 82 21 infördt
395 240 124 27 stadgande,
538 241 50 26 kan,
607 241 54 21 efter
676 243 158 26 omständighe-

87 273 62 19 terna
164 272 39 21 och
219 272 151 21 samfärdselus
384 272 96 27 liflighet,
490 274 102 21 förordna
602 275 33 20 till
645 275 55 20 huru
711 277 46 19 stor
767 276 68 20 bredd

87 307 93 24 vägarne
196 305 61 21 skola
272 312 76 20 grusas
364 306 39 21 och
418 307 144 21 underhällas.

158 339 43 21 För
216 339 66 26 öfrigt
296 341 24 19 är
335 339 7 21 i
358 339 45 28 $:en
420 340 76 21 sådant
511 341 75 27 tillägg
601 342 72 26 gjordt
688 344 38 24 att,
743 343 38 20 der
793 345 42 24 väg

88 373 22 20 af
124 379 69 15 annan
208 373 74 26 bredd,
298 375 27 19 än
341 374 40 21 den
396 374 135 27 föreskrifna,
548 376 65 20 redan
629 375 73 27 finnes,
715 376 74 21 dervid
800 377 35 21 mä

87 407 101 21 förblifva
202 407 56 21 intill
274 407 49 21 dess
340 408 72 21 derom
428 409 133 20 annorlunda
576 409 119 22 förordnas.

158 441 136 21 Beträffande
310 441 11 28 &
337 443 11 20 9
364 442 123 21 framhälles
506 444 32 19 att
557 443 26 20 de
598 443 58 21 förra
671 444 93 26 speciela
778 444 56 21 före-

88 475 116 20 skrifterna
226 481 33 14 om
283 477 65 19 sättet
367 475 33 21 för
418 477 104 25 vägarnes
537 477 87 26 lagning
639 479 82 19 ansetts
737 477 98 22 öfverflö-

88 509 55 26 diga,
166 509 98 20 hvarföre
288 509 25 20 de
336 509 110 21 uteslutits
466 510 38 21 och
520 511 78 20 ersatts
614 517 76 19 genom
706 511 78 20 allmän
799 511 36 21 be-

88 543 106 26 stämning
210 549 33 14 om
259 545 104 24 vägarnes
379 543 195 21 vidmakthällande
589 544 7 20 i
612 544 52 25 godt
679 544 65 21 skick.

158 577 120 21 Ständerna
292 577 63 20 hafva
370 579 71 18 ansett
454 577 161 26 bestämningen
630 578 7 20 i
651 578 11 27 $
675 579 25 20 10
711 584 34 15 om
756 578 78 21 krono-

87 611 93 26 betjents
196 613 43 18 rätt
254 613 38 23 att,
309 611 66 20 sedan
390 611 41 20 han
446 611 49 20 lätit
506 612 56 20 emot
572 611 48 26 lega
630 611 130 22 iständsätta
770 612 65 21 brist-

87 645 60 26 fällig
162 647 46 24 väg,
225 646 76 25 genast
316 646 76 25 uttaga
406 645 120 21 kostnaden
541 645 23 21 af
574 645 40 21 den
624 645 211 28 vägbygenadsskyl-

88 679 54 26 dige,
159 679 58 25 böra,
233 679 28 26 pä
277 679 35 20 det
328 679 68 20 denne
412 679 18 26 ej
446 679 34 20 mä
495 679 66 20 blifva
575 679 48 20 med
638 679 97 26 oskäliga
744 679 90 27 utgifter

86 712 75 21 härför
182 713 115 26 betungad,
321 713 78 20 ändras
422 713 80 20 derhän
524 714 32 19 att
575 713 96 20 länsman
686 713 18 27 ej
720 713 57 27 finge
792 713 43 21 slik

87 746 93 21 kostnad
194 747 81 25 uttaga,
291 747 48 20 med
354 747 82 20 mindre
452 747 157 26 kronofogdens
625 747 74 21 ordres
714 747 72 21 dertill
801 749 33 19 ut-

87 781 93 20 verkats.
211 780 104 21 Häremot
336 781 40 20 har
398 781 54 20 dock
472 781 40 21 den
527 781 147 26 betänklighet
688 781 99 26 uppstått
802 783 33 19 att

87 814 205 27 kronobetjeningen
304 815 122 26 isynnerhet
437 815 27 20 dä
475 815 115 26 bristfällig
600 817 52 24 vägs
663 815 171 21 iständsättande

87 848 109 21 erfordrar
212 854 25 15 en
252 849 93 20 kostnad
360 849 33 20 till
408 849 66 26 nägot
492 849 65 26 högre
572 849 84 26 belopp,
672 849 39 20 bör
725 854 52 15 vara
792 849 43 21 för-

87 883 73 20 vissad
176 888 34 15 om
226 884 32 19 att
272 882 47 21 utfä
335 883 146 26 ersättningen
496 883 34 20 för
545 883 25 20 de
586 883 122 26 förskjutna
718 883 116 26 utgifterne

87 917 49 20 med
158 917 79 20 minsta
259 916 91 27 omgång
369 917 39 20 och
422 917 139 26 tidsutdrägt.
591 917 10 20 I
618 916 141 21 betraktande
775 917 61 21 deraf

88 952 32 19 att
142 951 41 20 den
203 951 256 26 vägbyggnadsskyldige,
480 957 33 14 om
528 951 77 20 honom
622 951 57 20 skett
694 952 63 24 orätt,
774 951 60 20 alltid

87 985 39 20 har
148 986 65 25 utväg
236 986 32 19 att
290 985 53 20 söka
364 985 95 25 rättelse,
476 991 62 20 synes
553 984 69 26 någon
638 985 110 20 rättsvåda
763 984 23 21 af
799 984 36 21 be-

88 1019 63 20 rörde
174 1019 148 26 medgifvande
345 1019 18 26 ej
387 1025 51 14 vara
461 1020 31 19 att
510 1019 80 25 befara,
606 1019 56 20 helst
677 1018 33 21 till
726 1018 36 21 det
776 1018 60 21 förra

88 1053 129 26 stadgandet
231 1053 56 26 lagts
304 1053 40 20 den
360 1053 135 26 bestämning
510 1054 32 19 att
556 1052 205 27 kronobetjeningen
773 1052 62 26 skall,

87 1093 76 20 genom
179 1087 139 25 kungörande
333 1087 7 20 i
355 1086 82 27 kyrkan
454 1087 51 20 eller
521 1086 92 21 särskild
628 1086 124 26 tillsägelse,
766 1086 70 21 lemna

88 1121 40 20 den
151 1121 251 26 vägbyggnadsskyldige
424 1120 85 21 tillfälle
532 1122 37 23 att,
589 1126 34 15 om
641 1120 42 21 han
698 1120 37 21 det
750 1120 85 25 önskar,

87 1155 57 21 inom
160 1155 44 20 viss
219 1155 49 20 kort
284 1155 37 25 tid,
337 1156 52 19 utan
407 1155 198 25 utmätningstvång
620 1154 87 27 erlägga
722 1154 115 21 ersättnin-

87 1195 41 20 gen
144 1189 39 20 och
199 1189 123 26 derigenom
336 1188 72 26 undgå
424 1187 257 27 utmätningskostnaden.

159 1223 79 20 Vidare
254 1224 23 19 är
292 1223 65 25 tiden,
373 1223 58 20 inom
446 1222 86 21 hvilken
543 1222 26 20 de
578 1221 258 27 vägbyggnadsskyldige,

88 1257 54 20 efter
161 1257 63 20 skedt
242 1257 145 26 kungörande,
407 1256 67 21 borde
490 1256 62 20 hafva
568 1255 48 21 sina
631 1255 106 26 väglotter
752 1255 85 21 behöri-

86 1297 41 20 gen
143 1290 135 26 iståndsatta,
295 1290 114 21 förändrad
424 1290 47 21 från
488 1289 80 27 fjorton
583 1289 33 20 till
631 1289 46 20 åtta
692 1289 72 26 dagar.

158 1324 74 26 Enligt
248 1324 128 26 stadgandet
390 1324 7 21 i
413 1325 67 20 slutet
494 1323 25 22 af
537 1323 11 26 $
566 1323 24 20 10
606 1322 7 20 i
629 1322 36 20 det
680 1321 58 21 förra
752 1321 89 21 författ-

87 1357 173 26 ningsförslaget,
284 1357 69 20 skulle
375 1357 135 26 vägbyggare
534 1355 63 22 alltid
620 1356 40 24 äga
679 1354 104 26 rättighet
798 1356 39 23 att,

86 1397 34 14 om
143 1391 56 20 blott
221 1390 90 26 tillgång
334 1390 72 25 finnes,
423 1390 54 20 efter
492 1391 104 25 utsyning
611 1387 22 20 af
647 1387 192 26 forsttjensteman,

85 1424 48 21 från
148 1423 200 27 kronoallmänning
361 1424 52 20 utan
424 1424 119 26 ersättning
554 1421 83 23 erhålla
648 1420 59 21 virke
717 1421 34 20 till
760 1421 79 20 broars

85 1458 113 28 byggande
218 1457 39 21 och
276 1457 118 21 underhåll.
424 1457 50 21 Men
492 1457 92 21 nämnda
599 1454 121 26 stadgande
734 1454 40 21 har
789 1453 48 22 från
