1056 1714
224 109 25 20 10
504 108 54 23 N:o
574 108 56 23 30.

193 176 44 26 liga
259 178 76 20 räntan
358 177 13 21 å
393 176 140 22 förenämnda
555 177 108 24 donation,
682 183 47 15 men
749 176 59 22 Hans
824 176 122 27 Kejserliga

193 210 104 27 Majestät
315 212 72 20 ansett
405 211 77 21 sådant
500 211 47 21 icke
566 212 232 20 öfverensstämmande
814 212 48 20 med
877 211 68 25 gifva-

193 250 49 15 rens
258 245 94 27 antydan
368 251 33 15 om
417 245 95 21 medlens
528 245 140 21 användande
684 245 32 21 till
732 245 121 26 grundfond
869 244 34 22 för
918 251 27 15 en

193 280 228 26 pensionsinrättning,
440 279 39 21 har
498 279 61 21 Hans
574 279 122 26 Kejserliga
711 279 108 27 Majestät,
836 280 7 20 i
858 279 87 21 betrak-

193 313 64 21 tande
280 313 62 21 deraf
363 315 32 19 att
414 313 65 21 bland
495 320 25 14 en
536 313 66 21 talrik
617 313 262 21 folkskollärarinneklass
894 313 50 21 tvif-

193 348 99 20 velsutan
311 347 46 21 ofta
375 347 85 21 komma
475 349 32 19 att
522 346 68 22 finnas
606 353 108 20 personer,
731 353 46 15 som
793 353 50 15 vore
858 348 7 20 i
881 347 66 21 behof

193 382 24 21 af
230 382 106 26 tillfälligt
350 382 124 25 understöd,
491 382 71 20 täckts
577 381 77 26 tillåta,
670 383 33 19 att
718 382 33 20 till
767 388 26 14 en
806 381 51 21 fond
867 381 34 21 för
911 383 34 20 ut-

193 416 100 27 gifvande
309 416 22 21 af
345 416 73 27 dylika
432 416 118 21 understöd
566 416 55 26 finge
636 416 23 20 af
672 416 70 20 finska
757 416 108 21 allmänna
874 416 70 21 medel

194 450 71 22 anslås
281 457 26 15 en
323 456 82 16 summa
419 451 8 20 i
443 452 30 19 ett
489 450 34 21 för
538 451 39 21 allt
592 450 23 21 af
628 451 78 25 30,000
721 450 68 21 mark.

265 485 166 27 Ifrågavarande
442 484 23 22 af
473 485 100 21 Friherre
584 484 174 28 Standertskjöld
768 485 107 21 donerade
886 485 58 26 fond,

194 526 46 15 som
261 520 104 21 förvaltas
389 520 24 20 af
432 520 103 20 Finlands
555 519 144 26 Statskontor,
719 519 83 27 uppgår
820 519 34 21 för
869 521 76 19 närva-

193 554 66 21 rande
275 554 34 20 till
323 554 81 20 inemot
419 555 77 24 57,000
511 554 69 20 mark.

265 617 41 21 Till
327 617 130 21 Ständernas
473 618 119 20 kännedom
607 618 40 20 har
662 617 60 21 Hans
738 617 122 27 Kejserliga
878 617 67 27 Maje-

193 653 44 19 stät
252 652 103 26 derjemte
369 652 58 20 velat
442 652 104 25 meddela,
562 653 31 19 att
604 652 146 20 Statsverkets
760 651 116 27 tillgångar
886 652 59 20 med-

193 685 69 27 gifvit,
283 686 37 20 det
338 686 74 26 anslag
428 686 81 20 kunnat
524 686 90 26 beviljas
630 686 33 21 till
680 686 102 21 särskilta
796 686 149 21 kommunika-

193 720 154 26 tionsarbeten,
371 720 84 21 hvilkas
478 720 114 22 utförande
614 720 36 21 vid
673 720 129 26 föregående
817 720 129 26 landtdagar

194 756 81 20 ansetts
291 755 124 20 önskvärdt.
886 778 2 2 N

266 788 95 22 Sälunda
382 788 40 21 har
444 789 60 20 Hans
527 788 121 27 Kejserliga
666 788 108 27 Majestät,
794 789 33 20 för
842 795 104 21 upprens-

194 824 52 26 ning
261 823 40 21 och
315 823 138 27 fördjupning
473 823 22 21 af
508 824 96 20 farleden
620 823 48 21 från
684 825 70 25 öppna
770 823 84 21 Saimen
869 830 78 20 genom

194 858 190 26 Warkaantaipale
403 858 40 20 och
461 858 164 26 Kirkontaipale
641 860 38 18 näs
695 858 33 20 till
744 857 32 21 S:t
791 858 89 20 Michels
897 858 49 20 stad

193 892 34 21 till
243 893 31 19 ett
289 892 50 26 djup
356 892 23 20 af
393 892 33 26 sju
441 892 31 20 fot
482 892 69 20 under
562 892 96 20 Saimens
669 892 70 26 lägsta
750 892 144 25 vattenstånd,
909 892 37 20 nä-

195 926 58 26 digst
267 926 88 26 beviljat
370 927 91 24 400,122
476 926 67 26 mark,
555 926 23 20 af
586 926 82 20 hvilket
679 926 74 26 anslag
763 926 66 21 redan
840 926 106 21 användts

195 961 90 25 358,122
301 960 70 26 mark;
389 960 38 21 och
442 960 42 21 blir
500 961 60 20 detta
574 960 74 21 arbete
665 960 102 21 slutfördt
783 960 67 22 under
863 961 83 20 instun-

195 995 68 21 dande
279 1001 99 15 sommar.

265 1029 43 21 För
323 1029 145 26 kanalisering
483 1029 23 21 af
519 1029 65 21 Pielis
600 1029 30 21 elf
644 1029 40 21 och
698 1030 123 20 inrättande
835 1030 111 20 derstädes

195 1064 23 21 af
231 1063 102 28 itsädant
352 1063 101 21 afseende
467 1064 80 25 nödiga
562 1064 82 20 slussar
659 1064 39 20 har
714 1064 104 26 anslagits
834 1065 113 25 2,635,000

195 1098 68 25 mark,
287 1099 32 19 att
341 1097 52 26 utgå
415 1098 68 20 under
506 1098 74 26 loppet
598 1098 23 20 af
638 1098 34 26 sju
691 1098 30 26 är,
736 1098 94 21 räknadt
844 1098 49 21 från
909 1098 39 21 och

194 1132 49 22 med
265 1132 24 21 är
313 1132 61 25 1874,
397 1132 54 20 eller
469 1132 69 20 under
556 1132 87 20 kortare
662 1132 38 26 tid,
716 1132 72 21 derest
804 1132 142 22 statsverkets

194 1166 116 27 tillgångar
326 1166 78 20 sådant
419 1166 118 26 medgäfve.
567 1166 43 21 För
626 1167 59 20 detta
700 1166 98 21 ändamål
814 1167 40 20 har
868 1166 78 22 hittills

195 1200 104 21 användts
317 1200 112 26 1,100,000
445 1200 67 21 mark.

488 1234 75 27 Enligt
592 1234 60 21 Hans
682 1235 122 26 Kejserliga
833 1235 116 26 Majestäts

398 1267 79 26 nädiga
496 1267 124 26 befallning,
640 1267 72 26 gifven
735 1269 7 20 i
767 1268 32 21 S:t
817 1268 132 27 Petersburg

455 1295 18 13 28
482 1295 69 13 Januari
605 1303 10 6 m

400 1301 40 20 den
456 1314 104 19 Troman
577 1302 61 20 1871.

297 1349 62 21 EM.
375 1348 471 23 ST]JERNWALL-WALLEEN.

537 1388 54 18 Ch.
608 1389 67 16 Em.
693 1389 38 16 af
740 1389 183 17 Frosterus.

309 1447 122 23 Helsingfors,
446 1448 11 17 &
470 1448 105 21 Kejserliga
588 1447 89 18 Senatens
690 1447 87 23 tryckeri,
792 1448 47 17 1877.
