1042 1709
226 142 26 20 36
419 141 29 22 U.
462 141 28 22 B.
507 154 26 3 —
547 141 74 27 Prop.
637 141 44 22 N:o
697 140 36 22 26.

198 209 54 21 hade
268 209 120 21 Ständerna
403 210 35 21 för
454 210 57 21 detta
527 208 99 22 ändamål
641 208 113 28 ifrågasatt
764 209 32 20 tre
807 208 68 25 linier,
885 214 60 14 nem-

197 242 65 27 ligen:
282 245 31 20 1:o
329 250 26 15 en
370 244 57 21 bana
442 244 80 28 dragen
537 242 48 23 från
595 242 143 22 Tammerfors
748 244 77 19 norrut
834 242 49 21 med
893 242 52 21 änd-

197 278 92 27 punkter
306 279 7 20 i
332 278 134 23 Nikolaistad
485 279 39 21 och
544 277 118 28 Uleåborg;
685 279 34 20 2:o
739 277 40 21 den
795 277 151 21 förutnämnda

196 313 108 22 mellersta
319 313 127 22 stambanan
462 313 39 22 och
518 315 33 20 3:0
567 319 26 15 en
607 313 50 20 linie
673 312 116 27 utlöpande
799 311 48 22 från
857 311 89 28 Wiborg

197 348 40 21 och
255 348 49 21 ledd
323 349 33 20 till
374 349 95 21 Joensuu
488 348 39 22 och
547 347 95 22 derifrån
657 347 101 28 möjligen
773 347 72 22 vidare
860 347 7 20 i
882 346 64 22 nord-

196 382 75 28 vestlig
294 383 123 28 sträckning
439 390 75 21 genom
536 382 115 22 Idensalmi
669 383 33 20 till
722 382 97 27 förening
837 381 48 22 med
906 381 40 22 den

196 417 149 29 Uleåborgska
363 418 71 21 banan
452 418 31 21 uti
502 417 99 29 Piippola
616 417 87 27 socken;
723 417 116 27 hvarjemte
855 417 91 26 200,000

196 452 61 21 mark
271 453 70 22 blifvit
356 453 104 28 anslagna
474 453 34 21 för
522 453 159 27 undersökning
695 452 23 21 af
727 452 62 21 dessa
799 451 146 22 bansträckor.

196 487 10 20 I
224 487 116 28 anledning
359 487 63 22 deraf
438 487 40 22 har
498 495 26 14 en
539 487 50 22 linie
603 487 8 21 i
626 487 148 21 förstnämnda
789 487 94 28 riktning
898 486 48 21 blif-

196 521 30 22 vit
243 521 135 28 fullständigt
396 522 117 21 undersökt
529 522 38 21 och
584 523 81 20 ansetts
680 522 53 21 böra
747 521 60 22 ledas
822 520 48 23 från
885 521 61 21 Tam-

196 556 90 22 merfors
302 557 54 21 först
371 559 57 19 emot
442 557 101 21 nordvest
558 556 98 21 söderom
671 556 65 21 Ikalis
751 556 32 27 sjö
799 556 39 21 och
855 555 92 22 derefter

196 589 111 30 långsmed
326 591 113 22 Bottniska
457 591 73 22 vikens
549 591 48 21 kust
615 590 29 29 på
662 593 30 19 ett
711 589 85 23 afstånd
815 589 95 22 derifrån
925 590 24 21 af

198 625 90 28 ungefär
303 626 42 21 fem
360 626 42 21 mil.
433 626 33 21 En
482 625 125 28 fullständig
622 625 159 28 undersökning
795 625 40 22 har
845 625 102 22 likaledes

196 660 69 22 blifvit
282 660 74 22 utförd
374 659 28 29 på
421 661 41 20 den
480 660 108 22 mellersta
607 660 134 27 stambanan,
763 667 49 14 men
831 660 56 22 hvad
906 660 40 21 den

196 695 68 27 tredje
283 695 65 21 linien
367 695 109 26 beträffar,
499 694 25 22 så
541 695 40 21 har
600 695 41 21 den
659 695 123 27 visserligen
801 694 61 21 äfven
877 694 70 22 blifvit

196 729 116 21 undersökt
330 728 29 29 på
378 729 99 21 sträckan
497 729 90 22 emellan
602 729 89 28 Wiborg
707 729 39 21 och
762 729 101 26 Joensuu,
879 729 67 20 ehuru

196 763 74 22 kartor
285 764 40 21 och
340 763 184 28 kostnadsförslag
541 764 72 21 derom
628 765 57 19 ännu
700 764 47 20 icke
761 765 38 19 äro
809 763 136 28 upprättade.

196 797 31 22 På
249 798 119 28 Styrelsens
382 798 92 22 initiativ
488 799 41 21 har
545 798 107 22 dessutom
668 798 40 21 den
723 798 31 21 uti
769 797 84 29 Nådiga
867 805 78 20 propo-

196 832 91 22 sitionen
302 832 129 23 omnämnda
446 832 285 28 sammanbindningsbanan
741 832 205 22 Tammerfors-Kui-

196 867 95 22 vasmäki
306 867 70 22 blifvit
390 867 160 22 instrumentalt
565 866 130 29 uppgången
711 867 41 21 och
768 867 103 22 bestämd.

263 919 32 22 På
317 919 69 28 grund
409 920 24 21 af
454 919 29 22 all
502 919 41 22 den
563 919 120 28 utredning,
707 927 45 14 som
774 920 7 20 i
805 920 66 21 saken
893 919 54 21 inlu-

196 954 38 27 pit,
250 954 41 21 har
310 955 60 20 Hans
385 954 120 28 Kejserliga
520 954 101 28 Majestät
636 954 70 21 funnit
721 954 46 21 skäl
782 956 32 19 att
824 953 77 29 frångå
912 954 35 21 det

195 989 35 21 vid
249 991 83 19 senaste
352 989 112 28 Landtdag
483 989 78 28 gjorda
575 989 105 28 förslaget
695 989 40 21 och
750 989 7 20 i
773 989 71 21 stället
859 989 88 21 förorda

196 1022 70 23 såsom
284 1023 162 22 beståndsdelar
466 1023 24 22 af
506 1025 31 20 ett
555 1023 108 22 blifvande
677 1023 159 22 stambansnät:
858 1025 32 20 1:0
906 1023 41 22 den

195 1058 93 21 nämnda
306 1058 108 21 mellersta
429 1058 138 22 stambanan:
587 1060 33 19 2:0
636 1065 26 14 en
677 1058 270 28 sammanbindningsbana

196 1091 80 28 dragen
293 1091 48 22 från
360 1093 137 21 Kuivasmäki
517 1093 51 22 eller
583 1092 70 28 någon
672 1100 73 14 annan
767 1093 88 27 lämplig
877 1093 70 27 punkt

195 1126 25 21 af
239 1127 71 21 banan
328 1126 33 21 till
378 1127 144 22 Tammerfors
542 1127 89 26 station;
652 1129 33 20 3:o
705 1135 26 14 en
751 1127 62 28 ostlig
833 1127 113 22 stambana

194 1161 8 21 i
217 1160 94 29 riktning
326 1160 48 23 frän
388 1161 90 28 Wiborg
493 1161 60 23 öfver
568 1162 101 26 Joensuu,
685 1162 84 27 Kuopio
781 1162 39 21 och
831 1161 114 22 Idensalmi

195 1195 33 22 till
246 1195 119 28 Uleåborg,
383 1198 57 19 samt
458 1196 101 28 slutligen
578 1199 33 19 4:0
628 1204 26 14 en
669 1197 275 28 sammanbindningsbana,

194 1229 50 23 ledd
259 1229 49 23 frän
322 1230 120 29 Jalassyrjä
456 1230 30 29 pä
501 1231 109 22 mellersta
625 1232 128 22 stambanan
768 1231 33 22 till
815 1232 90 27 Kuopio.

262 1281 110 22 Utskottet
386 1282 69 21 finner
470 1283 32 20 att
517 1281 70 23 denna
601 1281 51 29 plan
668 1282 100 28 erbjuder
782 1281 79 30 många
875 1282 69 22 förde-

194 1316 33 22 lar
242 1316 40 22 och
297 1316 150 22 företrädesvis
462 1316 48 22 med
526 1317 86 27 hänsigt
627 1317 70 21 dertill
713 1319 32 19 att
759 1317 85 22 relativt
858 1317 87 22 kortare

194 1352 140 22 bansträckor
356 1352 84 22 komme
462 1354 32 20 att
512 1352 81 22 bereda
611 1351 23 22 ät
653 1360 26 14 en
698 1352 157 29 öfvervägande
874 1352 34 22 del
923 1352 24 22 af

194 1387 36 21 det
247 1387 46 21 inre
311 1387 73 21 landet
399 1386 111 23 förmånen
526 1388 24 21 af
563 1386 164 29 ifrågavarande
741 1388 203 21 kommunikations-

193 1422 75 26 medel,
283 1429 49 15 men
346 1421 103 29 förslaget
464 1429 62 21 synes
540 1422 117 22 emellertid
671 1422 54 22 böra
739 1422 122 22 modifieras
876 1423 7 21 i
893 1422 51 22 flere

196 1457 119 21 afseenden.

260 1498 90 20 Jernvägs-
354 1498 88 17 Utskottets
453 1498 108 18 betänkande.
