1048 1711
227 141 27 21 16

199 203 100 26 spårvidd
317 203 23 21 af
358 203 15 21 4
391 203 102 26 engelska
510 202 38 26 fot,
567 202 83 21 betalas
669 201 33 22 för
722 202 128 26 omlastning.
869 199 26 26 ?/3
918 203 37 20 öre

197 243 40 21 per
252 239 88 20 centner
354 237 60 27 gods,
431 237 53 21 eller
500 237 10 20 1
534 237 69 20 krona
617 236 34 21 för
666 237 110 26 vagnslast
786 236 13 21 å
810 235 42 22 150
862 237 93 20 centner.

198 272 127 21 Emellertid
344 271 127 27 uppskattas
487 271 41 21 den
543 271 68 26 årliga
630 271 162 26 utbetalningen
807 271 34 20 till
858 271 26 21 12
900 270 13 21 a
929 271 26 20 15

197 308 64 19 tusen
276 306 86 21 kronor.

265 340 76 22 Denna
356 339 172 28 penningeutgift
549 341 64 25 utgör
637 339 54 21 dock
706 339 50 29 icke
769 339 40 21 den
821 341 81 19 största
912 339 43 21 olä-

198 374 84 28 genhet,
302 380 46 16 som
366 374 69 22 vällas
454 374 24 22 af
498 374 165 27 spårolikheten.
692 374 34 20 En
752 374 134 21 kännbarare
909 374 47 21 svä-

197 409 72 27 righet
286 408 91 28 uppstär
395 409 130 26 derigenom,
544 410 32 20 att
594 408 26 22 de
639 408 58 21 olika
716 408 97 21 banorna
831 408 47 22 icke
894 408 62 22 alltid

197 444 37 21 vid
252 443 242 27 anslutningsstationen
512 443 65 21 hafva
599 442 34 22 till
651 442 69 22 hands
746 442 128 28 tillräckligt
897 443 59 21 antal

198 478 111 26 behöfliga
323 483 87 21 vagnar,
427 478 33 21 för
471 479 31 20 att
513 477 132 22 omedelbart
655 477 129 27 möjliggöra
793 477 65 27 nödig
869 478 87 21 omlast-

197 512 58 27 ning.
285 512 70 22 Häraf
371 512 79 26 uppstä
467 512 132 26 tidsutdrägt
618 512 36 20 vid
669 512 167 26 försändningen
854 512 40 21 och
909 512 48 26 icke

198 547 69 21 sällan
290 547 67 21 skada
377 546 34 22 för
434 546 127 22 afsändaren
582 546 53 22 eller
658 548 147 25 emottagaren
823 547 50 21 med
896 546 62 22 deraf

197 581 132 21 härrörande
345 580 219 27 ersättningsutgifter
578 580 34 22 för
626 580 102 22 banorna.

267 615 90 21 Oafsedt
371 615 139 26 möjligheten
524 615 34 21 till
574 621 26 16 en
616 615 55 21 bäde
686 615 68 21 snabb
770 615 39 21 och
819 616 87 21 relativt
916 616 40 21 bil-

199 650 30 27 lig
248 649 135 27 omlastning,
402 649 69 27 gifves
491 649 54 21 dock
564 655 27 16 en
606 649 35 22 del
656 649 60 27 gods,
736 655 46 16 som
797 650 74 21 dervid
886 651 71 20 märk-

197 684 50 21 bart
261 683 93 22 förlorar
368 684 8 21 i
390 684 66 21 värde
472 684 54 21 eller
541 690 77 15 annars
626 683 98 22 förfares.
741 684 132 23 Tillochmed
887 685 8 20 i
909 685 48 22 värt

198 719 51 21 land
264 718 78 21 saknas
357 718 47 21 icke
419 719 60 20 bevis
490 719 28 26 pä
529 718 56 21 huru
595 718 85 27 känslig
692 718 156 22 affärsverlden
856 721 24 19 är
888 719 35 21 för
931 719 26 22 de

199 753 143 27 olägenheter,
359 759 46 15 som
420 753 75 27 ätfölja
510 759 26 15 en
545 753 135 26 omlastning,
688 753 7 20 i
704 753 26 21 de
738 753 94 21 ändrade
840 753 117 22 förhällan-

199 787 41 22 den
255 793 46 15 som
317 787 65 21 sedan
395 788 121 26 öppnandet
531 787 23 21 af
568 787 70 21 banan
649 787 308 22 Tavastehus—Tammerfors

198 821 58 28 gjort
275 822 33 26 sig
326 822 106 26 gällande,
452 822 7 20 i
479 822 36 21 det
534 827 49 16 man
601 827 90 15 numera
710 821 92 22 emellan
824 822 133 21 Tavastehus

199 856 40 21 och
257 855 145 22 Tammerfors
420 856 126 26 föredrager
565 856 40 21 den
624 856 76 26 dyrare
718 856 239 28 jernvägstransporten

198 890 92 21 framför
310 890 41 21 den
373 890 99 27 billigare
498 890 49 21 med
567 890 128 27 omlastning
710 890 103 22 förenade
828 891 129 27 sjökommu-

198 925 132 21 nikationen.

267 959 43 21 Till
327 958 54 27 följd
400 958 23 22 af
441 959 36 21 det
496 959 138 26 oundvikliga
653 958 107 27 uppehäll,
784 965 45 15 som
848 966 110 20 vagnarna

199 995 37 19 äro
251 993 159 21 underkastade
425 993 36 21 vid
476 1000 26 14 en
515 993 101 27 jernvägs
631 993 85 26 station,
732 993 39 21 der
781 993 109 27 spärhrott
904 994 54 21 eller

199 1028 129 26 omlastning
343 1034 51 20 eger
413 1034 53 20 rum,
486 1028 68 20 mäste
570 1028 26 20 de
614 1027 134 21 tillstötande
763 1028 95 21 banorna
878 1028 80 21 enhvar

198 1062 65 21 hafva
277 1063 32 20 ett
323 1063 70 20 större
412 1062 58 21 antal
488 1068 87 21 vagnar,
594 1063 25 20 än
635 1068 35 15 om
690 1062 132 21 obehindrad
841 1062 116 27 öfvergäng

199 1097 49 20 dem
264 1097 92 20 emellan
371 1096 73 21 finnes.

267 1131 44 21 För
325 1131 52 21 vära
391 1131 102 21 framtida
507 1131 78 20 banors
600 1131 124 26 utrustning
742 1131 49 20 med
810 1131 66 26 rörlig
891 1133 67 19 mate-

199 1165 40 21 riel
253 1167 25 19 är
293 1166 60 20 detta
368 1171 26 15 en
410 1165 158 27 omständighet
586 1164 23 22 af
623 1166 79 20 största
717 1164 51 27 vigt.
799 1164 69 28 Tages
888 1165 69 21 öfver-

199 1200 127 26 byggnaden
341 1199 34 21 till
390 1200 49 20 dem
454 1200 75 26 genast
545 1199 72 26 sädan,
634 1200 33 20 att
682 1199 26 21 de
722 1198 117 22 bestäende
850 1199 107 21 banornas

199 1240 81 20 vagnar
295 1233 28 27 pä
337 1233 49 21 dem
401 1233 72 21 kunna
487 1233 51 27 ingä
553 1233 39 21 och
607 1233 49 21 med
671 1232 84 27 mättlig
770 1232 108 27 hastighet
892 1234 67 20 fram-

199 1266 85 26 forslas,
305 1266 24 21 sä
347 1266 53 21 böra
419 1266 63 21 dessa
500 1272 41 21 nya
559 1266 68 21 banor
645 1266 73 21 kunna
735 1267 96 20 utrustas
850 1267 49 20 med
922 1267 36 21 det

199 1300 78 21 minsta
287 1300 88 26 möjliga
385 1300 58 20 antal
454 1306 86 20 vagnar,
560 1300 89 21 emedan
659 1300 8 20 i
676 1300 119 26 trängande
806 1300 38 21 fall
856 1300 25 21 de
897 1301 60 21 äldre

199 1335 96 21 banorna
313 1334 76 22 härvid
408 1334 40 22 lätt
466 1335 72 21 kunna
557 1334 70 22 lemna
647 1334 153 28 förstärkning.
830 1334 31 22 Pä
876 1341 81 15 samma

199 1370 56 27 gäng
271 1372 81 25 öppnar
367 1369 33 27 sig
416 1369 38 21 ock
470 1376 26 15 en
511 1369 111 27 möjlighet
636 1369 34 21 till
685 1369 168 27 fördelaktigare
863 1370 94 21 använd-

199 1406 51 26 ning
269 1404 23 22 af
306 1404 114 27 samtidiga
434 1404 79 22 banors
531 1410 81 21 vagnar
630 1404 8 21 i
658 1404 41 22 den
718 1410 49 15 mon
787 1404 25 22 de
827 1404 73 22 kunna
914 1405 43 21 för-

200 1440 77 21 sändas
292 1439 28 28 pä
334 1439 75 27 längre
426 1439 101 22 sträckor.

268 1481 90 21 Jernvägs-
363 1480 87 17 Utskottets
462 1480 104 17 betänkande
578 1480 35 17 N:o
626 1479 17 18 3.
