1042 1711
235 146 25 20 32
417 145 29 22 U.
461 145 27 22 B.
504 158 28 3 —
546 145 73 28 Prop.
635 144 45 23 N:o
695 144 37 22 26.

207 215 26 19 20
249 215 94 25 procent,
363 214 39 20 och
422 213 40 21 den
481 213 183 27 omständigheten
682 214 32 19 att
731 213 79 25 banan,
829 211 70 22 såsom
917 211 35 22 det

206 255 88 14 numera
309 247 70 21 blifvit
396 247 72 21 utredt
483 247 6 21 i
504 247 145 27 verkligheten
664 246 71 22 kostat
751 247 126 25 19,470,000
892 245 61 22 mark

207 282 39 21 och
262 281 80 22 således
362 281 82 21 mindre
462 282 28 20 än
508 280 135 23 förestående
661 281 118 28 beräkning
795 280 101 28 angifver,
912 280 42 22 kan

206 316 47 21 icke
268 322 61 15 anses
344 315 103 22 förändra
460 314 152 27 förhållandet,
627 315 90 22 emedan
727 315 125 26 kostnaden,
863 314 46 22 ifall
919 316 35 20 vä-

207 358 41 19 gen
266 350 67 21 skulle
351 349 84 28 anlagts
454 349 133 28 smalspårig,
606 349 107 22 sannolikt
732 349 63 22 äfven
813 349 56 22 hade
885 349 70 22 blifvit

207 385 97 21 minskad
318 385 8 20 i
341 391 82 14 samma
437 384 132 28 proportion.

274 419 136 21 Beträffande
433 418 46 22 åter
499 418 201 27 driftkostnaderna,
719 417 24 23 så
761 418 73 28 tyckes
853 418 35 22 det
902 426 53 15 vara

207 454 105 28 antagligt
330 455 32 20 att
381 453 36 22 det
435 453 92 22 smalare
545 452 72 29 spåret
636 454 24 20 är
678 460 60 15 mera
753 453 144 28 fördelaktigt,
921 461 34 14 om

206 489 90 21 trafiken
316 490 24 20 är
359 487 25 22 så
401 488 58 27 liten,
483 491 32 19 att
529 487 107 29 bantågen
651 487 29 28 på
696 488 36 21 det
746 488 91 21 bredare
853 489 18 27 ej
887 488 68 22 blifva

206 523 125 28 tillräckligt
349 523 82 22 lastade
450 523 40 22 och
508 525 32 19 att
559 523 147 27 följakteligen
725 529 25 15 en
766 523 69 20 större
851 523 104 27 gvantitet

207 559 25 20 af
244 558 40 21 den
299 560 75 25 tyngre
389 557 136 21 materialens
541 557 56 21 döda
612 558 44 26 vigt
670 557 97 21 kommer
777 559 33 18 att
819 557 134 28 framsläpas,

207 594 52 19 utan
281 594 32 19 att
329 591 64 22 hafva
412 592 32 20 sin
463 593 57 19 rätta
539 591 154 27 motsvarighet
710 591 32 21 uti
757 598 142 20 personernas
915 592 39 21 och

206 626 86 28 godsets
307 626 49 28 vigt.
379 626 49 21 Men
442 626 44 21 lika
501 626 106 28 antagligt
621 626 42 20 kan
679 626 35 21 det
729 632 68 19 anses,
809 628 31 19 att
850 633 27 14 en
887 627 68 21 större

207 661 63 21 trafik
289 661 71 21 skötes
378 660 78 22 lättare
474 660 40 21 och
529 660 98 28 billigare
642 660 48 21 med
705 667 26 14 en
746 659 127 29 bredspärig
887 660 68 22 banas

207 695 103 22 materiel.
340 694 83 22 Sådant
438 695 199 21 öfverensstämmer
651 694 48 22 med
714 694 103 28 alldaglig
827 694 126 23 erfarenhet.

208 730 40 21 Om
266 737 50 14 man
335 730 101 21 beböfver
454 729 114 22 fortskaffa
586 737 26 13 en
627 729 86 27 ringare
729 730 104 26 qvantitet
847 736 70 19 varor,
933 728 23 22 så

208 765 39 20 har
269 771 49 14 man
342 764 46 21 icke
406 763 46 22 skäl
471 765 31 20 att
521 763 98 28 begagna
638 765 31 19 ett
686 765 77 26 tyngre
778 763 178 28 transportmedel

208 799 48 21 med
270 799 98 21 starkare
383 799 117 27 dragkraft,
516 798 89 22 likasom
620 805 50 14 man
684 798 7 21 i
707 800 89 20 motsatt
810 798 38 21 fall
857 799 47 20 icke
914 799 41 21 kan

207 833 58 21 finna
279 833 71 27 någon
364 833 116 27 uträkning
494 833 31 21 uti
541 835 32 19 att
587 833 48 21 med
650 839 89 21 svagare
754 833 41 22 don
806 833 40 21 och
857 833 100 27 splittrad

207 867 57 21 kraft
279 867 52 22 söka
345 867 114 21 verkställa
473 869 137 25 transporten
625 866 24 22 af
661 867 69 21 större
745 867 141 27 godsmassor.

264 902 32 21 En
307 901 66 22 norsk
383 901 99 21 tackman
492 901 39 22 har
541 901 85 28 nyligen
636 901 103 22 uträknat
749 903 32 20 att
789 902 35 21 det
832 902 68 21 smala
907 900 48 29 spå-

207 938 39 24 ret,
255 944 35 14 om
300 936 36 22 det
346 936 40 21 har
396 936 42 21 lika
447 938 44 19 stor
501 936 204 27 transportförmåga
715 943 44 15 som
771 936 36 21 det
816 936 73 26 breda,
898 932 57 26 med-

208 972 34 20 för
257 978 26 15 en
297 971 115 27 besparing
427 971 7 20 i
450 970 232 28 anläggningskostnad
693 970 24 22 af
725 970 65 22 minst
801 972 12 19 5
824 978 65 20 proc.,
901 974 54 18 samt

209 1007 31 20 att
256 1012 97 15 summan
369 1005 23 21 af
406 1005 60 21 drift-
482 1006 39 21 och
536 1005 229 21 remontkostnaderna
780 1006 37 20 äro
829 1005 83 21 mindre
923 1006 33 21 för

209 1040 35 21 det
257 1040 69 21 smala
338 1038 72 28 spåret
420 1039 56 21 intill
488 1039 48 22 dess
547 1039 95 22 rörelsen
653 1038 85 29 uppnår
749 1038 67 22 sådan
827 1039 86 27 storlek,
925 1042 31 19 att

208 1074 42 21 den
272 1073 175 28 transporterade
469 1074 71 27 vigten
562 1074 65 27 stiger
641 1073 34 21 till
696 1075 112 25 1,800,000
830 1074 126 21 centnermil

207 1109 74 21 brutto
299 1107 29 29 på
346 1108 74 27 hvarje
438 1108 86 21 banmil.
554 1108 137 21 Undersöker
708 1115 50 14 man
773 1108 55 20 huru
843 1108 112 22 resultatet

207 1143 8 20 i
234 1143 58 20 detta
314 1142 100 21 afseende
432 1142 80 21 utfallit
529 1141 28 27 på
576 1141 237 28 H:fors-T:hus-P:burg
831 1141 77 27 banan,
931 1141 24 23 så

208 1177 80 20 erfares
307 1175 24 22 af
344 1175 197 28 jernvägs-chefens
556 1175 114 22 berättelse
685 1177 33 20 att
731 1175 83 21 banans
829 1175 49 22 hela
893 1176 62 27 gods-

208 1212 110 26 transport
343 1209 24 22 år
390 1211 54 20 1875
467 1209 92 28 uppgått
581 1209 32 22 till
635 1211 141 24 839,480,100
799 1212 154 24 centnerverst;

208 1245 41 20 och
268 1243 28 22 då
314 1245 78 25 vägens
411 1245 49 19 hela
474 1244 72 26 längd,
565 1245 41 19 446
622 1247 63 22 verst,
700 1244 8 20 i
723 1244 75 21 norskt
813 1243 54 22 mått
881 1245 74 25 (norsk

208 1277 138 25 mil
261 1272 12 36 =
285 1277 61 25 11,28
364 1277 130 27 kilometres)
513 1278 119 19 motsvarar
651 1278 45 24 42,5
715 1276 44 26 mil,
777 1277 95 21 kommer
890 1277 65 27 sagde

209 1312 110 26 transport
341 1312 32 20 att
394 1311 78 27 belöpa
497 1310 33 27 sig
555 1310 33 21 till
615 1311 111 26 1,860,000
749 1311 125 21 centnermil
896 1313 59 20 netto

208 1345 29 28 pä
258 1345 66 22 norsk
346 1344 86 23 banmil.
462 1345 47 21 Den
530 1345 41 21 har
589 1344 82 23 säledes
689 1352 29 14 nu
737 1345 66 22 redan
821 1345 134 22 öfverskridit

208 1379 94 22 nämnda
324 1381 70 27 gräns,
418 1379 28 21 dä
463 1379 91 21 trafiken
573 1380 65 27 enligt
655 1379 98 22 bemälde
772 1379 109 22 fackmans
901 1379 54 29 äsigt

209 1414 77 21 blifver
304 1414 104 27 billigare,
428 1414 68 21 ehuru
514 1414 47 21 icke
580 1414 41 21 den
639 1414 92 27 löpande
750 1414 134 21 materielens
900 1414 55 22 döda

209 1449 50 28 vigt,
270 1447 69 23 säsom
350 1449 43 21 han
403 1448 107 26 förutsatt,
521 1447 70 23 blifvit
601 1448 125 29 inbegripen
736 1448 7 21 i
753 1448 105 29 kalkylen.
878 1449 77 28 Tilläg-

277 1489 180 22 Jernvägs-Utskottets
468 1489 107 17 betänkande.
