1700 1873
542 215 12 19 8
827 215 58 22 N:o.
903 215 49 22 32.

513 283 40 20 1:0.
584 283 57 26 Fyra
659 283 252 27 upptagningsanstalter
928 285 49 20 med
992 285 124 26 byggnader

584 317 23 21 af
617 318 53 25 sten,
682 317 73 27 hvarje
771 317 34 22 för
820 319 61 26 tjugu
897 319 68 26 sjuke,
981 318 13 22 ä
1009 320 78 25 80,000
1110 336 5 5 .
1144 313 10 37 =
1168 321 100 25 320,000.

512 352 41 20 2:0.
584 352 33 20 En
633 352 227 27 upptagningsanstalt
874 353 49 22 med
937 353 179 27 träbyggnader
1105 348 15 36 i

585 386 33 21 S:t
632 386 79 21 Michel
727 387 33 20 för
775 387 42 21 tolf
831 388 62 26 sjuke
932 404 4 5 .
968 404 4 5 .
1004 405 4 4 .
1111 405 5 4 4
1182 390 88 25 40,000.

512 422 40 20 3:0.
583 421 44 21 Två
643 421 153 22 kombinerade
811 422 50 21 kur-
877 422 40 21 och
933 405 168 39 värdanstalter:

541 456 23 26 a)
584 456 69 26 Inköp
669 455 24 22 af
706 455 37 21 tvä
755 456 188 27 jordegendomar,
960 457 106 21 hvardera
1081 464 34 15 om

584 490 65 27 högst
664 491 43 20 500
722 491 112 26 tunnland,
851 491 12 21 ä
879 492 94 26 25,000.
1003 508 5 5 .
1039 509 4 4 .
1075 509 4 4 .
1111 509 4 4 .
1183 493 85 26 50,000.

541 525 21 27 0)
587 525 104 26 Samtlige
699 525 124 26 byggnader
833 525 34 22 för
877 527 64 21 dessa
951 527 105 20 anstalter
1066 527 49 21 med

585 560 116 21 etthundra
716 560 132 27 sjukplatser
863 561 7 20 i
885 561 106 21 hvardera
1002 561 12 21 ä
1025 562 91 25 400,000
1139 556 15 36 —
1168 562 100 26 800,000.

514 595 40 20 4:0.
585 595 135 21 Inventarier
735 594 34 21 för
785 596 41 19 292
843 595 66 27 sjuke,
927 595 54 21 efter
997 597 40 20 300
1053 596 62 21 mark

583 629 35 21 för
633 629 80 26 hvarje,
729 630 78 25 87,600
822 630 61 20 mark
899 630 52 21 eller
968 629 6 21 i
990 630 65 21 rundt
1070 631 44 20 tal.
1182 632 83 25 90,000.

1028 670 88 22 Summa
1148 673 118 25 1,300,000.

583 732 11 21 I
617 733 144 20 betraktande
783 732 66 21 likväl
868 733 18 27 ej
906 733 83 21 mindre
1005 733 62 21 deraf
1081 735 32 20 att
1128 735 70 26 någon
1214 735 54 21 nöd-

510 767 119 26 vändighet
643 767 48 20 icke
710 767 115 21 förefinnes
842 769 32 19 att
889 768 112 26 samtidigt
1016 768 90 27 påbörja
1121 769 147 26 uppförandet

511 802 23 21 af
556 801 43 22 alla
621 801 26 21 de
670 801 122 27 föreslagna
811 801 245 27 dårvårdsanstalterna,
1075 803 85 21 hvilkas
1176 804 92 21 fullbor-

512 837 69 21 dande
604 837 18 26 ej
642 836 68 22 heller
729 837 72 21 kunde
819 837 57 21 inom
895 837 70 27 någon
980 837 89 22 kortare
1085 838 31 21 tid
1132 839 133 26 medhinnas,

511 874 27 18 än
561 873 32 20 att
615 871 184 27 totalkostnaden,
820 877 34 15 om
874 872 41 21 den
930 872 95 22 fördelas
1041 874 32 19 att
1088 873 53 26 utgå
1156 874 68 20 under
1240 880 27 15 en

510 907 75 26 längre
601 906 100 26 tidrymd,
717 906 78 21 blifver
810 906 35 21 för
861 906 25 21 de
901 906 114 22 betalande
1026 907 84 21 mindre
1121 908 145 27 betungande,

510 942 40 20 har
564 941 62 21 Hans
642 941 122 26 Kejserliga
779 941 104 27 Majestät
897 941 72 21 funnit
984 942 7 20 i
1006 942 41 21 den
1062 944 109 19 närmaste
1182 943 84 21 framti-

511 976 41 21 den
573 977 78 20 endast
666 975 26 21 de
708 975 41 21 fem
765 976 280 26 upptagningsanstalterna
1061 978 56 19 samt
1132 977 41 21 den
1189 984 40 14 ena
1244 978 23 21 af

511 1011 26 21 de
552 1010 154 21 kombinerade
721 1010 50 21 kur-
787 1011 40 20 och
841 1010 186 22 vårdanstalterna
1038 1011 53 21 böra
1101 1011 165 27 ifrågakomma.

510 1046 48 21 Den
578 1045 7 21 i
604 1045 136 21 förestående
756 1045 67 21 måtto
840 1045 122 21 beräknade
977 1045 122 22 kostnaden
1115 1046 23 21 af
1153 1047 112 26 1,300,000

510 1079 62 22 mark
588 1079 70 22 skulle
673 1079 7 20 i
696 1079 53 26 följd
765 1079 67 26 häraf,
843 1079 47 22 med
906 1079 75 26 afdrag
998 1080 23 20 af
1034 1080 233 27 anläggningskostna-

511 1115 41 20 den
569 1115 91 26 425,000
676 1113 61 21 mark
752 1113 34 21 för
802 1114 41 21 den
858 1120 40 15 ena
913 1114 153 21 kombinerade
1081 1115 51 20 kur-
1148 1114 39 21 och
1202 1115 63 20 vård-

510 1149 109 20 anstalten
643 1149 56 20 samt
721 1149 77 25 30,000
817 1149 61 20 mark
896 1148 33 21 för
944 1148 132 21 inventarier
1091 1149 33 20 till
1142 1149 123 21 densamma

511 1183 52 20 eller
577 1183 78 20 inalles
671 1183 92 25 455,000
777 1183 68 25 mark,
861 1183 70 26 nedgå
946 1183 34 20 till
996 1183 91 25 845,000
1098 1183 67 25 mark,
1177 1183 87 21 hvilken

511 1223 89 20 summa,
625 1219 51 19 enär
698 1216 67 27 några
785 1217 64 20 säkra
867 1217 98 27 kalkyler
984 1216 75 21 härom
1074 1223 29 14 nu
1118 1217 48 21 icke
1181 1217 83 21 kunnat

511 1251 132 27 framläggas
659 1251 40 21 och
714 1251 68 20 ehuru
797 1251 131 22 kostnadens
944 1251 98 26 verkliga
1057 1251 78 27 belopp
1151 1252 7 21 i
1174 1252 43 20 alla
1227 1252 37 21 fall

510 1286 69 21 måste
599 1286 50 21 bero
669 1285 23 21 af
705 1285 186 26 konjunkturerna
905 1286 36 21 vid
956 1285 119 27 företagets
1091 1286 120 26 utförande,
1228 1293 37 14 an-

512 1322 53 19 setts
582 1321 53 20 böra
651 1321 51 20 ökas
718 1320 33 21 till
767 1321 91 24 900,000
873 1321 69 20 mark.

583 1353 163 21 Ofvanberörda
761 1353 48 20 utaf
823 1353 121 21 Ständerna
959 1353 36 21 vid
1011 1353 53 21 sista
1079 1336 103 44 landtdag
1197 1353 68 21 bevil-

507 1387 51 28 jade
581 1388 92 25 400,000
695 1387 62 21 mark
779 1387 85 21 innestå
886 1388 33 20 till
939 1387 131 21 Ständernas
1090 1387 133 28 förfogande.
1253 1388 11 20 I

510 1422 104 21 händelse
637 1421 121 22 Ständerna
777 1422 33 20 till
830 1422 131 21 därvärdens
979 1421 150 22 förbättrande
1145 1423 67 26 enligt
1228 1422 36 21 det

510 1463 30 15 nu
554 1456 137 21 framställda
707 1457 102 26 systemet
825 1457 60 20 anslä
901 1457 65 26 sagde
981 1456 140 21 innestäende
1136 1457 70 21 medel
1225 1457 42 20 och

510 1492 34 21 för
560 1491 121 21 ändamålet
696 1491 126 26 ytterligare
839 1491 77 27 bevilja
931 1492 91 25 500,000
1037 1491 63 21 mark
1111 1493 32 19 att
1153 1491 52 27 utgå
1215 1491 51 22 med

512 1527 90 26 100,000
625 1526 61 21 mark
705 1532 34 15 om
757 1526 46 21 året
823 1526 68 21 under
906 1526 41 21 fem
963 1526 36 21 års
1014 1526 38 26 tid,
1069 1526 139 26 hvarigenom
1224 1526 40 22 den

511 1562 32 20 till
564 1567 25 15 en
609 1560 75 27 början
703 1560 66 26 nödig
788 1560 95 21 ansedda
899 1567 96 14 summan
1012 1561 22 21 af
1049 1562 91 24 900,000
1155 1561 61 21 mark
1232 1568 34 14 er-
