1045 1709
236 143 13 20 4
524 140 57 24 N:o
597 140 53 21 26.

207 216 40 20 gar
265 209 12 21 å
296 208 165 27 ifrågavarande
479 208 58 27 linie,
553 208 64 21 hvars
635 208 66 26 längd
719 209 64 25 utgör
801 207 98 26 omkring
920 207 43 20 144

209 245 65 25 verst,
290 243 56 27 pågå
360 243 34 21 för
409 243 141 21 närvarande.

279 278 10 21 I
306 277 94 27 enlighet
417 277 48 21 med
485 276 131 22 Ständernas
636 276 96 21 uttalade
752 276 82 21 önskan
849 275 63 22 hafva
927 275 36 21 för

209 312 66 27 öfrigt
289 312 154 20 kommunerna
463 311 99 26 omkring
578 311 40 21 den
637 311 132 21 undersökta
785 307 176 25 Österbottniska

204 346 170 27 jernvägslinien
384 345 47 21 från
447 345 144 21 Tammerfors
601 345 34 21 till
650 345 138 21 Nikolaistad
799 344 38 21 och
852 344 109 26 Uleåborg

207 380 72 21 blifvit
296 380 36 21 vid
350 380 229 21 kommunalstämmor
597 379 74 26 hörda,
691 379 108 21 huruvida
819 379 40 20 och
878 379 7 20 i
904 379 57 20 hvad

207 415 49 21 mån
273 415 25 20 de
316 421 51 14 vore
382 414 74 27 villiga
475 415 33 20 att
523 414 33 21 till
576 420 25 15 en
614 413 235 28 jernvägsanläggning
865 413 13 21 å
893 413 68 26 sagde

207 449 50 22 linie
277 449 96 26 bidraga.
407 448 49 22 Men
473 449 89 21 emedan
582 448 152 27 sträckningen
754 448 22 21 af
792 447 45 28 den|
851 447 110 22 mellersta

208 484 39 21 och
263 484 40 21 den
323 485 60 19 östra
403 483 183 26 stambanslinien,
602 483 75 20 förrän
692 483 65 26 nödig
772 482 161 27 undersökning
949 481 14 21 &

204 518 89 21 marken
309 518 63 25 skett,
385 517 17 26 ej
414 518 42 20 kan
471 517 49 22 med
535 517 70 26 någon
616 517 101 21 säkerhet
727 517 136 25 bestämmas,
874 517 39 20 har
927 517 35 20 ut-

206 552 91 26 redning
315 551 91 22 rörande
426 551 76 27 bidrag
522 551 22 21 af
558 551 154 21 kommunerna
732 551 98 26 omkring
846 551 64 21 dessa
925 551 37 20 två

207 587 63 20 linier
286 588 56 19 ännu
357 585 47 22 icke
420 586 82 21 kunnat
517 585 112 22 inhemtas.

278 620 136 21 Beträffande
431 620 41 20 den
486 620 136 26 lämpligaste
639 620 152 26 sträckningen
805 619 34 22 för
852 619 111 21 blifvande

208 654 124 21 stambanor
347 654 7 20 i
369 654 73 21 landet
458 654 63 21 hafva
537 654 26 21 de
578 654 131 26 Ingeniörer,
722 654 22 21 åt
758 654 73 21 hvilka
847 654 114 26 ledningen

207 689 23 20 af
244 689 26 20 de
290 688 132 21 verkställda
440 688 215 26 undersökningarna
675 689 56 20 varit
750 688 134 26 anförtrodd,
904 688 56 21 före-

208 723 75 26 slagit:

265 758 32 19 att
312 757 41 20 den
373 756 151 27 projekterade
542 758 74 19 vestra
635 756 127 21 stambanan
779 756 44 21 helt
839 756 40 21 och
894 756 67 21 hållet

207 791 68 21 måtte
290 790 95 26 förfalla;

265 827 32 18 att
312 825 41 20 den
368 825 124 26 föreslagna
506 825 111 21 mellersta
633 824 125 21 stambanan
770 825 66 20 borde
847 824 113 21 fortsättas

205 859 48 22 från
269 859 105 21 Wälimaa
389 861 45 19 mot
449 860 78 20 kusten
543 859 55 21 ända
613 859 33 21 till
661 859 147 26 Nikolaistad;

263 896 33 19 att
311 893 123 27 rigtningen
457 893 22 21 af
494 894 40 20 den
550 893 48 21 utaf
619 893 120 21 Ständerna
761 893 124 26 föreslagna
900 895 60 20 östra

207 928 127 21 stambanan
350 928 70 21 skulle
435 928 120 21 bibehållas
572 927 55 21 ända
642 928 32 20 till
690 929 104 25 Joensuu,
805 934 48 15 men
865 927 95 22 derifrån

206 963 79 26 dragas
296 964 98 19 närmare
409 961 86 28 Kuopio
507 962 54 26 stad,
572 961 74 22 vidare
657 961 59 22 öfver
727 962 116 21 Idensalmi
853 963 40 20 och
903 962 57 21 förbi

206 998 73 19 vestra
294 997 102 20 stranden
412 996 22 21 af
450 996 53 21 Uleå
518 997 67 25 träsk,
602 996 59 21 öfver
677 996 54 21 Uleå
746 996 30 21 elf
785 996 36 21 vid
836 996 124 27 Pyhäkoski

206 1031 45 20 fors
267 1031 33 20 till
319 1030 113 27 Uleåborg,
448 1031 7 20 i
472 1031 72 20 stället
560 1031 34 20 för
608 1032 32 19 att
650 1029 48 22 från
713 1031 97 20 Joensuu
821 1030 59 21 föras
892 1032 69 19 öster-

206 1071 33 15 om
255 1065 155 26 vattendragen
430 1065 7 20 i
455 1065 70 21 Kaavi
545 1065 39 20 och
601 1065 71 20 Nilsiä
692 1065 92 21 socknar
802 1071 76 20 genom
894 1071 64 15 norra

205 1099 62 22 delen
283 1099 22 20 af
322 1099 116 21 Idensalmi
457 1099 33 20 till
508 1099 105 27 Piippola,
630 1099 39 20 der
687 1100 41 20 den
750 1099 70 21 skulle
835 1099 75 22 förena
926 1100 32 26 sig

205 1134 49 20 med
270 1135 72 19 vestra
358 1133 186 26 stambanslinien;
562 1135 55 18 samt

262 1169 39 24 att,
316 1167 7 21 i
339 1167 73 21 stället
427 1167 34 21 för
477 1169 72 19 vestra
564 1167 133 26 stambanan,
708 1168 67 20 borde
787 1167 102 28 anläggas
900 1169 59 20 tvän-

205 1208 26 15 ne
251 1201 291 27 sammanbindningsbanor:
562 1202 39 21 den
617 1207 40 15 ena
672 1201 48 21 från
739 1201 144 22 Tammerfors
900 1203 60 20 öfver

205 1236 98 20 Orihvesi
319 1236 38 20 och
378 1235 119 22 Kuorevesi
513 1236 33 21 till
562 1236 109 21 mellersta
691 1237 126 20 stambanan
833 1237 57 20 inom
905 1236 55 21 Kui-

205 1269 96 21 vasmäki
320 1269 88 26 socken;
428 1269 40 20 och
487 1269 40 20 den
543 1269 68 21 andra
629 1269 56 21 ifrån
701 1269 70 27 någon
788 1269 69 26 punkt
872 1269 22 21 af
908 1270 50 21 sist-

202 1303 93 22 nämnda
311 1303 55 21 bana
385 1303 58 21 inom
462 1303 153 26 Kangasniemi
631 1303 78 21 socken
725 1310 77 21 genom
821 1303 137 21 Pieksämäki

203 1337 40 22 och
266 1337 130 27 Suonenjoki
419 1337 57 21 förbi
499 1337 85 28 Kuopio
605 1337 33 21 till
661 1338 89 27 lämplig
772 1339 69 26 punkt
864 1338 13 21 å
898 1340 60 19 östra

205 1372 133 21 stambanan.

276 1406 74 22 Såsom
370 1406 47 22 skäl
436 1406 33 22 för
489 1406 59 22 detta
567 1406 81 27 förslag
663 1406 64 22 hafva
746 1407 162 21 ofvanbemälde
924 1407 36 21 In-

203 1442 99 27 geniörer
320 1441 78 27 anfört,
414 1443 32 19 att
461 1448 26 14 en
504 1442 117 25 stambana,
637 1442 50 20 ledd
706 1442 101 27 parallelt
822 1442 48 21 med
886 1444 72 19 vestra

201 1476 78 21 kusten
295 1476 29 27 på
340 1477 31 20 ett
389 1476 157 21 medelafstånd
562 1476 22 21 af
598 1476 77 21 endast
690 1477 11 20 5
717 1477 37 20 mil
770 1476 48 22 från
834 1477 124 21 densamma
