1059 1706
216 146 28 20 30
388 147 29 19 U.
433 148 29 18 B.
479 156 24 4 —
520 146 84 24 Prop.
620 146 48 20 N:o
682 146 45 21 27.

188 212 118 28 domsagan,
322 217 36 17 äro
373 212 93 22 deremot
480 212 70 28 Nagu,
561 212 74 28 Korpo
651 213 38 21 och
699 212 110 22 Houtskär
818 212 118 29 föreslagna

187 248 31 20 att
232 247 70 27 läggas
316 246 34 22 till
364 240 46 28 Åbo
425 246 103 28 domsaga,
545 246 67 22 ehuru
628 246 25 21 de
668 246 111 28 aflägsnast
792 247 81 21 boende
883 247 52 21 kun-

188 288 27 13 na
229 280 64 22 hafva
307 280 33 22 till
355 281 39 21 och
411 280 49 21 med
474 280 44 22 åtta
531 280 49 22 mils
595 284 40 24 väg
652 280 33 22 till
700 274 46 28 Åbo
761 281 46 21 stad
824 282 39 20 och
878 281 58 21 detta

188 319 56 17 ännu
259 314 71 22 dertill
344 313 78 29 sjöväg,
439 322 43 14 som
497 322 50 13 man
562 314 67 21 under
643 314 137 22 menförestid
795 314 18 29 ej
829 315 43 21 kan
886 315 49 21 med

187 348 63 28 något
264 348 75 21 fordon
354 348 76 25 färdas,
445 348 18 28 ej
478 348 68 21 heller
561 348 60 21 alltid
636 348 66 21 under
717 348 65 22 andra
796 349 54 21 tider
866 348 27 29 på
902 350 34 20 be-

188 382 67 22 stämd
270 382 45 28 dag,
332 382 68 21 ehuru
414 382 32 21 dit
460 382 66 21 finnes
542 382 52 28 liflig
608 381 99 29 sjötrafik,
723 382 97 22 hvarföre
835 390 49 14 man
900 383 36 21 der

188 416 62 22 äfven
265 416 87 21 inrättat
367 418 29 19 ett
412 416 64 21 skildt
491 415 137 29 sjömanshus.

257 451 12 20 I
284 451 151 28 sammanhang
449 451 88 20 härmed
551 451 38 20 har
603 449 47 30 följt
669 458 26 13 en
710 450 88 22 särskild
814 450 63 29 nådig
891 459 45 20 pro-

188 485 90 28 position
301 492 35 14 om
357 485 187 28 tingsgästningen,
562 484 61 22 hvari
644 497 19 2 —
684 485 89 28 troligen
795 485 23 21 af
830 485 62 22 orsak
906 487 30 20 att

188 519 122 22 domarenes
332 519 57 22 antal
412 519 119 28 derigenom
556 519 67 21 skulle
646 518 82 22 förökas
749 532 23 2 —
792 519 85 22 föreslås
896 519 40 22 för-

188 553 122 29 minskning
328 553 23 22 af
366 553 150 22 nämndemäns
531 553 97 26 arvoden,
645 553 83 22 hvilket
742 553 45 22 åter
801 554 39 21 har
854 554 33 21 till
902 554 34 29 på-

188 587 52 29 följd
254 590 30 19 att
298 588 106 21 nämnden
419 587 112 22 försämras
550 587 23 22 af
586 587 40 22 den
641 588 61 21 orsak
717 590 31 19 att
762 596 26 13 en
804 587 72 30 duglig
890 588 46 21 karl

188 621 18 28 ej
230 622 42 21 kan
294 621 84 28 qvarstå
399 621 8 22 i
430 629 26 14 en
478 621 64 22 sådan
564 621 122 28 befattning,
703 629 34 14 om
754 622 43 21 han
812 623 39 20 ock
866 621 70 23 blifvit

188 658 93 25 tvungen
296 657 32 20 att
342 657 104 26 emottaga
466 656 39 21 den
522 656 51 21 eller
591 660 74 23 vägrar
679 655 27 29 på
720 656 68 28 grund
802 656 24 21 af
838 657 98 28 svepskäl

188 691 30 20 att
234 697 36 14 ens
286 691 103 26 emottaga
404 689 126 22 densamma.
560 689 75 21 Redan
650 689 27 28 på
692 690 59 21 dessa
766 690 45 21 skäl
827 697 61 15 anser
900 689 36 29 jag

187 723 129 22 inrättandet
337 723 23 21 af
379 726 137 26 permanenta
539 724 112 21 domstolar
672 723 8 22 i
699 723 47 22 vårt
763 724 50 21 land
832 728 57 17 ännu
904 724 33 21 för

187 757 129 22 närvarande
329 758 51 21 böra
393 757 88 21 förfalla.

255 792 51 21 Men
327 791 27 22 då
367 791 50 22 flera
435 791 52 28 ting,
503 791 68 22 såsom
586 791 100 22 allmändt
701 791 66 22 kändt
782 796 28 21 är,
826 792 65 21 redan
906 800 29 13 nu

186 825 34 22 till
235 825 52 29 följd
306 825 22 22 af
345 825 111 22 förändrad
475 825 98 22 industri-
588 826 38 21 och
647 825 223 23 förvärfsverksamhet
885 834 51 14 vore

186 859 24 22 af
223 860 75 25 nöden,
314 859 63 22 borde
393 859 127 22 åtminstone
535 862 32 19 tre
582 860 46 28 ting
642 859 79 29 årligen
736 860 66 21 hållas
818 860 32 21 för
865 862 31 19 att
906 860 31 21 så-

187 894 65 21 lunda
270 893 132 29 småningom
419 894 85 21 komma
521 894 33 22 till
570 894 40 21 den
624 893 83 29 prisade
722 894 214 29 omorganisationens

187 927 169 29 genomförande.
386 928 44 21 För
445 935 26 14 en
485 935 76 20 person
576 928 51 21 eller
642 928 33 21 till
690 929 38 20 och
743 929 48 21 med
801 928 32 22 för
843 931 32 19 tre
885 937 51 13 vore

187 961 73 22 färden
274 961 48 22 från
336 969 26 13 en
377 961 103 21 kommun
495 961 33 21 till
544 969 26 14 en
586 969 68 14 annan
670 964 30 19 ett
712 961 153 28 jemförelsevis
876 962 60 28 ringa

187 996 75 21 besvär
283 995 8 21 i
310 995 130 21 förhållande
462 995 76 26 dertill,
554 997 31 20 att
604 995 48 21 hela
666 995 125 22 kommuner
805 995 66 22 måste
886 1000 50 24 göra

187 1037 57 14 resor
266 1029 32 22 för
320 1031 31 20 att
372 1029 51 22 söka
446 1029 32 22 sin
496 1029 90 26 domare,
602 1031 51 20 utan
669 1031 31 20 att
714 1037 37 14 ens
765 1030 43 21 tala
822 1037 33 14 om
871 1030 65 21 andra

187 1063 75 29 följder
277 1064 39 21 och
331 1063 135 28 svårigheter.

255 1098 40 21 Ett
313 1097 43 22 lika
375 1097 76 28 vigtigt
474 1097 50 26 skäl,
544 1105 44 14 som
608 1097 25 22 de
648 1097 154 26 förutnämnda,
818 1098 32 21 till
868 1097 68 22 förka-

188 1132 73 22 stande
276 1131 24 22 af
311 1131 156 29 propositionen
482 1131 68 22 såsom
565 1131 64 22 sådan
644 1136 22 17 är
681 1132 41 25 det,
738 1134 31 19 att
783 1132 8 21 i
806 1132 76 28 nådiga
892 1139 44 21 pro-

187 1166 123 29 positionen,
326 1165 106 28 nemligen
452 1165 7 21 i
480 1166 14 20 4
510 1167 12 25 $
539 1167 27 20 26
580 1166 47 28 kap.
644 1166 26 21 B.
686 1166 25 21 B.
728 1165 106 29 angående
854 1167 83 20 kostna-

187 1200 42 21 den
243 1200 32 21 för
289 1199 155 29 uppbyggande
458 1199 24 21 af
494 1199 62 28 tings-
572 1200 39 21 och
621 1200 136 28 domaregärd
765 1213 27 2 —
800 1201 88 21 hvarom
899 1201 38 21 Ut-

188 1234 78 21 skottet
284 1233 52 22 dock
356 1233 92 25 föreslår,
464 1235 30 19 att
513 1233 41 22 den
573 1241 72 14 senare
666 1234 38 21 alls
719 1234 47 21 icke
781 1235 63 20 borde
862 1234 74 27 ifräga-

187 1267 91 25 komma,
294 1267 82 21 hvilket
391 1266 52 21 dock
456 1265 79 29 jemväl
550 1267 68 20 skulle
632 1271 50 23 göra
696 1269 136 26 permanenta
847 1267 88 21 domsto-
949 1284 4 3 .

188 1301 31 21 lar
236 1299 98 30 omöjliga
352 1300 39 21 och
409 1300 120 29 opassande,
545 1300 64 22 bland
628 1300 69 27 andra,
714 1300 23 22 af
750 1301 36 22 det
800 1301 45 21 skäl
860 1302 31 21 att
905 1308 30 14 ar-

187 1335 69 22 kifvet
278 1342 49 15 vore
349 1334 105 29 placeradt
474 1334 7 21 i
496 1334 135 29 tingsgärden
653 1335 38 21 och
707 1335 99 22 domaren
827 1335 67 22 mäste
908 1335 26 22 bo

188 1371 64 21 hvem
266 1372 36 19 vet
316 1369 53 22 hvar
384 1381 26 3 —
425 1369 85 22 föreslås
525 1369 97 22 befrielse
637 1369 32 22 för
684 1372 61 19 sätes-
756 1371 38 20 och
804 1369 131 30 ladugårdar,

188 1405 84 29 afhysta
294 1404 30 22 rä-
343 1404 38 22 och
403 1404 143 21 rörshemman
568 1406 54 20 samt
643 1406 77 27 preste-
739 1405 38 22 och
796 1405 138 22 klockarebol.

189 1440 65 21 Detta
270 1443 22 18 är
306 1439 33 21 för
353 1438 43 29 mig
413 1439 23 21 sä
450 1439 86 28 mycket
550 1447 46 14 mer
613 1439 149 30 besynnerligt,
779 1439 26 22 dä
819 1440 32 22 uti
866 1439 70 23 ofvan-

188 1474 90 21 nämnda
293 1473 75 28 nädiga
385 1473 127 29 proposition
528 1473 63 23 äfven
609 1475 41 20 alla
664 1474 160 29 privilegierade
839 1475 97 28 lägenhe-

255 1513 137 24 Lagutskottets
404 1514 112 18 betänkande
527 1514 38 19 N:o
577 1515 28 16 12.
