1061 1709
262 126 27 19 U.
305 127 28 22 B.
348 136 26 4 —
390 128 80 22 Prop.
486 129 44 17 N:o
545 130 28 16 30
588 133 36 14 m.
639 128 26 18 fi.
787 127 26 21 35

172 198 138 22 Beträffande
338 199 150 22 användandet
509 200 23 21 af
552 200 27 22 de
601 200 74 26 medel,
698 206 45 15 som
765 207 76 20 genom

107 232 306 26 bränvinsbränningsskatten
434 234 81 27 inflyta,
533 234 63 21 torde
606 234 93 20 särskild
709 234 132 27 underdänig

105 266 113 21 skrifvelse
239 267 53 20 böra
314 266 23 21 af
357 266 120 22 Ständerna
499 267 80 26 aflätas,
595 269 51 20 enär
661 267 129 22 Ständernas
806 269 35 20 be-

105 300 42 21 slut
169 300 7 20 i
198 300 60 21 detta
280 302 61 18 ämne
363 300 62 21 äfven
448 301 58 20 förut
525 301 69 21 blifvit
609 307 75 20 genom
700 301 91 22 särskild
806 302 35 21 nä-

104 334 36 27 dig
155 333 129 27 kungörelse
298 333 167 27 promulgeradt.

171 379 117 21 Vördsamt
302 379 131 21 hänvisande
445 380 33 20 till
493 379 77 28 nädiga
584 380 160 27 propositionen
760 387 33 15 n:o
808 382 33 25 30,

104 419 48 20 pag.
170 413 54 20 6—8
240 413 40 21 och
295 413 101 21 referatet
411 413 63 21 deraf
486 414 8 20 i
509 414 74 26 början
599 414 23 21 af
631 414 59 21 detta
700 415 141 26 betänkande,

103 446 33 21 fär
151 446 106 21 utskottet
271 447 77 20 främst
362 447 75 26 bringa
452 447 7 21 i
473 447 101 27 erinring,

171 493 31 19 att
224 492 97 26 anslaget
343 492 32 21 till
396 492 249 27 landtbrukssällskapen
664 493 47 22 icke
726 494 70 21 blifvit
811 495 26 21 bi-

103 526 65 26 fallet,
184 526 23 21 af
221 526 46 21 skäl
283 527 32 20 att
330 526 140 21 statsverkets
485 527 107 21 ordinarie
602 527 116 27 tillgångar
728 527 68 22 förmå
806 529 36 21 be-

103 560 69 21 strida
187 560 131 25 detsamma;
333 559 40 21 och

171 607 31 19 att
224 605 66 27 nägot
312 605 74 27 anslag
410 606 32 20 till
462 612 63 21 egare
540 607 23 20 af
576 607 90 20 säterier
681 607 70 21 säsom
766 610 75 19 ersätt-

102 640 51 26 ning
172 639 34 22 för
228 639 163 27 öfvertagandet
413 640 23 21 af
449 640 258 27 hällskjutsningstungan
721 641 48 22 icke
783 642 58 21 kom-

102 681 45 14 mer
171 675 7 20 i
203 674 61 27 fräga
285 674 37 21 vid
345 674 40 21 den
400 674 82 27 utgäng
496 675 75 26 frägan
587 681 33 15 om
635 675 206 28 hällskjutsningens

103 709 109 22 ordnande
227 708 47 21 haft
288 708 7 21 i
311 708 26 21 de
352 714 54 21 resp.
423 709 98 21 ständen.

168 754 35 22 Dä
225 755 67 26 enligt
314 755 113 26 uppgiften
448 755 7 21 i
479 755 41 21 den
538 755 78 27 nädiga
630 755 159 27 propositionen
805 757 36 21 det

104 790 60 21 förra
187 789 103 27 anslaget,
308 790 88 25 140,000
411 790 67 26 mark,
493 790 34 20 för
541 790 123 21 kontrollen
679 790 59 21 öfver
752 790 90 22 bränne-

103 824 72 22 rierna
196 826 56 19 samt
273 824 34 20 för
330 823 55 21 ökad
400 824 49 21 tull-
464 824 40 21 och
519 830 69 16 annan
603 824 122 27 bevakning
739 825 56 21 visat
809 826 33 26 sig

103 859 144 26 otillräekligt,
264 859 62 20 torde
346 858 118 21 detsamma
479 859 58 26 böra,
552 859 8 20 i
575 859 94 26 enlighet
684 859 48 21 med
747 861 95 25 proposi-

102 893 74 21 tionen
191 893 80 26 derom,
287 892 61 27 höjas
364 893 32 20 till
412 899 26 14 en
453 893 175 26 förslagssumma
642 892 24 22 af
679 893 63 27 högst
751 894 90 26 200,000

103 927 67 21 mark.
200 927 49 21 Men
272 928 52 19 enär
338 927 165 26 ifrågavarande
518 927 66 26 utgift
597 927 55 21 först
667 927 24 21 är
707 927 54 22 1876
771 928 70 21 blifvit

102 961 33 22 för
159 961 26 21 de
208 961 130 26 föregäende
361 963 12 18 5
393 961 52 21 ären
459 961 8 20 i
481 961 175 27 räkenskaperna
670 961 68 22 afförd
753 962 39 21 och
808 963 33 20 sä-

103 996 52 21 dant
169 995 47 21 icke
232 1001 62 20 synes
303 995 49 21 med
363 995 147 26 regelbunden
521 995 114 27 bokföring
645 995 195 28 öfverensstämma,

102 1029 62 21 torde
180 1029 36 20 det
230 1028 105 21 förbehäll
350 1035 51 15 vara
415 1029 24 21 af
452 1029 70 21 nöden
537 1031 32 19 att
582 1029 8 21 i
600 1029 173 27 räkenskaperna
783 1030 59 21 öfver

102 1063 306 26 bränvinsbränningsskatten
430 1063 34 21 för
478 1063 74 27 hvarje
566 1063 25 21 är
605 1064 39 21 bör
659 1063 76 22 afföras
751 1064 37 21 det
805 1064 36 21 be-

102 1097 57 27 lopp,
175 1103 46 15 som
236 1097 13 21 å
264 1097 97 27 anslaget
375 1097 66 27 tagits
455 1097 7 21 i
477 1097 99 27 anspråk.

170 1142 112 21 Utskottet
303 1144 45 19 tror
363 1143 34 26 sig
411 1143 72 21 kunna
498 1143 114 21 förutsätta
627 1144 33 20 att
674 1143 120 22 Ständerna
808 1143 33 22 för

103 1176 66 27 öfrigt
183 1175 48 22 icke
246 1176 51 27 vilja
311 1176 88 27 vidtaga
413 1176 70 27 någon
498 1177 124 26 förändring
636 1177 50 20 med
701 1177 26 21 de
742 1177 27 26 på
779 1177 63 21 brän-

103 1210 133 21 vinsskatten
251 1210 102 21 anvisade
368 1210 73 27 anslag
456 1211 39 21 och
511 1212 31 19 att
556 1211 83 21 således
654 1211 102 20 särskildt
770 1213 72 19 senast

103 1242 72 23 hållne
189 1244 114 27 landtdags
318 1244 71 21 beslut
404 1245 79 25 derom,
499 1246 31 19 att
545 1245 38 20 allt
598 1244 119 21 öfverskott
731 1251 46 15 som
789 1245 53 21 härå

103 1278 43 21 kan
168 1277 129 27 uppkomma
312 1278 52 21 skall
380 1278 33 21 för
425 1278 227 28 jernvägsbyggnader
666 1285 121 15 reserveras
802 1279 39 22 och

104 1312 73 21 derför
198 1312 68 21 under
289 1312 273 22 kommunikationsfonden
584 1312 107 27 bokföras,
709 1313 132 21 fortfarande

104 1346 110 21 vidhålles.

171 1390 40 20 Till
233 1389 53 27 följd
308 1390 24 20 af
353 1390 36 21 det
403 1390 90 22 anförda
507 1390 33 22 får
554 1390 108 22 utskottet
675 1391 110 21 vördsamt
798 1391 43 21 för-

105 1425 59 26 orda,
180 1425 32 21 att
234 1424 120 22 Ständerna
368 1424 49 22 ville
432 1425 90 27 besluta,
538 1425 37 21 det
588 1425 95 27 följande
697 1425 74 27 anslag
781 1425 61 22 skola

105 1460 68 21 under
202 1458 51 22 åren
270 1458 137 23 1878-1882
422 1459 47 22 från
484 1460 186 22 bränvinsskatten
685 1459 81 28 årligen
781 1460 59 28 utgå:

176 1505 136 17 Statsutskottets
324 1505 102 18 betänkande
438 1506 33 17 N:o
484 1506 27 17 12.
