1064 1711
220 147 12 20 6
378 145 25 18 U.
416 146 28 18 B.
455 155 23 3 —
490 146 78 22 Prop.
580 147 46 17 N:o
639 145 36 19 30
687 151 30 12 m.
729 145 32 18 f1.

191 215 68 20 under
282 214 223 21 sommarmänaderna
528 215 25 20 de
576 215 34 21 tvä
634 216 83 19 senaste
741 215 49 20 ären
815 214 122 21 anordnade

192 249 103 26 nattägen
312 249 88 21 emellan
418 249 134 26 Helsingfors
569 250 38 20 och
624 249 30 21 S:t
670 249 137 26 Petersburg,
819 249 40 20 den
870 249 6 20 i
887 249 52 20 vära

193 283 147 21 förhällanden
360 283 72 21 alitför
449 286 59 18 stora
523 284 168 26 farhastigheten
707 290 26 14 m.
750 290 26 14 m.
793 284 19 20 d.
843 284 49 20 Men
909 283 30 20 öf-

193 318 118 21 verhufvud
335 318 61 20 torde
419 318 71 20 kunna
513 319 64 25 antagas
618 320 32 18 att
666 318 35 21 det
716 318 47 21 icke
779 318 76 21 endast
870 320 24 18 är
910 319 31 19 ett

194 352 51 21 eller
264 354 66 19 annat
349 352 90 26 misstag
455 359 45 14 som
515 352 123 21 förorsakat
654 353 35 20 det
704 353 82 20 mindre
802 352 91 27 lyckliga
909 358 32 14 re-

194 387 94 25 sultatet,
305 388 52 19 utan
373 389 31 18 att
420 387 95 25 grunden
532 388 71 20 dertill
618 387 68 26 ligger
701 388 6 20 i
723 388 48 20 hela
791 388 36 20 det
843 386 98 27 gällande

195 423 102 25 systemet
312 421 32 21 för
354 421 266 27 jernvässförvaltningen,
633 422 66 26 enligt
709 422 81 20 hvilket
799 422 142 26 jernvägarne

193 456 8 20 i
221 456 47 20 värt
286 456 56 25 glest
358 456 96 26 bebygda
470 456 38 20 och
524 456 5 20 i
547 456 133 21 ekonomiskt
697 456 100 20 afseende
810 456 133 27 jemförelse-

194 491 31 19 vis
248 490 50 26 föga
321 490 124 20 utvecklade
468 490 50 21 land
537 492 82 19 ansetts
638 490 52 21 böra
705 490 90 26 erbjuda
811 496 80 15 samma
908 490 34 21 be-

196 524 153 27 gvämligheter
365 524 38 20 och
420 525 32 26 lyx
470 531 44 14 som
531 525 5 20 i
548 525 97 27 Europas
661 527 55 19 mest
731 525 114 21 befolkade
861 525 38 20 och
916 525 27 20 ri-

195 559 61 20 kaste
273 559 81 20 länder.

266 593 112 21 Utskottot
394 593 57 21 afser
467 593 54 21 dock
536 594 46 20 icke
599 595 31 19 att
642 593 85 21 hvälfva
738 593 90 21 skulden
840 593 33 21 för
885 595 59 20 detta

194 628 6 20 i
217 627 124 22 Utskottets
358 628 63 20 tanke
438 628 93 25 oriktiga
547 630 79 24 system
642 628 135 21 uteslutande
794 628 51 21 eller
861 635 36 14 ens
909 630 35 19 vä-

197 662 119 27 sendtligen
333 663 27 26 pä
376 663 105 26 styrelsen
498 663 50 20 eller
564 663 311 26 jernvägsadministrationen.
906 663 39 21 Ut-

197 697 81 20 skottet
300 697 68 20 båller
392 699 92 18 tvärtom
506 697 52 26 före,
575 699 32 19 att
622 697 143 21 allmänheten
781 698 37 20 och
835 698 49 21 dess
901 697 44 27 opi-

197 732 49 20 nion
263 732 5 20 i
285 732 41 25 hög
345 731 53 27 grad
417 732 125 20 medverkat
559 732 33 20 till
608 732 129 21 detsammas
753 733 118 24 införande,
887 733 7 20 i
911 733 36 20 det

197 766 143 21 allmänheten
363 767 50 19 utan
438 767 32 19 att
491 768 99 19 närmare
606 768 52 24 göra
674 767 32 25 sig
721 767 52 20 reda
789 766 33 21 för
838 767 107 20 olikheten

198 801 78 20 mellan
291 801 48 20 vårt
354 801 50 20 land
420 801 38 20 och
469 801 67 20 andra
546 801 70 20 rikare
627 801 74 20 länder
712 801 55 26 tagit
778 802 26 19 de
815 802 132 20 sistnämnda

198 835 33 20 till
254 835 117 21 mättstoek
394 835 32 20 för
450 836 46 19 sina
519 835 93 27 anspräk
634 836 27 25 pä
677 835 93 21 komfort
786 836 39 21 och
841 836 107 21 snabbhet

199 870 39 20 hos
261 869 51 21 våra
332 869 120 27 .jernvägar.
484 870 120 26 Styrelsens
627 870 144 26 anordningar
791 871 5 19 i
813 870 100 21 afseende
936 870 12 21 &

197 903 193 27 jernvägstrafiken
414 904 63 20 hafva
497 904 95 26 sålunda,
609 904 66 26 enligt
693 904 121 21 Utskottets
830 905 70 25 tanke,
918 905 31 20 ät-

201 938 106 21 minstone
327 938 32 20 till
379 938 69 26 någon
465 938 33 21 del
515 939 37 19 sitt
567 938 67 21 motiv
650 938 38 21 och
705 939 32 21 sin
753 938 120 28 förklaring
889 939 5 20 i
911 940 38 20 all-

199 974 125 20 mänhetens
341 972 128 26 fordringar.

272 1008 50 20 Men
343 1008 24 26 ju
390 1008 130 20 ailmännare
544 1008 68 20 denna
628 1008 94 26 oriktiga
738 1008 88 27 opinion
842 1008 109 27 angående

201 1042 52 22 våra
272 1042 128 27 jernvägars
422 1042 86 27 uppgift
531 1043 6 20 i
560 1043 100 21 afscende
680 1042 11 21 å
711 1043 90 21 trafiken
817 1046 24 18 är
856 1044 6 20 i
878 1044 73 21 landet

201 1077 99 26 utbredd,
322 1078 60 20 desto
399 1077 135 26 allvarligare
550 1078 54 20 mått
620 1078 38 20 och
675 1079 46 24 steg
738 1078 53 21 böra
806 1078 61 21 äfven
883 1078 68 21 vidta-

201 1118 38 20 gas
261 1112 35 20 för
318 1113 32 19 att
370 1114 77 18 utröna
467 1111 37 21 och
521 1111 113 21 framhålla
650 1112 35 20 det
700 1111 103 28 felaktiga
819 1113 6 20 i
842 1115 109 24 systemet.

202 1146 173 25 Statsutskottet,
400 1152 44 14 som
468 1146 33 20 väl
526 1145 46 21 haft
591 1148 82 24 ögonen
689 1146 85 21 riktade
790 1147 27 26 pä
833 1147 59 21 detta
904 1148 48 25 wig-

201 1181 45 25 tiga
265 1180 141 25 förhåliande,
426 1180 39 20 har
482 1180 54 21 dock
552 1180 45 21 icke
614 1181 80 20 kunnat
710 1181 61 21 deråt
788 1187 54 20 egna
857 1182 95 20 tillräck-

201 1215 30 25 lig
254 1214 178 26 uppmärksamhe
485 1214 52 20 Dels
561 1214 62 20 hafva
645 1214 105 26 nemligen
774 1215 179 26 jernvägsräken-

202 1249 106 25 skaperna
331 1255 76 18 genom
432 1248 32 20 sin
487 1248 134 20 voluminösa
642 1248 147 21 beskaffenhet
811 1250 143 24 undandragit

203 1282 32 26 sig
258 1282 70 20 dirckt
348 1282 131 26 granskning
498 1282 47 20 från
561 1282 123 20 Utskottets
701 1282 52 25 sida,
771 1283 45 20 dels
832 1284 64 19 beror
912 1283 41 21 frå-

202 1322 52 20 gans
278 1316 115 26 utredning
416 1315 46 21 icke
484 1316 75 20 endast
575 1316 22 20 af
611 1322 25 14 en
652 1316 132 27 granskning
800 1317 23 20 at
838 1317 116 21 räkenska-

202 1357 72 21 perna,
291 1352 52 19 utan
359 1350 103 21 fastmera
477 1351 27 26 på
520 1357 25 15 en
561 1352 5 19 i
584 1351 65 27 detalj
666 1351 82 21 gående
761 1352 161 27 undersökning
933 1353 23 20 af

199 1385 207 27 jernvägstrafikens
422 1386 138 20 bedrifvande
577 1386 55 21 ifrån
648 1386 58 21 såväl
723 1386 74 22 atfärs-
812 1393 45 15 som
868 1387 86 21 teknisk

203 1420 109 28 synpunkt
326 1433 28 1 —
370 1420 66 26 något
458 1427 45 14 som
526 1420 47 21 icke
596 1421 58 26 iegat
669 1421 56 21 inom
743 1422 108 26 omfånget
867 1422 33 21 för
916 1422 39 22 Ut-

204 1455 92 22 skottets
312 1455 142 21 verksamhet.
485 1455 113 21 Utskottet
613 1455 39 21 har
668 1455 85 22 derföre
768 1458 71 19 ansett
855 1457 33 26 sig
903 1457 52 22 böra

272 1495 138 18 Statsutskotlets
423 1495 106 18 betänkande
541 1495 33 18 N:o
586 1495 28 18 16.
