1070 1709
252 137 26 21 10
412 136 80 23 Ständ.
507 136 37 22 Sv.
559 148 28 4 —
601 136 71 28 Prop.
686 136 40 22 N:o
742 136 34 22 32.

222 205 127 28 geografiska
363 204 143 22 förhållanden
521 204 73 22 endast
607 204 102 28 långsamt
723 205 39 21 och
776 204 65 22 under
856 204 101 29 svårighe-

222 241 33 20 ter
268 238 116 23 fortskridit
397 238 8 22 i
420 238 129 27 civilisation,
565 238 8 22 i
587 238 96 22 afseende
698 238 12 22 å
724 239 86 22 hvilken
829 238 45 23 dess
888 238 23 22 af
923 246 34 15 na

222 276 62 19 turen
298 273 148 29 välbegåfvade
460 273 121 28 befolkning
595 277 56 18 ännu
665 272 8 22 i
687 273 128 22 närvarande
829 273 31 22 tid
875 273 41 22 står
930 271 28 23 ef-

223 310 32 20 ter
276 307 147 30 befolkningen
445 307 8 22 i
474 307 65 29 öfriga
560 307 56 22 delar
637 307 23 22 af
676 307 76 22 landet.
781 308 36 21 Em
830 308 64 28 högre
908 306 50 23 bild-

223 342 147 29 ningsanstalts
392 341 132 30 förläggande
545 341 33 23 till
599 342 69 21 denna
688 342 92 22 landsort
801 342 73 25 skulle,
895 341 64 29 enligt

222 377 56 21 hvad
295 384 48 13 man
359 376 27 29 på
399 377 68 28 grund
485 377 22 21 af
519 377 41 22 alla
580 376 81 22 länders
675 377 39 21 och
728 376 63 23 tiders
806 375 117 23 erfarenhet
937 380 22 17 är

222 411 116 28 berättigad
352 413 79 27 antaga,
448 413 72 26 utgöra
535 413 30 20 ett
578 410 86 29 kraftigt
678 411 68 22 medel
760 413 31 20 att
799 410 101 29 befrämja
906 411 53 21 bild-

223 445 87 29 ningens
324 445 108 29 spridning
446 445 62 22 bland
522 445 148 29 befolkningen
689 445 38 22 och
746 445 73 30 bringa
840 445 119 22 densamma

223 479 8 22 i
252 485 94 17 närmare
368 480 71 29 andlig
459 479 125 24 förbindelse
606 480 48 22 med
676 482 69 21 vestra
766 480 60 22 delen
845 479 23 24 af
882 480 75 22 landet.

223 514 65 22 Detta
305 515 114 28 antagande
438 522 62 21 synes
515 515 22 22 så
551 515 83 29 mycket
653 523 57 14 mera
723 515 128 29 berättigadt,
867 522 44 14 som
926 523 33 13 an-

222 549 52 22 talet
287 549 195 28 bildningssökande
497 549 7 21 i
518 550 18 21 I.
553 549 85 22 Siitoins
653 549 102 22 folkskola
769 549 66 22 under
844 549 48 22 hela
901 549 58 22 tiden

224 583 32 22 för
277 584 45 22 dess
344 583 82 22 tillvaro
448 584 54 22 varit
519 586 56 20 stort.
609 583 43 23 Vid
670 583 121 29 afgörandet
805 583 22 22 af
839 583 72 28 frågan
926 591 33 14 om

224 619 128 21 seminariets
374 618 132 29 förläggande
528 618 33 22 till
578 619 94 28 Kymölä
692 619 38 21 bör
751 618 65 29 enligt
834 618 125 23 Ständernas

223 654 63 21 tanke
306 653 78 29 jemväl
404 653 60 29 billig
481 653 82 29 hänsyn
578 655 56 26 tagas
648 653 33 21 till
696 653 58 22 deras
769 653 84 27 önskan,
869 661 44 14 som
927 653 33 22 till

224 687 118 29 Styrelsens
356 687 119 29 förfogande
490 687 136 23 öfverlemnat
641 687 40 22 den
694 687 115 23 Siitoinska
818 688 79 25 skolan,
908 690 53 20 samt

224 722 99 29 slutligen
338 722 68 21 denna
420 722 67 22 skolas
501 722 123 29 belägenhet
639 721 58 22 invid
712 730 26 13 en
754 722 51 22 stad.
828 722 133 23 Sistnämnda

224 757 152 28 omständighet
390 756 108 29 möjliggör
516 756 105 29 nemligen
635 756 142 29 förläggandet
791 756 24 22 af
827 759 29 20 ett
870 757 91 23 internat

224 791 26 29 på
272 791 72 29 sjelfva
363 791 125 27 hemmanet,
504 792 75 21 medan
601 794 122 19 externerne
737 792 72 21 kunna
823 792 78 22 erhålla
915 792 46 22 kost

224 826 39 22 och
278 828 83 27 qvarter
374 826 9 21 i
397 826 78 26 staden,
491 826 46 22 från
551 826 87 21 hvilken
652 825 104 23 afståndet
769 826 34 22 till
812 826 121 22 seminariet
943 826 18 29 ej

224 866 23 17 är
261 863 65 20 större
340 865 27 18 än
381 861 55 21 hvad
452 863 29 20 ett
499 860 102 29 betydligt
622 861 56 21 antal
696 861 33 21 till
744 861 39 22 och
804 861 47 22 med
873 861 88 22 minder-

224 895 56 28 åriga
294 895 115 22 skolelever
423 895 8 21 i
446 903 26 13 en
487 897 64 20 större
566 895 45 21 stad
624 893 64 23 hafva
702 897 30 20 att
746 895 155 29 tillryggalägga
915 895 46 22 från

224 930 46 22 sina
284 930 48 21 hem
346 929 33 22 till
394 929 26 22 de
435 929 68 22 skolor
518 929 25 22 de
557 929 81 22 besöka.

290 965 13 20 I
317 963 96 22 afseende
428 963 12 22 &
454 963 71 29 frågan
540 963 106 22 huruvida
660 963 35 22 det
710 972 41 20 nya
765 964 120 22 seminariet
899 964 63 22 borde

224 998 64 22 blifva
303 1000 95 20 externat
412 998 51 21 eller
476 998 91 22 internat
581 998 51 21 eller
646 997 72 23 förena
731 999 65 28 begge
811 998 58 23 dessa
879 998 82 27 former,

224 1032 62 23 hafva
301 1032 115 23 Ständerna
431 1032 46 23 icke
492 1033 79 21 lemnat
584 1033 111 22 obeaktadt
714 1035 30 20 att
762 1033 80 22 landets
863 1033 23 22 år
908 1034 55 21 1872

225 1066 122 23 församlade
363 1067 91 22 Ständer
467 1067 8 21 i
490 1067 32 22 sin
537 1067 141 29 underdäniga
695 1067 87 28 petition
805 1068 7 21 i
834 1070 71 19 ämnet
925 1069 37 21 hos

224 1101 83 22 Eders
320 1101 153 28 Kejserliga
482 1101 123 29 Majestät
620 1101 87 22 anhällit
721 1104 31 20 att
762 1102 56 22 detta
827 1101 136 23 seminarium

224 1135 46 22 icke
284 1135 62 22 borde
361 1143 49 15 vara
425 1135 67 23 afsedt
506 1135 32 22 för
553 1136 100 26 interner;
674 1136 53 22 dock
746 1136 129 22 förekomma
889 1137 74 22 härvid

224 1169 61 22 äfven
300 1170 180 29 omständigheter,
496 1171 73 22 hvilka
583 1171 97 21 särskildt
695 1171 47 21 med
757 1171 96 22 afseende
867 1171 13 22 &
893 1171 70 22 försla-

223 1206 35 26 get
272 1212 35 13 om
324 1204 130 23 seminariets
472 1204 132 29 förläggande
619 1204 32 23 till
666 1205 94 28 Kymölä
773 1205 42 22 tala
829 1205 32 22 för
875 1205 87 22 konvik-

223 1240 41 20 tets
281 1238 150 22 bibehållande.
462 1239 37 21 Uti
514 1241 31 20 ett
561 1241 129 26 gemensamt
704 1240 73 21 lärare-
791 1240 39 21 och
843 1239 118 26 lärarinne-,

225 1271 51 22 eller
290 1272 22 22 sä
326 1271 80 23 kalladt
427 1275 140 23 sammansatt,
583 1272 135 22 seminarium
732 1272 63 23 hafva
809 1272 105 29 nemligen
934 1281 29 14 se

224 1306 106 22 minariets
352 1306 90 28 manliga
463 1307 39 21 och
521 1307 92 29 gvinliga
628 1307 69 22 elever
711 1307 81 22 tillfälle
807 1307 33 22 till
855 1312 108 24 umgänge,

224 1348 44 15 som
289 1341 65 22 under
376 1341 95 29 behörigt
491 1341 98 23 inseende
611 1346 22 17 är
654 1341 24 22 af
697 1342 97 22 bildande
808 1342 114 28 inflytande
936 1342 27 30 pä

224 1375 95 29 samtliga
334 1376 74 22 elever.
430 1376 39 23 Ett
483 1378 42 20 rätt
539 1376 159 23 handhafvande
713 1377 23 22 af
748 1385 27 14 en
784 1377 130 23 säbeskaffad
922 1378 41 22 till-

225 1418 39 21 syn
286 1410 101 22 erfordrar
408 1410 53 22 dock
482 1411 128 29 nödvändigt
628 1413 31 21 att
674 1412 34 21 det
722 1412 107 22 blifvande
843 1413 120 23 seminariet

224 1444 65 26 förses
312 1445 48 25 med
378 1445 97 27 internat,
490 1446 55 22 helst
559 1446 26 23 de
599 1446 101 29 farhägor,
716 1455 44 16 som
774 1446 68 32 någon
855 1448 54 29 gång
923 1450 40 27 ytt-
