1059 1709
245 141 32 33 20
385 146 28 18 U.
434 147 29 17 B.
479 155 25 3 —
520 146 81 22 Prop.
618 144 45 20 N:o
679 146 28 16 30
723 150 34 12 m.
775 144 26 18 fl.

223 212 75 26 ringen
321 213 24 19 är
363 210 114 22 föranledd
493 210 45 22 dels
554 210 23 21 af
590 216 41 21 nya
646 210 147 21 embetsverks
809 210 39 20 och
863 210 102 26 tjensters

222 244 131 27 inrättande,
377 244 45 21 dels
445 244 23 21 af
481 244 204 26 löneförhöjningar.
718 244 31 20 Af
763 243 113 21 enahanda
890 243 74 26 orsak,

224 285 34 15 om
273 279 40 21 ock
328 279 18 26 ej
363 278 45 21 lika
421 278 74 26 jemnt,
523 279 38 20 har
576 278 48 21 9:de
639 278 63 20 titeln
718 278 69 25 ökats,
811 279 50 19 enär
877 277 40 20 den
933 277 33 20 till

228 314 70 20 större
321 313 35 20 del
371 313 88 25 utgöres
475 311 24 22 af
511 312 114 27 pensioner
640 311 33 21 till
689 311 117 21 afskedade
821 311 91 21 embets-
928 311 39 21 och

224 347 137 26 tjenstemän.
391 346 68 21 Dessa
473 345 43 22 fem
531 345 144 22 hufvudtitlar
689 345 110 26 utgjorde:

273 381 24 21 år
313 380 54 21 1871
382 392 29 3 —
425 380 118 26 8,056,560:
555 391 22 3 —
609 379 23 21 är
647 379 54 21 1875
719 391 19 2 —
759 379 118 26 9,362,856:
889 391 30 14 —,

221 414 83 21 hvilket
318 414 83 21 utvisar
415 420 27 15 en
457 414 96 26 stegring
569 413 23 22 af
605 413 91 26 ungefär
712 413 27 20 16
753 413 28 27 %
797 413 52 21 eller
863 413 8 21 i
885 413 80 22 medel-

222 448 31 21 tal
269 448 12 21 4
296 447 28 27 %
338 453 39 21 per
392 447 31 21 är.

289 487 73 21 Annat
377 489 23 18 är
416 487 97 22 deremot
527 487 146 21 förhållandet
687 487 48 20 med
752 487 49 25 6:te,
813 487 48 21 7:de
870 486 39 21 och
918 487 47 21 8:de

221 521 178 25 hufvudtitlarna,
422 521 68 21 under
513 521 73 21 hvilka
605 520 93 27 aflöning
713 521 57 20 blott
785 520 32 21 till
832 521 84 20 mindre
931 521 34 20 del

219 555 68 27 ingär.
324 555 100 21 Summan
447 554 24 21 af
492 555 63 21 dessa
574 561 39 15 var
628 554 54 21 1871
699 566 23 3 —
740 555 118 26 4,945,064:
867 555 33 25 32,
917 561 48 14 men

220 589 55 22 1875
297 589 57 21 blott
379 589 160 26 4,193,748:64.
569 589 66 21 Detta
660 588 127 27 nedgående
809 590 24 19 är
849 588 54 21 dock
918 589 48 20 icke

221 623 108 26 konstant,
354 623 119 26 utgifterna
495 625 36 18 äro
555 623 68 21 delvis
645 623 23 20 af
682 622 96 27 tillfällig
793 625 34 18 art
842 623 40 21 och
897 623 68 21 ehuru

219 657 82 22 sådana
323 657 73 26 hvarje
419 657 23 20 år
465 656 137 27 förekomma,
627 657 72 21 vexlar
722 657 54 20 dock
793 657 102 26 beloppet
910 656 55 21 efter

219 691 216 27 omständigheterna.

285 725 43 22 Det
350 725 67 26 gäller
439 725 28 21 då
490 727 32 19 att
541 725 80 27 afgöra,
654 725 107 21 huruvida
776 725 123 27 stegringen
914 725 8 21 i
938 725 26 21 de

219 759 148 22 förstberörda
389 761 11 18 5
423 759 172 21 hufvudtitlarna
617 760 24 19 är
664 759 23 20 så
706 759 89 24 normal,
819 760 31 20 att
866 759 40 21 den
922 759 42 20 kan

220 793 39 22 och
274 793 40 21 bör
329 793 74 26 läggas
418 793 34 20 till
468 792 69 28 grund
552 793 36 21 vid
603 792 147 27 beräkningen
765 792 23 21 af
802 793 27 20 de
836 793 128 21 kommande

219 827 62 22 årens
297 827 112 21 enahanda
424 827 96 26 utgifter,
536 828 55 20 samt
606 826 87 21 hvilken
708 826 202 27 beräkningsgrund
925 827 39 20 bör

221 861 64 28 följas
299 862 8 20 i
322 861 101 21 afseende
438 861 13 21 å
466 861 26 21 de
507 860 70 28 öfriga
591 861 13 20 3
619 861 95 20 titlarna.

288 895 33 21 En
336 895 58 21 blick
409 895 92 21 tillbaka
516 894 7 21 i
538 895 60 21 tiden
613 895 64 25 visar,
692 897 33 19 att
740 894 63 21 ofvan
819 895 91 21 anförda
919 895 43 21 till-

217 931 52 20 växt
283 930 8 21 i
305 930 40 25 1:a,
361 930 40 25 2:a,
411 929 53 26 4:de,
475 931 46 19 5:te
530 929 39 22 och
577 929 48 21 9:de
634 929 169 26 utgiftstitlarna
810 929 48 20 från
867 929 53 22 1871
929 929 34 21 till

217 963 54 22 1875
293 963 58 22 varit
372 962 95 27 ovanligt
489 963 66 21 stark.
593 957 30 27 År
645 963 54 20 1866
721 962 93 27 uppgick
830 969 96 16 summan
942 963 23 22 af

219 998 63 21 dessa
303 997 62 22 titlar
387 997 33 21 till
442 997 161 26 7,734,281:92,
627 997 24 20 år
674 997 55 21 1870
750 997 34 21 till
800 997 118 27 8,101,632:
928 999 33 20 55.

217 1031 66 22 Detta
305 1033 24 20 är
352 1037 27 16 en
401 1031 97 27 stegring
519 1031 24 22 af
563 1032 76 21 endast
662 1031 41 27 43/,
717 1031 27 27 %
767 1031 74 22 eller
836 1027 14 35 i
860 1032 101 21 medeltal

216 1065 50 28 13/46
281 1066 26 27 %
322 1071 38 21 per
375 1065 24 20 år
414 1065 69 20 under
497 1066 92 21 nämnda
597 1065 161 27 femårsperiod.

283 1099 71 22 Häraf
367 1099 43 20 kan
425 1099 12 20 å
452 1105 40 15 ena
507 1099 61 22 sidan
584 1100 41 21 den
640 1099 91 21 slutsats
747 1099 84 27 dragas,
847 1102 33 19 att
894 1101 66 26 utgif-

217 1135 62 20 terna
295 1133 69 21 under
378 1133 138 21 merberörda
530 1133 144 21 hufvudtitlar
688 1133 48 21 icke
751 1133 92 22 behöfva
851 1134 47 21 från
905 1134 55 21 1878

217 1167 33 22 till
274 1167 55 21 1882
351 1167 57 26 stiga
430 1167 23 20 så
475 1167 84 27 mycket
581 1173 45 15 som
647 1167 48 21 med
717 1167 27 20 16
760 1169 95 25 procent,
879 1173 55 16 samt
948 1168 13 21 å

217 1202 68 21 andra
299 1201 62 22 sidan
376 1202 38 25 att,
437 1207 34 15 om
486 1207 49 15 man
549 1201 66 21 likväl
631 1203 90 24 antager
735 1201 113 22 enahanda
863 1203 97 26 stegring

218 1241 45 15 som
277 1235 48 20 från
340 1235 147 25 1871—1875,
506 1241 26 15 en
547 1234 50 22 fullt
611 1235 118 26 tillräcklig
743 1235 80 21 latitud
832 1236 33 21 för
873 1236 87 27 möjliga

217 1268 154 27 utvidgningar
392 1267 8 21 i
423 1267 158 27 förvaltningen
602 1267 110 22 äfvensom
731 1268 34 21 för
780 1270 56 19 ännu
852 1269 108 27 behöfliga

217 1301 198 28 löneförhöjningar
430 1301 39 20 bör
484 1307 51 15 vara
549 1302 132 21 reserverad.

283 1335 43 22 Det
347 1335 40 21 bör
411 1335 74 22 vidare
506 1335 119 27 medgifvas
647 1337 31 19 att
694 1335 29 22 all
737 1336 67 26 nödig
819 1336 139 28 försigtighet

217 1371 24 20 är
262 1369 120 27 iakttagen,
405 1375 34 15 om
461 1369 66 22 sådan
549 1369 43 27 hög
613 1369 96 27 stegring
730 1369 107 23 beräknas
859 1370 98 23 fortfara.

216 1404 41 21 Väl
271 1405 24 19 är
310 1404 37 21 det
361 1403 74 26 kändt,
451 1405 32 20 att
497 1403 61 27 fråga
573 1403 72 21 blifvit
659 1403 64 22 väckt
738 1410 34 15 om
787 1411 26 15 en
823 1405 133 21 omfattande

216 1437 122 28 förhöjning
353 1437 23 21 af
389 1437 180 27 tjenstemännens
584 1437 61 21 löner
659 1438 39 20 och
714 1440 33 19 att
761 1444 26 15 en
802 1438 80 22 komité
890 1440 66 21 redan

215 1474 25 18 är
261 1472 114 26 sysselsatt
391 1471 49 21 med
459 1472 138 21 förarbetena
617 1471 80 21 härtill.
727 1472 49 21 Men
791 1472 7 21 i
813 1472 143 23 betraktande

284 1516 135 18 Statsutskottets
431 1516 104 19 betänkande
547 1517 32 18 N:o
593 1516 27 18 12.
