1059 1714
332 172 79 22 Ständ.
427 172 36 23 Sv.
479 185 27 3 —
521 173 69 28 Prop.
606 174 39 21 N:o
660 173 34 22 34.

360 427 133 25 Finlands
525 428 132 23 Ständers
684 427 197 28 underdåniga

275 473 69 18 svar
362 468 7 22 i
387 467 118 31 anledning
519 469 26 22 af
556 467 55 24 Hans
625 467 127 32 Kejserliga
766 467 116 31 Majestäts

276 505 79 32 nådiga
384 508 142 31 proposition,
545 507 112 31 angående
676 508 118 24 anvisande
805 508 23 23 af
837 515 44 16 me-

277 547 34 24 del
334 547 32 24 till
386 547 138 24 bestridande
543 548 24 23 af
583 547 243 30 landtdagskostnader.

200 618 219 29 Stormäktigste,
435 620 202 28 Allernådigste
653 620 111 28 Kejsare
779 620 46 20 och

423 654 172 22 Storfurste!

205 714 50 22 Med
277 715 86 29 ledning
385 716 22 21 af
419 716 40 22 den
475 716 36 22 vid
533 717 54 21 1872
607 716 32 22 års
654 716 98 28 landtdag
767 724 71 14 vunna
853 724 29 13 er-

140 748 96 23 farenhet
250 749 38 21 har
307 750 86 23 Eders
411 750 156 30 Kejserliga
582 751 127 29 Majestät
731 751 8 21 i
753 750 64 23 nåder
831 750 52 22 före-

140 783 67 28 slagit,
223 786 31 19 att
270 784 117 23 Ständerna
401 786 33 21 till
447 786 134 22 bestridande
598 786 22 22 af
633 786 25 22 de
673 785 112 22 kostnader
799 786 39 21 och
851 787 32 20 ut-

140 816 63 29 gifter
217 817 33 22 för
263 819 134 29 landtdagen,
413 820 72 22 hvilka
500 820 83 28 jemlikt
599 822 26 20 82
636 822 13 25 8
663 820 8 22 i
680 820 203 28 Landtdagsordnin-

140 859 41 20 gen
197 852 49 21 böra
258 853 49 28 utgå
320 854 23 20 af
350 854 195 28 bevillningsmedel
560 856 50 20 eller
625 855 63 21 andra
697 854 116 29 tillgångar,
823 855 60 21 hvar-

141 891 34 15 om
191 885 117 23 Ständerna
323 888 72 21 kunna
410 888 83 29 förfoga,
511 889 106 21 äfvensom
631 888 32 22 för
675 888 107 22 aflönande
792 888 23 21 af
823 888 59 22 Stän-

141 919 75 22 dernas
227 920 89 23 ekonom
331 922 64 22 måtte
410 922 58 22 anslå
482 922 118 29 förslagsvis
616 923 89 25 145,000
719 923 66 21 mark.
810 922 73 28 Enligt

142 961 26 13 en
183 954 24 20 af
219 954 129 23 Ständernas
358 956 138 23 Statsutskott
508 957 102 29 uppgjord
619 956 115 39 beräkning
743 956 69 29 uppgå
822 956 60 21 emel-

135 983 67 45 Jertid
218 988 25 22 de
257 989 106 22 allmänna
377 990 113 28 utgifterna
504 992 32 21 för
550 991 155 27 landidagen,
695 984 13 39 i
721 990 52 29 följd
787 990 24 22 af
823 990 59 22 Stän-

135 1010 81 44 *dernas
233 1023 109 29 förlängda
352 1032 149 20 sammanvaro,
512 1026 33 21 till
555 1026 91 26 294,000
655 1026 66 25 mark,
732 1025 85 22 hvartill
826 1025 57 21 kom-

142 1063 46 13 mer
205 1056 19 28 ej
239 1058 81 21 mindre
335 1059 76 21 arvode
425 1059 22 23 åt
461 1068 26 14 en
501 1060 32 22 för
547 1060 78 22 vården
640 1059 23 22 af
675 1060 127 22 Ständernas
817 1058 65 26 arkiv,

141 1089 117 23 bibliothek
281 1093 37 21 och
341 1093 65 28 öfriga
428 1095 100 27 egendom
549 1097 88 25 antagen
660 1095 93 25 ekonom,
774 1094 52 21 efter
840 1094 42 21 400

142 1124 60 22 mark
225 1133 33 13 om
277 1126 50 27 året,
348 1127 33 21 för
400 1128 42 22 fem
461 1128 22 22 år
501 1130 55 20 2000
575 1128 66 26 mark,
657 1133 26 17 än
697 1128 8 22 i
715 1128 52 29 hyra
782 1128 31 21 för
827 1128 56 21 lokal

143 1162 54 18 samt
211 1159 32 21 för
257 1160 86 29 eldning
357 1162 38 21 och
409 1162 107 29 betjening
533 1164 56 20 3000
607 1163 60 21 mark
684 1162 106 22 äfvensom
808 1162 32 21 för
854 1162 29 21 in-

139 1192 44 28 köp
204 1193 22 21 af
247 1194 81 27 böcker,
352 1195 124 29 inbindning
491 1206 26 12 m.
534 1205 27 13 m.
577 1196 118 29 förslagsvis
714 1205 26 13 en
759 1204 79 14 summa
861 1196 23 22 af

144 1226 55 22 1000
214 1228 65 21 mark.
309 1228 161 30 Ifrägavarande
485 1231 86 28 utgifter
587 1231 70 29 uppgå
666 1230 87 22 sålunda
761 1230 33 22 till
808 1230 73 22 inalles

141 1261 175 23 trehundratusen
331 1264 68 26 mark;
416 1265 38 21 och
469 1265 21 21 få
505 1265 116 22 Ständerna
634 1265 27 29 pä
675 1265 68 28 grund
758 1264 60 22 deraf
828 1264 8 22 i
845 1272 35 14 un-

138 1295 137 29 derdänighet
289 1299 88 26 anmäla,

272 1351 33 18 att
321 1349 124 20 Ständerna
461 1350 28 26 af
505 1351 113 20 allmänna
637 1350 74 25 medel,
729 1349 60 26 öfver
809 1350 70 20 hvilka

205 1381 124 21 Ständerna
339 1389 39 21 ega
389 1385 33 18 att
429 1383 100 28 förfoga,
545 1384 63 20 anslå
619 1390 26 14 en
655 1390 81 13 summa
752 1383 29 26 af
793 1383 87 20 trehun-

203 1415 104 21 dratusen
323 1417 61 20 mark
399 1419 38 24 att,
453 1420 54 18 emot
522 1417 35 22 till
573 1417 122 21 Ständerna
707 1417 128 28 afgifvande
845 1424 34 14 re-

192 1470 2 2 .
203 1451 118 28 dovisning,
337 1452 110 21 användas
463 1452 21 27 ej
498 1452 83 21 mindre
597 1453 34 20 till
647 1452 136 21 bestridande
798 1452 29 27 af
837 1452 43 20 dei

203 1487 29 20 82
246 1486 15 27 $
276 1485 30 28 af
313 1486 250 29 Landtdagsordningen
574 1487 129 20 omnämnda
719 1486 112 21 allmänna
846 1488 32 19 ut-
