1048 1711
333 111 22 23 U.
372 110 22 23 B.
410 122 29 4 —
454 111 66 28 Prop.
536 112 41 22 N:o
592 111 37 23 33.
814 112 13 21 3

172 176 38 22 det
229 178 65 27 sjette
312 180 129 24 momentet,
457 176 47 23 deri
520 176 119 23 Utskottet
653 177 101 22 förordar
768 180 34 18 ett
816 185 39 14 an-

103 211 50 29 slag
171 212 25 21 af
213 212 90 25 300,000
323 212 65 21 mark
408 212 48 21 dels
469 212 37 21 till
521 211 123 22 inredande
659 212 25 21 af
696 212 135 22 arbetssalar
846 213 9 21 i

102 246 165 28 länsfängelser
285 246 48 22 dels
349 246 38 21 till
402 246 134 28 omändring
551 246 24 21 af
587 246 120 22 tukthuset
721 246 8 22 i
746 246 106 22 Tavaste-

102 281 44 22 hus
168 281 34 21 för
224 280 157 29 emottagande
403 282 25 20 af
446 282 103 27 gvinliga
570 280 85 28 fångar,
671 280 41 21 har
726 280 129 22 förkastats»

103 315 76 22 såvidt
200 315 37 22 det
259 317 70 26 angår
349 315 67 27 sagde
431 315 186 28 anslagssumma,
633 322 53 14 men
700 315 132 21 Utskottets
846 315 9 20 i

103 350 168 27 slutmeningen
287 349 24 22 af
324 356 86 15 samma
424 353 101 18 moment
538 350 77 28 gjorda
629 349 90 28 förslag,
732 352 34 19 att
776 349 80 28 frågan

103 392 37 15 om
157 385 79 26 anslag
250 384 35 21 för
299 384 144 28 tillbyggnad
458 384 39 22 vid
512 384 163 27 länsfängelset
689 384 9 21 i
712 383 144 29 Helsingfors

103 420 35 21 för
153 419 140 22 närvarande
307 419 61 28 finge
382 419 96 26 förfalla,
494 419 121 28 godkänts;
630 418 57 22 dock
698 419 75 21 skulle
784 419 72 21 denna

104 455 141 26 slutmening
263 454 101 27 undergå
381 454 69 28 nödig
467 454 186 27 omformulering
667 453 51 22 med
733 453 124 28 anledning

104 489 65 22 deraf
181 493 34 18 att
229 489 60 22 förra
304 489 65 22 delen
385 489 25 22 af
421 492 125 19 momentet
560 489 130 26 förkastats;

173 523 79 28 sjunde
271 528 129 21 momentet,
420 524 115 27 angående
549 523 129 28 beviljande
693 523 24 22 af
730 526 33 19 ett
778 523 78 26 anslag

105 559 25 20 af
149 559 78 24 85,000
248 559 66 20 mark
336 558 34 21 för
391 559 129 21 inrättande
538 559 24 20 af
574 565 28 14 en
617 557 241 28 uppfostringsanstalt

104 592 35 21 för
161 592 152 28 minderåriga
333 592 127 28 förbrytare
481 592 41 22 har
544 592 119 28 godkänts,
680 592 121 21 hvarutom
814 590 44 22 Ut-

106 628 86 20 skottet
211 627 117 21 anmodats
348 630 34 18 att
399 628 113 20 omarbeta
528 627 37 21 det
580 627 151 21 summariska
746 633 111 15 samman-

105 662 79 28 draget
206 662 63 21 öfver
290 662 112 27 beviljade
424 662 79 27 anslag
524 662 8 20 i
555 662 234 26 öfverensstämmelse
806 661 52 21 med

106 696 108 22 Ståndets
228 703 32 14 nu
275 696 85 21 fattade
374 696 80 21 beslut.

174 730 73 21 Dessa
261 730 114 21 Ståndens
389 730 63 21 olika
466 730 75 21 beslut
556 730 67 21 hafva
637 730 116 28 delgifvits
763 730 97 21 Utskot-

105 768 34 19 tet
160 765 96 21 medelst
277 764 83 29 utdrag
381 772 28 14 ur
431 765 114 22 Ständens
567 765 145 28 protokoller,
733 765 126 28 hvarjemte

105 799 126 27 Utskottet,
251 801 29 26 på
298 799 77 28 gifven
390 799 129 28 anledning,
534 800 51 21 från
600 799 260 28 Finansexpeditionens

105 835 8 20 i
139 834 128 28 Kejserliga
293 834 98 21 Senaten
411 834 212 22 kamrerarekontor
645 834 93 22 erhållit
760 834 100 27 följande

106 869 156 21 meddelande:

177 902 136 28 »Angående
333 903 175 29 användningen
529 904 24 21 af
569 903 44 22 den
629 903 80 27 miljon
723 903 72 25 mark,
811 910 48 15 som

105 937 113 22 Finlands
241 937 96 22 Ständer
359 937 40 21 vid
422 938 54 21 1872
496 940 37 19 års
547 937 108 29 landtdag
670 938 94 27 beviljat
778 938 39 21 till
832 937 29 21 de

106 973 81 21 främst
205 972 112 27 behöfliga
335 972 155 27 fängelsernas
509 972 166 28 uppbyggande
690 975 59 19 samt
763 972 38 21 till
816 972 43 21 den

106 1008 71 20 första
197 1007 178 28 uppsättningen
398 1007 24 21 af
442 1006 209 22 arbetsverkstäder
672 1007 41 21 och
728 1006 77 22 skolor
820 1006 40 22 vid

105 1041 265 28 fängvärdsanstalterna
388 1042 8 21 i
411 1041 83 26 landet,
509 1042 41 21 har
565 1041 122 28 utredning
702 1041 94 22 vunnits
812 1041 48 21 der-

107 1084 42 18 om,
165 1079 34 19 att
213 1076 8 21 i
236 1076 124 22 förberördt
375 1076 104 22 afseende
495 1076 160 22 utanordnats:

159 1140 35 27 för
207 1140 132 27 uppförande
354 1140 27 27 af
391 1142 29 19 ett
434 1141 48 26 nytt
496 1140 85 21 tukihus
595 1140 59 21 invid
668 1140 142 27 Helsingfors.

106 1180 35 21 Pä
156 1180 74 27 grund
245 1179 24 22 af
277 1180 86 21 Finans
373 1179 99 28 Expedi-

136 1215 89 21 tionens
240 1215 164 27 anordningar.
434 1231 4 4 .
468 1231 4 4 .
489 1215 48 27 ry
552 1214 97 26 740,000:
669 1226 23 3 —

107 1249 89 22 Genom
221 1249 150 22 Guvernören
395 1249 9 22 i
428 1249 47 28 Ny-

135 1283 66 22 lands
215 1283 51 22 län.
401 1300 5 5 E
507 1301 9 8 »
543 1278 13 35 =
568 1283 82 24 60,000:
666 1295 30 3 —

128 1313 56 34 Dito
271 1313 57 34 dito,
398 1325 78 20 expro-

134 1347 237 37 priationskostnader
509 1369 9 7 »
568 1351 82 24 ——60,103:
668 1351 32 20 12.
716 1356 99 27 860,108:
828 1357 32 21 12.

175 1455 135 17 Sammansatia
325 1455 55 16 Stats-
393 1455 31 16 och
436 1453 91 18 Ekonomi-
532 1454 87 17 Utskottets
631 1454 109 17 betänkande
750 1454 36 17 N:o
798 1453 30 18 Ja.
