1081 1717
236 151 26 20 16

424 152 27 17 U.
467 152 30 17 B.
513 161 26 3 —
555 152 82 22 Prop.
653 152 46 17 N:o
714 152 35 16 21.

528 216 81 21 Finska
629 219 73 18 texten.

345 250 38 22 Jos
398 251 55 20 niitä
469 251 18 20 ei
502 250 37 26 ole,
555 251 45 20 niin
613 250 85 28 perivät
708 250 103 28 vainajan
819 248 138 23 esi-vanhem-

277 288 44 18 mat
337 285 130 27 neljännessä
479 284 102 29 polvessa.

588 348 28 20 10
631 347 18 27 8.

467 387 54 21 Lika
536 388 49 20 med
600 386 169 28 propositionen.

589 450 28 20 11
632 449 18 27 8.

539 484 3 2 *
560 489 122 22 Likaledes.

591 553 28 20 12
633 552 18 27 8.

567 587 102 26 Äfvensä.

592 655 27 20 13
634 654 18 27 $.

452 694 71 22 Ocksä
539 695 67 26 enligt
621 694 170 27 propositionen.

591 757 26 21 14
637 757 18 27 8.

563 797 122 21 Likaledes.

590 860 27 20 15
637 859 18 27 8.

544 893 157 22 Sammalunda.

591 962 26 21 16
637 961 18 27 8.

575 997 102 25 Äfvensä.

586 1063 13 21 9
615 1063 49 28 kap.

600 1104 12 20 1
635 1104 18 26 8.

353 1137 50 21 När
418 1137 94 28 dödsfall
526 1137 71 26 timar,
613 1137 28 20 dä
656 1137 54 20 skall
719 1144 49 13 man
777 1136 49 22 eller
835 1137 80 26 hustru,
923 1143 43 14 som

285 1171 66 29 lefver
366 1171 58 28 efter,
441 1171 66 21 ehvad
521 1171 76 28 förord
617 1171 75 28 gjorde
707 1172 46 26 äro,
768 1171 75 28 rigtigt
858 1170 108 29 uppgifva

284 1206 38 21 och
338 1205 44 21 låta
399 1212 54 21 noga
468 1205 118 28 uppteckna
601 1205 145 21 alltsammans
761 1206 9 20 i
785 1205 51 27 boet,
844 1206 24 20 sä
877 1205 38 21 löst
922 1212 45 14 som

283 1240 51 29 fast,
356 1239 77 22 sådant
461 1247 43 14 som
526 1239 33 22 det
581 1240 36 21 vid
639 1239 120 22 dödstiman
781 1247 47 19 var,
849 1239 46 22 med
922 1239 46 21 alla

286 1273 87 27 skrifter
388 1273 37 20 och
435 1273 138 27 handlingar,
587 1273 128 27 fordringar
730 1273 39 20 och
781 1273 60 27 gäld,
861 1273 9 20 i
884 1272 83 28 arfvin-

283 1314 78 21 garnes
384 1306 50 21 eller
449 1306 62 21 deras
525 1306 148 29 förmyndares
689 1306 50 21 eller
755 1306 146 22 ombudsmäns
917 1306 49 21 när-

285 1348 63 14 varo:
370 1340 78 30 skrifve
471 1340 36 22 ock
528 1348 81 14 samma
628 1340 144 30 uppteckning
787 1341 74 27 under,
876 1340 37 22 der
929 1340 38 22 den

283 1376 63 28 gälla
368 1375 60 27 skall,
451 1375 46 21 med
520 1375 56 29 edlig
598 1376 140 28 förpligtelse,
761 1378 32 19 att
808 1376 20 28 ej
842 1376 64 28 något
921 1375 46 22 med

286 1411 53 27 vilja
355 1410 38 21 och
407 1410 85 28 vetskap
503 1411 26 20 är
537 1410 60 21 doldt
612 1410 37 21 och
664 1409 139 28 utelemnadt,
813 1413 52 18 utan
876 1410 40 21 allt
925 1411 44 27 rig-

286 1445 40 28 tigt
349 1444 124 30 uppgifvet:
489 1445 37 21 och
545 1452 50 14 vare
610 1445 58 21 ändå
680 1445 87 29 pligtig,
783 1445 38 21 der
835 1445 24 20 sä
874 1445 95 29 fordras,

285 1482 33 18 att
333 1479 38 21 den
387 1479 46 21 med
448 1478 60 30 liflig
523 1479 25 21 ed
563 1479 96 21 besanna.
690 1479 78 29 Lefver
783 1480 20 28 ej
812 1486 48 14 man
869 1479 50 22 eller
927 1480 40 20 hu-

286 1526 129 22 Lagutskottets
427 1524 114 18 Betänkande
553 1525 34 18 N:o
600 1526 17 17 6.
