1061 1711
264 107 27 18 U.
309 108 26 18 B.
353 117 23 4 —
394 108 81 23 Frop.
491 109 45 18 N:o
551 110 29 16 30
596 113 35 14 m.
647 109 29 18 fl.
792 108 26 20 43

104 172 52 27 ning
177 172 57 22 intill
256 173 109 27 utgången
380 174 24 21 af
416 174 25 21 år
457 175 54 21 1882
526 175 49 21 sökt
583 176 31 21 att
629 175 5 21 i
642 175 69 26 någon
719 175 48 21 mån
776 175 70 22 lemna

105 206 120 22 Ständerne
242 207 88 22 tillfälle
345 210 33 19 att
394 208 76 27 sjelfve
485 209 60 21 bilda
559 209 33 27 sig
607 210 32 20 ett
654 209 96 22 omdöme
760 209 7 21 i
778 209 70 22 denna

104 240 46 27 sak,
169 247 48 15 men
236 241 27 22 då
283 242 66 27 sagde
367 243 74 27 kalkyl
459 243 48 22 icke
522 243 116 22 innefattar
652 243 65 27 något
738 243 109 22 bestämdt

103 273 82 29 förslag
215 275 110 27 angående
353 277 154 26 tillgängarnes
529 277 7 20 i
565 277 281 21 Kommunikationsfonden

104 309 140 21 användande
267 310 53 21 eller
342 310 145 27 förräntande,
509 310 43 22 kan
574 311 122 21 densamma
718 310 47 22 icke
784 316 62 16 anses

103 346 110 19 motsvara
232 344 57 21 hvad
309 344 7 20 i
339 344 244 28 Landtdagsordningen
604 345 49 21 med
674 344 110 22 utlåtande
799 344 48 22 från

104 378 85 22 utskott
203 380 24 19 är
242 378 77 21 afsedt.

172 412 114 21 Likaledes
312 412 39 21 har
376 412 174 27 Statsutskottet,
573 418 44 15 som
635 412 33 20 uti
683 412 38 21 sitt
736 412 34 21 till
786 412 60 21 Stän-

104 447 65 21 derne
191 446 82 27 afgifna
295 447 135 21 betänkande
452 447 7 20 i
485 447 117 26 anledning
626 446 24 21 af
672 446 118 21 relationen
812 453 34 14 om

103 481 142 21 statsverkets
273 481 99 21 tillstånd
394 481 93 27 påpekat
511 482 31 20 att
562 481 143 27 jernvägarne
727 481 7 20 i
755 480 91 22 Finland

103 515 80 22 lemnat
203 521 25 15 en
251 515 7 21 i
281 515 134 21 förhållande
438 515 33 21 till
488 515 91 22 trafiken
598 515 12 21 å
626 515 48 21 dem
688 515 159 26 jemförelsevis

103 550 63 26 ringa
187 549 162 27 nettoinkomst,
372 550 48 21 icke
442 549 112 22 inkommit
571 550 48 21 med
634 549 66 27 något
714 549 82 26 förslag
814 549 33 21 till

103 584 138 26 afhjelpande
257 584 23 21 af
294 584 60 21 detta
369 584 194 26 missförhållande,
578 583 83 21 hvilket
680 583 54 21 dock
748 584 8 20 i
770 584 75 26 betyd-

103 618 30 26 lig
155 618 53 26 grad
223 618 100 21 inverkar
338 618 27 26 på
380 618 292 21 Kommunikationsfondens
688 618 102 26 ställning
806 618 39 21 och

103 652 97 26 förmåga
225 654 32 19 att
279 652 87 27 erlägga
389 652 127 28 ytterligare
539 652 122 21 annuiteter
676 652 12 20 å
700 652 145 26 jernvägslån.

103 687 39 21 Att
164 686 53 22 slikt
239 686 80 27 förslag
341 686 47 22 icke
410 686 72 22 blifvit
505 686 22 22 af
547 686 113 22 Utskottet
674 686 124 22 framstäldt
814 686 31 22 uti

103 720 256 27 relationsbetänkandet,
375 721 39 21 har
429 721 38 21 sitt
482 720 150 26 berättigande
647 720 52 25 deri,
715 722 33 19 att
762 720 84 21 diskus-

103 755 48 21 sion
173 755 92 21 rörande
281 755 63 21 dessa
358 754 152 22 betänkanden
524 755 36 21 vid
575 753 129 27 föregående
718 754 130 26 landtdagar

104 789 23 22 af
140 789 67 27 några
221 790 81 20 talmän
316 790 8 20 i
339 789 94 21 Stånden
449 789 128 27 förvägrats,
586 794 48 16 men
649 788 23 22 så
680 788 86 28 mycket
778 790 68 20 större

102 824 48 21 skäl
172 824 57 21 hade
257 824 36 20 det
315 823 86 21 derföre
423 824 56 21 varit
498 824 32 21 för
545 823 113 21 Utskottet
672 824 33 20 att
719 823 32 21 uti
767 823 37 21 det
818 829 29 15 nu

103 858 120 27 framlagda
243 857 240 28 anslagsbetänkandet,
499 863 45 16 som
560 857 100 22 omfattar
676 859 60 18 extra
744 858 102 25 statsreg-

102 892 98 27 leringen
229 892 67 21 under
317 891 166 22 nästinfallande
505 891 161 27 femårsperiod,
687 891 7 20 i
709 890 139 22 omförmäldt

103 926 100 22 afseende
218 926 107 21 inkomma
346 927 49 20 med
403 932 27 15 en
437 926 164 26 framställning,
609 925 88 22 hvartill
705 925 85 21 tillfälle
798 925 47 21 icke

104 961 73 21 vidare
199 961 62 20 torde
276 961 69 20 under
360 960 70 21 denna
445 960 105 26 landtdag
565 960 86 20 komma
666 960 32 20 att
712 959 34 21 för
758 959 88 22 Utskot-

104 997 31 19 tet
151 1001 73 21 yppas.

171 1029 70 22 Jemte
265 1029 37 22 det
317 1029 37 27 jag
370 1031 56 19 emot
441 1029 123 21 Utskottets
580 1027 162 22 uraktlåtenhet
756 1028 8 20 i
782 1027 66 22 dessa

104 1063 60 22 delar
186 1063 118 27 nedlägger
327 1063 43 21 min
393 1063 139 25 reservation,
554 1062 81 26 nödgas
648 1061 37 27 jag
700 1061 68 22 under
782 1061 64 27 påpe-

103 1098 71 21 kande
196 1097 23 22 af
240 1097 151 27 omöjligheten
416 1097 34 21 för
473 1103 25 15 en
513 1096 84 21 enskild
612 1095 91 22 medlem
717 1095 8 21 i
740 1095 108 22 utskottet

104 1133 39 25 att,
166 1131 54 21 efter
236 1131 37 21 det
296 1131 147 21 betänkandet
465 1131 66 21 redan
553 1131 57 25 lagts
626 1129 68 21 under
709 1136 95 20 pressen,
820 1129 27 27 på

105 1168 32 19 ett
152 1172 38 15 ens
205 1166 8 20 i
227 1166 70 26 någon
312 1166 49 20 mån
371 1164 146 22 uttömmande
526 1166 43 20 sätt
576 1164 72 20 kunna
655 1163 108 21 behandla
772 1165 76 19 ämnen

105 1200 22 21 af
148 1200 24 20 så
193 1200 179 21 vidtomfattande
394 1198 154 26 beskaffenhet,
571 1197 88 22 härmed
674 1197 117 22 inskränka
804 1198 44 26 mig

105 1234 33 21 till
154 1235 33 20 att
202 1234 75 21 endast
292 1233 163 27 antydningsvis
470 1233 39 21 hos
523 1232 85 22 landets
622 1230 122 28 Högloflige
756 1231 92 21 Ständer

105 1268 110 22 vördsamt
229 1268 88 21 föreslå:

245 1305 31 18 att
299 1302 26 27 af
345 1300 281 29 Kommunikationsfondens
642 1300 117 28 tillgångar
774 1302 27 18 ett
816 1299 31 21 be-

176 1336 76 20 stämdt
274 1336 108 26 årsanslag
405 1335 28 27 af
455 1335 15 20 3
492 1336 94 25 miljoner
609 1334 59 20 mark
697 1334 62 20 måtte
782 1334 66 20 under

174 1369 138 21 instundande
334 1368 153 28 femårsperiod
509 1368 82 20 anvisas
614 1366 34 20 till
670 1366 132 28 påbörjande
824 1366 27 27 af

176 1403 37 21 den
223 1402 238 29 jernvägsanläggning,
476 1408 43 14 som
532 1401 114 22 Ständerne
656 1400 35 21 vid
699 1407 28 14 nu
733 1399 115 29 påstående

175 1437 104 28 landtdag
294 1437 69 20 kunna
378 1435 86 26 besluta,
479 1435 105 28 äfvensom
592 1442 23 14 en
623 1441 80 14 summa
711 1433 28 29 af
743 1432 104 29 200,000

176 1484 135 17 Statsutskottets
324 1483 103 19 betänkande
439 1483 34 17 N:o
486 1481 27 18 12.
