1053 1714
314 147 26 20 U.
355 148 30 19 B.
402 157 25 5 —
443 149 80 24 Prop.
538 150 46 19 N:o
601 147 37 22 %9.
808 149 12 20 5

107 214 76 27 slagna
197 214 210 23 tidsbestämmelsen
419 210 28 37 är
455 217 106 26 nemligen
577 216 25 22 så
616 217 56 26 kort,
687 218 33 20 att
735 217 41 21 den
786 216 7 21 i
805 217 43 21 till-

107 248 145 28 lämpningen,
268 249 130 22 åtminstone
412 250 27 27 på
454 251 80 26 landet,
542 251 71 22 blefve
628 251 94 28 liktydig
731 251 49 22 med
792 251 56 22 tillå-

107 283 54 21 telse
177 284 33 20 att
224 283 68 28 dräpa
306 283 87 22 hunden
407 284 28 27 på
450 284 88 27 fläcken,
554 285 38 22 der
605 286 39 21 den
660 285 86 26 träffas;
762 287 23 26 ty
800 285 47 22 icke

107 316 64 23 alltid
185 319 36 20 vet
236 323 78 22 egaren
329 319 33 20 att
376 321 76 24 genast
466 319 67 22 sakna
548 319 33 22 sin
596 320 66 25 hund,
678 319 40 22 och
732 321 34 20 att
779 320 68 21 under

107 351 41 22 den
164 351 136 22 återstående
316 352 62 21 delen
393 353 23 21 af
429 353 80 27 dygnet
523 354 98 26 uppsöka
635 354 41 21 den
690 354 28 27 på
733 353 53 22 flere
799 354 48 21 mils

107 385 92 27 afstånd,
215 387 52 20 utan
282 385 121 23 kännedom
419 393 33 16 om
467 387 88 22 hvilken
563 388 24 21 af
592 388 166 27 kronobetjerne
766 388 28 27 på
802 388 45 21 lan-

107 421 37 20 det
159 420 123 22 densamma
297 421 178 28 omhändertagit,
491 422 70 21 blefve
576 422 47 22 icke
638 422 69 21 sällan
722 422 104 27 omöjligt,
841 422 7 21 i

106 454 75 27 hvarje
195 454 38 21 fall
248 454 100 22 förenadt
362 456 49 21 med
425 456 123 22 kostnader.
579 457 133 26 Stadgandet
728 458 24 19 är
760 457 24 21 så
791 463 57 20 myc-

105 489 39 21 ket
165 489 120 27 obilligare,
308 495 45 16 som
369 489 51 22 ofall
436 490 52 22 eller
504 491 77 21 andras
597 491 84 26 okynne
696 490 73 22 kunna
783 490 66 22 hafva

106 523 100 22 beröfvat
227 524 87 21 hunden
336 525 90 26 märket,
443 525 39 22 och
497 525 87 22 hunden
599 525 102 27 möjligen
716 527 25 19 är
756 525 23 21 af
792 526 56 20 stort

106 557 66 23 värde
187 558 34 21 för
236 557 33 22 sin
285 564 70 21 egare.
385 559 33 21 Då
432 559 75 22 vidare
523 565 63 21 egare
601 559 33 22 till
650 559 66 26 hund,
732 565 45 16 som
786 559 19 27 ej
813 559 34 21 till

105 592 141 27 beskattning
267 593 99 26 anmälts,
389 593 28 27 på
431 594 72 26 grund
518 593 23 21 af
554 594 11 27 $
580 596 12 19 5
609 595 23 19 är
646 593 101 21 förfallen
761 593 35 21 till
811 593 36 21 bö-

106 629 33 19 ter
162 626 40 22 och
224 626 110 22 dessutom
357 627 86 27 skyldig
458 629 33 20 att
506 627 87 28 erlägga
608 627 79 22 dubbel
703 627 66 27 skatt,
785 634 62 21 synes

106 662 38 20 det
158 661 90 21 alldeles
264 662 90 26 onödigt
369 663 32 20 att
416 662 125 22 derutöfver
558 662 95 27 påbjuda
668 662 82 27 djurets
767 662 80 21 undan-

106 695 114 22 skaffande
235 695 62 22 äfven
313 696 7 20 i
336 696 38 21 det
387 696 38 21 fall
441 698 32 20 att
489 702 78 21 egaren
582 697 57 21 inom
654 697 70 21 utsatt
738 696 34 22 tid
781 696 67 27 begär

107 732 33 20 att
153 730 23 22 få
191 730 72 27 djuret
278 730 46 21 åter
340 730 40 22 och
394 731 95 21 anmäler
504 730 33 28 sig
551 731 35 21 till
601 730 97 22 skattens
710 730 137 28 erläggande.

107 765 82 22 Sådant
210 764 43 22 kan
275 764 34 22 till
332 765 40 22 och
394 766 48 21 med
457 772 52 15 vara
524 766 64 27 högst
603 765 85 27 obilligt
703 765 7 21 i
725 766 27 21 de
767 765 38 22 fall
821 766 27 21 då

106 799 190 22 uraktlåtenheten
310 799 48 22 icke
373 800 100 22 härleder
489 800 33 27 sig
536 800 49 22 från
595 800 81 22 önskan
685 801 33 21 att
725 800 123 21 undandra-

106 840 28 21 ga
149 834 33 27 sig
197 833 92 22 skatten.
319 834 113 22 Utskottet
446 834 39 22 har
501 834 91 27 derföre,
608 834 39 22 och
659 834 80 27 jemväl
750 834 34 22 till
792 834 56 22 före-

105 868 115 28 byggande
242 868 24 22 af
282 868 36 22 det
333 868 39 22 fall
387 870 33 20 att
434 869 163 22 vederbörande
611 869 23 22 af
648 869 150 28 ordalydelsen
814 870 7 20 i
836 870 11 27 $

106 904 13 20 6
134 903 73 21 kunde
222 902 22 22 af
258 902 123 28 kittslighet
395 905 51 26 taga
461 904 33 26 sig
509 904 116 27 anledning
640 905 33 20 att
690 906 67 25 vägra
772 904 75 22 utlem-

106 938 71 22 nande
192 938 23 21 af
228 938 78 28 djuret,
323 937 89 23 såframt
427 938 18 28 ej
469 944 77 21 egaren
561 938 138 27 personligen
714 938 88 27 infinner
816 939 33 27 sig

106 973 33 21 för
155 974 32 20 att
202 974 76 26 uttaga
293 972 125 27 detsamma,
426 974 72 20 ansett
513 973 32 27 sig
560 973 53 21 böra
627 972 79 22 föreslå
722 979 22 15 en
756 973 6 21 i
772 973 77 21 sådant

106 1007 57 28 syfte
177 1006 117 22 förändrad
310 1006 82 28 lydelse
407 1006 23 22 af
444 1007 71 21 denna
529 1007 12 28 $
556 1008 19 26 6,
591 1008 34 21 att
639 1007 67 27 hund,
715 1013 46 16 som
768 1007 81 27 påträf-

106 1042 43 21 fats
165 1042 52 21 utan
232 1041 233 27 beskattningsmärke,
475 1042 56 21 skall
545 1042 74 21 kunna
633 1041 133 22 återfordras
781 1042 7 21 i
800 1042 49 21 stad

105 1076 58 22 inom
179 1076 36 21 två
230 1075 40 22 och
292 1076 28 27 på
342 1076 74 21 landet
431 1076 58 21 inom
504 1076 47 27 fyra
567 1076 56 27 dygn
640 1076 100 22 derefter.
770 1076 10 21 I
796 1076 53 26 följd

107 1110 23 22 af
144 1116 81 16 samma
239 1110 92 27 ändring
347 1112 23 19 är
383 1110 79 28 jemväl
485 1110 77 22 sådant
576 1110 78 27 tillägg
669 1110 34 22 till
718 1110 67 27 sagde
801 1110 12 28 $
828 1110 23 21 af

106 1145 70 21 nöden
199 1147 34 19 att
248 1151 70 21 egare,
339 1150 45 16 som
400 1144 80 22 återfår
496 1145 33 21 sin
544 1145 65 27 hund,
625 1146 24 20 är
664 1144 86 28 skyldig
766 1144 83 28 utgifva

107 1180 121 26 ersättning
243 1179 33 21 för
292 1180 49 21 dess
357 1179 120 22 underhåll.

176 1209 75 31 Öfriga
265 1214 8 21 i
289 1214 41 21 den
345 1214 79 26 nådiga
438 1214 162 27 propositionen
615 1212 123 28 föreslagna
748 1214 101 26 stadgan-

107 1248 41 22 den
164 1248 64 22 hafva
243 1248 48 22 icke
306 1248 64 27 gifvit
384 1248 107 22 utskottet
506 1248 116 27 anledning
632 1248 34 21 till
677 1248 71 27 någon
756 1248 92 27 erinran;

108 1282 39 22 och
162 1282 33 22 får
210 1282 107 22 utskottet
332 1282 92 27 derföre,
440 1284 55 20 samt
510 1283 49 21 med
574 1282 49 22 stöd
638 1282 24 22 af
674 1282 57 22 hvad
741 1282 108 22 utskottet

107 1316 49 22 haft
171 1318 52 20 äran
238 1317 7 21 i
261 1317 37 21 det
312 1316 129 28 föregående
457 1316 81 27 anföra,
553 1316 110 22 vördsamt
677 1316 124 22 hemställa:

175 1352 31 17 att
227 1350 82 20 landets
332 1349 117 28 höglofliga
467 1349 93 22 Ständer
575 1350 62 20 måtte
651 1349 98 28 förklara
764 1352 31 18 att
810 1350 38 21 den

175 1383 79 27 nådiga
269 1383 156 27 propositionen
441 1383 27 26 af
481 1383 46 20 dem
541 1383 92 27 antagits
647 1383 46 21 med
703 1383 70 28 några
784 1384 65 20 smär-

174 1423 21 14 re
211 1416 118 29 ändringar
344 1417 8 20 i
367 1416 39 21 den
420 1416 121 29 föreslagna
555 1416 159 29 författningen,
729 1425 43 14 som
782 1420 26 26 aj
816 1419 32 20 så-

175 1451 42 21 dan
231 1451 114 29 anledning
360 1451 77 22 komme
452 1453 31 19 att
498 1450 81 22 erhålla
593 1451 95 29 följande
703 1451 87 30 lydelse:

175 1531 173 18 Ekonomiutskottets
360 1531 111 18 Betänkande
483 1531 34 18 N:o
530 1532 16 18 7.
