1061 1711
247 146 26 20 36
382 148 26 17 U.
424 148 30 17 B.
470 157 26 4 —
512 148 81 22 Prop,
608 147 45 18 N:o
669 148 28 16 30
712 151 35 13 m.
764 146 25 18 fi.

353 213 39 27 1:0)
415 213 124 26 Ersättning
559 213 34 19 till
609 211 117 21 statsverket

285 246 34 28 för
334 246 161 28 eftergifvandet
510 245 27 29 af
548 245 33 22 det
594 246 62 27 förra
665 245 59 20 brän-

285 280 254 26 vinsbränningsarrendet
584 296 4 4 .
723 295 3 3 a
814 277 108 27 660,000:
932 290 23 3 —

352 313 44 28 2:0)
410 314 126 28 Ersättning
543 314 43 20 icke
594 291 87 54 allenast
688 295 37 45 Ja

285 348 24 20 de
325 348 45 20 med
382 347 113 21 kontrollen
509 347 56 28 öfver
581 347 147 21 brännerierna

284 381 99 29 förenade
407 381 94 28 utgifter,
523 385 49 17 utan
596 380 35 22 ock
653 381 34 27 för
702 380 24 20 de

288 415 115 27 kostnader,
426 422 42 14 som
491 415 120 29 föranledas
634 415 26 28 af
674 414 53 22 ökad

285 449 48 21 tull-
357 449 35 21 och
412 457 69 13 annan
497 446 113 31 bevakning
625 449 33 20 till
673 450 54 26 före-

289 484 120 20 kommande
431 484 27 27 af
478 484 69 27 oloflig
569 483 94 29 införsel,
686 483 41 21 till-

285 517 99 28 verkning
406 518 38 21 och
458 518 127 28 försäljning
600 518 26 26 af
640 517 86 21 bränvin

286 553 8 20 i
309 552 76 26 landet,
401 552 57 27 högst
478 569 4 3 .
512 570 5 3 .
547 569 3 4 .
688 568 39 5 M
811 550 146 27 200,000:
942 546 18 36 —

353 585 46 26 3:0)
416 586 43 21 Till
474 587 62 20 ränta
552 570 36 37 od
601 568 126 46 amortering

285 622 14 20 å
321 620 86 22 statslån
422 621 34 27 för
467 621 151 28 jernvägarna,
633 623 31 18 att
678 621 50 27 ingå

285 657 32 19 uti
331 654 265 28 kommunikationsfonden
620 671 5 4 .
655 670 5 5 .
725 670 4 5 5
795 652 164 28 1,800,000:
942 648 19 37 —

352 689 43 25 4:0)
405 689 43 20 Till
455 689 119 29 fördelning
583 689 75 21 mellan
668 667 60 52 samt-

285 724 44 28 liga
345 723 68 22 lands-
429 723 37 21 och
481 723 175 22 stadskommuner
685 740 5 5 .
721 740 4 3 .
814 721 109 28 400,000:
932 734 23 2 —

715 758 59 21 S:ma
790 751 134 32 3.060,000:
934 769 22 2 —

352 791 63 22 Hvad
430 791 82 29 utöfver
527 792 66 21 denna
607 799 80 14 summa
701 791 82 29 inflyter
797 798 72 21 genom
878 792 81 27 ifräga-

285 826 92 21 varande
392 825 53 21 skatt
464 826 63 28 ingår
541 826 33 21 till
590 825 270 29 kommunikationsfonden.

287 860 45 22 Och
346 860 62 22 torde
424 860 120 22 Ständerna
559 861 78 21 derhos
652 860 68 21 uttala
735 867 27 15 en
777 860 93 26 antydan
879 860 80 26 derom,

352 897 31 18 att
414 894 24 20 de
468 894 80 28 belopp,
577 902 43 13 som
642 895 14 20 &
678 894 188 28 förslagsanslaget
889 902 32 13 n:o
944 893 15 21 2

286 928 102 28 verkligen
407 928 101 28 utgifvas,
523 928 81 28 ärligen
619 928 62 21 borde
695 929 9 19 i
718 928 168 28 räkenskaperna
902 928 57 28 öfver

287 962 288 28 bränvinsbränningsskatten
590 963 83 27 ajföras.

286 1202 11 20 I
315 1201 153 27 sammanhang
482 1201 88 21 härmed
586 1207 62 15 anser
663 1201 32 27 sig
709 1200 108 22 utskottet
830 1202 54 21 böra
898 1202 60 21 med-

219 1236 49 20 dela
287 1235 121 21 Ständerna
423 1242 25 14 en
463 1234 73 28 kalkyl
551 1236 60 20 öfver
626 1234 149 27 behållningen
794 1236 3 20 i
812 1236 147 21 kommunika-

218 1268 138 21 tionsfonden
385 1268 35 20 vid
442 1268 106 26 utgängen
572 1268 22 21 af
614 1268 143 20 innevarande
768 1268 41 21 och
819 1268 73 27 hvarje
901 1269 22 20 af
933 1269 26 21 de

218 1301 93 27 följande
333 1300 42 22 fem
390 1300 50 22 ären
455 1301 34 21 för
503 1302 32 20 att
550 1301 59 27 tjena
623 1301 33 21 till
671 1301 129 27 upplysning
815 1302 34 21 vid
862 1302 95 21 behand-

217 1336 72 26 lingen
311 1335 24 22 af
355 1335 79 27 nädiga
450 1336 159 27 propositionen
626 1336 110 26 angäende
751 1335 81 28 förslag
846 1337 33 21 till
893 1338 64 20 stam-

218 1370 91 21 bansnät
324 1370 34 21 för
370 1370 141 27 jernvägarne
527 1370 6 20 i
548 1370 96 22 Finland.
675 1370 46 22 Och
736 1370 39 22 har
791 1371 105 21 utskottet
911 1371 46 21 fun-

218 1405 32 21 nit
264 1404 23 22 sä
300 1404 85 27 mycket
398 1411 58 15 mera
472 1404 46 22 skäl
532 1406 32 20 att
578 1412 29 14 nu
621 1404 67 22 redan
702 1405 81 27 afgifva
798 1406 67 26 sagda
878 1406 79 27 kalkyl,

219 1445 45 16 som
285 1440 77 21 tvenne
388 1439 68 26 ständ,
479 1439 157 28 Ridderskapet
658 1439 39 22 och
719 1439 69 22 Adeln
804 1442 55 19 samt
873 1440 83 22 Preste-

220 1473 90 26 ständet,
325 1473 119 22 remitterat
459 1474 143 27 nyssnämnda
616 1473 133 28 proposition
761 1474 80 28 jemväl
851 1475 32 21 till
893 1476 63 20 stats-

284 1518 137 18 Statsutskottets
434 1520 103 17 betänkande
549 1519 35 18 N:o
598 1520 26 18 12.
