1042 1709
219 133 26 19 58
408 132 29 22 U.
452 132 27 22 B.
495 144 27 4 —
537 132 74 28 Prop.
626 132 46 22 N:o
688 132 36 22 26.

186 194 37 21 väl
237 194 54 21 bära
303 194 212 28 jernvägstransport
528 196 56 20 sawt
598 194 149 21 erfarenheten
762 194 107 21 dessutom
884 194 55 21 visat

187 230 35 19 att
234 228 110 28 jernvägs-
360 228 39 21 och
411 227 211 26 kanalförbindelser,
633 234 34 14 om
682 227 26 21 de
723 228 27 20 än
765 227 7 21 i
787 227 55 21 vissa
857 227 82 22 afseen-

188 262 43 22 den
242 262 139 26 konkurrera,
393 262 8 21 i
412 262 119 21 hufvudsak
542 261 139 28 understödja
691 261 132 27 hvarandra;
839 262 100 28 slutligen

259 298 39 20 5:0.
329 297 37 20 Att
383 296 66 21 linien
468 295 332 28 Davidstad-Kuopio-Uleåborg
819 296 47 21 icke
887 296 51 21 alle-

188 333 51 19 nast
253 330 86 29 klyfver
352 330 49 21 hela
419 330 91 21 Finland
528 331 7 20 i
550 331 54 20 nära
622 337 42 20 nog
678 331 78 20 tvenne
770 330 44 21 lika
828 332 59 19 stora
903 330 35 22 de-

190 365 33 21 lar
237 368 53 18 utan
309 365 102 27 derjemte
429 363 86 28 åtföljer
533 371 26 14 en
577 364 101 27 naturlig,
694 364 66 21 sedan
776 364 69 22 sekler
858 371 80 21 uppar-

188 399 66 22 betad
272 399 137 27 handelsväg,
428 399 89 20 hvarom
535 405 49 15 man
602 398 67 21 bland
687 400 66 20 annat
771 398 42 22 kan
828 399 111 28 öfvertyga

185 433 36 28 sig
237 433 34 22 vid
287 433 112 22 anblicken
414 433 24 21 af
451 433 26 21 de
491 431 65 30 långa
570 433 64 21 rader
648 432 175 28 transportforor,
839 440 46 15 som
895 433 44 22 vin-

189 469 48 20 tern
251 468 85 27 igenom
356 467 74 21 färdas
444 467 8 20 i
467 467 70 21 denna
550 467 105 28 riktning;
670 467 112 22 hvaremot
796 467 7 21 i
818 467 121 28 riktningen

189 501 48 22 från
252 502 72 21 Etsäri
339 501 32 22 till
386 500 116 29 Uleåborg,
519 501 39 22 den
574 501 42 28 dag
631 508 46 15 som
692 503 31 24 är,
738 501 47 22 icke
800 509 37 14 ens
852 509 26 14 en
886 501 53 22 fort-

189 536 92 27 löpande
296 535 80 22 allmän
390 535 103 28 landsväg
508 535 88 22 kommit
610 535 33 22 till
658 535 69 22 stånd.

258 569 31 22 På
312 570 62 21 dessa
396 569 47 22 skäl
465 577 52 14 anse
537 569 173 22 undertecknade
732 577 26 14 en
776 569 62 27 bana,
858 570 81 28 dragen

189 607 76 19 norrut
281 604 50 22 från
350 604 85 27 Kuopio
454 604 40 21 och
512 606 69 19 vester
596 611 34 14 om
646 604 170 22 Saima-vattnen
830 604 33 21 till
877 605 62 21 Iden-

187 639 64 21 salmi
266 641 55 19 samt
335 638 73 22 vidare
423 638 32 21 till
470 637 114 23 Uleåträsk
599 639 40 20 och
654 637 115 29 Uleåborg,
785 638 64 22 hafva
864 641 31 19 ett
907 639 32 21 af-

187 673 74 28 gjordt
280 673 40 22 och
339 673 134 27 obestridligt
492 672 107 22 företräde
618 673 89 21 framför
726 673 41 21 den
782 673 24 21 af
819 673 120 22 Utskottets

188 707 111 28 pluralitet
313 707 116 22 förordade
443 707 64 21 linien
522 706 334 29 Etsäri-Pihtipudas-Uleåborg.
885 707 54 22 Der-

184 742 68 27 jemte
271 748 52 15 anse
341 741 20 22 vi
379 748 26 15 en
420 740 29 29 på
464 743 53 20 nära
531 741 86 22 afstånd
632 741 48 22 från
695 741 73 22 hafvet
782 741 82 28 gående
879 742 58 21 kust-

187 776 58 21 bana
263 776 72 21 kunna
353 775 66 22 blifva
438 775 24 22 af
478 775 93 29 verkelig
588 777 61 27 nytta
667 776 33 21 för
716 776 36 21 det
767 771 172 27 Österbottniska

187 810 123 22 kustlandet
329 810 40 22 och
387 809 30 28 på
431 809 67 22 sådan
517 810 69 28 grund
604 810 80 28 jemväl
706 811 55 21 böra
775 811 85 27 intagas
874 811 7 20 i
895 810 44 22 för-

187 845 69 28 slaget
271 845 33 22 till
319 845 154 26 stambansnät,
489 845 67 22 ehuru
572 845 48 22 dess
634 845 122 26 utförande,
771 845 6 22 i
793 845 105 22 anseende
906 845 32 22 till

186 880 83 22 banans
293 880 151 22 företrädesvis
466 879 71 22 lokala
559 879 114 29 betydelse,
696 880 54 22 först
768 880 8 21 i
795 882 31 20 ett
847 880 90 22 sednare

186 915 96 21 tidskifte
297 915 42 21 kan
354 915 85 20 komma
453 915 7 20 i
476 913 67 29 fråga.

186 981 31 23 G.
235 987 53 17 von
305 980 120 24 Alfthan.
621 980 27 23 C.
666 981 30 23 G.
714 980 223 31 Standertskjöld.

185 1026 31 23 A.
234 1026 25 23 J.
278 1026 151 31 Hornborg.
620 1025 28 24 L.
666 1025 135 25 Keränen.

256 1156 64 21 Emot
335 1155 146 28 majoritetens
496 1155 7 20 i
519 1155 208 27 Jernvägsutskottet
740 1155 89 22 motiver
840 1156 39 21 och
895 1155 43 22 för-

186 1190 48 27 slag
249 1192 33 19 att
297 1189 71 22 såsom
383 1189 60 22 delar
458 1189 24 21 af
494 1189 84 21 landets
593 1189 150 22 stambansnät
757 1192 96 25 upptaga
870 1190 66 27 linjen

186 1223 48 22 från
250 1223 150 26 Tammerfors,
416 1225 93 19 österom
524 1223 113 27 Näsijärvi,
653 1230 76 20 genom
744 1223 72 21 Etsäri
826 1224 40 21 och
881 1224 54 21 Kär-

186 1258 83 20 sämäki
287 1257 33 20 till
334 1256 109 27 Uleåborg
462 1257 48 20 med
527 1257 80 20 bibana
625 1257 33 19 till
672 1256 172 29 Gamlakarleby,
864 1257 71 21 äfven-

186 1297 46 14 som
251 1291 66 26 linjen
336 1290 242 27 Kuopio—Kärsämäki
596 1289 97 27 inlägger
708 1290 40 27 jag
762 1291 130 21 reservation
908 1290 29 29 på

186 1325 95 27 följande
295 1323 57 22 skäl:

255 1359 60 22 Efter
337 1358 55 22 hvad
415 1358 148 21 erfarenheten
582 1357 35 22 vid
637 1358 197 29 jernvägsrörelsen
852 1359 59 22 såväl
929 1360 7 21 i

186 1396 49 25 eget
249 1401 47 14 som
310 1393 135 22 främmande
459 1393 52 22 land
525 1392 61 29 gifvit
600 1392 35 21 vid
650 1393 93 26 handen,
763 1400 63 15 anser
841 1394 38 28 jag
895 1394 41 22 den

186 1429 91 22 ledande
292 1428 143 29 grundsatsen
449 1428 35 21 vid
500 1428 158 22 betämmandet
672 1428 25 22 af
710 1428 163 23 stambanornas
883 1430 53 21 rikt-

255 1469 181 23 Jernvägs-Utskottets
447 1469 107 17 betänkande.
