1056 1709
225 93 15 20 4
389 92 81 22 Ständ.
485 92 38 22 Sv.
539 104 25 3 —
580 92 71 28 Prop.
666 92 40 22 N:o
722 92 35 22 29.

266 160 79 20 sådant
356 159 48 27 fall
414 159 123 27 fasställda
548 158 80 29 belopp,
642 159 37 21 och
689 160 128 27 uppehåller
826 160 33 26 sig
870 166 79 21 egaren

266 194 94 28 derefter
378 194 8 21 i
404 194 56 26 stad,
482 193 56 22 skall
556 194 44 21 han
614 196 55 26 göra
679 194 150 27 föreskrifven
845 195 105 20 anmälan

266 228 37 20 och
318 229 90 27 erlägga
423 228 37 21 det
472 228 80 28 belopp,
564 228 100 21 hvarmed
674 228 83 21 skatten
770 223 33 37 för
813 227 59 21 hund
883 229 8 19 i
900 228 50 21 stad

266 262 146 29 6fverskjuter
427 262 35 21 det
477 262 30 27 af
518 262 75 22 honom
604 263 67 27 förut
686 263 90 28 erlagda
792 262 101 28 beloppet.

585 326 15 27 $
614 327 21 19 5.

539 364 137 23 Oförändrad.

581 428 15 27 $
611 429 19 20 6.

334 467 74 27 Hund,
430 473 43 14 som
494 470 53 19 utan
567 470 32 19 att
617 475 55 14 vara
688 468 91 27 försedd
794 469 47 20 med
857 468 89 21 beskatt-

266 501 135 28 ningstecken
420 502 120 27 påträffas,
564 503 34 20 mä
617 503 30 26 af
659 503 85 26 polisen
767 503 180 26 vmhändertagas

266 536 43 25 och,
326 542 32 14 om
374 542 78 21 egaren
467 536 44 21 icke
522 537 140 26 äterfordrar
672 537 130 26 densamma,
813 538 8 19 i
831 537 50 21 stad
889 537 58 20 inom

266 571 35 19 två
320 572 56 19 samt
392 571 31 26 pä
443 571 74 20 landet
534 572 56 20 inom
600 571 57 27 fyra
672 571 57 28 dygn
744 571 102 27 derefter,
861 571 87 21 undan-

264 604 94 27 skaffas;
379 611 46 14 men
441 611 69 20 egare,
525 612 45 14 som
585 605 165 21 äterbekommer
765 606 35 20 sin
815 605 66 27 hund,
896 612 51 14 vare

266 639 65 20 alltid
352 637 86 28 skyldig
458 641 32 18 att
510 639 85 28 utgifva
616 639 71 28 skälig
707 641 120 26 ersättning
840 639 41 28 för
899 640 46 20 dess

266 671 177 22 underhällande.

225 723 102 22 Finlands
343 723 89 23 Ständer
447 723 118 22 framhärda
580 727 37 19 etc.

226 757 139 29 Helsingfors,
382 758 40 21 den
436 759 13 20 3
466 757 44 29 Maj
530 759 61 21 1877.

366 1435 114 23 Helsingfors,
494 1436 16 18 J.
525 1436 65 18 Simelii
602 1437 93 23 arfvingar,
707 1427 51 29 1877.
