1053 1711
336 106 22 23 U.
376 106 22 23 B.
413 118 28 4 —
458 106 65 28 Prop.
540 106 38 23 N:o
594 105 37 24 30.
815 108 12 19 kf

107 173 8 20 i
138 173 116 22 allmänhet
276 178 47 16 som
345 172 105 22 särskildt
463 172 51 22 med
535 173 123 22 hänseende
672 173 33 20 till
721 173 38 21 det
771 172 85 28 belopp,

106 207 88 22 hvartill
208 208 122 21 inkomsten
345 207 47 22 frän
407 207 130 27 boningshus
552 207 29 28 pä
595 208 74 21 landet
678 207 67 22 borde
753 208 104 26 uppskat-

107 243 42 20 tas.
178 241 44 22 Det
236 241 62 22 torde
312 241 72 21 kunna
399 241 49 21 med
463 241 101 22 säkerhet
573 243 88 25 antagas
676 243 32 19 att
717 241 110 22 förmänen
837 241 23 22 af

107 281 56 21 egen
181 275 57 21 lokal
257 275 129 22 ätminstone
405 275 105 21 härintills
529 275 7 21 i
550 276 64 26 högst
629 275 21 21 fä
664 276 38 20 fall
716 277 66 25 tagits
798 276 7 21 i
819 277 39 21 be-

107 309 117 21 traktande
238 310 36 21 vid
288 309 150 27 taxeringarna
452 310 29 26 pä
496 309 151 27 landsbygden.
676 310 69 26 Fråga
760 310 39 21 har
810 310 48 22 der-

108 342 45 22 före
173 343 61 22 äfven
252 344 57 21 inom
324 343 114 22 Utskottet
453 343 74 22 väckts
543 345 33 20 att
590 343 160 28 ifrägavarande
766 344 10 28 $
791 344 67 22 borde

108 378 144 27 omredigeras
267 378 7 21 i
290 378 37 22 det
341 378 62 27 syfte,
420 379 33 20 att
461 378 149 28 skyldigheten
617 380 32 20 att
657 379 117 21 inberäkna
782 378 76 23 förmä-

107 419 43 15 nen
166 413 22 21 af
198 413 79 21 bostad
292 412 103 28 tydligare
411 412 69 22 skulle
490 412 121 22 framträda.
637 413 124 22 Utskottets
771 414 87 27 plurali-

107 449 34 20 tet
156 448 39 21 har
210 447 55 22 dock
280 449 73 20 ansett
362 447 52 22 felet
424 448 52 21 böra
487 448 72 26 sökas,
569 448 49 22 icke
628 447 7 22 i
645 448 142 27 stadgandets
798 449 60 27 otyd-

107 482 74 27 lighet,
204 484 51 20 utan
275 482 7 22 i
301 482 139 27 svärigheten
455 484 33 20 att
503 483 7 21 i
524 482 173 22 förekommande
712 482 38 22 fall
765 484 93 22 bestäm-

107 523 37 15 ma
159 517 76 22 värdet
250 516 23 22 af
285 516 146 27 ifrägakomna
446 516 87 27 förmån,
550 517 35 21 vid
599 517 81 21 hvilket
687 518 133 22 förhållande
827 518 31 27 ly-

110 551 74 22 delsen
199 551 23 21 af
236 552 70 21 denna
320 550 10 29 8
345 551 91 21 lemnats
452 551 134 21 oförändrad.

176 585 51 22 Med
241 585 124 22 hänseende
380 585 32 21 till
426 585 26 21 de
468 585 57 22 olika
538 585 228 22 lefnadskostnaderna
780 587 7 21 i
803 587 55 22 olika

109 619 60 22 delar
187 619 23 22 af
225 619 73 22 landet
312 619 91 28 uppstår
418 625 27 16 en
460 619 107 27 ojemnhet
581 619 7 21 i
603 619 165 28 beskattningen
780 621 80 27 jemväl

110 653 65 28 deraf,
197 655 32 20 att
248 654 37 21 det
299 653 33 22 för
347 653 27 22 de
389 653 83 22 mindre
486 653 126 22 bemedlade
627 654 105 27 medgifna
747 655 112 22 skattefria

107 689 77 27 afdrag
200 689 98 22 öfverallt
313 691 24 19 är
346 688 111 22 faststäldt
464 688 32 22 till
504 695 80 15 samma
592 689 77 26 belopp
678 689 52 22 eller
740 691 41 20 500
791 690 66 21 mark.

109 724 34 21 Då
157 723 66 22 likväl
237 724 70 27 någon
321 723 76 22 rättvis
413 729 60 16 norm
487 723 33 22 för
534 724 172 21 bestämmandet
721 723 22 22 af
757 724 57 22 olika
829 724 30 22 af-

108 759 56 27 drag
185 758 33 22 för
240 758 70 22 skilda
332 759 57 20 orter
408 758 106 27 svårligen
529 757 73 28 gifves,
620 764 62 22 synes
697 758 162 28 ifrågavarande

110 793 161 27 omständighet
280 793 54 22 böra
344 799 63 16 anses
419 793 71 22 såsom
502 799 24 15 en
538 792 75 29 sjelfva
626 795 98 26 systemet
735 788 124 38 vidlådande

109 828 121 27 olägenhet,
246 828 85 21 hvilken
346 827 48 22 icke
409 827 43 22 kan
467 827 111 28 afhjelpas.

179 862 91 27 Sålänge
292 862 121 22 emellertid
428 862 26 21 de
475 864 119 24 procenter,
614 867 46 16 som
679 863 116 25 uttaxeras,
811 862 47 22 icke

109 898 61 27 höjas
185 896 84 22 utöfver
284 896 56 22 hvad
355 896 128 27 nugällande
498 896 204 27 bevillningsstadga
716 896 143 27 föreskrifver,

109 932 65 22 blifva
189 932 27 21 de
232 932 145 27 olägenheter,
394 937 46 15 som
456 930 66 28 enligt
537 930 124 23 Utskottets
673 931 65 21 tanke
748 931 69 22 måste
828 932 32 21 åt-

107 966 54 28 följa
176 973 27 15 en
217 967 94 21 inkomst
325 966 140 27 beskattning
480 965 6 22 i
502 966 42 22 den
554 966 148 26 utsträckning
713 972 46 15 som
769 965 32 22 för
811 968 49 19 när-

108 1002 95 21 varande
230 1003 23 20 är
276 1001 100 27 gällande
391 1000 7 22 i
413 1000 95 27 Finland,
524 1000 65 22 likväl
603 1000 82 22 mindre
700 1000 105 27 känbara;
821 1001 40 21 och

109 1038 52 20 enär
175 1036 41 22 den
232 1042 87 20 summa,
335 1042 45 15 som
396 1041 76 21 genom
482 1035 115 27 bevillning
606 1034 40 22 bör
655 1034 113 28 anskaffas,
779 1035 28 27 på
817 1037 45 19 sätt

109 1071 170 22 Statsutskottet
300 1070 122 27 framhållit,
446 1070 47 22 icke
514 1070 62 22 torde
592 1069 114 28 öfverstiga
724 1070 37 22 det
775 1070 84 28 belopp,

110 1112 47 16 som
179 1105 67 22 under
266 1107 87 20 senaste
374 1105 23 22 år
417 1105 7 20 i
444 1105 77 21 allmän
538 1104 115 27 bevillning
667 1104 86 27 influtit,
767 1105 41 22 har
821 1105 41 21 Ut-

110 1141 89 25 skottet,
215 1140 60 21 såväl
290 1139 32 22 till
341 1139 136 22 undvikande
499 1139 22 21 af
537 1139 85 26 hastiga
641 1138 148 27 förändringar
803 1139 7 21 i
824 1139 38 21 be-

110 1175 198 27 skattningssättet,
325 1180 47 15 som
387 1173 41 23 ock
442 1174 29 26 på
486 1174 38 20 det
538 1174 32 20 att
585 1172 124 28 ytterligare
723 1172 139 23 erfarenhet
851 1168 15 38 i

110 1209 67 22 saken
196 1208 72 27 måtte;
283 1209 81 25 vinnas,
380 1209 54 21 trott
449 1208 32 27 sig
496 1208 52 22 böra
563 1207 39 21 hos
618 1206 121 23 Ständerna
753 1208 110 21 vördsamt

109 1244 81 22 föreslå
210 1244 32 20 att
260 1243 42 21 den
319 1242 122 26 bevillning,
462 1248 46 16 som
527 1241 120 22 Ständerna
667 1241 32 22 för
719 1241 143 29 nästföljande

109 1278 44 22 fem
173 1277 36 21 års
226 1277 76 27 period
316 1276 50 28 vilja
382 1276 66 27 åtaga
462 1276 38 27 sig,
517 1275 67 22 måtte
600 1276 87 26 utgöras
703 1275 54 23 efter
771 1276 91 22 hufvud-

112 1311 96 27 sakligen
224 1310 111 22 enahanda
349 1310 99 27 grunder,
465 1316 46 16 som
525 1309 33 22 för
572 1310 132 22 närvarande
719 1310 8 21 i
740 1310 75 21 landet
825 1311 37 20 äro

112 1345 106 27 gällande,
238 1345 55 20 dock
308 1346 32 19 att
355 1344 42 20 den
412 1344 107 21 indirekta
532 1344 84 26 pålaga,
633 1349 46 15 som
693 1343 69 21 under
776 1344 86 20 benäm-

111 1380 52 26 ning
185 1378 22 22 af
225 1378 203 28 sjöfartsbevillning
448 1383 30 15 nu
501 1377 113 27 uppbäres,
641 1376 48 22 icke
705 1377 73 22 vidare
793 1377 70 21 skulle

112 1413 159 28 ifrågakomma.

181 1456 206 23 Bevillningsutskottets
401 1455 114 18 betänkande
524 1454 37 18 N:o
575 1451 22 22 3.
