1045 1714
281 137 28 18 U.
324 137 31 18 B.
372 147 23 2 —
412 137 80 23 Prop.
508 137 46 18 N:o
574 138 38 17 25.
761 136 27 21 27

77 204 122 27 positionen
215 203 87 27 intagna
318 202 101 22 förbudet
434 204 45 20 mot
494 203 174 27 gärdfarihandel
682 204 66 21 mätte
765 210 52 20 upp-

78 238 74 21 häfvas
169 237 39 21 och
223 236 99 27 upptagit
337 237 41 20 den
394 237 34 21 del
444 237 23 21 af
480 237 134 21 sistnämnda
628 237 19 27 $,
664 243 45 15 som
733 237 82 21 komme

79 272 33 20 att
134 270 133 22 fortfarande
295 270 62 26 gälla,
382 271 69 20 under
476 270 10 27 $
511 271 32 25 46,
568 270 95 22 kommer
690 272 12 19 1
718 271 11 27 8
745 272 13 20 6
768 271 48 27 kap.

77 305 28 21 H.
120 305 25 21 B.
160 306 33 20 att
207 304 68 22 blifva
289 304 45 21 helt
349 304 40 21 och
404 304 66 22 hället
485 304 112 27 umbärlig,
608 304 99 22 hvarföre
719 305 97 21 densam-

78 345 35 15 ma
127 340 82 20 ansetts
224 338 53 21 böra
291 338 7 20 i
314 338 32 21 sin
362 338 72 21 helhet
449 338 127 26 upphäfvas.
604 338 103 21 Deremot
714 339 62 21 torde
785 340 31 20 ett

77 372 150 28 upphäfvande
248 372 23 21 af
291 372 139 21 manufaktur
456 372 40 21 och
511 372 305 27 handtverkeriprivilegierna

76 407 23 22 af
112 408 41 20 den
168 407 27 21 29
210 407 43 27 Maj
269 406 55 22 1739
340 406 39 22 och
394 406 166 28 hallordningen
576 406 22 22 af
612 406 41 22 den
667 407 14 20 2
691 407 61 26 April
760 407 56 21 1770

75 443 8 21 i
97 442 50 21 hela
161 442 63 21 deras
239 442 58 26 vidd,
312 441 27 27 pä
361 442 44 20 sätt
425 442 6 20 i
446 442 161 26 propositionen
623 441 129 27 föreslagits,
768 441 47 21 icke

77 476 73 22 kunna
165 476 44 26 ske,
225 477 51 19 enär
291 475 43 21 alla
349 475 133 27 stadganden
498 482 34 14 om
547 475 206 27 förlagsinteckning
768 475 48 21 isä-

75 511 54 21 dant
143 510 39 21 fall
196 510 85 21 komme
295 511 33 20 att
344 509 84 21 saknas.
458 510 10 20 I
484 510 96 26 enlighet
590 509 88 21 härmed
685 509 40 21 har
733 509 83 21 utskot-

76 546 33 20 tet
123 544 86 22 derföre
224 544 87 21 affattat
326 543 12 28 $
354 544 26 20 48
395 544 7 20 i
418 543 251 27 författningsförslaget.

141 578 50 22 Med
207 578 116 26 anledning
338 577 24 21 af
379 577 57 21 hvad
450 577 40 21 här
505 577 63 22 ofvan
588 576 128 22 framhållits
725 577 91 27 angäen-

79 612 27 22 de
120 612 164 27 ifrägavarande
300 611 84 27 Nädiga
399 611 81 27 förslag
502 611 34 21 till
554 611 126 27 förordning
695 617 34 15 om
743 611 71 21 närin-

75 652 73 21 garne,
163 646 33 21 fär
211 646 116 26 utskottet,

141 680 66 21 under
221 680 159 28 förutsättning,
396 682 31 18 att
442 678 177 28 Borgareständet
627 678 84 28 bifaller
719 679 33 20 till
760 686 55 20 upp-

142 714 115 28 häfvandet
273 714 25 27 af
312 713 38 21 här
365 712 150 30 ifrägakomna
534 713 60 21 delar
608 712 51 28 utaf
672 712 23 21 de
710 712 35 28 för
759 713 56 20 Bor-

140 747 110 29 gerskapet
273 748 36 20 och
327 747 119 21 Ständerna
461 748 10 19 i
485 747 114 21 allmänhet
613 746 100 28 gällande
727 746 88 28 privile-

140 782 52 28 gier,

76 816 109 22 vördsamt
199 815 88 22 föreslä:

142 852 31 18 att
188 849 121 21 Ständerna
324 848 48 21 ville
387 848 36 28 för
437 850 32 19 sin
485 848 33 21 del
533 850 78 26 antaga
626 848 91 20 nämnda
732 848 82 28 förslag

141 918 37 20 och
187 917 78 21 komme
272 916 152 29 författningen
432 917 64 28 förty,
504 916 46 21 med
558 916 135 27 iakttagande
709 916 68 28 deraf,
783 919 32 18 att

141 952 44 27 $$:s
204 951 147 28 nummerföljd
370 951 64 21 delvis
452 950 36 21 bör
503 950 94 28 undergå
611 950 99 28 ändring,
726 958 32 12 om
773 950 38 21 den

140 986 28 28 af
187 985 96 21 utskottet
303 985 91 27 tillagda
409 992 42 21 nya
466 985 13 27 $
492 984 125 28 godkännes,
632 987 31 17 att
678 984 81 20 erhälla
772 984 42 28 föl-

137 1020 66 28 jande
219 1020 83 28 lydelse:

317 1082 125 27 Förordning
457 1089 32 13 om
507 1082 128 26 näringarne,

431 1128 57 28 Kap.
503 1128 18 20 1.

209 1175 38 21 Om
269 1174 99 28 rättighet
392 1176 31 18 att
447 1173 51 21 idka
522 1172 75 22 handel
623 1173 36 20 och
683 1175 65 18 annat
775 1173 38 20 nä-

140 1208 114 28 ringsyrke.
350 1208 2 2 |

451 1259 12 27 8
481 1259 20 20 1.

207 1298 80 27 Hvarje
300 1297 53 28 finsk
368 1297 140 29 medborgare,
522 1305 49 13 man
586 1297 49 21 eller
650 1297 83 27 gvinna,
744 1297 25 20 är
781 1296 32 21 be-

139 1332 95 27 rättigad
257 1335 36 23 att,
315 1331 67 21 under
400 1331 24 21 de
439 1331 73 26 vilkor,
527 1338 43 13 som
585 1331 39 20 här
638 1330 67 21 nedan
720 1330 92 27 stadgas,

139 1365 75 28 utöfva
229 1365 32 20 det
276 1365 50 20 eller
341 1365 24 20 de
380 1364 157 28 näringsyrken,
552 1364 42 20 han
609 1363 49 20 eller
673 1363 39 20 hon
719 1363 36 28 för
761 1363 52 28 godt

138 1399 73 28 finner.

208 1433 74 21 Denna
297 1432 99 29 rättighet
411 1432 101 29 omfattar
526 1431 61 22 såväl
601 1431 102 26 handels-,
721 1430 91 29 fabriks-

140 1468 37 21 och
192 1467 215 27 handtverks-rörelse,
422 1474 43 14 som
480 1466 36 21 ock
530 1473 70 14 annan
615 1465 34 22 till
663 1465 88 29 förvärf
763 1464 50 22 eller

141 1514 124 17 Sammansatta
277 1514 36 23 Lag
326 1513 29 18 och
367 1513 84 18 Ekonomi
463 1513 90 17 utskottets
566 1511 103 18 betänkande
681 1511 34 18 N:o
729 1511 18 17 3.
