1070 1709
331 127 31 21 U.
379 127 31 21 B.
438 138 14 3 -
469 127 87 27 Prop.
596 134 26 15 N:o
638 128 46 22 32.
836 130 13 21 5

197 194 79 27 period
293 194 114 28 förklaras
429 196 81 26 utgöra,
528 195 40 28 för
589 196 123 22 seminariet
732 198 10 20 i
758 197 119 29 Jyväskylä

200 230 97 24 116,590
311 228 73 26 Mark,
395 228 41 27 för
450 230 123 21 seminariet
587 230 9 21 i
610 230 88 22 Ekenäs
713 233 82 25 52,050
809 232 67 21 Mark

201 263 36 20 och
247 263 40 27 för
301 263 123 21 seminariet
443 263 4 21 i
457 263 122 28 Nykarleby
594 265 82 25 53,480
686 265 66 22 Mark
762 266 50 23 eller
821 273 54 14 sam-

199 297 109 27 manlagdt
321 298 99 25 222,120
434 296 66 23 Mark
515 298 88 27 ärligen.

200 365 12 20 I
229 365 113 28 anledning
362 364 23 21 af
398 360 176 33 Öfverstyrelsens
589 365 32 21 för
635 365 152 24 Skolväsendet
803 368 71 22 derom

132 397 71 29 gjorda
218 399 142 28 underdäniga
374 399 125 22 hemställan
514 399 138 22 öfverlemnas
669 401 7 20 i
691 401 40 21 den
746 401 75 29 nädiga
831 410 44 20 pro-

132 431 117 30 positionen
264 433 33 22 till
312 432 128 23 Ständernas
455 433 146 28 bepröfvande,
617 434 104 23 huruvida
736 435 18 28 ej
771 435 35 22 det
820 437 55 21 löne-

133 467 71 28 bidrag
225 467 23 22 af
267 467 105 22 allmänna
390 467 74 26 medel,
486 475 45 14 som
549 467 33 22 till
600 469 108 22 aflönande
727 469 24 22 af
766 469 110 24 folkskole-

133 502 66 21 lärare
214 502 38 21 och
267 501 115 22 lärarinnor
396 501 8 22 i
418 502 213 22 landskommunerna
646 503 92 28 beviljas,
755 504 70 22 kunde
835 504 40 23 för-

132 535 58 29 höjas
205 535 48 22 med
269 537 41 20 200
320 535 67 26 Mark,
403 536 23 21 sä
440 538 30 20 att
484 537 62 28 sagde
561 536 74 29 bidrag
649 537 84 22 komme
748 540 31 20 att
793 534 80 37 utgöra,

133 569 32 22 för
181 570 25 21 de
220 569 55 22 förre
291 571 41 20 800
346 570 39 21 och
399 570 32 21 för
446 571 25 20 de
486 578 72 14 senare
574 571 41 22 600
630 571 61 22 Mark
706 579 35 14 om
756 571 49 26 året,
822 576 54 18 samt

134 604 59 21 dessa
213 604 66 21 lärare
301 604 38 21 och
353 604 115 21 lärarinnor
483 604 73 22 sådant
570 605 85 22 oaktadt
670 605 113 22 bibehållas
799 606 36 21 vid
851 607 24 21 de

133 637 105 22 förmäner
252 637 8 21 i
275 637 97 22 afseende
390 637 12 22 &
422 637 167 30 löneförhöjning
606 639 39 21 och
663 639 152 30 pensionering,
831 649 44 13 som

134 673 47 20 dem
204 671 31 22 uti
255 672 40 21 134
313 672 38 21 och
374 672 40 21 135
433 673 27 26 $$
479 672 22 21 af
517 672 249 30 folkskoleförordningen
789 674 40 22 den
849 675 25 21 11

134 706 43 29 Maj
198 707 54 20 1866
271 705 151 22 tillförsäkrats.
457 706 125 23 Kostnaden
596 707 32 22 för
643 715 26 14 en
683 708 59 28 dylik
757 707 119 32 förhöjning

134 742 66 20 finnes
224 740 47 22 icke
294 740 106 22 beräknad
424 740 32 22 uti
478 741 40 21 den
541 741 76 28 nådiga
638 742 160 28 propositionen,
826 751 49 14 men

135 776 67 21 skulle
223 774 33 22 för
274 776 41 21 292
334 776 66 20 lärare
420 775 38 21 och
476 774 120 28 lärarinnor,
616 776 73 22 hvilka
709 777 67 22 under
794 780 81 20 senaste

135 809 66 22 läseår
218 809 55 22 varit
291 810 36 21 vid
344 808 140 22 folkskolorne
502 809 8 21 i
532 810 70 22 landet
623 810 107 26 anställde,
754 812 69 28 uppgå
844 812 33 22 till

136 844 77 26 58,400
233 843 67 27 Mark,
319 844 111 21 hvarutom
449 843 39 22 den
507 843 65 30 årliga
592 844 111 22 tillväxten
717 844 8 22 i
739 845 138 23 folkskolean-

136 880 76 27 slagen,
229 886 44 14 som
288 878 163 29 approximativt
465 879 131 28 uppskattats
611 879 33 22 till
659 879 76 26 30,000
750 880 67 26 Mark,
834 881 43 21 der-

137 915 30 20 est
186 913 41 21 den
245 912 119 29 ifrågasatta
378 911 147 30 förhöjningen
543 913 23 21 af
578 913 98 28 bidragen
691 913 21 22 åt
726 914 151 21 kommunerne

136 948 32 22 till
187 947 167 22 folkskollärares
372 947 108 22 aflönande
499 947 93 28 beviljas,
610 947 63 22 borde
691 948 65 28 enligt
773 948 82 28 uppgift
870 948 8 21 i

137 983 39 21 den
191 981 76 29 nådiga
281 981 155 30 propositionen
451 981 68 22 anslås
534 981 32 22 till
581 981 65 22 minst
660 982 78 26 35,000
752 982 67 21 Mark.

205 1015 108 30 Förslaget
323 1016 33 21 till
370 1015 119 29 förhöjning
504 1015 22 22 af
534 1015 195 23 folkskollärarenes
739 1017 39 21 och
792 1016 85 21 lärarin-

137 1058 74 14 nornas
226 1050 8 21 i
243 1050 212 21 landskommunerna
468 1050 59 21 löner
541 1049 110 30 uppgifver
666 1049 212 30 Skolöfverstyrelsen

136 1093 49 14 vara
208 1084 103 22 föranledt
330 1083 63 27 deraf,
414 1086 30 20 att
462 1084 59 22 dessa
543 1085 64 25 löner,
627 1084 33 21 till
679 1084 49 29 följe
748 1085 22 21 af
788 1085 40 21 den
843 1085 36 21 all-

137 1124 76 17 männa
235 1120 108 28 dyrheten,
359 1119 54 22 visat
428 1119 30 28 sig
476 1119 24 22 år
518 1118 32 22 för
567 1119 23 22 år
608 1119 37 21 allt
663 1127 57 14 mera
734 1119 143 28 otillräckliga,

137 1156 54 20 samt
214 1156 30 19 att
265 1154 199 28 lärarepersonalens
486 1153 135 22 ekonomiska
638 1153 98 29 ställning
758 1154 121 28 härigenom

137 1190 58 27 synts
218 1188 66 29 egnad
303 1190 30 19 att
351 1187 80 28 ingifva
448 1187 107 28 allvarliga
574 1187 127 28 bekymmer,
721 1187 33 22 till
772 1188 39 21 och
831 1188 48 21 med

137 1223 31 21 för
190 1222 151 21 folkskolornas
362 1222 91 21 bestånd.
484 1221 67 22 Dessa
572 1221 68 22 skolor
658 1229 49 14 vore
725 1221 106 28 nemligen
848 1223 31 20 ut-

137 1259 53 19 satta
211 1256 32 22 för
265 1256 58 21 faran
342 1257 30 20 att
389 1255 46 22 icke
455 1256 73 21 kunna
544 1255 104 22 bibehålla
667 1255 45 22 sina
732 1256 58 21 bästa
804 1256 74 21 lärare-

138 1290 79 22 krafter
237 1292 50 20 eller
305 1291 8 21 i
332 1290 32 22 sin
383 1290 64 29 tjenst
462 1290 78 22 erhålla
558 1298 99 20 personer
671 1290 49 21 med
733 1290 93 28 förmåga
841 1290 39 22 och

138 1324 101 22 fallenhet
260 1324 33 22 för
316 1324 73 26 kallet,
412 1325 54 21 helst
488 1324 48 28 godt
558 1324 81 22 tillfälle
662 1324 32 22 till
716 1324 164 28 arbetsförtjenst

139 1358 57 22 inom
211 1358 26 21 de
252 1358 108 28 praktiska
374 1358 79 28 yrkena
468 1358 59 21 alltid
542 1358 58 21 stode
616 1359 67 26 öppet.

207 1392 44 22 Vid
273 1391 151 30 öfvervägande
441 1391 63 22 häraf
519 1392 37 20 har
574 1391 109 22 Utskottet
701 1390 17 29 ej
738 1390 95 22 förbisett
851 1398 29 14 sa-

140 1427 51 21 kens
207 1426 107 29 allvarliga
328 1426 149 26 beskaffenhet,
493 1434 48 13 men
557 1426 68 22 tillika
642 1427 68 19 ansett
725 1424 31 29 sig
769 1425 50 22 böra
833 1427 48 27 taga

139 1461 78 29 jemväl
232 1461 69 25 andra,
317 1461 120 21 densamma
451 1460 127 22 beträffande
589 1459 176 29 omständigheter
779 1459 8 21 i
801 1460 80 21 betrak-

211 1500 137 19 Sammansatta
361 1501 57 19 Stats-
430 1500 31 19 och
473 1499 186 20 Ekonomiutskottets
671 1498 110 20 betänkande
793 1499 37 19 N:o
841 1500 16 18 2.
