1045 1709
310 137 29 23 U.
354 137 28 23 B.
398 150 25 4 —
440 139 74 27 Prop.
530 138 44 23 N:o
590 139 36 22 26.
791 141 25 19 63

97 200 87 26 ceptera
200 201 30 19 ett
245 206 76 22 genom
336 202 76 26 tyngre
427 200 158 28 öfverbyggnad
601 202 57 20 ännu
673 202 83 27 dyrare,
772 203 27 20 än
811 202 37 22 det

95 234 7 20 i
117 233 74 22 landet
205 234 76 21 hittills
295 234 105 28 brukliga.

164 267 75 21 Ehuru
254 268 40 27 jag
312 268 34 21 för
364 269 42 20 min
423 268 33 21 del
471 269 138 26 ingalunda
600 263 16 38 i
628 269 109 22 Utskottet
752 276 38 14 var
805 270 41 21 den

96 301 57 26 siste,
165 308 46 15 som
225 302 81 27 yrkade
323 301 73 28 derpä,
412 304 32 19 att
458 302 52 22 vära
522 303 124 27 jernbanor,
662 304 6 20 i
684 304 114 27 synnerhet
813 304 32 25 de,

97 342 45 15 som
157 335 114 22 framdeles
286 336 86 21 komma
386 338 33 19 att
434 337 109 27 anläggas,
558 337 67 21 borde
639 337 49 22 med
703 339 79 20 största
797 338 48 21 hus-

96 368 96 29 hållning
211 369 119 27 trafikeras,
355 371 39 20 och
410 372 32 20 att
457 371 82 22 således
554 371 6 20 i
576 371 89 22 främsta
675 374 91 19 rummet
776 372 70 21 farten

96 403 52 22 eller
177 403 205 28 medelhastigheten
411 405 33 20 för
471 405 25 21 de
525 405 123 28 nordligare
672 406 98 21 banorna
799 407 47 20 icke

95 437 56 29 finge
164 438 116 29 öfverstiga
295 440 12 19 2
323 439 37 21 mil
374 439 8 20 i
397 440 93 26 timmen,
506 439 24 22 så
545 441 25 20 är
582 440 39 27 jag
636 439 64 22 likväl
715 439 60 29 långt
789 440 57 22 ifrån

96 474 33 20 att
150 472 103 28 derjemte
274 473 48 22 med
337 473 110 22 Utskottet
464 474 51 28 vilja
533 474 88 21 förorda
639 474 40 21 den
697 476 67 26 tunga
779 475 68 21 öfver-

95 507 129 28 byggnaden
237 508 50 21 med
302 509 27 20 24
344 509 22 20 %
381 508 77 21 skenor
472 515 40 20 per
526 509 91 27 löpande
632 509 41 26 fot;
689 511 23 26 ty
726 516 50 15 vore
788 509 60 22 detta

97 548 26 15 en
138 542 113 27 uppenbar
265 541 194 28 misshushållning,
476 543 100 21 liknande
592 543 40 20 den
647 544 32 19 att
689 543 69 21 under
770 545 30 19 ett
811 551 36 13 en-

95 575 131 28 våningshus
244 576 65 28 lägga
327 583 25 14 en
372 576 110 27 grundval,
501 577 59 21 stark
578 583 42 21 nog
635 576 34 21 för
683 578 33 20 tre
731 576 116 29 våningars

96 610 57 26 höjd.
183 610 49 21 Med
248 617 26 15 en
292 611 178 27 medelhastighet
488 611 25 21 af
529 613 12 18 2
560 611 37 21 mil
615 611 8 20 i
637 611 87 22 timmen
739 612 73 20 kunna
827 612 20 20 vi

96 645 57 21 ännu
176 645 85 28 mycket
282 645 63 27 länge
363 652 52 14 vara
434 645 169 22 tillfredsställda
617 658 28 3 —
664 647 67 26 vägen
749 645 97 22 härifrån

97 679 32 21 till
151 679 131 28 Petersburg
303 678 108 23 måhända
430 680 145 27 undantagen,
593 692 27 3 —
639 679 28 22 då
685 681 19 20 vi
724 680 122 28 derigenom

95 713 70 22 tillika
185 715 66 20 sättes
270 714 8 20 i
295 713 85 22 tillfälle
400 716 32 19 att
446 715 104 21 reducera
565 714 104 22 railernas
684 715 44 27 vigt
743 715 33 20 till
793 716 24 19 17
834 715 14 21 &

98 749 26 20 18
140 749 21 21 %
177 755 39 20 per
230 749 92 26 löpande
337 748 31 21 fot
392 749 109 22 äfvensom
526 749 70 28 öfriga
617 749 228 28 anläggningskostna-

97 783 38 21 der
152 783 50 21 med
220 790 27 14 en
265 783 95 28 betydlig
375 790 88 19 summa,
480 784 67 21 under
563 784 35 21 det
617 785 32 20 att
663 783 20 21 vi
697 783 65 21 likväl
777 790 69 15 vunne

97 819 30 20 ett
138 817 186 28 transportmedel,
336 825 45 14 som
397 818 91 28 mägtigt
495 819 40 20 och
550 817 159 22 öfverflödande
723 817 125 28 tillräckligt

96 852 34 22 för
137 851 48 22 vårt
192 852 98 22 folk-och
298 852 159 28 kapitalfattiga
465 852 51 22 land
523 852 68 22 skulle
599 852 100 21 befordra
706 852 141 21 samfärdseln

97 887 40 21 och
152 887 217 27 varuomsättningen.
391 899 29 3 —
442 887 94 22 Köldens
550 887 117 28 inflytande
681 886 28 27 på
725 887 74 27 sjelfva
810 887 38 21 ba-

96 928 43 14 nan
154 921 41 21 och
202 921 166 28 medelbarligen
377 921 51 21 eller
436 921 179 28 omedelbarligen
621 920 30 28 på
666 921 40 21 den
714 921 81 28 rörliga
802 928 44 14 ma-

96 955 95 25 terielen,
208 955 91 22 förlorar
312 955 33 21 sin
360 955 92 28 menliga
466 955 114 28 betydelse,
597 954 27 22 då
641 962 76 20 genom
739 955 114 28 hastighe-.

96 991 47 20 tens
153 989 113 22 reduktion
275 989 32 22 till
314 990 144 28 nyssnämnda
465 990 37 26 tal,
512 989 181 28 dennasskadliga
701 989 64 22 effekt
772 989 43 22 blir
825 991 23 25 !/3

96 1026 45 19 mot
155 1023 56 22 hvad
227 1024 40 21 den
282 1031 29 14 nu
326 1025 25 20 är
361 1023 28 28 på
399 1024 71 21 banan
480 1024 367 27 Helsingfors-Tavastehus-Peters-

96 1058 62 28 burg.
173 1071 25 3 —
231 1058 149 21 Betänkandet
398 1058 124 22 framhåller
541 1058 69 22 såsom
626 1060 31 19 ett
671 1059 47 20 skäl
733 1060 44 19 mot
792 1059 55 21 före-

97 1093 94 21 nämnda
207 1093 203 28 byggnadssystems
424 1093 78 21 lättare
513 1093 140 21 lokomotiver
663 1092 61 22 äfven
736 1093 25 21 de
771 1092 77 21 hinder

97 1134 46 15 som
161 1129 151 20 snömassorna
330 1127 40 22 hos
388 1134 34 14 oss
438 1126 152 23 åstadkomma.
620 1126 49 21 Men
687 1129 58 18 utom
763 1127 36 20 det
814 1129 32 19 att

97 1162 69 21 sällan
181 1162 108 21 vintrarne
307 1161 39 21 här
362 1162 38 20 äro
415 1160 24 22 så
453 1161 87 22 snörika
554 1168 45 15 som
607 1161 69 21 under
691 1161 59 21 detta
764 1159 31 28 år,
807 1161 40 21 och

97 1196 67 27 enligt
182 1195 76 22 hittills
276 1202 84 15 vunnen
379 1195 127 26 erfarenhet,
522 1197 53 20 snön
590 1195 46 21 icke
651 1195 69 21 oftare
735 1196 55 20 stört
805 1197 43 19 tra-

97 1229 56 22 fiken
170 1229 39 22 hos
225 1236 40 19 oss,
281 1231 27 20 än
323 1231 16 19 t.
358 1235 32 15 ex.
406 1229 7 21 i
428 1229 107 27 Tyskland
550 1229 40 22 och
606 1229 87 27 Sverige
707 1229 55 21 varit
777 1229 70 25 fallet;

97 1263 25 22 så
140 1271 63 21 synes
216 1264 51 27 mig,
282 1265 32 20 att
334 1263 40 22 den
389 1258 189 33 jernvägsrörelse,
597 1270 46 15 som
659 1270 51 14 norr
725 1265 23 19 ut
763 1264 85 21 komme

98 1299 32 20 att
151 1299 96 27 upptaga
266 1298 26 21 de
310 1297 108 22 blifvande
436 1297 228 28 bansträckningarna,
683 1300 52 19 utan
753 1297 96 22 särdeles

97 1339 48 14 men
161 1333 68 20 skulle
243 1333 70 20 under
328 1333 83 19 vintern
426 1331 45 22 tåla
486 1335 30 18 ett
530 1340 40 19 par
585 1333 87 20 veckors
687 1332 90 20 afbräck
787 1333 8 18 i
805 1334 43 18 tra-

97 1365 63 26 fiken,
175 1365 68 22 hellre
258 1367 28 19 än
300 1367 32 20 att
346 1365 84 22 banans
445 1365 129 28 anläggning
590 1366 61 26 göres
667 1365 119 27 onödigtvis
797 1367 53 25 tung

98 1400 40 22 och
155 1400 46 28 dyr.
230 1399 103 26 Inkastet,
349 1401 32 20 att
396 1399 40 22 lätt
451 1399 158 28 öfverbyggnad
624 1398 76 23 endast
715 1399 25 21 är
754 1399 94 22 använd-

98 1434 41 22 bar
152 1434 35 22 för
202 1433 24 22 så
241 1434 85 22 kallade
340 1434 121 22 sekundära
475 1434 75 26 banor,
560 1434 96 22 bemötes
667 1433 124 29 tillräckligt
803 1434 46 21 der-

167 1476 90 21 Jernvägs-
261 1475 87 17 Utskottets
360 1475 107 17 betänkande.
