1061 1711
255 136 12 19 4
540 134 52 22 N:o
610 134 50 22 283.

225 204 33 19 att
273 202 120 26 uppdraget
408 203 33 25 sig
457 203 80 25 afsäga,
554 208 33 15 om
602 202 42 20 han
659 202 48 26 fyllt
723 203 67 21 sextio
807 203 29 25 är,
853 203 52 21 eller
916 203 60 20 inom

225 236 27 20 de
274 238 73 18 senast
369 236 101 20 förflutna
488 242 37 15 sex
544 236 50 20 ären
610 236 111 21 enahanda
735 236 121 27 befattning
871 236 102 26 innehaft,

226 270 51 21 eller
293 270 40 21 ock
348 270 66 26 enligt
430 270 92 21 särskild
537 270 127 26 författning
680 272 24 19 är
719 271 47 20 frän
783 271 147 26 skyldigheten
941 272 33 19 att

224 310 52 14 vara
298 304 140 21 nämndeman
457 304 89 21 befriad.
577 303 53 22 Sker
650 304 105 27 afsägelse
770 305 28 26 pä
814 305 80 20 sädana
909 311 64 20 grun-

225 338 43 25 der,
292 338 65 20 varde
379 339 48 25 nytt
445 339 34 19 val
494 340 76 24 genast
584 338 76 25 hället;
676 345 47 14 men
740 339 17 26 ej
775 339 35 20 mä
824 339 71 26 nägon
911 339 62 26 eljest

225 371 52 22 slikt
293 372 110 26 sysslande
419 372 33 26 sig
467 372 145 27 undandraga,
628 374 52 19 utan
696 373 23 20 sä
735 375 23 18 är
773 374 33 19 att
816 373 73 20 skälen
901 372 72 21 derför

224 405 24 22 af
260 406 151 21 häradsrätten
426 406 131 26 godkännas.

577 481 11 27 8
605 482 18 19 7.

296 526 69 21 Sedan
381 526 204 21 nämndemannava!
600 526 115 26 försiggätt
731 526 38 21 och
785 526 130 26 protokollet
926 526 49 21 der-

224 559 59 21 öfver
296 560 111 26 justerats,
424 560 55 20 skall
495 560 77 26 utdrag
588 559 66 26 deraf,
671 560 47 20 med
734 560 115 20 ätecknadt
864 560 59 20 bevis
938 566 34 14 om

224 593 68 26 dagen
309 593 27 20 då
351 593 40 20 den
407 593 32 20 till
455 594 141 20 nämndeman
611 593 90 21 utsedde
717 600 33 14 om
765 594 57 20 valet
838 593 85 21 erhållit
934 600 38 14 un-

224 627 133 25 derrättelse,
371 627 66 26 jemte
453 627 60 26 intyg
529 633 32 14 om
577 628 53 19 hans
646 627 56 26 fräjd
717 627 57 21 inom
789 627 73 21 trettio
874 627 67 26 dagar
951 626 24 21 af

223 660 241 21 kommunalstämmans
488 660 128 21 ordförande
638 660 109 21 tillställas
770 660 201 26 häradshöfdingen,

223 694 34 21 till
271 694 87 21 hvilken
373 694 39 21 ock
428 694 40 20 den
483 695 48 20 med
547 695 57 20 valet
618 694 116 27 missnöjde
750 697 50 23 äger
815 694 55 21 inom
882 695 40 20 den
933 694 38 26 tid,

224 734 45 15 som
288 728 34 20 för
341 728 197 26 ändringssökande
557 729 7 20 i
580 729 224 20 kommunalstämmas
824 728 71 21 beslut
914 728 57 21 stad-

224 762 41 26 gad
284 764 30 23 är,
334 762 92 21 inlemna
442 762 107 26 skriftliga
564 763 33 20 till
612 762 150 21 häradsrätten
779 763 78 20 ställda
872 762 77 21 besvär
964 762 7 20 i

224 796 74 25 saken;
316 796 38 20 och
369 795 113 27 föredrage
497 796 195 26 häradshöfdingen
703 796 54 21 efter
768 796 159 21 besvärstidens
938 797 33 19 ut-

223 829 56 27 gång
294 830 176 21 fordersammast
489 830 87 21 ärendet
591 830 7 20 i
614 830 157 25 häradsrätten,
788 836 45 15 som
848 830 74 21 dervid
937 830 35 21 må

223 864 76 26 pröfva
314 864 40 20 den
370 864 73 21 valdes
459 864 132 26 behörighet,
608 870 34 14 om
658 864 38 20 ock
712 864 77 26 klagan
806 864 59 20 öfver
880 864 57 20 valet
952 864 18 26 ej

223 898 61 20 förts.
315 897 68 21 Gillas
398 898 63 24 valet,
481 897 83 21 utfärde
580 898 151 20 häradsrätten
746 898 33 20 för
795 898 40 20 den
850 898 33 20 till
898 900 74 18 nämn-

224 931 76 21 deman
318 931 91 21 utsedde
427 931 60 21 bevis
503 931 103 25 deröfver,
624 931 38 20 och
677 931 96 21 tillträde
787 931 42 21 han
845 931 33 21 sin
893 931 77 21 befatt-

223 965 51 26 ning
289 966 53 19 utan
356 964 76 21 hinder
447 964 23 21 af
483 965 77 20 besvär
575 964 59 21 öfver
650 964 160 22 häradsrättens
827 965 82 26 åtgärd.

574 1039 11 26 $
602 1040 18 19 8.

294 1085 83 26 Flyttar
392 1084 140 21 nämndeman
548 1084 47 21 från
611 1084 40 21 den
667 1086 40 24 ort,
723 1085 38 20 der
771 1084 41 20 han
824 1084 38 22 bör
873 1091 51 14 vara
934 1085 38 21 bo-

224 1120 49 24 satt,
297 1118 52 21 eller
371 1118 96 20 inträffar
491 1118 62 26 eljest
572 1118 76 20 sådant
663 1118 133 21 förhållande
812 1119 32 20 att
858 1118 53 21 hans
927 1119 44 20 val-

222 1152 77 21 barhet
314 1152 52 21 eller
381 1152 125 26 lämplighet
521 1152 32 21 till
565 1152 301 26 nämndemansbefattningen
876 1153 94 26 upphör;

223 1188 39 24 äge
280 1186 151 20 häradsrätten
449 1186 79 20 honom
543 1185 47 21 från
606 1185 92 26 tjensten
714 1185 70 27 skilja.
814 1186 157 21 Häradsrätten

223 1219 73 27 afgöre
315 1219 39 20 ock
373 1225 34 14 om
426 1219 151 20 nämndemans
598 1219 198 26 tjensteförseelser,
812 1221 60 19 utom
887 1219 28 21 då
929 1220 42 20 han

222 1253 90 20 tilltalas
330 1253 34 19 för
379 1252 98 25 felaktigt
495 1253 99 24 domslut,
610 1253 8 19 i
633 1253 85 19 hvilken
733 1253 101 20 händelse
850 1253 66 20 åtalet
931 1253 40 20 bör

224 1286 36 21 ske
276 1287 7 19 i
298 1285 87 21 hofrätt.

294 1319 104 22 Beträdes
414 1319 140 21 nämndeman
569 1319 49 21 med
633 1319 114 27 tjenstefel,
764 1321 38 26 äge
813 1320 158 27 häradsrätten,

223 1355 37 20 der
276 1356 65 19 annat
355 1360 77 15 ansvar
448 1354 17 27 ej
482 1354 7 20 i
504 1354 35 27 lag
554 1355 24 20 är
594 1355 74 25 utsatt,
684 1354 76 21 honom
776 1361 66 15 varna
858 1355 51 21 eller
923 1355 48 21 från

222 1389 93 26 tjensten
331 1388 87 26 afsätta;
436 1388 39 21 och
489 1388 35 20 må
539 1388 148 26 nämndeman,
704 1394 45 15 som
765 1388 33 22 för
814 1389 76 21 sådant
903 1389 28 21 fel
943 1389 28 21 el-

222 1423 32 20 ler
269 1423 67 20 andra
351 1422 140 27 förbrytelser
506 1422 68 21 under
588 1422 65 20 tilltal
670 1422 50 26 står,
735 1422 68 21 under
813 1423 158 26 ransakningen

222 1456 48 21 från
285 1456 104 26 tjenstens
403 1455 99 27 utöfning
517 1455 100 26 afhållas,
634 1461 34 15 om
684 1455 46 22 skäl
747 1456 70 21 dertill
832 1456 138 21 föekommer.
