1053 1709
338 92 23 24 U.
377 93 23 23 B.
410 106 28 4 —
449 94 66 30 Prop:
530 95 41 24 N:o
584 95 31 25 28
810 98 13 23 5

171 156 95 23 Emedan
279 158 206 27 jordeboksräntans
498 160 125 23 titsättande
637 161 8 21 i
660 162 56 22 vissa
725 169 63 16 varor
797 163 55 22 hade

103 189 35 23 till
150 190 81 29 påföljd
245 191 60 23 utom
319 193 67 25 andra
397 193 136 29 olägenheter
545 185 25 43 en
573 195 132 29 fortgående
715 197 94 22 ovisshet
818 204 35 15 om

102 224 97 23 skattens
218 226 79 28 belopp
313 226 8 21 i
335 227 124 28 penningar,
479 228 136 28 hvarigenom
632 229 63 21 säkra
709 230 144 29 beräkningar

102 259 23 22 af
142 259 139 23 statsverkets
299 260 119 23 inkomster
436 262 48 22 icke
503 262 72 22 kunde
594 262 29 28 på
639 263 91 23 förhand
749 265 103 22 anställas

102 294 40 22 och
157 301 27 15 en
198 294 43 22 fast
255 295 104 27 grundval
372 295 34 22 för
420 298 81 20 statens
515 297 139 28 uppgörande
668 298 95 22 särdeles
777 299 35 21 för
826 306 27 15 en

101 328 90 29 femårig
205 328 146 30 finansperiod
365 330 113 27 saknades,
495 332 55 21 samt
560 330 108 30 svårighet
676 332 35 22 för
721 333 26 21 de
757 333 97 23 enskilde

101 364 32 20 att
147 363 35 22 vid
196 364 145 27 hvarjehanda
351 365 158 22 transaktioner
520 372 34 15 om
563 366 103 28 fastighet
675 367 119 22 bestämma
805 368 48 22 dess

101 398 63 22 värde
183 399 113 27 uppstode,
316 398 68 30 ansåg
403 400 32 28 sig
449 400 107 28 nemligen
571 407 27 15 en
613 400 100 28 ledamot,
727 402 35 22 för
777 401 75 30 åväga-

100 432 119 30 bringande
235 433 79 27 jemväl
332 434 24 22 af
369 441 26 15 en
411 435 95 21 särdeles
521 435 108 22 önskvärd
642 435 121 30 förenkling
777 437 8 21 i
799 444 53 22 upp-

101 467 175 27 bördsväsendet,
294 468 55 22 böra
362 468 88 23 förorda
465 470 31 20 att
511 469 146 29 grundräntan
670 470 69 22 blefve
753 471 100 23 faststäld

101 504 32 20 att
152 501 53 29 utgå
222 502 31 22 uti
273 504 31 20 ett
320 510 27 14 en
362 502 56 29 gång
431 504 34 21 för
480 504 44 22 alla
538 504 107 22 bestämdt
660 505 192 28 penningebelopp,

102 536 86 22 hvartill
207 536 98 22 bemälde
324 536 95 23 ledamot
440 537 49 22 ville
507 537 80 23 föreslå
601 538 35 22 det
650 538 86 29 belopp,
752 540 101 22 hvarmed

102 571 124 22 densamma
244 571 69 22 under
331 570 24 23 år
375 572 53 22 1875
445 572 85 29 erlagts.
567 572 62 22 Dock
644 580 45 14 som
705 574 148 22 erfarenheten

101 605 118 29 ådagalade
239 607 31 21 ett
287 605 95 30 ständigt
401 606 97 28 stigande
519 608 7 20 i
545 608 151 26 väruvärdena,
714 607 67 30 ansåg
799 616 53 15 mer-

99 640 99 22 bemälde
215 640 94 23 ledamot
329 640 33 30 sig
380 641 54 22 böra
453 641 72 22 vidare
543 640 86 29 föreslå'
642 644 37 24 att,
695 641 28 29 på
739 642 35 23 det
789 645 63 21 stats-

100 675 82 23 verkets
202 675 118 22 inkomster
336 676 19 28 ej
375 675 66 23 måtte
460 683 76 21 genom
551 675 162 29 ifrågavarande
727 677 125 29 förändring

98 710 8 22 i
125 717 27 15 en
170 710 72 22 alltför
255 710 99 22 kännbar
369 711 52 28 grad
436 710 101 27 minskas,
553 711 42 21 den
609 712 112 21 faststälda
736 713 115 28 penninge-

99 746 77 21 räntan
197 745 67 22 borde
287 745 62 22 hvart
369 745 73 22 tionde
465 745 24 22 år
511 746 48 21 med
581 745 36 23 två
640 748 90 26 procent
748 747 102 27 förhöjas.

97 780 74 21 Ehuru
186 780 105 22 förlusten
306 780 7 21 i
329 780 138 22 statsverkets
482 780 117 22 inkomster
612 780 34 22 väl
656 780 47 22 icke
714 781 61 22 torde
785 781 65 22 blitva

99 821 77 21 genom
191 821 26 15 en
233 814 67 22 sådan
315 814 122 28 förhöjning
451 815 49 21 fullt
515 816 74 26 ersatt,
603 815 49 21 ville
668 815 36 21 det
714 815 55 22 dock
779 822 70 22 synas,

98 857 46 15 som
165 849 26 23 de
210 849 101 27 fördelar,
329 850 41 22 den
388 849 122 29 föreslagna
525 849 152 29 förändringen
692 850 7 21 i
715 850 69 28 öfriga
798 850 52 22 hän-

97 884 93 23 seenden
205 884 117 27 medförde,
335 884 72 23 kunde
421 892 63 15 anses
498 886 99 28 uppväga
611 885 92 22 nämnde
717 885 85 22 förlust.

164 920 34 21 En
220 926 71 15 annan
312 920 95 22 ledamot
425 920 8 21 i
450 920 121 28 Kejserliga
591 919 93 23 Senaten
705 920 48 22 ville
769 920 80 28 jemväl

96 954 86 27 föreslå,
198 956 33 20 att
242 954 196 28 jordeboksräntan
453 954 69 22 skulle
536 954 132 23 bestämmas
678 954 92 22 allenast
779 955 8 21 i
797 954 52 22 kon-

96 991 60 20 tanta
174 990 125 27 penningar,
319 989 56 23 dock
393 989 48 22 icke
460 990 49 21 med
528 996 27 15 en
574 989 55 22 efter
643 989 56 22 vissa
714 988 29 29 på
757 989 91 23 förhand

95 1024 114 22 bestämda
223 1024 143 28 tidsperioder
381 1024 92 22 skeende
486 1024 121 28 förhöjning
619 1023 54 27 deri;
684 1024 40 22 och
735 1031 26 15 en
772 1024 76 22 konse-

96 1061 64 25 qvent
178 1059 52 27 följd
249 1058 64 22 häraf
327 1058 68 22 skulle
411 1059 60 21 äfven
487 1066 50 15 vara
552 1060 32 21 att
598 1058 88 27 tionde-,
702 1058 89 22 vakans-
807 1059 39 22 och

96 1094 40 22 och
156 1092 257 29 qvarntulls-spanmålen'
426 1094 57 21 samt
500 1093 43 23 alla
563 1093 67 22 andra
648 1092 33 23 till
696 1093 83 22 kronan
795 1093 52 22 eller

95 1127 208 28 indelningshafvare
325 1126 106 29 utgående
453 1127 108 22 allmänna
584 1126 110 29 utskylder
715 1126 30 29 på
764 1134 82 15 samma

94 1164 43 21 sätt
156 1162 117 29 utgjordes.
310 1162 70 22 Häraf
396 1162 84 22 komme
499 1162 94 28 följande
613 1162 99 28 fördelar,
728 1161 67 29 enligt
809 1162 37 22 be-

93 1197 71 22 mälde
179 1197 106 22 ledamots
299 1196 63 28 åsigt,
376 1198 32 20 att
422 1196 103 22 erhållas:

162 1233 34 20 1:o
216 1232 38 21 Att
268 1232 97 21 skattens
378 1230 135 23 förhållande
527 1230 33 22 till
575 1230 142 29 egendomens
731 1230 64 22 värde
805 1231 40 21 och

93 1266 122 28 afkastning
233 1266 47 22 icke
299 1266 24 21 af
335 1265 108 29 tillfälliga
465 1266 88 22 orsaker
572 1265 69 22 skulle
660 1264 97 29 undergå
774 1264 71 30 någon

93 1300 155 28 väsendtligare
271 1299 113 29 rubbning,
407 1300 135 22 alldenstund
565 1306 27 16 en
610 1300 82 21 mindre
714 1299 130 28 produktion

93 1335 98 27 vanligen
211 1335 116 27 godtgöres
345 1341 76 21 genom
435 1334 98 28 förhöjda
547 1334 76 27 priser,
639 1334 115 25 hvaremot,
769 1334 8 20 i
791 1334 52 20 hän-

93 1369 59 21 delse
172 1368 23 22 af
213 1368 96 21 skattens
329 1368 160 21 bestämmande
507 1368 8 21 i
532 1366 111 29 persedlar
657 1367 40 21 och
713 1367 129 28 erläggande

93 1403 54 23 efter
161 1401 293 29 markegångs-förvandling,
469 1408 26 16 en
505 1400 100 24 inträffad
615 1401 85 29 ringare
711 1401 52 23 eller
773 1402 69 21 sämre

161 1440 140 19 Statsutskottets
315 1440 113 18 betänkande
441 1440 36 18 N:o
493 1438 18 21 6.
