1081 1717
240 159 28 20 12
423 160 28 18 U.
467 160 30 18 B.
513 170 27 3 —
556 160 83 22 Prop.
654 160 47 17 N:o
716 160 38 17 21.

212 225 83 23 skottet
304 226 93 27 trottsig
404 226 54 20 böra
468 225 87 21 förorda
564 226 30 20 ett
603 225 78 21 sädant
689 224 139 22 förklarande
835 224 77 28 tillägg
926 225 35 21 till

213 260 13 21 4
241 260 12 27 &
268 261 13 21 3
296 260 49 27 kap.
361 255 26 26 Ä.
403 260 31 26 B.,
457 266 46 15 som
526 262 39 24 gör
587 261 33 19 att
634 258 48 22 icke
696 258 57 22 blott
768 259 70 21 denna
852 259 110 27 paragraf,

212 296 53 20 utan
281 294 64 22 äfven
360 295 20 25 6,
396 294 13 21 8
425 294 40 21 och
481 294 13 21 9
510 294 24 27 $$
550 294 124 26 derigenom
689 293 79 21 lättare
782 293 87 21 förstäs.

280 329 11 21 I
307 329 42 20 den
364 328 124 26 föreslagna
502 328 111 26 lagtexten
628 327 34 21 för
677 327 12 21 8
704 327 12 27 $
732 328 12 20 3
759 327 49 27 kap.
824 322 26 26 Ä.
860 327 25 21 B.
899 333 63 15 anser

212 362 155 29 Lagutskottet
388 363 111 25 uttrycket
524 362 93 26 ”syskon
640 361 47 21 med
700 361 110 21 förfäder"
825 361 54 21 böra
894 362 70 26 enligt

212 396 147 28 språkbruket
374 396 79 22 ändras
468 396 34 22 till
518 396 90 27 "syskon
623 395 35 21 200
673 395 115 21 förfäder".

280 431 39 22 Uti
342 431 41 21 den
404 430 90 27 lydelse,
510 430 90 21 hvilken
615 430 12 21 1
643 429 11 28 $
670 430 13 21 9
698 430 49 27 kap.
762 424 26 27 Ä.
803 429 25 22 B.
844 435 50 21 eger
909 430 8 21 i
931 437 31 14 nu

212 465 100 28 gällande
327 465 43 26 lag,
386 466 25 19 är
426 465 49 26 den,
491 471 45 15 som
551 465 37 21 vid
603 464 93 21 dödsfall
712 463 114 28 uppgifver
842 464 42 21 den
894 465 70 20 dödes

213 499 167 28 gvarlätenskap
403 499 34 21 till
461 498 182 28 bouppteckning,
665 498 74 27 älagdt
761 499 33 20 att
812 498 152 22 underskrifva

213 533 177 27 uppteckningen
404 533 50 21 med
469 533 58 26 edlig
542 532 135 27 förpligtelse
692 534 32 19 att
739 532 19 27 ej
774 531 66 28 nägot
850 533 46 20 med
910 532 54 27 vilja

213 568 38 21 och
265 567 84 28 vetskap
364 567 73 22 blifvit
452 568 62 21 doldt
529 568 39 21 och
578 567 140 22 utelemnadt.
734 567 67 21 Detta
808 567 88 27 uttryck
904 567 61 21 "med

216 602 53 27 vilja
291 601 40 22 och
352 601 104 27 vetskap"
481 601 41 22 har
546 601 32 21 uti
594 607 80 15 samma
688 601 104 26 paragraf
804 601 8 20 i
828 601 41 21 den
884 601 81 26 nådiga

214 631 164 45 propositionen
401 635 73 22 blifvit
493 635 93 22 ändradt
607 635 35 21 till
664 635 46 20 med
734 634 85 29 vetskap
839 635 50 20 eller
903 635 61 27 vilja.

212 670 51 21 Men
283 669 28 22 dä
330 676 26 15 en
375 670 67 21 sådan
457 670 92 26 ändring
564 670 18 27 ej
599 672 24 19 är
637 669 103 27 betingad
760 669 205 27 afpropositionens

216 704 148 27 hufvudsyfte,
388 705 40 20 har
448 704 94 22 flertalet
565 704 22 23 af
605 704 123 22 Utskottets
751 703 119 22 ledamöter
892 705 74 20 ansett

217 739 37 21 det
268 739 8 21 i
291 739 55 21 1734
370 739 35 21 års
430 739 37 27 lag
482 739 176 22 förekommande
673 739 110 27 uttrycket
797 739 47 20 med
858 738 54 28 vilja
927 737 37 22 och

216 773 86 28 vetskap
324 774 55 21 böra
394 774 13 21 &
422 774 60 21 detta
500 773 63 22 ställe
585 773 127 26 bibehållas,
728 773 27 21 då
770 773 120 22 detsamma
904 774 63 20 snart

213 808 9 21 i
235 807 124 22 halftannat
385 808 60 21 sekel
468 807 42 22 fått
531 810 53 19 utan
599 808 71 27 någon
685 807 92 28 veterlig
792 807 114 27 olägenhet
921 807 45 21 för-

214 841 69 22 blifva
298 842 115 21 orubbadt.

282 876 34 21 Då
331 876 160 27 slutmeningen
505 877 9 20 i
529 877 41 20 den
586 876 80 26 nådiga
680 876 176 26 propositionens
878 875 85 27 lagtext

213 909 137 26 bestämmer,
366 911 33 20 att
415 910 42 21 den
472 909 91 22 afsedda
578 916 44 21 nya
636 909 63 26 lagen
715 910 19 26 ej
750 909 56 22 skall
821 909 67 22 verka
895 909 67 22 rubb-

213 943 52 27 ning
282 944 9 21 i
305 943 87 22 makars
407 943 131 27 rättigheter
553 944 41 21 och
609 943 149 27 skyldigheter
773 943 8 21 i
795 943 28 21 bo
839 943 33 21 uti
887 943 27 21 de
924 943 38 21 äk-

213 978 100 27 tenskap,
328 977 75 22 hvilka
417 977 82 27 ingåtts
515 977 46 22 före
577 978 50 21 dess
642 977 108 22 tillkomst
765 983 19 15 o.
796 983 16 15 s.
823 983 25 20 v.,
863 977 33 21 har
904 977 58 21 inom

214 1011 113 22 Utskottet
342 1011 98 21 häremot
455 1011 72 22 blifvit
543 1011 104 26 anmärkt,
664 1012 32 20 att
709 1018 26 15 en
746 1011 68 22 sådan
825 1012 138 26 bestämning

214 1052 51 15 vore
281 1046 70 27 egnad
367 1047 32 19 att
415 1051 26 15 en
456 1046 75 27 längre
541 1046 33 21 tid
583 1045 78 21 framåt
669 1045 98 22 medföra
776 1045 122 27 olägenhet,
907 1052 56 15 eme-

215 1081 42 20 dan
272 1087 50 14 man
337 1080 28 21 då
380 1080 18 27 ej
414 1082 53 19 utan
483 1080 111 27 svårighet
609 1079 71 22 skulle
694 1080 75 21 kunna
784 1080 84 21 minnas
878 1080 53 21 eller
941 1080 24 21 få

214 1115 53 20 reda
281 1114 36 27 på,
331 1113 76 22 hvilka
421 1114 121 26 äktenskap
557 1114 82 27 ingåtts
655 1114 47 21 före
718 1115 40 20 och
773 1114 74 21 hvilka
856 1113 55 22 efter
919 1115 42 20 den

215 1149 48 26 dag,
279 1148 28 21 då
321 1148 65 26 lagen
401 1149 61 20 trädt
476 1148 8 21 i
498 1148 145 26 verksamhet,
659 1150 55 19 samt
730 1148 37 21 det
782 1148 111 21 dessutom
910 1155 53 15 vore

215 1181 92 27 obilligt,
330 1183 33 19 att
381 1187 26 15 en
423 1182 47 21 före
485 1182 75 27 lagens
580 1181 142 27 kungörande
737 1182 8 20 i
760 1182 121 27 äktenskap
897 1182 66 21 stadd

214 1216 78 21 hustru
315 1215 18 27 ej
349 1215 58 27 finge
421 1215 156 28 tillgodonjuta
597 1215 42 22 den
653 1222 43 21 nya
710 1215 75 27 lagens
800 1215 113 22 föreskrift
928 1222 35 15 om

215 1249 108 26 giftorätt.
352 1249 51 21 Men
419 1250 27 20 då
462 1256 27 14 en
503 1251 90 19 motsatt
608 1249 138 26 bestämning
761 1249 48 21 icke
824 1250 57 20 blott
891 1250 71 20 skulle

214 1282 99 21 medföra
335 1283 32 20 ett
381 1282 90 27 ingrepp
491 1283 8 20 i
514 1283 125 21 nuvarande
653 1282 86 22 makars
755 1288 77 21 genom
848 1283 116 21 äktenska-

214 1317 49 26 pets
279 1315 125 23 fullbordan
419 1316 138 24 förvärfvade
571 1316 103 22 inbördes
694 1316 270 27 förmögenhetsrättighe-

214 1352 41 25 ter,
270 1352 53 20 utan
339 1350 64 22 äfven
417 1350 85 22 komme
517 1352 34 20 att
565 1351 79 21 beröra
659 1350 63 22 deras
732 1351 143 27 borgenärers
886 1351 78 27 rättig-

214 1384 69 28 heter,
298 1384 8 22 i
322 1384 37 22 det
374 1386 33 20 att
422 1385 63 21 desse
501 1391 75 16 senare
592 1385 73 21 kunde
680 1384 86 22 komma
780 1387 33 20 att
823 1386 45 21 lida
875 1385 89 27 intrång

216 1425 76 21 genom
308 1419 93 27 ändring
415 1418 24 22 af
451 1419 116 22 makarnes
582 1419 272 28 giftorättsförhållanden,
868 1420 41 21 har
923 1419 40 22 Ut-

215 1454 83 22 skottet
327 1456 72 20 ansett
423 1454 33 27 sig
481 1454 54 22 böra
558 1454 73 22 lemna
655 1454 67 27 sagda
745 1454 143 28 anmärkning
910 1456 54 20 utan

215 1488 108 22 afseende.

281 1534 128 23 Lagutskottets
421 1534 114 18 Betänkande
547 1534 32 18 N:o
593 1534 16 18 6.
