1048 1709
333 123 21 24 U.
372 124 22 23 B.
410 136 27 4 —
454 125 64 28 Prop.
536 126 40 23 N:o
590 125 36 24 33.
809 127 13 21 9

103 188 167 24 vidsträcktare
293 190 105 28 byggnad
414 190 41 23 och
470 191 49 22 ifall
536 191 115 29 Styrelsen
666 192 73 22 finner
754 193 34 27 sig
802 192 50 22 icke

102 223 55 23 böra
176 224 114 29 tillskjuta
304 226 69 27 något
388 226 24 21 af
425 226 115 22 allmänna
554 226 151 22 statsmedlen.
734 226 119 23 Utskottet

104 258 35 22 får
154 258 68 23 alltså
237 258 114 23 vördsamt
365 260 95 26 förorda,

306 296 29 23 2)
351 297 31 19 att
396 301 26 15 en
436 301 82 15 summa
533 295 27 27 af
570 295 57 22 ända
643 295 31 22 till
684 297 100 25 350,000
793 296 58 21 mark

239 329 65 22 måtte
319 329 73 22 anslås
408 329 32 22 till
447 329 130 28 uppförande
587 330 27 27 af
620 332 29 19 ett
657 332 46 25 nytt
710 330 142 27 länsfängelse

238 364 9 20 i
265 363 96 27 Wiborgs
375 364 53 21 stad.

170 397 123 22 Likaledes
307 397 94 23 föreslås
416 398 138 28 uppförande
569 399 24 21 af
601 400 32 20 ett
640 401 53 26 nytt
701 399 151 28 länsfängelse

102 431 9 22 i
125 431 128 29 Uleåborgs
268 431 50 22 stad
332 432 35 22 för
381 439 28 15 en
424 439 88 16 summa
527 433 25 21 af
563 429 92 30 325,000
668 433 70 22 mark.
760 433 91 22 Jemväl

101 466 8 21 i
132 465 104 23 afseende
255 468 14 20 &
283 467 74 21 denna
371 467 105 29 byggnad
491 471 25 18 är
531 467 38 22 det
583 469 34 20 att
631 467 97 26 märkas,
744 470 34 19 att
792 475 59 14 sum-

101 507 54 16 man
169 505 26 18 är
209 501 59 22 blott
282 501 172 29 approximativ,
468 507 54 18 enär
536 506 103 18 närmare
654 502 152 28 beräkningar
820 502 32 22 öf-

101 543 41 15 ver
156 536 152 23 kostnaderna
322 537 35 22 för
371 536 39 23 det
424 537 133 22 tillämnade
571 537 113 28 fängelset
691 537 87 22 saknas.
798 537 54 22 Men

101 571 28 22 då
152 571 38 22 det
207 571 130 22 nuvarande
352 572 162 28 länsfängelset
534 573 2 21 i
551 572 114 28 Uleåborg
679 572 101 22 befinner
795 572 35 28 sig
844 572 8 21 i

100 608 85 26 ytterst
210 606 101 22 förfallet
339 607 72 25 skick,
441 614 65 15 anser
536 607 118 22 Utskottet
677 607 35 28 sig
729 607 55 22 böra
805 606 47 22 till-

102 641 86 28 styrka,

308 676 23 27 3)
352 678 30 20 att
402 675 120 23 Ständerna
544 676 46 22 ville
605 676 72 28 bevilja
693 683 25 14 en
733 682 83 15 summa
831 676 36 27 af"

239 711 57 22 ända
319 711 32 22 till
374 712 100 25 325,000
503 711 59 22 mark
589 711 32 21 till
643 713 29 20 ett
693 713 47 26 nytt
754 710 98 27 länsfän-

237 746 55 27 gelse
306 746 9 21 i
333 745 107 29 Uleäborg.

170 780 13 22 I
198 780 43 22 den
256 780 83 29 nådiga
353 780 169 28 propositionen
531 782 110 27 upptages
649 780 77 22 vidare
734 781 34 21 ett
775 779 78 28 anslag

102 815 24 21 af
146 816 77 25 85,000
245 815 66 22 mark
332 816 35 21 för
385 816 129 21 inrättande
529 816 24 22 af
566 823 27 14 en
608 815 244 29 uppfostringsanstalt,

102 850 67 23 hvari
184 850 151 29 minderäriga
349 850 126 29 förbrytare
492 851 89 22 komma
595 853 34 19 att
643 850 95 29 intagas.
764 850 90 28 Gagnet

103 885 24 22 af
140 893 28 14 en
183 885 69 22 sådan
267 887 128 27 inrättning
412 886 45 22 kan
472 886 51 22 icke
538 886 87 22 skattas
633 886 70 28 ringa,
711 889 54 18 enär
772 886 82 27 många

104 921 25 21 af
156 920 64 27 dem,
243 928 48 15 som
313 920 70 23 redan
405 921 39 22 vid
467 928 60 21 unga
549 923 25 20 år
595 921 90 22 beträdt
706 921 85 21 lastens
814 919 40 22 och

102 955 163 28 förbrytelsens
287 955 64 27 bana,
373 955 79 22 kunna
467 963 80 21 genom
562 955 180 27 ändamålsenlig
756 954 98 22 behand-

103 989 49 29 ling
167 990 108 22 återföras
291 990 38 22 till
344 990 38 22 det
396 993 72 19 rättas
482 994 51 25 väg.
566 989 59 22 Dei
640 989 69 22 andra
716 989 79 22 länder
802 988 51 23 med

101 1024 121 29 framgång
236 1025 78 28 gjorda
329 1025 77 22 försök
421 1025 51 22 med
489 1025 110 22 anstalter
613 1024 34 22 för
662 1023 85 23 vården
762 1023 25 22 af
794 1030 60 21 unga

102 1059 128 29 förbrytare
246 1059 46 22 tala
306 1059 35 22 för
356 1062 33 19 att
404 1067 54 14 man
472 1059 39 22 vid
521 1058 185 30 genomförandet
715 1059 25 21 af
744 1059 110 27 fängelse-

105 1095 113 22 reformen
233 1095 8 21 i
256 1094 99 22 Finland
371 1094 50 23 icke
436 1096 38 20 må
488 1094 118 23 underlåta
616 1094 108 28 åtgärden
731 1094 35 21 för
772 1093 82 22 brotts-

105 1129 116 29 lighetens
243 1129 162 22 motverkande
428 1129 39 22 der
489 1129 68 22 sådan
579 1129 68 22 redan
674 1128 38 22 vid
738 1127 70 29 tidiga
830 1129 24 20 år

107 1164 140 23 framträder.

174 1199 53 22 Med
243 1199 50 22 stöd
309 1200 24 21 af
346 1199 39 22 det
400 1199 92 22 anförda
507 1199 34 22 får
556 1198 119 23 Utskottet
688 1198 116 22 vördsamt
812 1197 42 21 för-

105 1233 60 27 orda,

307 1270 32 24 4),
355 1271 32 19 att
403 1268 119 22 Ständerna
536 1269 64 21 måtte
615 1267 71 28 bevilja
700 1269 29 20 ett
744 1267 72 27 anslag
832 1267 26 26 af

244 1305 84 25 85,000
350 1303 59 22 mark
430 1304 34 26 för
485 1302 126 27 inrättande,
630 1302 33 26 på
685 1302 86 27 lämplig
794 1303 32 20 ort
846 1302 9 20 i

241 1338 161 27 landsbyggden,
418 1338 28 26 af
455 1344 26 14 en
495 1336 230 27 uppfostringsanstalt,
735 1336 59 21 kvari
800 1336 54 20 min-

243 1366 107 36 deråriga?
358 1366 113 36 förbrytare
486 1371 80 21 komma
581 1372 31 20 att
625 1370 91 27 intagas.

173 1405 144 22 Beträffande
332 1405 61 27 detji
407 1404 83 29 nådiga
504 1404 168 29 propositionen
677 1403 86 29 jemväl
771 1403 83 23 äskade

107 1440 102 29 anslaget
223 1440 25 22 af
259 1440 92 26 300,000
365 1439 66 23 mark
446 1440 34 22 för
495 1438 142 31 tillbyggnad
647 1439 38 22 till
692 1438 162 29 länsfängelset

175 1482 133 18 Sammansatta
320 1482 56 18 Stats-
390 1482 29 18 ock
427 1482 91 18 Ekonomi-
524 1482 87 18 Utskottets
625 1481 107 19 betänkande
743 1480 37 19 N:o
792 1478 29 19 3a.
