1059 1709
225 138 27 20 20

388 137 79 23 Ständ.
482 138 37 22 Sv.
534 149 27 3 —
576 138 70 26 Prop.
661 137 40 21 N:o
715 137 37 21 30.

264 204 40 22 den
319 204 60 29 afgift
394 205 137 28 utländingar,
547 213 45 13 som
605 204 106 22 härstädes
726 204 49 22 idka
785 212 68 14 annan
864 204 74 28 näring

265 242 27 17 än
313 239 82 26 handel,
419 239 65 28 enligt
502 240 14 20 2
535 240 113 20 momentet
667 239 13 25 &
695 239 13 21 6
723 242 35 18 äro
779 238 157 26 underkastade,

264 273 49 21 med
327 273 41 21 den
382 272 103 23 åtskilnad
498 275 31 20 att
543 273 86 28 afgiften
643 272 33 22 för
688 272 72 29 hvarje
776 272 75 22 månad
865 272 33 22 får
907 272 30 22 in-

265 307 102 22 levereras
380 307 78 29 jemväl
472 307 33 22 till
519 307 153 23 vederbörande
682 307 219 29 kronouppbördsman
911 306 27 30 på

265 342 75 22 landet.

332 376 34 22 De
386 376 86 23 sålunda
490 377 82 29 erlagde
586 376 82 22 medlen
682 376 78 28 åligger
774 376 35 22 det
823 377 115 28 kronoupp-

264 410 153 22 bördsmannen
431 412 36 25 att,
483 412 66 21 under
563 411 46 22 titel
618 411 198 29 näringsbevillning
827 410 23 22 af
858 410 79 22 utländ-

266 446 36 21 ske
324 446 122 26 handlande,
467 446 194 28 handelsexpediter
678 446 38 21 och
731 445 162 29 näringsidkare,
910 445 29 22 sä

266 487 44 14 som
325 480 63 21 andra
402 480 134 22 kronomedel
550 480 8 22 i
572 480 86 28 behörig
672 480 88 28 ordning
773 480 32 22 uti
819 480 66 21 länets
895 484 44 17 rän-

266 514 40 22 teri
320 514 98 26 leverera,
433 514 106 22 hvarefter
553 514 32 22 för
600 514 46 22 dem
661 514 103 23 redovisas
774 514 8 22 i
792 514 148 29 sammanhang

266 549 49 21 med
329 548 41 22 den
385 549 104 21 allmänna
503 549 148 28 bevillningen.

574 613 13 25 8
602 612 34 21 33.

334 651 227 29 Spelkortfabrikanter
582 654 54 20 samt
656 652 136 22 innehafvare
814 651 22 22 af
856 652 27 21 öl-
902 652 39 20 och

267 686 188 28 porterbryggerier
470 691 34 17 äro
518 686 86 28 pligtige
618 688 30 20 att
662 681 33 26 till
708 686 153 22 vederbörande
870 685 71 22 bevill-

267 720 138 28 ningskomité
420 720 7 21 i
442 721 149 28 sammanhang
608 720 48 22 med
674 720 109 29 uppgiften
798 720 22 21 af
832 720 32 22 sin
879 720 63 22 årsin-

267 754 69 22 komst
354 754 105 28 uppgifva,
480 755 25 21 de
520 754 55 22 förre
590 756 55 20 huru
659 754 74 29 många
747 754 59 22 lekar
820 755 38 21 och
872 754 26 22 de
912 762 27 13 se-

268 796 50 14 nare
337 789 55 21 huru
406 789 75 29 många
494 789 82 21 kannor
590 790 20 20 öl
624 789 51 21 eller
688 792 70 26 porter
772 788 69 22 blifvit
855 788 46 22 från
916 796 26 13 en

267 823 63 21 hvars
344 823 116 29 inrättning
474 823 80 26 afsatte,
570 824 8 20 i
592 823 96 22 afseende
703 823 12 21 å
732 817 45 28 dem
786 823 112 29 påförande
909 830 33 14 ex-

268 859 32 20 tra
314 857 119 29 bevillning,
450 858 87 22 hvilken
551 859 37 21 bör
602 858 26 28 på
643 866 79 14 samma
735 858 55 28 gång
800 858 48 21 med
858 858 41 21 den
909 857 35 22 all-

269 896 77 17 männa
360 892 234 28 inkomstbevillningen
609 893 101 21 debiteras
725 893 39 21 och
778 893 106 29 uppbäras.
904 892 41 22 Be-

268 926 228 28 villningskomitéerna
518 927 78 29 åligger
618 929 30 20 att
666 927 32 22 uti
717 927 88 22 särskild
822 927 86 21 kolumn
923 926 23 22 af

268 961 215 29 bevillningslängden
501 964 91 27 upptaga
611 962 67 21 denna
696 964 58 19 extra
769 961 119 28 bevillning,
904 962 40 21 och

269 995 86 22 förfares
370 996 8 20 i
392 995 62 29 öfrigt
472 996 48 22 med
538 996 123 29 pröfningen
676 996 23 22 af
712 996 25 21 de
751 996 97 22 häröfver
863 996 82 21 medde-

268 1030 47 21 lade
336 1030 106 28 uppgifter
463 1030 67 22 såsom
549 1030 87 22 rörande
655 1030 233 28 inkomstbevillningen
906 1030 38 22 här

269 1064 107 22 ofvanföre
391 1064 133 23 föreskrifvet
539 1070 28 16 är.

579 1128 13 26 8
608 1128 33 21 34.

338 1166 69 22 Sedan
430 1167 122 29 fullständig
570 1167 82 29 uppgift
672 1168 58 22 öfver
743 1168 142 28 bevillningen
899 1167 47 22 från

270 1201 95 28 samtliga
379 1202 63 21 länen
456 1201 32 22 för
502 1202 72 28 hvarje
588 1202 24 21 år
625 1202 33 22 till
673 1202 102 22 Senatens
788 1202 79 22 Finans
877 1202 69 28 Expe-

270 1235 66 22 dition
355 1235 117 26 inkommit,
492 1236 37 21 bör
547 1236 94 22 bemälde
661 1236 134 28 Expedition,
810 1239 51 19 utan
876 1236 70 22 afvak-

270 1270 36 20 tan
325 1268 24 21 af
365 1268 178 29 räkenskapernas
558 1269 83 28 slutliga
655 1270 133 28 granskning,
804 1272 97 26 upprätta
917 1272 29 19 ett

270 1302 144 29 sammandrag
436 1303 58 23 öfver
515 1302 54 23 årets
591 1303 115 29 bevillning
728 1304 32 22 för
781 1304 47 21 hela
847 1304 98 26 Finland,

270 1337 82 22 hvilket
365 1336 47 22 från
426 1338 82 28 trycket
523 1338 91 28 utgifves
628 1338 38 22 och
681 1338 27 30 på
721 1338 95 30 lämpligt
831 1341 41 20 sätt
881 1338 65 22 befor-

271 1372 46 22 dras
332 1372 33 22 till
380 1372 151 22 allmänhetens
545 1373 123 22 kännedom.
