1053 1711
238 156 13 20 4
416 159 26 17 U.
460 159 27 18 B.
502 168 27 4 —
546 159 80 22 Prop.
645 158 46 18 N:o
708 159 36 17 29.

212 230 41 20 gen
268 224 28 26 på
310 224 74 21 landet
405 224 35 20 till
459 224 37 21 två
510 224 60 21 mark
586 224 38 21 och
639 224 8 20 i
662 224 55 26 stad,
734 224 37 21 der
787 224 80 21 sådana
882 224 69 22 öfver-

212 258 82 21 hufvud
310 258 76 20 endast
402 258 155 26 undantagsvis
573 258 67 21 hållas
663 257 33 21 för
711 258 112 21 behofvets
839 257 62 26 skull,
918 258 33 21 till

213 298 37 15 sex
265 291 68 22 mark.
362 291 119 26 Utskottet,
499 298 44 15 som
557 292 108 21 dessutom
680 291 47 22 icke
742 291 68 22 finner
825 292 128 26 tillräckligt

214 325 47 22 skäl
276 325 132 22 förekomma
429 327 33 20 att
484 326 67 21 andra
572 326 161 26 bestämningar
749 326 70 21 skulle
833 326 119 22 fastställas

213 360 137 22 beträffande
365 360 174 27 skattebeloppet
554 361 32 21 för
601 361 84 21 hundar
693 367 45 15 som
749 361 88 21 tillhöra
845 361 108 21 utländin-

214 401 45 20 gar,
275 395 74 21 hvilka
363 395 6 20 i
386 395 92 21 Finland
492 395 74 26 vistas,
582 395 52 21 eller
645 395 47 21 dem
708 395 81 22 lemnas
804 396 106 27 rättighet
921 398 32 19 att

213 429 69 22 under
297 429 75 27 längre
386 429 33 21 tid
435 431 26 19 än
476 429 85 22 landets
577 435 55 21 egna
641 429 129 22 innevånare
779 432 41 25 äga
827 431 66 26 hund,
901 432 52 20 utan

214 465 32 19 att
261 463 73 21 derför
349 463 88 27 erlägga
459 463 65 27 skatt,
539 464 40 21 har
595 464 83 21 således
693 464 77 21 tillåtit
785 464 33 27 sig
833 464 79 22 föreslå
927 472 26 14 en

213 497 117 22 förändrad
345 498 82 27 lydelse
442 498 23 21 af
479 498 24 27 $$
519 499 11 20 1
546 499 40 21 och
601 499 12 20 4
628 499 7 20 i
647 499 41 20 den
698 499 80 27 nådiga
785 499 168 27 propositionen.

281 532 51 21 Med
347 532 116 27 anledning
478 532 23 21 af
514 533 41 21 den
569 533 8 20 i
595 533 12 27 &
622 533 12 20 3
650 532 122 28 föreslagna
791 534 163 27 bestämningen

214 568 33 19 att
261 567 99 21 anmälan
375 567 34 20 till
424 567 139 27 beskattning
578 567 28 27 på
620 567 74 21 landet
709 567 39 21 bör
762 569 64 25 göras
834 568 39 21 hos
881 570 73 20 ortens

214 600 172 26 kronolänsman,
402 600 39 22 har
456 600 117 27 anmärkts,
589 602 32 20 att
636 602 162 26 emottagandet
808 602 23 21 af
840 602 67 22 sådan
918 609 35 15 an-

214 635 71 21 mälan
301 635 39 21 och
356 635 69 27 öfriga
440 635 63 21 häraf
512 635 127 21 föranledda
647 636 95 26 göromål
750 636 126 28 lämpligare
885 637 70 22 skulle

215 669 108 22 anförtros
339 669 23 21 åt
375 669 243 22 kommunalnämndens
633 670 132 22 ordförande
780 670 39 22 och
830 671 124 26 ledamöter,

215 704 26 21 de
257 704 38 21 der
309 704 73 21 bättre
396 705 27 19 än
439 704 69 22 denne
523 704 70 21 kände
608 704 34 21 till
656 704 164 22 förhållandena
830 706 58 20 inom
896 706 58 21 kom-

214 744 79 15 munen
308 738 40 21 och
365 744 51 15 vore
431 738 7 20 i
461 738 86 21 tillfälle
563 741 32 18 att
610 738 116 21 öfvervaka
741 739 168 27 författningens
925 740 30 21 ef-

213 771 115 22 terlefnad.
358 771 113 22 Utskottet
485 772 40 21 har
540 772 120 21 emellertid
674 773 55 20 trott
744 773 33 26 sig
792 773 73 21 kunna
876 775 80 26 antaga

214 807 33 20 att
261 807 32 20 ett
308 805 70 28 dylikt
392 805 98 27 uppdrag
505 805 144 22 öfverhufvud
664 806 47 21 icke
731 806 71 21 skulle
816 807 48 21 med
880 807 75 22 bered-

214 840 99 27 villighet
335 840 23 21 af
379 840 62 20 desse
464 841 130 25 emottagas;
614 841 39 20 och
669 841 27 19 dä
710 841 148 21 hundskatten
873 842 81 20 införes

213 874 84 22 mindre
312 874 7 21 i
334 874 139 21 kommunens
489 876 27 19 än
531 874 7 21 i
554 876 32 19 ett
600 874 89 21 allmänt
704 875 93 21 sanitärt
810 875 97 27 intresse,
917 876 38 21 har

215 909 37 21 det
266 910 60 26 synts
341 908 108 21 utskottet
464 914 59 16 mera
537 908 99 27 lämpligt
651 910 32 19 att
696 908 79 27 jemväl
791 909 60 21 detta
859 910 97 21 öfverva-

214 943 71 21 kande
300 942 40 22 och
354 942 58 21 hvad
427 942 87 22 dermed
529 943 7 21 i
552 942 66 27 öfrigt
637 943 45 21 stär
697 943 7 21 i
720 944 153 26 sammanhang
889 944 66 22 hand-

215 978 74 22 hafves
305 977 23 22 af
342 978 41 21 den
398 978 107 21 allmänna
520 978 90 26 polisen,
626 978 40 21 och
680 978 121 28 oegentligt
811 980 32 20 att
856 978 101 22 ähvälfva

215 1012 78 22 sådant
307 1012 140 22 kommunens
462 1012 33 20 för
510 1012 68 22 andra
592 1012 99 21 ändamål
702 1012 63 22 valde
775 1012 180 22 förtroendemän.

214 1047 43 21 För
271 1048 73 20 resten
360 1048 24 19 är
399 1046 36 22 det
450 1046 47 22 icke
513 1047 70 27 någon
599 1046 33 21 för
643 1047 122 21 ändamålet
773 1047 132 22 intresserad
913 1048 43 21 för-

214 1082 88 21 menadt
318 1083 32 19 att
364 1081 39 21 hos
419 1081 160 21 vederbörande
594 1083 52 25 göra
661 1082 99 21 anmälan
775 1088 34 15 om
823 1082 133 22 försummel-

216 1122 34 15 ser
266 1121 45 15 som
326 1115 92 26 märkas,
435 1115 39 21 och
489 1117 33 19 att
537 1115 120 27 dymedelst
664 1116 116 21 medverka
788 1116 33 21 till
829 1116 127 27 uppnäende

216 1149 22 22 af
253 1149 37 21 det
304 1149 49 21 med
368 1148 154 27 författningen
538 1149 90 21 afsedda
642 1149 105 22 ändamäl.
778 1150 112 21 Utskottet
905 1150 51 27 god-

215 1183 82 22 känner
312 1183 72 22 derför
399 1183 59 21 såväl
473 1183 7 20 i
495 1183 62 28 fråga
571 1183 93 22 varande
680 1183 11 28 $
707 1190 45 15 som
767 1185 190 21 bestämmelserna

214 1217 69 28 186,
306 1217 72 22 sävidt
399 1217 26 22 de
447 1217 52 27 afse,
515 1219 32 20 att
562 1217 89 28 polisen,
667 1218 20 21 d.
703 1225 19 14 v.
738 1225 16 15 s.
769 1219 29 26 på
811 1219 74 21 landet
899 1219 57 21 läns-

215 1258 92 15 mannen
322 1252 40 20 och
378 1252 40 20 den
433 1252 60 25 lägre
507 1251 214 27 kronobetjeningen,
737 1253 39 20 bör
791 1255 51 24 taga
856 1254 58 20 hand
922 1259 34 14 om

216 1285 167 26 författningens
398 1285 135 21 efterlefnad.

283 1318 50 23 Men
350 1319 27 21 dä
391 1319 7 20 i
414 1319 132 22 sistnämnde
561 1319 12 28 $
589 1321 61 25 säges
666 1320 32 21 att
713 1319 67 26 hund,
788 1326 45 15 som
844 1320 111 28 påträffas,

215 1355 51 20 utan
283 1355 33 20 att
330 1359 53 16 vara
404 1353 87 21 försedd
514 1354 48 21 med
577 1354 235 27 beskattningstecken,
827 1355 32 21 fär
874 1356 83 21 undan-

216 1387 82 22 skaffas
313 1387 89 22 säframt
418 1394 77 20 egaren
510 1388 48 22 icke
573 1388 57 21 inom
646 1390 31 19 ett
692 1388 57 28 dygn
762 1388 92 22 infinner
869 1390 33 27 sig
917 1390 40 22 och

216 1422 85 27 styrker
316 1423 33 20 att
364 1422 86 21 hunden
465 1422 72 21 blifvit
552 1422 33 21 till
600 1422 140 28 beskattning
756 1424 85 21 anmäld
856 1424 53 21 eller
923 1425 33 20 att

214 1457 33 21 tid
262 1457 34 21 till
312 1457 66 21 sådan
400 1457 99 21 anmälan
521 1458 57 20 ännu
598 1459 24 19 är
636 1457 56 27 inne,
708 1457 39 22 har
762 1458 108 22 utskottet
884 1460 72 20 ansett

215 1491 63 22 dessa
293 1491 134 27 stadganden
443 1491 89 28 obilliga
547 1491 39 22 och
602 1492 88 27 onödigt
705 1493 94 26 stränga.
829 1493 47 21 Den
900 1493 55 22 före-

280 1537 173 18 Ekonomiutskottets
465 1537 111 18 Betänkande
589 1537 34 18 N:o
636 1538 15 17 7.
