<?xml version="1.0" encoding="UTF-8"?>
<alto xmlns="http://www.loc.gov/standards/alto/ns-v3#" xmlns:xlink="http://www.w3.org/1999/xlink" xmlns:xsi="http://www.w3.org/2001/XMLSchema-instance" xsi:schemaLocation="http://www.loc.gov/standards/alto/ns-v3# http://www.loc.gov/alto/v3/alto-3-0.xsd">
	<Description>
		<MeasurementUnit>pixel</MeasurementUnit>
		<sourceImageInformation>
			<fileName>/tmp/tess_g_cz3w7h_input.PNG</fileName>
		</sourceImageInformation>
		<OCRProcessing ID="OCR_0">
			<ocrProcessingStep>
				<processingSoftware>
					<softwareName>tesseract 5.3.4</softwareName>
				</processingSoftware>
			</ocrProcessingStep>
		</OCRProcessing>
	</Description>
	<Layout>
		<Page WIDTH="1036" HEIGHT="1706" PHYSICAL_IMG_NR="0" ID="page_0">
			<PrintSpace HPOS="0" VPOS="0" WIDTH="1036" HEIGHT="1706">
				<ComposedBlock ID="cblock_0" HPOS="271" VPOS="130" WIDTH="502" HEIGHT="28">
					<TextBlock ID="block_0" HPOS="271" VPOS="130" WIDTH="502" HEIGHT="28">
						<TextLine ID="line_0" HPOS="271" VPOS="130" WIDTH="502" HEIGHT="28">
							<String ID="string_0" HPOS="271" VPOS="130" WIDTH="29" HEIGHT="22" WC="0.89" CONTENT="U."/><SP WIDTH="16" VPOS="130" HPOS="300"/>
							<String ID="string_1" HPOS="316" VPOS="130" WIDTH="27" HEIGHT="23" WC="0.92" CONTENT="B."/><SP WIDTH="16" VPOS="130" HPOS="343"/>
							<String ID="string_2" HPOS="359" VPOS="144" WIDTH="26" HEIGHT="2" WC="0.90" CONTENT="—"/><SP WIDTH="15" VPOS="144" HPOS="385"/>
							<String ID="string_3" HPOS="400" VPOS="130" WIDTH="75" HEIGHT="28" WC="0.96" CONTENT="Prop."/><SP WIDTH="16" VPOS="130" HPOS="475"/>
							<String ID="string_4" HPOS="491" VPOS="130" WIDTH="44" HEIGHT="23" WC="0.96" CONTENT="N:o"/><SP WIDTH="15" VPOS="130" HPOS="535"/>
							<String ID="string_5" HPOS="550" VPOS="130" WIDTH="37" HEIGHT="23" WC="0.96" CONTENT="26."/><SP WIDTH="161" VPOS="130" HPOS="587"/>
							<String ID="string_6" HPOS="748" VPOS="132" WIDTH="25" HEIGHT="20" WC="0.96" CONTENT="13"/>
						</TextLine>
					</TextBlock>
				</ComposedBlock>
				<ComposedBlock ID="cblock_1" HPOS="55" VPOS="198" WIDTH="752" HEIGHT="1157">
					<TextBlock ID="block_1" HPOS="55" VPOS="198" WIDTH="749" HEIGHT="679">
						<TextLine ID="line_1" HPOS="123" VPOS="198" WIDTH="680" HEIGHT="28">
							<String ID="string_7" HPOS="123" VPOS="198" WIDTH="31" HEIGHT="21" WC="0.94" CONTENT="Af"/><SP WIDTH="16" VPOS="198" HPOS="154"/>
							<String ID="string_8" HPOS="170" VPOS="198" WIDTH="92" HEIGHT="22" WC="0.95" CONTENT="tabellen"/><SP WIDTH="19" VPOS="198" HPOS="262"/>
							<String ID="string_9" HPOS="281" VPOS="198" WIDTH="58" HEIGHT="22" WC="0.96" CONTENT="erfar"/><SP WIDTH="14" VPOS="198" HPOS="339"/>
							<String ID="string_10" HPOS="353" VPOS="206" WIDTH="50" HEIGHT="14" WC="0.95" CONTENT="man"/><SP WIDTH="15" VPOS="206" HPOS="403"/>
							<String ID="string_11" HPOS="418" VPOS="199" WIDTH="34" HEIGHT="21" WC="0.95" CONTENT="för"/><SP WIDTH="15" VPOS="199" HPOS="452"/>
							<String ID="string_12" HPOS="467" VPOS="199" WIDTH="64" HEIGHT="27" WC="0.93" CONTENT="öfrigt"/><SP WIDTH="14" VPOS="199" HPOS="531"/>
							<String ID="string_13" HPOS="545" VPOS="198" WIDTH="161" HEIGHT="28" WC="0.90" CONTENT="folkmängdens"/><SP WIDTH="15" VPOS="198" HPOS="706"/>
							<String ID="string_14" HPOS="721" VPOS="199" WIDTH="82" HEIGHT="21" WC="0.90" CONTENT="tillvext"/>
						</TextLine>
						<TextLine ID="line_2" HPOS="55" VPOS="232" WIDTH="748" HEIGHT="28">
							<String ID="string_15" HPOS="55" VPOS="232" WIDTH="68" HEIGHT="21" WC="0.96" CONTENT="under"/><SP WIDTH="14" VPOS="232" HPOS="123"/>
							<String ID="string_16" HPOS="137" VPOS="232" WIDTH="103" HEIGHT="28" WC="0.91" CONTENT="perioden"/><SP WIDTH="16" VPOS="232" HPOS="240"/>
							<String ID="string_17" HPOS="256" VPOS="234" WIDTH="147" HEIGHT="25" WC="0.91" CONTENT="1871—1375,"/><SP WIDTH="12" VPOS="234" HPOS="403"/>
							<String ID="string_18" HPOS="415" VPOS="233" WIDTH="40" HEIGHT="22" WC="0.96" CONTENT="och"/><SP WIDTH="10" VPOS="233" HPOS="455"/>
							<String ID="string_19" HPOS="465" VPOS="235" WIDTH="33" HEIGHT="19" WC="0.93" CONTENT="att"/><SP WIDTH="10" VPOS="235" HPOS="498"/>
							<String ID="string_20" HPOS="508" VPOS="233" WIDTH="150" HEIGHT="27" WC="0.92" CONTENT="folkökningen"/><SP WIDTH="10" VPOS="233" HPOS="658"/>
							<String ID="string_21" HPOS="668" VPOS="233" WIDTH="55" HEIGHT="21" WC="0.96" CONTENT="varit"/><SP WIDTH="11" VPOS="233" HPOS="723"/>
							<String ID="string_22" HPOS="734" VPOS="233" WIDTH="69" HEIGHT="21" WC="0.96" CONTENT="denna"/>
						</TextLine>
						<TextLine ID="line_3" HPOS="56" VPOS="266" WIDTH="746" HEIGHT="28">
							<String ID="string_23" HPOS="56" VPOS="266" WIDTH="31" HEIGHT="20" WC="0.93" CONTENT="tid"/><SP WIDTH="18" VPOS="266" HPOS="87"/>
							<String ID="string_24" HPOS="105" VPOS="267" WIDTH="67" HEIGHT="20" WC="0.93" CONTENT="störst"/><SP WIDTH="16" VPOS="267" HPOS="172"/>
							<String ID="string_25" HPOS="188" VPOS="266" WIDTH="33" HEIGHT="22" WC="0.92" CONTENT="uti"/><SP WIDTH="18" VPOS="266" HPOS="221"/>
							<String ID="string_26" HPOS="239" VPOS="266" WIDTH="112" HEIGHT="28" WC="0.92" CONTENT="Nylands-,"/><SP WIDTH="15" VPOS="266" HPOS="351"/>
							<String ID="string_27" HPOS="366" VPOS="267" WIDTH="95" HEIGHT="27" WC="0.92" CONTENT="Kuopio-"/><SP WIDTH="18" VPOS="267" HPOS="461"/>
							<String ID="string_28" HPOS="479" VPOS="267" WIDTH="39" HEIGHT="21" WC="0.96" CONTENT="och"/><SP WIDTH="18" VPOS="267" HPOS="518"/>
							<String ID="string_29" HPOS="536" VPOS="267" WIDTH="64" HEIGHT="21" WC="0.96" CONTENT="Wasa"/><SP WIDTH="18" VPOS="267" HPOS="600"/>
							<String ID="string_30" HPOS="618" VPOS="267" WIDTH="43" HEIGHT="21" WC="0.96" CONTENT="län."/><SP WIDTH="34" VPOS="267" HPOS="661"/>
							<String ID="string_31" HPOS="695" VPOS="266" WIDTH="40" HEIGHT="21" WC="0.96" CONTENT="Om"/><SP WIDTH="18" VPOS="266" HPOS="735"/>
							<String ID="string_32" HPOS="753" VPOS="274" WIDTH="49" HEIGHT="14" WC="0.96" CONTENT="man"/>
						</TextLine>
						<TextLine ID="line_4" HPOS="55" VPOS="300" WIDTH="748" HEIGHT="28">
							<String ID="string_33" HPOS="55" VPOS="300" WIDTH="59" HEIGHT="21" WC="0.92" CONTENT="utför"/><SP WIDTH="18" VPOS="300" HPOS="114"/>
							<String ID="string_34" HPOS="132" VPOS="300" WIDTH="97" HEIGHT="28" WC="0.92" CONTENT="kalkylen"/><SP WIDTH="16" VPOS="300" HPOS="229"/>
							<String ID="string_35" HPOS="245" VPOS="300" WIDTH="33" HEIGHT="22" WC="0.96" CONTENT="för"/><SP WIDTH="16" VPOS="300" HPOS="278"/>
							<String ID="string_36" HPOS="294" VPOS="308" WIDTH="26" HEIGHT="14" WC="0.97" CONTENT="en"/><SP WIDTH="15" VPOS="308" HPOS="320"/>
							<String ID="string_37" HPOS="335" VPOS="300" WIDTH="74" HEIGHT="28" WC="0.96" CONTENT="längre"/><SP WIDTH="14" VPOS="300" HPOS="409"/>
							<String ID="string_38" HPOS="423" VPOS="300" WIDTH="38" HEIGHT="26" WC="0.96" CONTENT="tid,"/><SP WIDTH="16" VPOS="300" HPOS="461"/>
							<String ID="string_39" HPOS="477" VPOS="300" WIDTH="24" HEIGHT="22" WC="0.93" CONTENT="sä"/><SP WIDTH="14" VPOS="300" HPOS="501"/>
							<String ID="string_40" HPOS="515" VPOS="300" WIDTH="87" HEIGHT="22" WC="0.93" CONTENT="utfaller"/><SP WIDTH="15" VPOS="300" HPOS="602"/>
							<String ID="string_41" HPOS="617" VPOS="301" WIDTH="40" HEIGHT="21" WC="0.97" CONTENT="den"/><SP WIDTH="15" VPOS="301" HPOS="657"/>
							<String ID="string_42" HPOS="672" VPOS="300" WIDTH="33" HEIGHT="21" WC="0.93" CONTENT="till"/><SP WIDTH="14" VPOS="300" HPOS="705"/>
							<String ID="string_43" HPOS="719" VPOS="300" WIDTH="84" HEIGHT="22" WC="0.92" CONTENT="förmän"/>
						</TextLine>
						<TextLine ID="line_5" HPOS="56" VPOS="334" WIDTH="746" HEIGHT="28">
							<String ID="string_44" HPOS="56" VPOS="334" WIDTH="33" HEIGHT="21" WC="0.96" CONTENT="för"/><SP WIDTH="16" VPOS="334" HPOS="89"/>
							<String ID="string_45" HPOS="105" VPOS="334" WIDTH="26" HEIGHT="22" WC="0.96" CONTENT="de"/><SP WIDTH="14" VPOS="334" HPOS="131"/>
							<String ID="string_46" HPOS="145" VPOS="334" WIDTH="99" HEIGHT="28" WC="0.96" CONTENT="nordliga"/><SP WIDTH="14" VPOS="334" HPOS="244"/>
							<String ID="string_47" HPOS="258" VPOS="335" WIDTH="40" HEIGHT="21" WC="0.96" CONTENT="och"/><SP WIDTH="15" VPOS="335" HPOS="298"/>
							<String ID="string_48" HPOS="313" VPOS="334" WIDTH="34" HEIGHT="22" WC="0.96" CONTENT="för"/><SP WIDTH="14" VPOS="334" HPOS="347"/>
							<String ID="string_49" HPOS="361" VPOS="334" WIDTH="134" HEIGHT="22" WC="0.96" CONTENT="närvarande"/><SP WIDTH="15" VPOS="334" HPOS="495"/>
							<String ID="string_50" HPOS="510" VPOS="334" WIDTH="82" HEIGHT="22" WC="0.93" CONTENT="mindre"/><SP WIDTH="15" VPOS="334" HPOS="592"/>
							<String ID="string_51" HPOS="607" VPOS="334" WIDTH="113" HEIGHT="22" WC="0.91" CONTENT="befolkade"/><SP WIDTH="13" VPOS="334" HPOS="720"/>
							<String ID="string_52" HPOS="733" VPOS="335" WIDTH="69" HEIGHT="21" WC="0.93" CONTENT="länen."/>
						</TextLine>
						<TextLine ID="line_6" HPOS="56" VPOS="367" WIDTH="747" HEIGHT="29">
							<String ID="string_53" HPOS="56" VPOS="368" WIDTH="99" HEIGHT="22" WC="0.92" CONTENT="Räknadt"/><SP WIDTH="17" VPOS="368" HPOS="155"/>
							<String ID="string_54" HPOS="172" VPOS="367" WIDTH="49" HEIGHT="23" WC="0.92" CONTENT="frän"/><SP WIDTH="20" VPOS="367" HPOS="221"/>
							<String ID="string_55" HPOS="241" VPOS="370" WIDTH="54" HEIGHT="20" WC="0.95" CONTENT="1840"/><SP WIDTH="15" VPOS="370" HPOS="295"/>
							<String ID="string_56" HPOS="310" VPOS="369" WIDTH="33" HEIGHT="21" WC="0.96" CONTENT="till"/><SP WIDTH="16" VPOS="369" HPOS="343"/>
							<String ID="string_57" HPOS="359" VPOS="370" WIDTH="54" HEIGHT="20" WC="0.96" CONTENT="1875"/><SP WIDTH="16" VPOS="370" HPOS="413"/>
							<String ID="string_58" HPOS="429" VPOS="370" WIDTH="40" HEIGHT="20" WC="0.93" CONTENT="har"/><SP WIDTH="14" VPOS="370" HPOS="469"/>
							<String ID="string_59" HPOS="483" VPOS="369" WIDTH="151" HEIGHT="27" WC="0.91" CONTENT="folkmängden"/><SP WIDTH="15" VPOS="369" HPOS="634"/>
							<String ID="string_60" HPOS="649" VPOS="369" WIDTH="92" HEIGHT="21" WC="0.92" CONTENT="tillvuxit"/><SP WIDTH="14" VPOS="369" HPOS="741"/>
							<String ID="string_61" HPOS="755" VPOS="370" WIDTH="48" HEIGHT="20" WC="0.96" CONTENT="med"/>
						</TextLine>
						<TextLine ID="line_7" HPOS="57" VPOS="402" WIDTH="746" HEIGHT="29">
							<String ID="string_62" HPOS="57" VPOS="403" WIDTH="46" HEIGHT="25" WC="0.93" CONTENT="52,5"/><SP WIDTH="14" VPOS="403" HPOS="103"/>
							<String ID="string_63" HPOS="117" VPOS="410" WIDTH="59" HEIGHT="20" WC="0.93" CONTENT="proc."/><SP WIDTH="21" VPOS="410" HPOS="176"/>
							<String ID="string_64" HPOS="197" VPOS="403" WIDTH="2" HEIGHT="21" WC="0.92" CONTENT="i"/><SP WIDTH="15" VPOS="403" HPOS="199"/>
							<String ID="string_65" HPOS="214" VPOS="404" WIDTH="81" HEIGHT="24" WC="0.92" CONTENT="Wasa-,"/><SP WIDTH="16" VPOS="404" HPOS="295"/>
							<String ID="string_66" HPOS="311" VPOS="404" WIDTH="46" HEIGHT="24" WC="0.93" CONTENT="46,8"/><SP WIDTH="14" VPOS="404" HPOS="357"/>
							<String ID="string_67" HPOS="371" VPOS="410" WIDTH="60" HEIGHT="20" WC="0.92" CONTENT="proc."/><SP WIDTH="16" VPOS="410" HPOS="431"/>
							<String ID="string_68" HPOS="447" VPOS="404" WIDTH="8" HEIGHT="20" WC="0.93" CONTENT="i"/><SP WIDTH="15" VPOS="404" HPOS="455"/>
							<String ID="string_69" HPOS="470" VPOS="402" WIDTH="136" HEIGHT="28" WC="0.88" CONTENT="Uleäborgs-,"/><SP WIDTH="16" VPOS="402" HPOS="606"/>
							<String ID="string_70" HPOS="622" VPOS="405" WIDTH="45" HEIGHT="23" WC="0.93" CONTENT="45,8"/><SP WIDTH="11" VPOS="405" HPOS="667"/>
							<String ID="string_71" HPOS="678" VPOS="410" WIDTH="58" HEIGHT="21" WC="0.88" CONTENT="proc."/><SP WIDTH="10" VPOS="410" HPOS="736"/>
							<String ID="string_72" HPOS="746" VPOS="404" WIDTH="8" HEIGHT="20" WC="0.88" CONTENT="i"/><SP WIDTH="10" VPOS="404" HPOS="754"/>
							<String ID="string_73" HPOS="764" VPOS="404" WIDTH="39" HEIGHT="21" WC="0.93" CONTENT="Ta-"/>
						</TextLine>
						<TextLine ID="line_8" HPOS="56" VPOS="431" WIDTH="747" HEIGHT="35">
							<String ID="string_74" HPOS="56" VPOS="437" WIDTH="116" HEIGHT="26" WC="0.92" CONTENT="vastehus-,"/><SP WIDTH="18" VPOS="437" HPOS="172"/>
							<String ID="string_75" HPOS="190" VPOS="438" WIDTH="46" HEIGHT="25" WC="0.93" CONTENT="42,5"/><SP WIDTH="19" VPOS="438" HPOS="236"/>
							<String ID="string_76" HPOS="255" VPOS="445" WIDTH="58" HEIGHT="20" WC="0.93" CONTENT="proc."/><SP WIDTH="16" VPOS="445" HPOS="313"/>
							<String ID="string_77" HPOS="329" VPOS="437" WIDTH="8" HEIGHT="22" WC="0.93" CONTENT="i"/><SP WIDTH="14" VPOS="437" HPOS="337"/>
							<String ID="string_78" HPOS="351" VPOS="438" WIDTH="101" HEIGHT="27" WC="0.92" CONTENT="Kuopio-,"/><SP WIDTH="17" VPOS="438" HPOS="452"/>
							<String ID="string_79" HPOS="469" VPOS="439" WIDTH="46" HEIGHT="24" WC="0.93" CONTENT="22,6"/><SP WIDTH="13" VPOS="439" HPOS="515"/>
							<String ID="string_80" HPOS="528" VPOS="445" WIDTH="60" HEIGHT="20" WC="0.92" CONTENT="proc."/><SP WIDTH="15" VPOS="445" HPOS="588"/>
							<String ID="string_81" HPOS="603" VPOS="438" WIDTH="7" HEIGHT="20" WC="0.96" CONTENT="i"/><SP WIDTH="15" VPOS="438" HPOS="610"/>
							<String ID="string_82" HPOS="625" VPOS="431" WIDTH="47" HEIGHT="28" WC="0.95" CONTENT="Åbo"/><SP WIDTH="16" VPOS="431" HPOS="672"/>
							<String ID="string_83" HPOS="688" VPOS="438" WIDTH="39" HEIGHT="21" WC="0.96" CONTENT="och"/><SP WIDTH="15" VPOS="438" HPOS="727"/>
							<String ID="string_84" HPOS="742" VPOS="438" WIDTH="61" HEIGHT="28" WC="0.76" CONTENT="Björ-"/>
						</TextLine>
						<TextLine ID="line_9" HPOS="56" VPOS="471" WIDTH="747" HEIGHT="28">
							<String ID="string_85" HPOS="56" VPOS="471" WIDTH="109" HEIGHT="28" WC="0.90" CONTENT="neborgs-,"/><SP WIDTH="16" VPOS="471" HPOS="165"/>
							<String ID="string_86" HPOS="181" VPOS="473" WIDTH="45" HEIGHT="25" WC="0.93" CONTENT="22,2"/><SP WIDTH="16" VPOS="473" HPOS="226"/>
							<String ID="string_87" HPOS="242" VPOS="479" WIDTH="59" HEIGHT="20" WC="0.96" CONTENT="proc."/><SP WIDTH="15" VPOS="479" HPOS="301"/>
							<String ID="string_88" HPOS="316" VPOS="472" WIDTH="8" HEIGHT="21" WC="0.93" CONTENT="i"/><SP WIDTH="15" VPOS="472" HPOS="324"/>
							<String ID="string_89" HPOS="339" VPOS="472" WIDTH="111" HEIGHT="27" WC="0.92" CONTENT="Nylands-,"/><SP WIDTH="18" VPOS="472" HPOS="450"/>
							<String ID="string_90" HPOS="468" VPOS="474" WIDTH="43" HEIGHT="24" WC="0.93" CONTENT="19,8"/><SP WIDTH="16" VPOS="474" HPOS="511"/>
							<String ID="string_91" HPOS="527" VPOS="479" WIDTH="58" HEIGHT="20" WC="0.89" CONTENT="proc."/><SP WIDTH="11" VPOS="479" HPOS="585"/>
							<String ID="string_92" HPOS="596" VPOS="472" WIDTH="8" HEIGHT="20" WC="0.89" CONTENT="i"/><SP WIDTH="10" VPOS="472" HPOS="604"/>
							<String ID="string_93" HPOS="614" VPOS="471" WIDTH="32" HEIGHT="22" WC="0.93" CONTENT="S:t"/><SP WIDTH="10" VPOS="471" HPOS="646"/>
							<String ID="string_94" HPOS="656" VPOS="472" WIDTH="97" HEIGHT="22" WC="0.92" CONTENT="Michels-"/><SP WIDTH="11" VPOS="472" HPOS="753"/>
							<String ID="string_95" HPOS="764" VPOS="473" WIDTH="39" HEIGHT="21" WC="0.96" CONTENT="och"/>
						</TextLine>
						<TextLine ID="line_10" HPOS="57" VPOS="506" WIDTH="746" HEIGHT="28">
							<String ID="string_96" HPOS="57" VPOS="507" WIDTH="44" HEIGHT="24" WC="0.93" CONTENT="15,8"/><SP WIDTH="20" VPOS="507" HPOS="101"/>
							<String ID="string_97" HPOS="121" VPOS="513" WIDTH="59" HEIGHT="20" WC="0.90" CONTENT="proc."/><SP WIDTH="20" VPOS="513" HPOS="180"/>
							<String ID="string_98" HPOS="200" VPOS="506" WIDTH="7" HEIGHT="21" WC="0.93" CONTENT="i"/><SP WIDTH="17" VPOS="506" HPOS="207"/>
							<String ID="string_99" HPOS="224" VPOS="506" WIDTH="100" HEIGHT="27" WC="0.92" CONTENT="Wiborgs"/><SP WIDTH="15" VPOS="506" HPOS="324"/>
							<String ID="string_100" HPOS="339" VPOS="506" WIDTH="46" HEIGHT="26" WC="0.93" CONTENT="län;"/><SP WIDTH="18" VPOS="506" HPOS="385"/>
							<String ID="string_101" HPOS="403" VPOS="507" WIDTH="89" HEIGHT="20" WC="0.91" CONTENT="hvarvid"/><SP WIDTH="15" VPOS="507" HPOS="492"/>
							<String ID="string_102" HPOS="507" VPOS="506" WIDTH="54" HEIGHT="21" WC="0.96" CONTENT="dock"/><SP WIDTH="16" VPOS="506" HPOS="561"/>
							<String ID="string_103" HPOS="577" VPOS="506" WIDTH="40" HEIGHT="21" WC="0.93" CONTENT="den"/><SP WIDTH="15" VPOS="506" HPOS="617"/>
							<String ID="string_104" HPOS="632" VPOS="506" WIDTH="118" HEIGHT="28" WC="0.92" CONTENT="förklaring"/><SP WIDTH="13" VPOS="506" HPOS="750"/>
							<String ID="string_105" HPOS="763" VPOS="507" WIDTH="40" HEIGHT="21" WC="0.96" CONTENT="bör"/>
						</TextLine>
						<TextLine ID="line_11" HPOS="56" VPOS="540" WIDTH="748" HEIGHT="28">
							<String ID="string_106" HPOS="56" VPOS="540" WIDTH="107" HEIGHT="28" WC="0.96" CONTENT="tilläggas,"/><SP WIDTH="19" VPOS="540" HPOS="163"/>
							<String ID="string_107" HPOS="182" VPOS="542" WIDTH="32" HEIGHT="19" WC="0.96" CONTENT="att"/><SP WIDTH="17" VPOS="542" HPOS="214"/>
							<String ID="string_108" HPOS="231" VPOS="547" WIDTH="24" HEIGHT="15" WC="0.93" CONTENT="en"/><SP WIDTH="20" VPOS="547" HPOS="255"/>
							<String ID="string_109" HPOS="275" VPOS="540" WIDTH="156" HEIGHT="28" WC="0.92" CONTENT="länereglering"/><SP WIDTH="18" VPOS="540" HPOS="431"/>
							<String ID="string_110" HPOS="449" VPOS="541" WIDTH="68" HEIGHT="21" WC="0.96" CONTENT="under"/><SP WIDTH="18" VPOS="541" HPOS="517"/>
							<String ID="string_111" HPOS="535" VPOS="540" WIDTH="59" HEIGHT="21" WC="0.93" CONTENT="tiden"/><SP WIDTH="18" VPOS="540" HPOS="594"/>
							<String ID="string_112" HPOS="612" VPOS="540" WIDTH="70" HEIGHT="22" WC="0.93" CONTENT="blifvit"/><SP WIDTH="14" VPOS="540" HPOS="682"/>
							<String ID="string_113" HPOS="696" VPOS="541" WIDTH="108" HEIGHT="22" WC="0.92" CONTENT="verkstäld"/>
						</TextLine>
						<TextLine ID="line_12" HPOS="57" VPOS="568" WIDTH="747" HEIGHT="34">
							<String ID="string_114" HPOS="57" VPOS="574" WIDTH="78" HEIGHT="22" WC="0.93" CONTENT="mellan"/><SP WIDTH="19" VPOS="574" HPOS="135"/>
							<String ID="string_115" HPOS="154" VPOS="568" WIDTH="46" HEIGHT="28" WC="0.96" CONTENT="Åbo"/><SP WIDTH="20" VPOS="568" HPOS="200"/>
							<String ID="string_116" HPOS="220" VPOS="575" WIDTH="39" HEIGHT="21" WC="0.93" CONTENT="och"/><SP WIDTH="18" VPOS="575" HPOS="259"/>
							<String ID="string_117" HPOS="277" VPOS="575" WIDTH="155" HEIGHT="27" WC="0.92" CONTENT="Björneborgs-"/><SP WIDTH="19" VPOS="575" HPOS="432"/>
							<String ID="string_118" HPOS="451" VPOS="577" WIDTH="55" HEIGHT="19" WC="0.93" CONTENT="samt"/><SP WIDTH="14" VPOS="577" HPOS="506"/>
							<String ID="string_119" HPOS="520" VPOS="575" WIDTH="132" HEIGHT="21" WC="0.96" CONTENT="Tavastehus"/><SP WIDTH="14" VPOS="575" HPOS="652"/>
							<String ID="string_120" HPOS="666" VPOS="575" WIDTH="36" HEIGHT="21" WC="0.96" CONTENT="län"/><SP WIDTH="15" VPOS="575" HPOS="702"/>
							<String ID="string_121" HPOS="717" VPOS="576" WIDTH="40" HEIGHT="21" WC="0.96" CONTENT="och"/><SP WIDTH="15" VPOS="576" HPOS="757"/>
							<String ID="string_122" HPOS="772" VPOS="577" WIDTH="32" HEIGHT="20" WC="0.91" CONTENT="att"/>
						</TextLine>
						<TextLine ID="line_13" HPOS="57" VPOS="609" WIDTH="746" HEIGHT="28">
							<String ID="string_123" HPOS="57" VPOS="609" WIDTH="32" HEIGHT="21" WC="0.95" CONTENT="till"/><SP WIDTH="18" VPOS="609" HPOS="89"/>
							<String ID="string_124" HPOS="107" VPOS="609" WIDTH="55" HEIGHT="26" WC="0.93" CONTENT="följd"/><SP WIDTH="15" VPOS="609" HPOS="162"/>
							<String ID="string_125" HPOS="177" VPOS="609" WIDTH="62" HEIGHT="21" WC="0.92" CONTENT="deraf"/><SP WIDTH="12" VPOS="609" HPOS="239"/>
							<String ID="string_126" HPOS="251" VPOS="609" WIDTH="151" HEIGHT="27" WC="0.92" CONTENT="folkökningen"/><SP WIDTH="15" VPOS="609" HPOS="402"/>
							<String ID="string_127" HPOS="417" VPOS="609" WIDTH="31" HEIGHT="21" WC="0.92" CONTENT="uti"/><SP WIDTH="15" VPOS="609" HPOS="448"/>
							<String ID="string_128" HPOS="463" VPOS="609" WIDTH="36" HEIGHT="21" WC="0.93" CONTENT="det"/><SP WIDTH="15" VPOS="609" HPOS="499"/>
							<String ID="string_129" HPOS="514" VPOS="609" WIDTH="59" HEIGHT="21" WC="0.92" CONTENT="förra"/><SP WIDTH="15" VPOS="609" HPOS="573"/>
							<String ID="string_130" HPOS="588" VPOS="609" WIDTH="8" HEIGHT="20" WC="0.96" CONTENT="i"/><SP WIDTH="14" VPOS="609" HPOS="596"/>
							<String ID="string_131" HPOS="610" VPOS="609" WIDTH="144" HEIGHT="28" WC="0.92" CONTENT="verkligheten"/><SP WIDTH="15" VPOS="609" HPOS="754"/>
							<String ID="string_132" HPOS="769" VPOS="617" WIDTH="34" HEIGHT="14" WC="0.92" CONTENT="va-"/>
						</TextLine>
						<TextLine ID="line_14" HPOS="57" VPOS="642" WIDTH="746" HEIGHT="28">
							<String ID="string_133" HPOS="57" VPOS="643" WIDTH="29" HEIGHT="21" WC="0.96" CONTENT="rit"/><SP WIDTH="19" VPOS="643" HPOS="86"/>
							<String ID="string_134" HPOS="105" VPOS="644" WIDTH="69" HEIGHT="20" WC="0.96" CONTENT="större"/><SP WIDTH="18" VPOS="644" HPOS="174"/>
							<String ID="string_135" HPOS="192" VPOS="643" WIDTH="40" HEIGHT="21" WC="0.96" CONTENT="och"/><SP WIDTH="18" VPOS="643" HPOS="232"/>
							<String ID="string_136" HPOS="250" VPOS="643" WIDTH="8" HEIGHT="20" WC="0.96" CONTENT="i"/><SP WIDTH="19" VPOS="643" HPOS="258"/>
							<String ID="string_137" HPOS="277" VPOS="643" WIDTH="35" HEIGHT="22" WC="0.96" CONTENT="det"/><SP WIDTH="18" VPOS="643" HPOS="312"/>
							<String ID="string_138" HPOS="330" VPOS="649" WIDTH="75" HEIGHT="15" WC="0.93" CONTENT="senare"/><SP WIDTH="19" VPOS="649" HPOS="405"/>
							<String ID="string_139" HPOS="424" VPOS="643" WIDTH="82" HEIGHT="22" WC="0.96" CONTENT="mindre"/><SP WIDTH="14" VPOS="643" HPOS="506"/>
							<String ID="string_140" HPOS="520" VPOS="645" WIDTH="28" HEIGHT="19" WC="0.97" CONTENT="än"/><SP WIDTH="16" VPOS="645" HPOS="548"/>
							<String ID="string_141" HPOS="564" VPOS="643" WIDTH="40" HEIGHT="21" WC="0.95" CONTENT="den"/><SP WIDTH="15" VPOS="643" HPOS="604"/>
							<String ID="string_142" HPOS="619" VPOS="642" WIDTH="29" HEIGHT="28" WC="0.93" CONTENT="pä"/><SP WIDTH="14" VPOS="642" HPOS="648"/>
							<String ID="string_143" HPOS="662" VPOS="643" WIDTH="73" HEIGHT="22" WC="0.92" CONTENT="länens"/><SP WIDTH="15" VPOS="643" HPOS="735"/>
							<String ID="string_144" HPOS="750" VPOS="644" WIDTH="53" HEIGHT="22" WC="0.93" CONTENT="folk-"/>
						</TextLine>
						<TextLine ID="line_15" HPOS="57" VPOS="673" WIDTH="747" HEIGHT="32">
							<String ID="string_145" HPOS="57" VPOS="677" WIDTH="180" HEIGHT="28" WC="0.30" CONTENT="mängdstabeller"/><SP WIDTH="18" VPOS="677" HPOS="237"/>
							<String ID="string_146" HPOS="255" VPOS="677" WIDTH="112" HEIGHT="28" WC="0.96" CONTENT="grundade"/><SP WIDTH="17" VPOS="677" HPOS="367"/>
							<String ID="string_147" HPOS="384" VPOS="677" WIDTH="144" HEIGHT="28" WC="0.93" CONTENT="beräkningen"/><SP WIDTH="16" VPOS="677" HPOS="528"/>
							<String ID="string_148" HPOS="544" VPOS="678" WIDTH="86" HEIGHT="21" WC="0.91" CONTENT="ntvisar."/><SP WIDTH="30" VPOS="678" HPOS="630"/>
							<String ID="string_149" HPOS="660" VPOS="673" WIDTH="67" HEIGHT="26" WC="0.96" CONTENT="Äfven"/><SP WIDTH="15" VPOS="673" HPOS="727"/>
							<String ID="string_150" HPOS="742" VPOS="679" WIDTH="62" HEIGHT="22" WC="0.97" CONTENT="dessa"/>
						</TextLine>
						<TextLine ID="line_16" HPOS="57" VPOS="711" WIDTH="746" HEIGHT="30">
							<String ID="string_151" HPOS="57" VPOS="711" WIDTH="148" HEIGHT="23" WC="0.92" CONTENT="förhällanden"/><SP WIDTH="15" VPOS="711" HPOS="205"/>
							<String ID="string_152" HPOS="220" VPOS="719" WIDTH="63" HEIGHT="21" WC="0.91" CONTENT="synas"/><SP WIDTH="15" VPOS="719" HPOS="283"/>
							<String ID="string_153" HPOS="298" VPOS="712" WIDTH="102" HEIGHT="28" WC="0.92" CONTENT="förtjenta"/><SP WIDTH="14" VPOS="712" HPOS="400"/>
							<String ID="string_154" HPOS="414" VPOS="714" WIDTH="31" HEIGHT="19" WC="0.93" CONTENT="att"/><SP WIDTH="15" VPOS="714" HPOS="445"/>
							<String ID="string_155" HPOS="460" VPOS="714" WIDTH="61" HEIGHT="26" WC="0.93" CONTENT="tagas"/><SP WIDTH="15" VPOS="714" HPOS="521"/>
							<String ID="string_156" HPOS="536" VPOS="713" WIDTH="7" HEIGHT="20" WC="0.93" CONTENT="i"/><SP WIDTH="15" VPOS="713" HPOS="543"/>
							<String ID="string_157" HPOS="558" VPOS="713" WIDTH="44" HEIGHT="25" WC="0.93" CONTENT="akt,"/><SP WIDTH="16" VPOS="713" HPOS="602"/>
							<String ID="string_158" HPOS="618" VPOS="711" WIDTH="27" HEIGHT="22" WC="0.93" CONTENT="dä"/><SP WIDTH="15" VPOS="711" HPOS="645"/>
							<String ID="string_159" HPOS="660" VPOS="711" WIDTH="61" HEIGHT="30" WC="0.93" CONTENT="fräga"/><SP WIDTH="13" VPOS="711" HPOS="721"/>
							<String ID="string_160" HPOS="734" VPOS="714" WIDTH="25" HEIGHT="20" WC="0.96" CONTENT="är"/><SP WIDTH="10" VPOS="714" HPOS="759"/>
							<String ID="string_161" HPOS="769" VPOS="721" WIDTH="34" HEIGHT="14" WC="0.96" CONTENT="om"/>
						</TextLine>
						<TextLine ID="line_17" HPOS="56" VPOS="746" WIDTH="748" HEIGHT="29">
							<String ID="string_162" HPOS="56" VPOS="754" WIDTH="43" HEIGHT="21" WC="0.90" CONTENT="nya"/><SP WIDTH="12" VPOS="754" HPOS="99"/>
							<String ID="string_163" HPOS="111" VPOS="746" WIDTH="232" HEIGHT="29" WC="0.91" CONTENT="jernvägsbyggnader,"/><SP WIDTH="15" VPOS="746" HPOS="343"/>
							<String ID="string_164" HPOS="358" VPOS="746" WIDTH="89" HEIGHT="22" WC="0.96" CONTENT="emedan"/><SP WIDTH="16" VPOS="746" HPOS="447"/>
							<String ID="string_165" HPOS="463" VPOS="747" WIDTH="44" HEIGHT="21" WC="0.90" CONTENT="dei"/><SP WIDTH="15" VPOS="747" HPOS="507"/>
							<String ID="string_166" HPOS="522" VPOS="747" WIDTH="115" HEIGHT="22" WC="0.96" CONTENT="allmänhet"/><SP WIDTH="14" VPOS="747" HPOS="637"/>
							<String ID="string_167" HPOS="651" VPOS="748" WIDTH="98" HEIGHT="21" WC="0.96" CONTENT="utmärka"/><SP WIDTH="14" VPOS="748" HPOS="749"/>
							<String ID="string_168" HPOS="763" VPOS="748" WIDTH="41" HEIGHT="21" WC="0.96" CONTENT="den"/>
						</TextLine>
						<TextLine ID="line_18" HPOS="57" VPOS="781" WIDTH="747" HEIGHT="28">
							<String ID="string_169" HPOS="57" VPOS="783" WIDTH="69" HEIGHT="20" WC="0.95" CONTENT="större"/><SP WIDTH="15" VPOS="783" HPOS="126"/>
							<String ID="string_170" HPOS="141" VPOS="781" WIDTH="51" HEIGHT="22" WC="0.96" CONTENT="eller"/><SP WIDTH="15" VPOS="781" HPOS="192"/>
							<String ID="string_171" HPOS="207" VPOS="781" WIDTH="82" HEIGHT="22" WC="0.96" CONTENT="mindre"/><SP WIDTH="14" VPOS="781" HPOS="289"/>
							<String ID="string_172" HPOS="303" VPOS="781" WIDTH="136" HEIGHT="22" WC="0.96" CONTENT="intensiteten"/><SP WIDTH="14" VPOS="781" HPOS="439"/>
							<String ID="string_173" HPOS="453" VPOS="781" WIDTH="25" HEIGHT="22" WC="0.95" CONTENT="af"/><SP WIDTH="12" VPOS="781" HPOS="478"/>
							<String ID="string_174" HPOS="490" VPOS="781" WIDTH="25" HEIGHT="22" WC="0.96" CONTENT="de"/><SP WIDTH="13" VPOS="781" HPOS="515"/>
							<String ID="string_175" HPOS="528" VPOS="781" WIDTH="129" HEIGHT="28" WC="0.93" CONTENT="produktiva"/><SP WIDTH="13" VPOS="781" HPOS="657"/>
							<String ID="string_176" HPOS="670" VPOS="789" WIDTH="134" HEIGHT="15" WC="0.92" CONTENT="ressurserna"/>
						</TextLine>
						<TextLine ID="line_19" HPOS="58" VPOS="815" WIDTH="746" HEIGHT="30">
							<String ID="string_177" HPOS="58" VPOS="816" WIDTH="39" HEIGHT="21" WC="0.96" CONTENT="och"/><SP WIDTH="14" VPOS="816" HPOS="97"/>
							<String ID="string_178" HPOS="111" VPOS="816" WIDTH="7" HEIGHT="21" WC="0.96" CONTENT="i"/><SP WIDTH="14" VPOS="816" HPOS="118"/>
							<String ID="string_179" HPOS="132" VPOS="816" WIDTH="42" HEIGHT="21" WC="0.96" CONTENT="viss"/><SP WIDTH="13" VPOS="816" HPOS="174"/>
							<String ID="string_180" HPOS="187" VPOS="815" WIDTH="53" HEIGHT="28" WC="0.96" CONTENT="grad"/><SP WIDTH="14" VPOS="815" HPOS="240"/>
							<String ID="string_181" HPOS="254" VPOS="815" WIDTH="80" HEIGHT="28" WC="0.96" CONTENT="antyda"/><SP WIDTH="10" VPOS="815" HPOS="334"/>
							<String ID="string_182" HPOS="344" VPOS="815" WIDTH="52" HEIGHT="22" WC="0.93" CONTENT="hvar"/><SP WIDTH="10" VPOS="815" HPOS="396"/>
							<String ID="string_183" HPOS="406" VPOS="816" WIDTH="93" HEIGHT="27" WC="0.91" CONTENT="vägarne"/><SP WIDTH="10" VPOS="816" HPOS="499"/>
							<String ID="string_184" HPOS="509" VPOS="816" WIDTH="114" HEIGHT="27" WC="0.96" CONTENT="kraftigast"/><SP WIDTH="10" VPOS="816" HPOS="623"/>
							<String ID="string_185" HPOS="633" VPOS="816" WIDTH="72" HEIGHT="21" WC="0.96" CONTENT="kunna"/><SP WIDTH="8" VPOS="816" HPOS="705"/>
							<String ID="string_186" HPOS="713" VPOS="816" WIDTH="91" HEIGHT="29" WC="0.95" CONTENT="bidraga"/>
						</TextLine>
						<TextLine ID="line_20" HPOS="58" VPOS="849" WIDTH="407" HEIGHT="28">
							<String ID="string_187" HPOS="58" VPOS="850" WIDTH="32" HEIGHT="21" WC="0.96" CONTENT="till"/><SP WIDTH="14" VPOS="850" HPOS="90"/>
							<String ID="string_188" HPOS="104" VPOS="850" WIDTH="84" HEIGHT="21" WC="0.96" CONTENT="landets"/><SP WIDTH="15" VPOS="850" HPOS="188"/>
							<String ID="string_189" HPOS="203" VPOS="849" WIDTH="73" HEIGHT="28" WC="0.96" CONTENT="odling"/><SP WIDTH="16" VPOS="849" HPOS="276"/>
							<String ID="string_190" HPOS="292" VPOS="850" WIDTH="40" HEIGHT="21" WC="0.93" CONTENT="och"/><SP WIDTH="15" VPOS="850" HPOS="332"/>
							<String ID="string_191" HPOS="347" VPOS="849" WIDTH="118" HEIGHT="22" WC="0.91" CONTENT="förkofran."/>
						</TextLine>
					</TextBlock>
					<TextBlock ID="block_2" HPOS="57" VPOS="884" WIDTH="750" HEIGHT="268">
						<TextLine ID="line_21" HPOS="126" VPOS="884" WIDTH="677" HEIGHT="28">
							<String ID="string_192" HPOS="126" VPOS="884" WIDTH="176" HEIGHT="28" WC="0.91" CONTENT="Upplysningsvis"/><SP WIDTH="19" VPOS="884" HPOS="302"/>
							<String ID="string_193" HPOS="321" VPOS="884" WIDTH="40" HEIGHT="21" WC="0.96" CONTENT="bör"/><SP WIDTH="18" VPOS="884" HPOS="361"/>
							<String ID="string_194" HPOS="379" VPOS="885" WIDTH="40" HEIGHT="20" WC="0.96" CONTENT="här"/><SP WIDTH="18" VPOS="885" HPOS="419"/>
							<String ID="string_195" HPOS="437" VPOS="884" WIDTH="73" HEIGHT="21" WC="0.96" CONTENT="vidare"/><SP WIDTH="18" VPOS="884" HPOS="510"/>
							<String ID="string_196" HPOS="528" VPOS="886" WIDTH="131" HEIGHT="24" WC="0.96" CONTENT="omnämnas,"/><SP WIDTH="15" VPOS="886" HPOS="659"/>
							<String ID="string_197" HPOS="674" VPOS="887" WIDTH="32" HEIGHT="19" WC="0.96" CONTENT="att"/><SP WIDTH="15" VPOS="887" HPOS="706"/>
							<String ID="string_198" HPOS="721" VPOS="885" WIDTH="36" HEIGHT="21" WC="0.93" CONTENT="det"/><SP WIDTH="14" VPOS="885" HPOS="757"/>
							<String ID="string_199" HPOS="771" VPOS="892" WIDTH="32" HEIGHT="15" WC="0.89" CONTENT="re-"/>
						</TextLine>
						<TextLine ID="line_22" HPOS="58" VPOS="918" WIDTH="746" HEIGHT="28">
							<String ID="string_200" HPOS="58" VPOS="919" WIDTH="61" HEIGHT="20" WC="0.91" CONTENT="lativt"/><SP WIDTH="19" VPOS="919" HPOS="119"/>
							<String ID="string_201" HPOS="138" VPOS="919" WIDTH="55" HEIGHT="27" WC="0.96" CONTENT="höga"/><SP WIDTH="18" VPOS="919" HPOS="193"/>
							<String ID="string_202" HPOS="211" VPOS="918" WIDTH="102" HEIGHT="27" WC="0.96" CONTENT="beloppet"/><SP WIDTH="18" VPOS="918" HPOS="313"/>
							<String ID="string_203" HPOS="331" VPOS="919" WIDTH="24" HEIGHT="20" WC="0.96" CONTENT="af"/><SP WIDTH="17" VPOS="919" HPOS="355"/>
							<String ID="string_204" HPOS="372" VPOS="920" WIDTH="25" HEIGHT="19" WC="0.93" CONTENT="53"/><SP WIDTH="21" VPOS="920" HPOS="397"/>
							<String ID="string_205" HPOS="418" VPOS="919" WIDTH="70" HEIGHT="27" WC="0.91" CONTENT="penni,"/><SP WIDTH="23" VPOS="919" HPOS="488"/>
							<String ID="string_206" HPOS="511" VPOS="926" WIDTH="45" HEIGHT="14" WC="0.96" CONTENT="som"/><SP WIDTH="20" VPOS="926" HPOS="556"/>
							<String ID="string_207" HPOS="576" VPOS="919" WIDTH="92" HEIGHT="22" WC="0.95" CONTENT="tabellen"/><SP WIDTH="18" VPOS="919" HPOS="668"/>
							<String ID="string_208" HPOS="686" VPOS="919" WIDTH="33" HEIGHT="22" WC="0.96" CONTENT="för"/><SP WIDTH="14" VPOS="919" HPOS="719"/>
							<String ID="string_209" HPOS="733" VPOS="922" WIDTH="71" HEIGHT="19" WC="0.95" CONTENT="vestra"/>
						</TextLine>
						<TextLine ID="line_23" HPOS="58" VPOS="952" WIDTH="745" HEIGHT="29">
							<String ID="string_210" HPOS="58" VPOS="953" WIDTH="132" HEIGHT="21" WC="0.92" CONTENT="kustbanans"/><SP WIDTH="14" VPOS="953" HPOS="190"/>
							<String ID="string_211" HPOS="204" VPOS="953" WIDTH="132" HEIGHT="27" WC="0.96" CONTENT="nordligaste"/><SP WIDTH="15" VPOS="953" HPOS="336"/>
							<String ID="string_212" HPOS="351" VPOS="953" WIDTH="34" HEIGHT="21" WC="0.93" CONTENT="del"/><SP WIDTH="14" VPOS="953" HPOS="385"/>
							<String ID="string_213" HPOS="399" VPOS="954" WIDTH="106" HEIGHT="27" WC="0.92" CONTENT="upptager"/><SP WIDTH="15" VPOS="954" HPOS="505"/>
							<String ID="string_214" HPOS="520" VPOS="952" WIDTH="70" HEIGHT="23" WC="0.96" CONTENT="såsom"/><SP WIDTH="15" VPOS="952" HPOS="590"/>
							<String ID="string_215" HPOS="605" VPOS="953" WIDTH="121" HEIGHT="22" WC="0.96" CONTENT="medeltalet"/><SP WIDTH="10" VPOS="953" HPOS="726"/>
							<String ID="string_216" HPOS="736" VPOS="954" WIDTH="24" HEIGHT="21" WC="0.92" CONTENT="af"/><SP WIDTH="8" VPOS="954" HPOS="760"/>
							<String ID="string_217" HPOS="768" VPOS="954" WIDTH="35" HEIGHT="21" WC="0.92" CONTENT="be-"/>
						</TextLine>
						<TextLine ID="line_24" HPOS="57" VPOS="987" WIDTH="747" HEIGHT="29">
							<String ID="string_218" HPOS="57" VPOS="987" WIDTH="89" HEIGHT="28" WC="0.92" CONTENT="villning"/><SP WIDTH="20" VPOS="987" HPOS="146"/>
							<String ID="string_219" HPOS="166" VPOS="987" WIDTH="29" HEIGHT="28" WC="0.96" CONTENT="på"/><SP WIDTH="18" VPOS="987" HPOS="195"/>
							<String ID="string_220" HPOS="213" VPOS="987" WIDTH="74" HEIGHT="28" WC="0.96" CONTENT="hvarje"/><SP WIDTH="18" VPOS="987" HPOS="287"/>
							<String ID="string_221" HPOS="305" VPOS="995" WIDTH="84" HEIGHT="20" WC="0.95" CONTENT="person,"/><SP WIDTH="24" VPOS="995" HPOS="389"/>
							<String ID="string_222" HPOS="413" VPOS="988" WIDTH="64" HEIGHT="21" WC="0.96" CONTENT="beror"/><SP WIDTH="19" VPOS="988" HPOS="477"/>
							<String ID="string_223" HPOS="496" VPOS="987" WIDTH="56" HEIGHT="22" WC="0.95" CONTENT="både"/><SP WIDTH="19" VPOS="987" HPOS="552"/>
							<String ID="string_224" HPOS="571" VPOS="988" WIDTH="63" HEIGHT="21" WC="0.96" CONTENT="deraf"/><SP WIDTH="12" VPOS="988" HPOS="634"/>
							<String ID="string_225" HPOS="646" VPOS="990" WIDTH="32" HEIGHT="19" WC="0.93" CONTENT="att"/><SP WIDTH="14" VPOS="990" HPOS="678"/>
							<String ID="string_226" HPOS="692" VPOS="989" WIDTH="112" HEIGHT="27" WC="0.91" CONTENT="samteliga"/>
						</TextLine>
						<TextLine ID="line_25" HPOS="58" VPOS="1021" WIDTH="749" HEIGHT="29">
							<String ID="string_227" HPOS="58" VPOS="1022" WIDTH="72" HEIGHT="21" WC="0.96" CONTENT="städer"/><SP WIDTH="15" VPOS="1022" HPOS="130"/>
							<String ID="string_228" HPOS="145" VPOS="1022" WIDTH="34" HEIGHT="21" WC="0.96" CONTENT="vid"/><SP WIDTH="15" VPOS="1022" HPOS="179"/>
							<String ID="string_229" HPOS="194" VPOS="1022" WIDTH="75" HEIGHT="21" WC="0.96" CONTENT="kusten"/><SP WIDTH="15" VPOS="1022" HPOS="269"/>
							<String ID="string_230" HPOS="284" VPOS="1021" WIDTH="69" HEIGHT="28" WC="0.96" CONTENT="ingått"/><SP WIDTH="14" VPOS="1021" HPOS="353"/>
							<String ID="string_231" HPOS="367" VPOS="1022" WIDTH="8" HEIGHT="20" WC="0.96" CONTENT="i"/><SP WIDTH="14" VPOS="1022" HPOS="375"/>
							<String ID="string_232" HPOS="389" VPOS="1021" WIDTH="144" HEIGHT="28" WC="0.96" CONTENT="beräkningen"/><SP WIDTH="16" VPOS="1021" HPOS="533"/>
							<String ID="string_233" HPOS="549" VPOS="1022" WIDTH="40" HEIGHT="21" WC="0.96" CONTENT="och"/><SP WIDTH="14" VPOS="1022" HPOS="589"/>
							<String ID="string_234" HPOS="603" VPOS="1022" WIDTH="7" HEIGHT="21" WC="0.97" CONTENT="i"/><SP WIDTH="10" VPOS="1022" HPOS="610"/>
							<String ID="string_235" HPOS="620" VPOS="1022" WIDTH="114" HEIGHT="28" WC="0.96" CONTENT="synnerhet"/><SP WIDTH="10" VPOS="1022" HPOS="734"/>
							<String ID="string_236" HPOS="744" VPOS="1022" WIDTH="63" HEIGHT="22" WC="0.96" CONTENT="deraf"/>
						</TextLine>
						<TextLine ID="line_26" HPOS="58" VPOS="1055" WIDTH="746" HEIGHT="29">
							<String ID="string_237" HPOS="58" VPOS="1058" WIDTH="32" HEIGHT="19" WC="0.96" CONTENT="att"/><SP WIDTH="15" VPOS="1058" HPOS="90"/>
							<String ID="string_238" HPOS="105" VPOS="1063" WIDTH="82" HEIGHT="14" WC="0.96" CONTENT="samma"/><SP WIDTH="10" VPOS="1063" HPOS="187"/>
							<String ID="string_239" HPOS="197" VPOS="1056" WIDTH="99" HEIGHT="22" WC="0.95" CONTENT="medeltal"/><SP WIDTH="11" VPOS="1056" HPOS="296"/>
							<String ID="string_240" HPOS="307" VPOS="1058" WIDTH="82" HEIGHT="19" WC="0.96" CONTENT="ensamt"/><SP WIDTH="10" VPOS="1058" HPOS="389"/>
							<String ID="string_241" HPOS="399" VPOS="1057" WIDTH="34" HEIGHT="20" WC="0.96" CONTENT="för"/><SP WIDTH="10" VPOS="1057" HPOS="433"/>
							<String ID="string_242" HPOS="443" VPOS="1055" WIDTH="119" HEIGHT="22" WC="0.96" CONTENT="Brahestad"/><SP WIDTH="12" VPOS="1055" HPOS="562"/>
							<String ID="string_243" HPOS="574" VPOS="1063" WIDTH="76" HEIGHT="20" WC="0.96" CONTENT="genom"/><SP WIDTH="10" VPOS="1063" HPOS="650"/>
							<String ID="string_244" HPOS="660" VPOS="1055" WIDTH="65" HEIGHT="29" WC="0.96" CONTENT="något"/><SP WIDTH="10" VPOS="1055" HPOS="725"/>
							<String ID="string_245" HPOS="735" VPOS="1057" WIDTH="69" HEIGHT="21" WC="0.96" CONTENT="större"/>
						</TextLine>
						<TextLine ID="line_27" HPOS="58" VPOS="1090" WIDTH="745" HEIGHT="28">
							<String ID="string_246" HPOS="58" VPOS="1090" WIDTH="40" HEIGHT="25" WC="0.91" CONTENT="arf,"/><SP WIDTH="15" VPOS="1090" HPOS="98"/>
							<String ID="string_247" HPOS="113" VPOS="1091" WIDTH="99" HEIGHT="20" WC="0.91" CONTENT="hvarföre"/><SP WIDTH="15" VPOS="1091" HPOS="212"/>
							<String ID="string_248" HPOS="227" VPOS="1090" WIDTH="115" HEIGHT="27" WC="0.91" CONTENT="bevillning"/><SP WIDTH="11" VPOS="1090" HPOS="342"/>
							<String ID="string_249" HPOS="353" VPOS="1090" WIDTH="134" HEIGHT="27" WC="0.96" CONTENT="tillfälligtvis"/><SP WIDTH="11" VPOS="1090" HPOS="487"/>
							<String ID="string_250" HPOS="498" VPOS="1090" WIDTH="69" HEIGHT="21" WC="0.96" CONTENT="blifvit"/><SP WIDTH="15" VPOS="1090" HPOS="567"/>
							<String ID="string_251" HPOS="582" VPOS="1090" WIDTH="81" HEIGHT="27" WC="0.92" CONTENT="erlagd,"/><SP WIDTH="10" VPOS="1090" HPOS="663"/>
							<String ID="string_252" HPOS="673" VPOS="1090" WIDTH="88" HEIGHT="27" WC="0.92" CONTENT="belöper"/><SP WIDTH="10" VPOS="1090" HPOS="761"/>
							<String ID="string_253" HPOS="771" VPOS="1091" WIDTH="32" HEIGHT="27" WC="0.96" CONTENT="sig"/>
						</TextLine>
						<TextLine ID="line_28" HPOS="59" VPOS="1123" WIDTH="660" HEIGHT="29">
							<String ID="string_254" HPOS="59" VPOS="1124" WIDTH="31" HEIGHT="21" WC="0.96" CONTENT="till"/><SP WIDTH="15" VPOS="1124" HPOS="90"/>
							<String ID="string_255" HPOS="105" VPOS="1124" WIDTH="34" HEIGHT="27" WC="0.96" CONTENT="sju"/><SP WIDTH="14" VPOS="1124" HPOS="139"/>
							<String ID="string_256" HPOS="153" VPOS="1124" WIDTH="61" HEIGHT="21" WC="0.96" CONTENT="mark"/><SP WIDTH="14" VPOS="1124" HPOS="214"/>
							<String ID="string_257" HPOS="228" VPOS="1123" WIDTH="29" HEIGHT="28" WC="0.96" CONTENT="på"/><SP WIDTH="15" VPOS="1123" HPOS="257"/>
							<String ID="string_258" HPOS="272" VPOS="1124" WIDTH="74" HEIGHT="27" WC="0.96" CONTENT="hvarje"/><SP WIDTH="14" VPOS="1124" HPOS="346"/>
							<String ID="string_259" HPOS="360" VPOS="1131" WIDTH="78" HEIGHT="20" WC="0.96" CONTENT="person"/><SP WIDTH="15" VPOS="1131" HPOS="438"/>
							<String ID="string_260" HPOS="453" VPOS="1125" WIDTH="24" HEIGHT="20" WC="0.96" CONTENT="af"/><SP WIDTH="12" VPOS="1125" HPOS="477"/>
							<String ID="string_261" HPOS="489" VPOS="1125" WIDTH="86" HEIGHT="20" WC="0.96" CONTENT="stadens"/><SP WIDTH="16" VPOS="1125" HPOS="575"/>
							<String ID="string_262" HPOS="591" VPOS="1124" WIDTH="128" HEIGHT="28" WC="0.96" CONTENT="befolkning."/>
						</TextLine>
					</TextBlock>
					<TextBlock ID="block_3" HPOS="57" VPOS="1157" WIDTH="747" HEIGHT="198">
						<TextLine ID="line_29" HPOS="125" VPOS="1157" WIDTH="678" HEIGHT="28">
							<String ID="string_263" HPOS="125" VPOS="1159" WIDTH="32" HEIGHT="20" WC="0.93" CONTENT="De"/><SP WIDTH="18" VPOS="1159" HPOS="157"/>
							<String ID="string_264" HPOS="175" VPOS="1158" WIDTH="121" HEIGHT="25" WC="0.92" CONTENT="resultater,"/><SP WIDTH="19" VPOS="1158" HPOS="296"/>
							<String ID="string_265" HPOS="315" VPOS="1165" WIDTH="46" HEIGHT="14" WC="0.96" CONTENT="som"/><SP WIDTH="18" VPOS="1165" HPOS="361"/>
							<String ID="string_266" HPOS="379" VPOS="1157" WIDTH="29" HEIGHT="28" WC="0.96" CONTENT="på"/><SP WIDTH="18" VPOS="1157" HPOS="408"/>
							<String ID="string_267" HPOS="426" VPOS="1159" WIDTH="68" HEIGHT="26" WC="0.95" CONTENT="grund"/><SP WIDTH="21" VPOS="1159" HPOS="494"/>
							<String ID="string_268" HPOS="515" VPOS="1158" WIDTH="23" HEIGHT="21" WC="0.95" CONTENT="af"/><SP WIDTH="16" VPOS="1158" HPOS="538"/>
							<String ID="string_269" HPOS="554" VPOS="1158" WIDTH="121" HEIGHT="21" WC="0.96" CONTENT="statistiska"/><SP WIDTH="18" VPOS="1158" HPOS="675"/>
							<String ID="string_270" HPOS="693" VPOS="1159" WIDTH="59" HEIGHT="21" WC="0.93" CONTENT="fakta"/><SP WIDTH="18" VPOS="1159" HPOS="752"/>
							<String ID="string_271" HPOS="770" VPOS="1157" WIDTH="33" HEIGHT="23" WC="0.91" CONTENT="så-"/>
						</TextLine>
						<TextLine ID="line_30" HPOS="58" VPOS="1191" WIDTH="745" HEIGHT="28">
							<String ID="string_272" HPOS="58" VPOS="1192" WIDTH="67" HEIGHT="21" WC="0.91" CONTENT="lunda"/><SP WIDTH="21" VPOS="1192" HPOS="125"/>
							<String ID="string_273" HPOS="146" VPOS="1193" WIDTH="82" HEIGHT="20" WC="0.96" CONTENT="kunnat"/><SP WIDTH="22" VPOS="1193" HPOS="228"/>
							<String ID="string_274" HPOS="250" VPOS="1193" WIDTH="74" HEIGHT="20" WC="0.96" CONTENT="vinnas"/><SP WIDTH="19" VPOS="1193" HPOS="324"/>
							<String ID="string_275" HPOS="343" VPOS="1191" WIDTH="109" HEIGHT="28" WC="0.92" CONTENT="angående"/><SP WIDTH="18" VPOS="1191" HPOS="452"/>
							<String ID="string_276" HPOS="470" VPOS="1193" WIDTH="140" HEIGHT="20" WC="0.90" CONTENT="folktätheten"/><SP WIDTH="20" VPOS="1193" HPOS="610"/>
							<String ID="string_277" HPOS="630" VPOS="1192" WIDTH="39" HEIGHT="21" WC="0.93" CONTENT="och"/><SP WIDTH="15" VPOS="1192" HPOS="669"/>
							<String ID="string_278" HPOS="684" VPOS="1192" WIDTH="119" HEIGHT="27" WC="0.91" CONTENT="förmögen-"/>
						</TextLine>
						<TextLine ID="line_31" HPOS="57" VPOS="1225" WIDTH="746" HEIGHT="29">
							<String ID="string_279" HPOS="57" VPOS="1226" WIDTH="144" HEIGHT="22" WC="0.92" CONTENT="hetsvilkoren"/><SP WIDTH="18" VPOS="1226" HPOS="201"/>
							<String ID="string_280" HPOS="219" VPOS="1227" WIDTH="7" HEIGHT="20" WC="0.96" CONTENT="i"/><SP WIDTH="19" VPOS="1227" HPOS="226"/>
							<String ID="string_281" HPOS="245" VPOS="1227" WIDTH="79" HEIGHT="24" WC="0.96" CONTENT="landet,"/><SP WIDTH="20" VPOS="1227" HPOS="324"/>
							<String ID="string_282" HPOS="344" VPOS="1225" WIDTH="70" HEIGHT="22" WC="0.96" CONTENT="tillåta"/><SP WIDTH="15" VPOS="1225" HPOS="414"/>
							<String ID="string_283" HPOS="429" VPOS="1226" WIDTH="122" HEIGHT="28" WC="0.96" CONTENT="visserligen"/><SP WIDTH="16" VPOS="1226" HPOS="551"/>
							<String ID="string_284" HPOS="567" VPOS="1226" WIDTH="47" HEIGHT="21" WC="0.96" CONTENT="icke"/><SP WIDTH="15" VPOS="1226" HPOS="614"/>
							<String ID="string_285" HPOS="629" VPOS="1228" WIDTH="59" HEIGHT="19" WC="0.93" CONTENT="stora"/><SP WIDTH="13" VPOS="1228" HPOS="688"/>
							<String ID="string_286" HPOS="701" VPOS="1226" WIDTH="102" HEIGHT="27" WC="0.90" CONTENT="förhopp-"/>
						</TextLine>
						<TextLine ID="line_32" HPOS="57" VPOS="1259" WIDTH="747" HEIGHT="29">
							<String ID="string_287" HPOS="57" VPOS="1261" WIDTH="78" HEIGHT="27" WC="0.96" CONTENT="ningar"/><SP WIDTH="15" VPOS="1261" HPOS="135"/>
							<String ID="string_288" HPOS="150" VPOS="1267" WIDTH="34" HEIGHT="14" WC="0.96" CONTENT="om"/><SP WIDTH="15" VPOS="1267" HPOS="184"/>
							<String ID="string_289" HPOS="199" VPOS="1260" WIDTH="82" HEIGHT="22" WC="0.96" CONTENT="direkta"/><SP WIDTH="15" VPOS="1260" HPOS="281"/>
							<String ID="string_290" HPOS="296" VPOS="1259" WIDTH="93" HEIGHT="22" WC="0.96" CONTENT="fördelar"/><SP WIDTH="20" VPOS="1259" HPOS="389"/>
							<String ID="string_291" HPOS="409" VPOS="1260" WIDTH="23" HEIGHT="21" WC="0.96" CONTENT="af"/><SP WIDTH="13" VPOS="1260" HPOS="432"/>
							<String ID="string_292" HPOS="445" VPOS="1267" WIDTH="42" HEIGHT="21" WC="0.93" CONTENT="nya"/><SP WIDTH="11" VPOS="1267" HPOS="487"/>
							<String ID="string_293" HPOS="498" VPOS="1261" WIDTH="122" HEIGHT="27" WC="0.92" CONTENT="jernvägar,"/><SP WIDTH="16" VPOS="1261" HPOS="620"/>
							<String ID="string_294" HPOS="636" VPOS="1267" WIDTH="47" HEIGHT="14" WC="0.96" CONTENT="men"/><SP WIDTH="15" VPOS="1267" HPOS="683"/>
							<String ID="string_295" HPOS="698" VPOS="1260" WIDTH="26" HEIGHT="21" WC="0.95" CONTENT="de"/><SP WIDTH="10" VPOS="1260" HPOS="724"/>
							<String ID="string_296" HPOS="734" VPOS="1259" WIDTH="70" HEIGHT="22" WC="0.95" CONTENT="tillåta"/>
						</TextLine>
						<TextLine ID="line_33" HPOS="57" VPOS="1293" WIDTH="746" HEIGHT="29">
							<String ID="string_297" HPOS="57" VPOS="1295" WIDTH="44" HEIGHT="21" WC="0.96" CONTENT="lika"/><SP WIDTH="18" VPOS="1295" HPOS="101"/>
							<String ID="string_298" HPOS="119" VPOS="1294" WIDTH="47" HEIGHT="21" WC="0.96" CONTENT="litet"/><SP WIDTH="18" VPOS="1294" HPOS="166"/>
							<String ID="string_299" HPOS="184" VPOS="1296" WIDTH="31" HEIGHT="19" WC="0.93" CONTENT="att"/><SP WIDTH="18" VPOS="1296" HPOS="215"/>
							<String ID="string_300" HPOS="233" VPOS="1295" WIDTH="99" HEIGHT="27" WC="0.92" CONTENT="ringakta"/><SP WIDTH="19" VPOS="1295" HPOS="332"/>
							<String ID="string_301" HPOS="351" VPOS="1294" WIDTH="82" HEIGHT="21" WC="0.96" CONTENT="verkets"/><SP WIDTH="16" VPOS="1294" HPOS="433"/>
							<String ID="string_302" HPOS="449" VPOS="1294" WIDTH="142" HEIGHT="21" WC="0.96" CONTENT="fortsättande"/><SP WIDTH="15" VPOS="1294" HPOS="591"/>
							<String ID="string_303" HPOS="606" VPOS="1293" WIDTH="70" HEIGHT="22" WC="0.96" CONTENT="såsom"/><SP WIDTH="14" VPOS="1293" HPOS="676"/>
							<String ID="string_304" HPOS="690" VPOS="1296" WIDTH="31" HEIGHT="19" WC="0.96" CONTENT="ett"/><SP WIDTH="14" VPOS="1296" HPOS="721"/>
							<String ID="string_305" HPOS="735" VPOS="1294" WIDTH="68" HEIGHT="22" WC="0.96" CONTENT="medel"/>
						</TextLine>
						<TextLine ID="line_34" HPOS="57" VPOS="1327" WIDTH="466" HEIGHT="28">
							<String ID="string_306" HPOS="57" VPOS="1331" WIDTH="34" HEIGHT="19" WC="0.93" CONTENT="att"/><SP WIDTH="15" VPOS="1331" HPOS="91"/>
							<String ID="string_307" HPOS="106" VPOS="1328" WIDTH="95" HEIGHT="27" WC="0.92" CONTENT="afhjelpa"/><SP WIDTH="15" VPOS="1328" HPOS="201"/>
							<String ID="string_308" HPOS="216" VPOS="1329" WIDTH="140" HEIGHT="26" WC="0.92" CONTENT="svagheterna"/><SP WIDTH="15" VPOS="1329" HPOS="356"/>
							<String ID="string_309" HPOS="371" VPOS="1329" WIDTH="7" HEIGHT="19" WC="0.96" CONTENT="i"/><SP WIDTH="14" VPOS="1329" HPOS="378"/>
							<String ID="string_310" HPOS="392" VPOS="1327" WIDTH="39" HEIGHT="22" WC="0.97" CONTENT="vär"/><SP WIDTH="15" VPOS="1327" HPOS="431"/>
							<String ID="string_311" HPOS="446" VPOS="1329" WIDTH="77" HEIGHT="20" WC="0.96" CONTENT="kultur."/>
						</TextLine>
					</TextBlock>
				</ComposedBlock>
				<ComposedBlock ID="cblock_2" HPOS="58" VPOS="1395" WIDTH="744" HEIGHT="98">
					<TextBlock ID="block_4" HPOS="58" VPOS="1395" WIDTH="744" HEIGHT="98">
						<TextLine ID="line_35" HPOS="126" VPOS="1395" WIDTH="675" HEIGHT="28">
							<String ID="string_312" HPOS="126" VPOS="1396" WIDTH="80" HEIGHT="27" WC="0.95" CONTENT="Bilagan"/><SP WIDTH="15" VPOS="1396" HPOS="206"/>
							<String ID="string_313" HPOS="221" VPOS="1396" WIDTH="29" HEIGHT="21" WC="0.81" CONTENT="N:o"/><SP WIDTH="15" VPOS="1396" HPOS="250"/>
							<String ID="string_314" HPOS="265" VPOS="1396" WIDTH="17" HEIGHT="21" WC="0.91" CONTENT="2."/><SP WIDTH="29" VPOS="1396" HPOS="282"/>
							<String ID="string_315" HPOS="311" VPOS="1396" WIDTH="46" HEIGHT="22" WC="0.96" CONTENT="Den"/><SP WIDTH="14" VPOS="1396" HPOS="357"/>
							<String ID="string_316" HPOS="371" VPOS="1395" WIDTH="114" HEIGHT="28" WC="0.96" CONTENT="utredning"/><SP WIDTH="15" VPOS="1395" HPOS="485"/>
							<String ID="string_317" HPOS="500" VPOS="1396" WIDTH="7" HEIGHT="21" WC="0.96" CONTENT="i"/><SP WIDTH="15" VPOS="1396" HPOS="507"/>
							<String ID="string_318" HPOS="522" VPOS="1396" WIDTH="72" HEIGHT="25" WC="0.96" CONTENT="saken,"/><SP WIDTH="16" VPOS="1396" HPOS="594"/>
							<String ID="string_319" HPOS="610" VPOS="1402" WIDTH="46" HEIGHT="15" WC="0.96" CONTENT="som"/><SP WIDTH="14" VPOS="1402" HPOS="656"/>
							<String ID="string_320" HPOS="670" VPOS="1395" WIDTH="71" HEIGHT="22" WC="0.92" CONTENT="kunde"/><SP WIDTH="10" VPOS="1395" HPOS="741"/>
							<String ID="string_321" HPOS="751" VPOS="1396" WIDTH="50" HEIGHT="22" WC="0.96" CONTENT="bero"/>
						</TextLine>
						<TextLine ID="line_36" HPOS="58" VPOS="1429" WIDTH="744" HEIGHT="29">
							<String ID="string_322" HPOS="58" VPOS="1431" WIDTH="24" HEIGHT="21" WC="0.96" CONTENT="af"/><SP WIDTH="16" VPOS="1431" HPOS="82"/>
							<String ID="string_323" HPOS="98" VPOS="1431" WIDTH="69" HEIGHT="22" WC="0.92" CONTENT="denna"/><SP WIDTH="16" VPOS="1431" HPOS="167"/>
							<String ID="string_324" HPOS="183" VPOS="1430" WIDTH="78" HEIGHT="28" WC="0.90" CONTENT="bilaga,"/><SP WIDTH="20" VPOS="1430" HPOS="261"/>
							<String ID="string_325" HPOS="281" VPOS="1430" WIDTH="67" HEIGHT="22" WC="0.93" CONTENT="skulle"/><SP WIDTH="17" VPOS="1430" HPOS="348"/>
							<String ID="string_326" HPOS="365" VPOS="1429" WIDTH="64" HEIGHT="22" WC="0.93" CONTENT="hafva"/><SP WIDTH="15" VPOS="1429" HPOS="429"/>
							<String ID="string_327" HPOS="444" VPOS="1431" WIDTH="45" HEIGHT="20" WC="0.93" CONTENT="stor"/><SP WIDTH="15" VPOS="1431" HPOS="489"/>
							<String ID="string_328" HPOS="504" VPOS="1430" WIDTH="43" HEIGHT="27" WC="0.93" CONTENT="vigt"/><SP WIDTH="15" VPOS="1430" HPOS="547"/>
							<String ID="string_329" HPOS="562" VPOS="1430" WIDTH="40" HEIGHT="22" WC="0.93" CONTENT="och"/><SP WIDTH="15" VPOS="1430" HPOS="602"/>
							<String ID="string_330" HPOS="617" VPOS="1429" WIDTH="133" HEIGHT="29" WC="0.92" CONTENT="betydenhet,"/><SP WIDTH="17" VPOS="1429" HPOS="750"/>
							<String ID="string_331" HPOS="767" VPOS="1437" WIDTH="35" HEIGHT="16" WC="0.96" CONTENT="om"/>
						</TextLine>
						<TextLine ID="line_37" HPOS="126" VPOS="1470" WIDTH="298" HEIGHT="23">
							<String ID="string_332" HPOS="126" VPOS="1466" WIDTH="89" HEIGHT="31" WC="0.45" CONTENT="Jernvwägs-"/><SP WIDTH="7" VPOS="1466" HPOS="215"/>
							<String ID="string_333" HPOS="222" VPOS="1466" WIDTH="84" HEIGHT="31" WC="0.96" CONTENT="Utskottets"/><SP WIDTH="11" VPOS="1466" HPOS="306"/>
							<String ID="string_334" HPOS="317" VPOS="1470" WIDTH="107" HEIGHT="18" WC="0.96" CONTENT="betänkande."/>
						</TextLine>
					</TextBlock>
				</ComposedBlock>
			</PrintSpace>
		</Page>
	</Layout>
</alto>
