1048 1717
246 179 26 21 18
408 177 80 23 Ständ.
503 177 38 23 Sv.
558 190 23 3 —
597 178 71 26 Prop.
684 177 40 22 N:o
738 177 34 22 24.

587 240 16 27 $
616 241 35 21 22.

352 281 78 21 Denna
441 280 135 28 förordning
591 280 75 22 träder
680 280 9 21 i
703 280 130 22 verksamhet
848 281 41 21 den

419 316 27 20 18

284 368 79 22 Tillika
377 367 23 22 fä
414 367 118 23 Ständerna
546 367 8 21 i
569 366 168 30 underdänighet
751 367 82 22 anmäla

351 404 32 18 att
400 402 124 21 Ständerna
539 402 35 20 till
592 401 88 21 Eders
700 400 162 29 Kejserliga
881 401 78 29 Muje-

283 438 71 19 stäts
369 436 83 28 nädiga
462 435 120 29 afgörande
593 436 137 28 öfverlemna,
742 438 42 19 när
794 436 40 22 den
845 436 113 28 blifvande

249 470 194 81 at
458 470 56 22 skall
529 471 64 21 träda
608 471 8 21 i
630 471 102 27 gällande
746 470 68 28 kraft.

300 528 88 28 lutligen
402 528 64 22 hafva
480 528 123 26 Ständerna,
618 528 49 22 med
686 528 112 29 anledning
814 528 22 22 af
849 536 26 14 en
890 528 8 22 i
912 536 47 22 pro-

218 564 116 28 positionen
349 562 170 23 förekommande
534 563 91 29 antydan
640 565 31 20 att
685 563 56 22 vissa
755 562 23 23 af
786 563 25 21 de
822 562 136 27 föreskrifter,

217 606 44 14 som
275 598 84 22 komme
374 599 30 20 att
418 597 74 29 inflyta
507 597 8 22 i
530 597 40 22 den
584 605 42 21 nya
640 597 156 29 författningen,
807 597 68 22 skulle
884 598 73 22 kunna

216 633 27 29 pä
262 632 154 22 administrativ
431 637 39 23 väg
488 632 93 29 undergå
596 632 92 29 ändring,
704 634 69 20 ansett
788 632 31 28 sig
832 632 50 22 böra
897 632 62 22 fram-

219 668 56 22 hålla
297 669 31 20 att
349 666 69 22 denna
440 667 120 29 förordning
578 667 84 21 komme
680 668 31 21 att
725 667 47 22 icke
786 667 53 22 blott
853 666 106 23 innehålla

219 702 128 28 stadganden
369 701 76 26 derom,
461 701 73 22 hvilka
551 701 58 22 skola
628 701 31 21 uti
678 701 34 22 det
726 702 8 21 i
749 701 57 29 fråga
820 702 91 21 varande
925 702 34 22 be-

219 738 68 21 sväret
309 736 88 28 deltaga,
418 738 54 20 samt
486 736 106 28 angående
614 736 95 28 grunden
726 736 32 22 för
776 736 46 22 dess
836 736 122 29 utgörande,

220 772 107 22 äfvensom
349 771 246 26 ansvarsbestämmelser,
610 772 51 20 utan
680 771 38 21 ock
736 771 100 22 innebära
850 770 88 30 ändring
952 771 8 21 i

219 806 66 28 öfriga
299 806 57 22 delar
371 805 22 22 af
406 806 14 20 4
435 805 38 21 och
489 806 27 20 25
531 805 46 29 kap.
593 806 26 21 B.
635 805 34 27 B.;
685 807 30 20 att
730 805 66 29 öfriga
809 806 127 28 stadganden
951 806 8 22 i

218 841 41 21 den
273 840 106 22 blifvande
393 839 148 29 förordningen
555 840 64 22 hafva
633 841 31 20 ett
678 848 45 13 mer
738 840 50 22 eller
798 840 81 22 mindre
889 840 69 23 direkt

218 875 99 22 samband
332 875 48 21 med
395 874 25 22 de
436 874 133 29 stadganden,
585 875 7 21 i
606 874 74 22 hvilka
689 874 118 23 Ständerna
816 875 96 29 ostridigt
921 884 38 20 ega

216 909 170 29 grundlagsenlig
400 911 41 20 rätt
456 911 30 19 att
500 910 91 26 besluta;
606 911 54 20 samt
674 911 31 20 att
719 910 35 22 det
768 912 58 26 synts
842 910 117 22 Ständerna

217 944 114 29 olämpligt,
347 946 31 20 att
391 952 27 14 en
433 943 120 29 förordning
567 944 24 22 af
603 944 68 22 denna
685 944 144 23 beskaffenhet
843 944 67 23 delvis
925 950 34 17 än-

216 980 47 21 dras
277 979 24 22 af
312 979 88 22 allenast
414 979 41 21 den
470 986 39 14 ena
524 979 142 22 statsmakten.

283 1014 67 21 Dessa
365 1014 45 21 skäl
424 1012 63 23 hafva
502 1013 102 23 föranledt
619 1014 118 22 Ständerna

351 1050 34 18 att
398 1047 124 27 förbehålla
537 1048 34 28 sig
587 1050 39 24 att,
641 1049 9 20 i
664 1048 101 22 händelse
780 1049 72 27 någon
862 1048 96 28 föränd-

283 1083 50 27 ring
347 1083 9 19 i
371 1082 41 21 den
427 1082 110 28 blifvande
548 1082 163 28 förordningen
726 1082 102 28 befunnes
842 1084 73 28 nödig,
927 1083 30 28 få

283 1117 73 21 derom
371 1117 8 21 i
393 1116 180 29 grundlagsenlig
588 1118 41 26 väg
645 1116 88 22 besluta.

287 1180 103 22 Finlands
405 1180 89 22 Ständer
508 1180 118 22 framhärda
641 1183 38 19 etc.

287 1243 138 28 Helsingfors,
441 1244 41 22 den
496 1245 13 21 3
524 1244 90 22 Januari
629 1244 61 22 1878.

372 1523 124 23 Helsingfors,
508 1523 16 19 J.
539 1524 73 18 Simelii
625 1524 101 23 arfvingar,
740 1524 47 19 1878.
