1045 1714
300 121 80 23 Ständ.
394 121 38 23 Sv.
447 134 28 4 —
489 122 70 28 Prop.
574 122 41 23 N:o
628 122 35 22 24.
809 124 11 20 7

451 192 27 20 12
492 192 20 26 8.

430 226 96 27 Äfvenså.

449 288 26 22 13
490 289 20 25 8.

316 326 71 23 Också
402 328 65 28 enligt
482 328 159 28 propositionen.

446 386 27 20 14
489 386 20 26 8.

417 425 117 22 Likaledes.

446 489 26 21 15
487 490 20 25 8.

398 521 156 23 Sammalunda.

430 581 76 34 168.

426 615 98 23 Afvenså.

434 674 13 19 9
462 673 57 27 Kap.

452 708 48 26 18.

241 746 48 21 När
312 746 96 28 dödsfall
428 748 71 24 timar,
518 747 29 21 då
561 746 56 22 skall
631 753 49 14 man
696 746 52 21 eller
763 746 83 25 hustru,

169 787 45 15 som
229 781 67 27 lefver
310 780 61 28 efter,
386 781 68 21 ehvad
463 782 82 27 förord
559 781 76 28 gjorde
649 783 45 22 äro,
705 782 76 27 rigtigt
791 788 55 20 upp-

169 814 62 28 gifva
247 815 37 21 och
300 816 46 20 låta
360 822 57 22 noga
432 816 120 28 uppteckna
568 816 148 20 alltsammans
731 816 9 20 i
754 815 51 26 boet,
821 816 25 20 sä

170 849 41 21 löst
225 856 45 14 som
281 850 57 26 fast,
353 850 78 21 sådant
446 857 44 14 som
506 851 34 20 det
554 850 35 21 vid
605 850 120 20 dödstiman
740 856 45 19 var,
799 850 46 20 med

169 884 46 20 alla
236 883 91 27 skrifter
349 884 37 21 och
408 884 140 28 handlingar,
559 884 135 27 fordringar
712 883 37 21 och
763 884 58 27 gäld,
836 884 9 20 i

169 917 153 28 arfvingarnes
337 918 52 21 eller
398 918 63 21 deras
467 918 156 28 förmyndares
633 918 52 20 eller
696 917 149 21 ombudsmäns

169 953 104 19 närvaro:
296 952 82 27 skrifve
400 952 37 21 ock
458 959 82 15 samma
558 952 143 28 urpteckning
715 952 76 26 under,
807 952 39 21 der

171 986 40 20 den
233 986 61 26 gälla
316 986 62 25 skall,
401 987 47 20 med
470 987 56 27 edlig
539 986 144 27 förpligtelse,
699 988 33 18 att
746 987 20 26 ej
780 986 66 27 något

169 1020 47 20 med
241 1020 54 27 vilja
318 1020 38 20 och
375 1020 85 28 vetskap
476 1023 27 18 är
517 1020 59 21 doldt
591 1020 37 20 och
643 1020 136 25 utelemnadt,
794 1023 53 18 utan

169 1054 41 20 allt
233 1054 77 27 rigtigt
331 1054 123 28 uppgifvet:
476 1054 38 21 och
528 1061 49 14 vare
592 1054 58 21 ändå
662 1054 89 28 pligtig,
767 1054 38 21 der
820 1055 24 20 så

162 1087 101 28 fordras,
279 1090 32 18 att
326 1088 40 21 den
381 1089 47 20 med
441 1089 55 27 liflig
507 1089 26 20 ed
544 1088 99 21 besanna.
673 1088 80 26 Lefver
763 1088 22 27 ej
794 1095 51 14 man

167 1122 52 21 eller
241 1122 86 26 hustru;
349 1122 73 28 gifven
444 1123 28 21 dä
494 1122 142 28 arfvingarne
657 1129 44 20 upp
717 1122 126 28 egendomen

167 1157 35 21 till
224 1157 148 28 uppteckning,
395 1157 52 21 eller
464 1158 31 24 de,
516 1164 44 14 som
574 1157 40 21 den
629 1157 36 20 vid
679 1156 117 28 dödsfallet
811 1164 33 14 om

167 1191 84 22 händer
272 1191 54 28 haft,
350 1191 36 21 och
408 1191 98 28 skrifven
522 1191 172 28 uppteckningen
709 1191 75 26 under,
799 1198 44 15 som

167 1233 29 14 nu
218 1228 26 18 är
261 1226 70 27 sagdt.
361 1225 74 29 Lyder
449 1226 71 27 arfvet
534 1226 69 21 under
617 1226 159 23 stadsdomstol,
792 1226 52 21 eller

167 1262 26 19 är
208 1260 125 27 egendomen
344 1259 108 28 fastighet
467 1261 8 19 i
489 1260 60 26 stad;
564 1260 28 21 dä
607 1259 67 27 skola,
689 1260 8 20 i
708 1259 49 27 fall
771 1260 21 27 ej
807 1267 36 14 an-

167 1294 110 21 norlunda
297 1294 104 21 särskildt
423 1295 102 26 stadgadt
540 1296 32 24 är,
589 1294 147 27 borgmästare
750 1293 37 21 och
802 1295 41 19 råd

167 1330 80 19 nämna
262 1329 35 20 två
312 1329 52 20 eller
374 1328 56 27 flere
440 1329 81 26 redlige
530 1330 56 23 män,
597 1335 44 14 som
653 1329 126 26 egendomen
789 1335 54 20 upp-

167 1361 75 21 teckna
257 1361 38 21 och
309 1361 103 26 värdera;
428 1369 47 13 men
490 1369 34 13 om
538 1361 45 21 boet
598 1361 61 28 lyder
672 1361 69 21 under
751 1361 91 21 härads-

166 1398 45 18 rätt
231 1396 51 20 eller
302 1395 126 28 egendomen
443 1398 27 18 är
480 1395 110 28 fastighet
604 1396 14 20 ä
633 1395 79 26 landet,
727 1396 36 20 mä
777 1395 65 22 sterd-

166 1430 165 28 husdelegarene
353 1430 61 21 kalla
436 1431 54 27 gode
511 1432 56 25 män,
589 1437 44 14 som
649 1429 55 28 efter
720 1430 61 21 bästa
791 1430 51 27 för-

166 1465 65 22 ständ
245 1465 168 28 uppteckningen
424 1465 39 21 och
470 1465 141 28 värderingen
615 1465 106 27 förrätta.
751 1465 14 21 1
771 1467 69 26 prest-
