1070 1714
260 145 26 20 12
420 145 80 22 Ständ.
515 144 37 23 Sv.
570 157 23 3 —
609 145 70 26 Prop.
695 145 40 21 N:o
749 144 34 21 32.

232 213 88 26 narium,
336 221 44 14 som
396 213 126 22 Ständernas
536 213 68 22 beslut
618 213 78 21 således
706 212 121 26 innehåller,
838 212 70 21 kunde
918 211 48 28 möj-

230 247 56 28 ligen
309 255 59 14 anses
390 247 105 22 föranleda
516 247 114 29 väsentliga
644 247 143 28 förändringar
801 246 8 22 i
823 246 97 28 förslaget
933 253 33 14 om

231 284 67 20 staten
312 282 32 22 för
359 282 35 22 det
407 291 41 20 nya
463 282 124 22 seminariet.
614 282 33 28 Ty
662 281 35 22 det
711 281 114 28 antagande
840 281 65 28 ligger
917 285 50 17 nära

231 317 33 21 till
285 317 71 26 hands,
372 319 30 20 att
420 317 64 28 årliga
502 318 73 20 räntan
589 316 45 22 från
654 316 40 21 den
709 316 103 25 donation,
828 323 44 14 som
886 314 81 29 åtföljer

231 351 114 22 Siitoinska
365 350 122 27 folkskolan,
505 351 70 21 kunde
593 351 104 21 användas
716 350 32 21 till
769 352 30 19 att
812 350 87 21 betäcka
913 349 54 21 helst

231 385 67 29 någon
312 385 33 22 del
360 385 23 22 af
395 385 257 22 underhållskostnaderna
665 384 32 22 för
706 384 126 22 seminariet.
854 384 50 21 Men
915 391 52 14 eme-

232 419 40 22 dan
286 421 14 25 &
315 420 27 21 33
357 419 8 22 i
380 420 108 28 stadgarna
509 419 32 22 för
560 419 60 29 sagde
644 419 102 21 folkskola
767 419 63 21 redan
852 418 116 21 innehåller

232 453 128 23 föreskrifter
381 461 33 14 om
437 456 62 20 sättet
517 456 30 20 att
565 453 95 22 använda
674 453 147 29 afkastningen
835 453 46 22 från
894 452 73 29 jordlä-

231 489 131 28 genheterna,
386 492 52 18 samt
460 488 124 22 åtminstone
605 488 68 28 någon
694 488 34 21 del
750 487 22 22 af
791 487 177 29 penningeräntan

232 523 94 21 kommer
340 525 30 20 att
384 525 57 26 tagas
456 523 5 21 i
478 523 88 28 anspräk
585 522 31 22 för
634 523 40 20 den
696 522 119 22 nuvarande
836 523 133 27 lärareperso-

232 558 72 21 nalens
318 557 96 28 aflöning,
430 557 62 22 hafva
507 557 115 22 Ständerna
636 557 36 21 vid
687 557 132 28 uppgörande
829 556 23 22 af
860 558 67 20 staten
937 557 31 21 för

233 591 35 22 det
288 600 42 20 nya
351 591 119 22 seminariet
491 593 68 20 ansett
574 591 31 28 sig
620 591 18 28 ej
653 591 49 21 böra
716 593 47 26 taga
778 591 8 21 i
799 591 116 28 beräkning
929 591 38 21 den

232 625 65 29 årliga
318 625 146 28 afkastningen
486 626 46 21 från
547 625 131 26 donationen,
692 628 58 23 utan,
765 625 168 22 öfverlemnande
948 625 21 22 åt

234 660 106 29 Styrelsen
355 662 31 20 att
401 660 94 21 deröfver
509 660 8 21 i
533 660 92 27 enlighet
639 659 47 21 med
702 659 219 22 öfverlåtelseskriften
931 659 39 22 för-

233 695 53 28 foga,
306 694 96 29 uppgjort
424 696 66 20 staten
512 694 32 21 för
565 694 35 21 det
622 701 41 21 nya
684 693 120 22 seminariet
821 694 113 22 oberoende
950 694 22 21 af

234 729 68 21 denna
322 729 64 28 årliga
407 729 96 22 afkomst.
540 729 41 22 Vid
606 728 73 22 sådant
692 728 129 22 förhållande
835 728 62 22 hafva
912 728 58 23 Stän-

234 764 64 21 derna
317 763 51 29 tagit
389 763 81 28 hänsyn
492 763 33 22 till
544 763 40 25 det,
601 771 44 14 som
658 762 32 22 för
704 763 135 22 förevarande
854 763 95 22 ändamål
963 763 7 22 i

233 798 153 29 propositionen
404 798 65 25 äskas,
485 798 38 21 och
541 797 72 22 dervid
627 797 18 28 ej
661 797 71 22 funnit
748 798 46 21 skäl
812 797 33 22 till
858 805 69 14 annan
942 798 29 21 af-

234 833 79 21 vikelse
327 832 45 22 från
388 833 129 21 seminariets
531 832 116 29 föreslagna
665 835 47 24 stat,
727 837 27 17 än
769 833 46 26 den,
831 840 44 14 som
889 835 82 26 utgöres

234 867 23 22 af
269 868 92 28 anslaget
375 867 31 22 för
420 867 53 28 hyra
492 867 32 22 för
538 867 88 22 lokalen.
656 867 76 22 Denna
750 867 52 29 hyra
816 867 37 22 bör
867 867 104 29 nemligen

234 901 95 22 bortfalla
350 901 36 22 vid
408 901 129 22 seminariets
559 901 131 29 förläggande
708 902 33 21 till
755 902 94 28 Kymölä
866 903 105 25 hemman,

230 938 50 20 'som
293 936 63 22 redan
368 944 47 21 eger
430 936 123 29 byggnader,
570 936 144 22 motsvarande
729 936 129 22 seminariets
872 937 64 21 behof
944 937 29 22 åt-

235 971 102 21 minstone
356 970 67 22 under
442 970 38 21 den
498 970 64 22 första
577 970 57 22 tiden
649 970 23 21 af
685 971 46 21 dess
744 971 89 26 tillvaro,
848 971 39 22 och
901 972 72 21 hvilka

235 1005 119 28 byggnader
373 1005 103 21 dessutom
499 1005 72 21 kunna
587 1005 147 28 kompletteras
749 1013 74 21 genom
838 1005 135 22 användande

236 1039 23 22 af
271 1039 25 22 de
311 1039 138 29 besparingar,
465 1047 44 14 som
523 1040 31 21 uti
573 1040 40 21 den
630 1039 24 22 af
666 1039 101 22 Finlands
789 1040 126 22 statskontor
936 1040 37 22 för-

237 1075 80 22 valtade
332 1074 114 23 Siitoinska
461 1073 178 23 folkskolefonden
650 1074 104 22 allaredan
764 1074 93 29 uppstått
867 1075 37 21 och
915 1075 60 22 fram-

237 1109 56 22 deles
307 1108 99 29 möjligen
420 1109 73 21 kunna
506 1109 132 28 uppkomma.

302 1144 32 21 På
348 1143 58 22 dessa
420 1143 45 22 skäl
479 1143 63 22 hafva
557 1143 116 22 Ständerna
687 1143 85 22 beslutit

370 1187 32 18 att
420 1184 41 27 för
483 1185 34 20 det
539 1191 43 21 nya
600 1185 123 20 seminariet
747 1185 5 19 ä
769 1184 92 28 Kymölä
876 1184 97 21 hemman

304 1219 63 20 anslå
386 1225 24 14 en
427 1225 80 14 summa
527 1219 29 26 af
566 1219 92 25 224,885
673 1219 62 20 mark
750 1221 32 18 att
797 1219 53 27 utgå
865 1219 69 20 under
949 1219 26 20 år

304 1253 55 19 1880
374 1253 46 19 med
435 1253 78 24 79,147
527 1253 62 19 mark
604 1254 27 18 50
642 1254 75 24 penni,
733 1253 69 19 under
817 1253 25 18 är
858 1254 56 18 1881
928 1253 46 19 med

304 1286 76 23 58,295
403 1285 61 20 mark
487 1285 36 20 och
545 1285 68 20 under
635 1285 26 20 är
681 1287 56 19 1882
755 1285 47 21 med
819 1286 80 25 87,442
913 1285 61 20 mark

304 1320 26 20 50
342 1319 74 27 penni.

303 1383 43 22 Det
361 1383 71 28 anslag
446 1383 22 21 af
481 1384 76 25 84,600
572 1383 59 22 mark
645 1383 33 22 till
692 1383 141 29 befrämjande
843 1383 23 22 af
873 1384 100 29 utvidgad

236 1417 150 30 undervisning
400 1417 7 22 i
422 1417 53 30 slöjd
489 1418 36 21 vid
542 1418 148 22 seminarierna
709 1418 38 22 och
769 1418 145 27 folkskolorna,
930 1427 44 14 som

237 1453 8 22 i
266 1453 153 30 propositionen
442 1453 65 26 äskas,
523 1454 38 21 har
583 1456 59 27 synts
656 1453 117 22 Ständerna
791 1453 86 30 förtjent
891 1454 23 22 af
926 1463 46 21 upp-
