1061 1709
424 120 53 23 N:o
493 120 44 24 29.

376 380 75 26 Hans
486 381 172 34 Kejserliga
690 382 159 34 Majestäts

309 426 89 32 nådiga
415 427 158 33 proposition
591 426 41 26 till
650 427 112 27 Finlands
776 429 72 26 Stän-

310 471 51 31 der,
384 472 125 33 angäende
531 472 147 26 förändrade
697 473 151 27 bestämnin-

310 525 44 25 gar
372 525 38 17 om
428 517 212 27 häradsrätterna.

166 590 194 21 Häradsrätternas
376 592 125 20 nuvarande
516 592 148 27 organisation
674 592 39 21 och
723 593 27 21 de
761 593 89 27 lagtima

107 624 86 26 tingens
213 624 114 26 fätalighet
342 624 65 21 hafva
428 625 69 21 under
521 626 84 20 senaste
628 625 114 22 årtionden
766 627 84 26 utgjort

107 657 88 21 föremål
216 657 33 21 för
270 658 124 26 upprepade
416 658 173 28 anmärkningar,
613 658 74 22 hvilka
708 659 34 21 till
765 666 26 14 en
814 660 36 21 del

107 691 57 21 visat
187 692 34 26 sig
243 698 52 14 vara
317 691 74 21 alltför
406 692 35 20 väl
457 692 111 26 grundade
584 692 33 22 för
632 694 33 20 att
679 693 74 21 kunna
767 694 81 20 lemnas

108 724 128 22 obeaktade.
266 725 42 21 Vid
325 725 54 21 1867
394 726 36 20 års
445 726 103 27 landtdag
564 726 46 21 blef
624 726 82 27 frågan,
726 727 2 19 i
745 732 104 16 samman-

107 759 58 26 hang
179 759 49 21 med
247 759 40 21 den
309 758 27 22 då
350 758 121 28 framlagda
485 759 79 27 nådiga
578 760 162 26 propositionen
755 766 34 15 om
804 760 45 27 lag-

107 794 169 20 mansrätternas
298 792 136 27 indragning,
455 792 89 22 föremål
559 793 33 21 för
607 793 189 27 öfverläggningar
810 794 40 21 hos

106 826 87 20 landets
216 825 99 21 Ständer.
353 825 84 21 Härvid
455 826 109 21 uttalades
584 826 48 21 från
655 826 132 22 Ständernas
803 828 47 20 sida

107 859 42 21 den
164 859 63 26 åsigt,
242 860 33 20 att
290 864 26 15 en
331 859 134 26 ombildning
481 859 22 21 af
517 859 178 21 häradsrätterna
716 860 35 20 till
766 866 83 20 perma-

107 894 66 20 nenta
195 892 124 26 domstolar,
334 893 32 20 uti
380 892 76 21 hvilka
477 893 87 26 inginge
586 892 53 22 flera
661 894 27 19 än
711 899 26 15 en
751 893 99 26 lagfaren

106 926 101 26 ledamot,
228 926 126 26 visserligen
371 932 51 14 vore
438 926 37 20 det
489 926 55 21 enda
560 927 67 20 sättet
642 927 32 19 att
688 928 52 24 göra
754 926 96 26 lagskip-

107 960 80 26 ningen
203 959 12 21 å
229 958 75 22 landet
318 958 34 22 till
367 959 58 21 hvad
441 959 41 21 den
497 959 67 21 borde
579 965 57 20 vara,
652 965 49 15 men
715 959 29 21 då
754 960 26 20 de
790 959 60 21 kost-

107 992 74 26 nader,
196 992 103 21 hvarmed
313 994 32 19 ett
360 992 139 27 fullständigt
515 992 105 22 ernående
636 992 23 21 af
672 992 60 21 detta
746 994 43 20 mål
799 998 51 17 vore

107 1025 106 26 förenadt,
237 1025 129 22 åtminstone
382 1026 28 21 då
425 1026 34 21 för
474 1026 66 26 tiden,
556 1026 121 26 öfverstege
692 1026 85 22 landets
792 1026 58 22 kraf-

107 1060 41 26 ter,
163 1059 84 21 beslöto
263 1059 122 22 Ständerna
400 1060 34 20 för
449 1060 34 20 sin
498 1060 41 26 del,
555 1061 33 19 att
603 1059 41 21 den
655 1065 77 21 genom
742 1060 106 26 lagmans-

107 1094 108 20 rätternas
229 1093 129 27 indragning
377 1093 59 26 ledig
451 1093 110 21 blifvande
576 1092 188 28 tingsgästningen
779 1094 69 21 skulle

107 1126 116 22 oafkortad
233 1126 110 22 användas
351 1126 33 21 till
396 1126 113 22 aflönande
519 1126 23 22 af
551 1126 230 26 häradshöfdingarne,
796 1128 54 20 hvar

107 1161 58 20 inom
181 1160 33 21 sin
237 1160 108 26 domsaga,
368 1160 7 20 i
398 1160 164 26 hufvudsakligt
592 1160 55 26 syfte
669 1161 33 19 att
726 1160 123 26 derigenom

108 1193 103 21 befordra
233 1194 59 20 såväl
317 1193 83 21 ökande
424 1194 23 20 af
466 1194 26 20 de
507 1194 89 26 lagtima
610 1193 166 27 häradstingens
791 1195 58 20 antal

107 1227 35 20 till
158 1227 67 21 minst
249 1229 34 19 tre
306 1232 34 15 om
355 1226 47 22 året
416 1227 8 19 i
440 1227 75 27 hvarje
529 1226 102 27 tingslag,
647 1232 45 15 som
707 1227 41 21 ock
763 1233 86 20 genom-

108 1260 89 21 förande
221 1260 23 22 af
263 1261 27 21 de
312 1260 135 26 regleringar
461 1260 24 20 af
498 1260 148 26 domsagorna,
662 1260 74 21 hvilka
750 1260 7 20 i
772 1261 78 21 sådant

109 1294 102 21 afseende
235 1294 72 21 blefve
331 1293 147 27 erforderliga.
507 1293 80 21 Tillika
601 1293 88 21 anhöllo
705 1292 122 22 Ständerna
842 1294 7 20 i

109 1326 180 27 underdånighet,
312 1328 33 19 att
367 1326 62 21 Hans
444 1326 121 26 Kejserliga
580 1326 102 26 Majestät
696 1326 50 20 ville
761 1326 7 20 i
783 1326 67 21 nåder

110 1360 89 26 vidtaga
221 1360 42 20 alla
285 1360 27 20 de
336 1359 34 21 för
385 1359 141 21 omförmälda
541 1358 98 28 syftemål
655 1358 79 27 nödiga
748 1359 103 26 åtgärder

110 1392 46 27 och,
179 1392 7 21 i
206 1392 41 22 den
262 1392 49 22 mån
326 1392 286 27 lagmanstingsgästningen
627 1391 71 21 blefve
711 1392 66 26 ledig,
793 1392 57 22 inom

109 1426 27 21 de
152 1426 121 27 domsagor,
289 1426 37 22 der
346 1426 41 21 den
401 1426 48 21 icke
465 1427 75 25 genast
550 1425 72 21 kunde
631 1424 54 22 efter
694 1425 157 22 ofvannämnda
