1036 1714
277 144 29 24 U.
320 144 28 24 B.
364 158 26 3 —
405 146 74 28 Prop.
495 146 44 23 N:o
554 146 35 22 26.
753 146 25 20 15

61 212 78 29 ningen
153 214 32 20 uti
200 214 88 26 trakter,
304 221 44 15 som
364 215 131 28 gemenligen
509 215 74 28 plägat
597 216 126 21 konsumera
732 215 75 28 betyd-

61 247 44 28 liga
123 248 129 27 qvantiteter
267 248 24 22 af
301 249 63 28 ryskt
378 249 58 28 mjöl,
452 249 131 22 öfverträffat
599 250 90 21 skörden
704 250 31 20 uti
751 249 55 26 dem,

61 288 46 15 som
121 289 60 15 mera
195 283 95 21 utmärkt
305 283 32 28 sig
351 290 77 20 genom
442 284 135 27 sädesodling
592 284 40 20 och
646 284 97 26 vanligen
753 284 53 20 kun-

61 318 38 20 nat
117 316 65 22 aflåta
201 317 63 21 deraf
280 317 33 21 till
327 317 68 21 andra
411 320 64 23 orter,
494 318 23 21 så
532 318 73 28 tyckes
620 318 61 21 äfven
697 318 59 20 detta
770 318 36 20 be-

61 351 45 21 visa
129 351 26 21 de
176 352 96 27 primära
293 352 149 28 uppgifternas
464 352 83 22 brister.
581 352 32 22 De
635 352 60 21 fakta
713 352 93 21 tabellen

60 387 108 26 upptager
186 386 72 21 kunna
276 386 124 26 emellertid,
419 388 44 20 rätt
478 387 132 27 begagnade,
626 387 7 21 i
649 386 107 28 åtskilliga
771 386 35 22 de-

60 420 34 21 lar
108 420 74 28 belysa
196 421 78 26 ämnet,
290 421 39 21 och
344 420 110 22 Utskottet
468 422 39 20 har
522 421 84 22 derföre
622 423 69 19 ansett
706 422 32 27 sig
752 421 56 21 böra

61 455 50 27 foga
126 455 122 21 densamma
264 455 32 21 till
311 455 26 22 de
352 455 69 29 öfriga
436 456 115 26 bilagorne.
575 456 103 28 Slutligen
694 456 113 21 anmärkes

61 490 39 21 här
119 491 38 25 att,
175 489 47 23 ifall
240 490 125 28 odlingarne
384 490 40 22 och
439 490 90 22 skörden
545 490 7 22 i
567 489 68 29 några
650 490 58 22 delar
724 490 24 21 af
760 490 46 22 lan-

60 524 73 22 landet
150 524 47 22 icke
215 532 62 21 synes
296 526 107 20 motsvara
418 525 121 21 hvarandra
552 525 32 21 uti
599 527 30 19 ett
644 525 105 28 antagligt
764 525 43 21 för-

59 558 107 27 hållande,
181 558 25 23 så
220 559 42 22 kan
278 560 57 21 detta
350 560 90 21 härröra
456 560 63 21 delvis
535 560 24 21 af
572 560 40 21 den
623 560 183 27 omständigheten

61 596 32 19 att
111 594 150 28 kyttländerna
279 595 7 20 i
305 589 137 27 Österbotten
460 595 40 21 och
519 595 102 21 svederna
635 595 8 20 i
658 595 102 21 Savolaks
774 595 32 20 uti

60 629 87 28 bilagan
161 629 41 21 N:o
218 630 11 19 2
246 629 46 21 icke
306 628 69 29 ingått
390 629 31 21 uti
436 629 111 28 kategorin
563 629 23 22 af
599 629 64 22 odlad
675 629 57 28 jord.

128 698 76 27 Bilagan
223 697 29 22 N:o
272 698 12 21 4
302 697 144 28 ådagalägger
461 700 31 19 att
507 698 203 27 jernproduktionen
725 699 25 20 är
766 697 40 22 den

60 732 55 21 enda
129 739 52 20 gren
196 732 24 21 af
232 732 212 28 bergshanteringen,
460 739 45 14 som
519 733 7 20 i
541 733 73 20 landet
629 733 39 20 har
682 731 71 29 någon
768 739 38 14 an-

59 767 176 27 märkningsvärd
254 767 133 28 betydenhet.
417 767 61 21 Invid
497 767 47 22 dess
562 767 65 21 södra
641 767 40 21 och
696 767 111 27 sydvestra

59 801 50 22 kust
124 801 39 22 och
179 801 33 22 för
227 801 65 28 öfrigt
305 801 57 22 inom
378 801 36 22 det
428 801 93 26 område,
537 809 44 14 som
596 801 96 28 betjenas
708 801 23 21 af
739 801 67 22 redan

61 835 92 28 anlagda
165 836 122 27 jernvägar,
303 835 67 22 finnas
386 835 107 28 åtskilliga
504 836 106 28 jernverk,
629 835 71 22 hvilka
716 836 7 20 i
738 835 68 22 öfver-

59 870 97 29 vägande
171 870 53 28 grad
239 870 103 22 förbruka
356 871 114 21 utländska
484 871 93 21 malmer.
604 869 31 22 På
649 870 65 21 Wasa
723 870 37 21 län
770 869 36 22 be-

59 905 51 28 löpa
128 905 33 28 sig
179 904 67 29 några
265 905 85 28 ringare
366 905 56 26 verk,
439 905 39 22 och
494 905 25 22 de
534 905 76 28 öfriga,
625 905 71 21 hvilka
711 905 34 21 för
759 905 45 21 lan-

60 940 36 21 det
114 939 64 22 hafva
197 946 26 14 en
240 939 92 22 särskild
350 940 40 20 och
409 939 155 28 öfvervägande
582 939 114 28 betydelse,
716 939 88 21 emedan

59 974 26 21 de
108 975 37 20 äro
163 973 135 22 uteslutande
315 973 71 28 bygda
405 973 28 28 på
451 974 96 21 inhemsk
565 973 161 28 malmtillgång,
749 973 56 21 före-

59 1008 85 22 komma
158 1008 8 20 i
180 1008 131 28 granskapet
326 1008 24 22 af
363 1008 72 22 Saima
450 1009 150 27 vattensystem
616 1008 40 21 och
667 1007 65 23 delvis
742 1007 62 22 äfven

59 1041 54 23 Uleå
127 1042 133 28 vattendrag.

126 1112 77 27 Bilagan
217 1111 29 22 N:o
262 1112 18 20 5.
308 1111 41 22 Det
364 1111 61 22 torde
440 1118 51 15 vara
506 1111 87 22 faktiskt
608 1113 32 19 att
650 1111 101 21 Finlands
761 1111 43 21 fro-

59 1146 82 28 digaste
161 1146 39 22 och
219 1146 62 21 bästa
299 1146 79 28 skogar
397 1146 33 21 för
449 1146 134 21 närvarande
601 1144 115 23 återfinnas
731 1146 31 20 uti
778 1146 27 21 de

57 1181 90 26 trakter,
161 1188 44 14 som
221 1182 37 20 äro
273 1180 91 28 belägna
378 1180 34 21 vid
428 1180 25 22 de
464 1181 97 27 nordliga
571 1180 118 21 tillflödena
700 1180 33 21 till
743 1180 61 21 Näsi-

55 1215 67 28 järvis
144 1215 40 21 och
205 1214 99 28 Päijänes
326 1216 78 20 vatten.
434 1215 44 21 Der
501 1214 68 22 finnas
587 1213 56 23 både
660 1214 85 28 privata
764 1214 39 21 och

57 1250 83 21 kronan
154 1250 108 27 tillhöriga
277 1249 84 28 skogar,
376 1249 72 21 hvilka
462 1250 7 20 i
485 1249 105 21 anseende
605 1249 32 20 till
653 1248 26 22 de
689 1248 64 28 länga
764 1249 39 21 och

57 1283 120 28 besvärliga
192 1284 159 21 vattenlederna
361 1284 46 21 icke
417 1284 72 21 kunna
498 1283 153 28 tillgodogöras
661 1290 75 21 genom
747 1283 57 21 flott-

57 1318 51 28 ning
125 1319 53 20 utan
196 1318 109 28 betydliga
321 1318 116 22 kostnader
455 1318 40 21 och
510 1318 120 21 tidsförlust
644 1317 35 21 vid
693 1319 112 25 transpor-

57 1354 42 19 ten.
128 1351 34 21 Dä
180 1352 148 21 erfarenheten
346 1352 66 20 redan
427 1352 55 20 visat
496 1353 32 19 att
542 1351 84 21 landets
639 1351 115 27 jernvägar
769 1358 36 20 ge-

57 1392 49 15 nom
125 1386 105 27 skogarne
248 1385 85 22 erhällit
350 1392 60 14 mera
424 1384 167 28 sysselsättning,
607 1391 34 15 om
657 1384 63 22 ocksä
734 1385 48 21 icke
796 1385 8 20 i

57 1426 82 16 samma
153 1418 133 24 förhällande
301 1420 69 22 större
383 1418 190 28 nettobehällning,
589 1420 28 20 än
631 1418 48 22 frän
689 1418 66 28 nägot
765 1426 37 14 an-

57 1456 38 20 nat
109 1453 51 28 häll,
175 1453 25 23 sä
214 1455 72 28 tyckes
301 1454 69 22 denna
384 1454 47 22 sida
446 1454 24 22 af
482 1452 75 30 frägan
572 1453 93 29 förtjena
675 1460 25 16 en
711 1454 93 22 särskild

125 1497 90 22 Jernvägs-
219 1496 87 17 Utskottets
317 1495 107 18 betänkande.
