1064 1711
234 148 13 21 4
391 147 27 19 U.
432 148 30 17 B.
476 157 23 3 —
511 148 77 22 Prop.
602 148 46 18 N:o
662 148 35 18 30
711 147 66 19 m.fl.

205 216 173 28 ifrågavarande
393 216 59 21 skatt
467 216 93 28 inflyter,
576 216 69 21 skulle
660 216 35 21 till
710 216 246 27 kommunikationsfon-

205 251 41 20 den
260 251 59 27 ingå.

275 286 71 20 Jemte
362 286 35 20 det
413 286 99 26 samtliga
527 286 90 20 stånden
632 285 96 26 godkänt
740 285 123 21 Utskottets
874 285 81 26 förslag

205 319 132 22 beträffande
359 320 92 21 berörda
473 320 76 26 anslag
571 320 33 21 till
623 320 77 26 belopp
720 319 23 21 af
761 321 112 25 3,060,000
888 320 67 25 mark,

206 354 63 21 hafva
292 355 76 20 endast
390 354 105 27 Borgare-
517 354 39 21 och
576 354 166 21 Bondestånden
757 353 106 22 definitivt
878 354 80 21 bifallit

206 389 33 20 till
255 389 36 20 det
307 389 174 26 öfverskjutande
497 389 111 26 beloppets
625 388 149 21 öfverförande
789 389 33 20 till
839 388 118 21 kommuni-

205 423 172 26 kationsfonden,
398 423 111 21 hvaremot
524 423 158 26 Ridderskapet
697 423 38 21 och
752 423 69 20 Adeln
837 424 56 19 samt
907 423 51 20 Pre-

207 458 120 20 steständet
341 457 50 21 lätit
405 458 49 20 med
470 458 84 25 slutligt
571 457 116 26 afgörande
703 458 6 19 i
725 457 70 21 denna
811 457 33 20 del
859 457 59 21 bero.

278 491 49 22 Som
343 492 26 20 de
385 492 53 25 skäl,
450 492 72 20 hvilka
532 492 115 21 motiverat
657 491 158 27 Ridderskapet
826 492 39 20 och
876 491 81 21 Adelns

207 527 56 19 samt
285 525 174 22 Presteständets
483 526 143 26 nyssnämnda
651 525 78 26 beslut,
755 532 88 14 numera
868 526 91 20 förlorat

206 560 105 26 giltighet,
329 560 33 20 fär
378 559 167 21 Statsutskottet
559 560 112 20 vördsamt
685 560 91 20 föreslä:

413 630 32 18 att
467 628 158 27 Ridderskapet
648 627 38 21 och
709 628 72 20 Adelm
803 630 56 18 samt
873 628 88 21 Preste-

343 662 92 26 ståndet,
451 663 8 20 i
475 662 65 21 likhet
555 663 47 20 med
617 662 25 21 de
658 663 34 20 två
708 662 75 28 öfriga
799 663 96 25 stånden,
912 663 49 20 ville

343 697 88 25 besluta,
460 700 33 18 att
523 698 34 20 det
583 697 80 27 belopp,
690 704 44 14 som
763 698 84 27 årligen
872 698 88 27 inflyter

343 739 74 20 genom
445 732 186 21 bränvinsskatten
660 732 85 27 utöfver
774 739 67 14 ofvan
871 732 90 21 berörda

344 767 117 24 3,060,000
476 766 69 25 mark,
561 766 58 21 skall
634 767 36 20 till
685 767 277 26 kommunikationsfonden

345 801 131 27 öfverföras.

281 904 37 21 Uti
334 904 146 22 betänkandet
494 911 34 15 n:o
547 906 24 20 12
589 904 57 27 (sida
661 904 36 28 41)
713 905 39 20 har
766 904 130 22 Utskottet
889 900 15 37 i
909 911 54 15 sam-

207 939 107 26 manhang
337 939 48 21 med
407 939 41 21 den
470 939 120 27 framlagda
608 939 100 27 kalkylen
733 939 59 21 öfver
815 940 148 20 kommunika-

209 974 136 20 tionsfonden
366 974 79 26 jemväl
468 973 103 21 förutsatt
595 974 137 26 möjligheten
752 974 22 20 af
788 976 38 24 att,
843 975 65 20 sedan
924 975 37 20 nä-

209 1009 50 25 diga
281 1008 163 27 propositionen
468 1008 111 26 angående
600 1008 116 26 jernvägar
731 1008 72 21 blifvit
817 1009 39 21 hos
873 1009 90 21 stånden

209 1043 127 24 behandlad,
361 1044 30 19 ett
415 1042 84 27 slutligt
522 1042 136 22 betänkande
674 1043 7 20 i
697 1042 86 27 frågans
803 1042 111 22 finansiela
930 1044 33 20 del

210 1078 71 20 kunde
297 1077 67 21 blifva
380 1077 143 27 erforderligt,
540 1078 109 21 äfvensom
667 1077 112 21 Utskottet
799 1079 32 20 uti
847 1078 118 21 betänkan-

211 1112 36 21 det
261 1118 34 14 n:o
314 1113 23 19 11
355 1112 57 26 (sida
423 1112 36 26 37)
472 1112 70 21 såsom
553 1112 92 21 resultat
655 1112 23 20 af
688 1112 40 20 den
739 1113 124 21 verkstälda
874 1113 90 26 gransk-

210 1146 78 26 ningen
311 1145 23 21 af
357 1145 287 22 kommunikationsfondens
671 1146 147 27 räkenskaper
848 1147 118 20 framhållit

211 1182 32 19 att
258 1180 212 26 nettobehållningen
485 1181 23 20 af
520 1181 154 26 jernvägarnes
687 1180 157 27 jemförelsevis
855 1181 110 26 betydliga

211 1213 64 22 trafik
290 1214 47 21 icke
353 1216 119 19 motsvarat
488 1215 84 26 skäliga
587 1215 169 26 förväntningar,
773 1215 39 21 och
827 1215 6 21 i
851 1216 114 25 anledning

211 1249 62 20 deraf
294 1249 79 20 uttalat
396 1249 33 20 sin
451 1249 144 26 förhoppning
618 1251 32 18 att
665 1250 7 19 i
687 1251 32 18 ett
742 1252 66 17 annat
831 1250 135 19 betänkande

211 1283 85 20 komma
311 1283 7 20 i
334 1283 85 20 tillfälle
435 1284 32 19 att
482 1285 99 18 närmare
604 1283 99 21 utveckla
724 1283 118 20 orsakerna
857 1284 33 19 till
907 1284 60 20 detta

211 1317 136 20 förhållande
364 1317 38 20 och
420 1317 26 20 de
462 1317 107 26 åtgärder,
586 1323 46 15 som
648 1317 63 21 deraf
725 1317 73 21 kunna
813 1317 129 22 föranledas.

282 1352 51 21 Men
357 1351 65 21 sedan
444 1351 90 22 stånden
550 1358 89 15 numera
655 1352 90 21 kommit
760 1353 32 20 till
810 1354 157 25 samstämmigt

211 1386 72 22 beslut
305 1386 92 21 rörande
417 1386 150 21 användandet
583 1386 22 21 af
619 1386 289 22 kommunikationsfondens
924 1388 43 20 till-

213 1421 81 26 gångar
317 1421 33 20 till
371 1420 209 27 jernvägsbyggnad,
605 1423 24 18 är
651 1421 66 26 något
740 1422 100 26 yttrande
856 1422 111 26 angående

214 1455 121 21 beredande
351 1454 23 21 af
388 1455 69 20 medel
472 1454 33 21 för
521 1455 60 21 detta
596 1455 99 21 ändamål
707 1456 17 27 ej
737 1455 73 22 vidare
822 1455 144 30 erforderligt,

288 1494 139 18 Statsutskottets
439 1494 106 19 betänkande
557 1495 34 18 N:o
604 1495 27 19 16,
