1056 1709
237 142 27 19 30
527 140 50 20 N.o
593 140 49 21 28.

209 214 73 20 garne,
301 208 68 21 borde
386 207 112 21 nedsättas
518 208 39 20 och
572 207 132 26 bestämmas
720 207 33 21 till
770 214 26 14 en
812 206 105 28 fjerdedel
932 206 23 22 af

209 242 49 21 hela
273 242 109 26 beloppet.

275 282 76 26 Enligt
373 287 29 15 nu
422 280 100 27 gällande
541 280 155 27 författningar
725 282 24 19 är
766 281 36 20 väl
816 280 84 22 tionde-
916 282 39 20 och

209 316 144 26 räntegifvare
369 314 86 28 skyldig
470 316 33 20 att
517 315 13 21 å
544 314 70 22 indelt
630 314 82 22 tionde-
728 315 40 21 och
784 314 171 27 afradsspanmål

209 350 88 26 erlägga
315 349 70 21 forlön
400 348 49 22 med
465 350 12 20 1
493 349 60 21 mark
569 349 28 20 92
611 348 66 26 penni
693 349 12 21 å
721 349 74 26 hvarje
810 350 68 20 tunna
893 355 63 21 span-

209 384 49 26 mål,
274 390 46 14 som
339 383 7 21 i
365 383 120 27 penningar
503 384 68 24 löses;
592 382 112 22 hvaremot
719 382 67 22 sådan
802 383 70 21 forlön
888 384 68 26 enligt

208 418 60 21 äldre
292 418 40 20 och
355 422 76 16 senare
450 417 153 26 författningar
620 416 48 22 icke
688 416 132 22 tillkommer
840 417 83 22 kronan
943 418 13 20 å

209 453 49 20 dess
277 452 102 20 behållna
398 451 166 27 räntespanmål,
586 452 52 19 utan
659 452 77 20 endast
752 451 12 21 å
780 451 26 21 de
821 451 33 21 till
870 451 84 21 kronan

208 486 107 26 indragna
333 485 83 27 militie,
437 486 86 26 lönings
543 484 40 22 och
598 484 68 22 andre
680 485 84 21 indelta
778 485 110 22 hemmans
906 488 49 18 rän-

208 522 41 19 tor.
278 520 34 20 Då
326 519 171 27 likstämmighet
512 519 131 21 härutinnan
658 525 51 15 vore
724 519 115 26 önskvärd,
848 520 40 20 har
894 520 61 20 Hans

209 554 122 26 Kejserliga
350 553 102 27 Majestät
467 554 72 20 ansett
554 552 28 22 all
598 552 122 28 beräkning
735 553 23 21 af
771 553 70 21 forlön
857 554 13 20 &
885 555 70 19 ränte-

209 587 130 27 spanmålen,
363 587 70 21 ehvad
457 587 41 21 den
516 587 34 20 till
569 588 70 19 större
660 587 52 21 eller
732 587 84 20 mindre
832 587 34 21 del
882 587 7 21 i
904 593 51 20 pen-

209 622 78 26 ningar
301 621 106 27 erlägges,
423 621 54 21 böra
492 621 34 21 för
541 620 116 22 framtiden
672 621 104 26 upphöra.

275 667 112 27 Derjemte
401 666 40 21 har
455 666 61 21 Hans
531 666 122 27 Kejserliga
668 666 102 27 Majestät
784 668 58 20 velat
850 668 33 20 för
893 667 62 21 Stän-

209 702 67 21 derna
295 701 120 27 frambålla,
435 701 103 21 hurusom
557 700 137 22 Statsverket
713 707 76 21 genom
804 702 114 21 införande
934 702 23 20 af

209 736 27 21 de
250 742 30 14 nu
295 735 123 27 föreslagna
433 735 124 26 grunderna
572 734 34 22 för
621 735 334 27 räntepersedle-omsättningen

208 769 84 21 komme
307 770 32 20 att
353 769 120 21 vidkännas
489 775 25 14 en
531 768 82 28 ganska
623 769 99 26 betydlig
732 769 124 27 minskning
864 770 32 21 uti
906 770 49 20 dess

208 802 79 22 hittills
302 802 124 28 påräknade
442 803 108 21 ordinarie
565 802 127 26 inkomster,
700 802 113 22 beräknad
821 804 34 20 till
863 804 91 26 165,000

208 836 61 22 mark
285 843 34 15 om
334 837 53 26 året,
401 836 92 22 likasom
509 837 40 22 ock
565 843 25 15 en
606 836 56 28 årlig
672 837 141 27 nedsättning
824 838 26 21 af
856 837 101 27 omkring

208 873 77 25 35,000
307 872 61 21 mark
391 872 32 20 uti
446 872 41 20 den
507 873 63 19 ränta
592 873 112 25 augments
726 872 98 21 hemman
840 874 23 19 är
878 872 78 26 påförd

206 906 79 26 jemväl
301 906 7 20 i
323 905 54 27 följd
391 905 65 21 häraf
470 905 70 21 skulle
556 907 40 25 äga
611 911 53 20 rum,
679 912 49 14 men
744 907 32 20 att
792 906 61 21 Hans
868 906 87 26 Kejser-

207 939 45 27 liga
267 940 108 26 Majestät,
389 939 139 22 vidhållande
544 940 41 20 den
600 939 90 27 princip,
706 946 46 15 som
767 940 59 26 legat
840 940 34 21 till
885 940 71 26 grund

207 973 34 21 för
267 974 41 21 den
331 980 76 20 genom
430 973 187 27 ofvanåberopade
640 974 80 27 nådiga
744 974 101 21 manifest
868 974 22 21 af
914 974 42 21 den

209 1008 17 36 E
233 1008 46 40 A
300 1014 56 21 1840
373 1014 110 26 påbjudna
498 1014 132 26 omsättning
645 1013 24 21 af
681 1014 210 27 räntepersedlarne,
907 1014 49 21 der-

209 1055 36 21 vid
265 1054 70 27 nägon
350 1053 187 28 ränteförhöjning
552 1054 48 21 icke
616 1053 78 27 afsägs,
710 1060 64 15 anser
790 1054 71 21 denna
875 1054 81 22 minsk-

209 1088 52 26 ning
280 1088 7 20 i
303 1088 203 21 statsinkomsterne
522 1088 18 26 ej
557 1088 53 20 böra
625 1089 78 25 utgöra
718 1088 78 20 hinder
811 1088 33 21 för
859 1094 30 15 nu
904 1088 52 21 ifrä-

209 1122 123 26 gavarande
347 1121 92 27 ändring
454 1122 32 20 uti
501 1122 125 26 grunderna
640 1120 34 22 för
688 1122 215 26 räntepersedlarnes
912 1128 43 15 om-

209 1155 102 25 sättning.

276 1194 31 22 Pä
325 1194 155 22 ofvananförda
495 1195 46 21 skäl
559 1195 37 21 vill
604 1195 60 22 Hans
674 1196 122 26 Kejserliga
807 1196 103 26 Majestät
920 1195 34 21 till

209 1228 200 22 Landtständernas
425 1230 122 26 antagande
562 1229 80 22 föreslä
656 1230 97 27 följande
768 1230 130 26 stadgande:

337 1268 22 26 »I
373 1268 208 22 Storfurstendömet
590 1268 98 27 Finland,
700 1268 49 22 med
760 1269 110 26 undantag
881 1268 23 22 af
911 1268 43 22 Wi-

311 1301 64 28 borgs
398 1302 35 20 län
455 1302 40 20 och
519 1302 46 21 före
583 1302 61 21 detta
662 1302 83 22 Torneä
764 1302 67 22 härad
850 1302 24 22 af
891 1302 63 22 Uleä-

309 1336 66 27 borgs
389 1336 42 26 län,
448 1336 61 21 skola
524 1336 115 22 framdeles
648 1336 12 21 å
671 1343 26 15 en
703 1336 188 27 jordeboksrubel,
900 1336 54 22 hvil-

309 1370 38 22 ket
369 1370 104 22 skattetal
491 1370 96 22 kommer
614 1372 33 20 att
668 1371 116 21 benämnas
807 1372 85 26 ,skatt'*
914 1371 39 21 och

309 1404 94 22 fördelas
417 1405 8 21 i
440 1405 142 27 tiondedelar,
598 1405 106 22 beräknas
723 1406 111 26 persedlar
850 1405 39 22 och
901 1405 52 21 kon-

309 1440 61 20 tanta
393 1439 120 27 penningar
537 1440 34 21 till
599 1439 94 27 följande
715 1440 85 27 belopp,
819 1448 7 14 i
838 1442 74 21 stället
920 1441 34 21 för
