1056 1714
227 103 12 21 8
419 101 36 25 |.
472 102 23 23 B:
507 109 24 9 <
542 101 65 29 Prop.
624 101 39 24 N:o
678 96 39 29 28.

199 167 132 22 allmännare
350 167 127 21 missväxter
495 161 31 27 ett
544 165 118 23 vidsträckt
680 165 185 23 verksamhetsfält
879 165 32 21 uti
926 165 26 21 de

197 200 142 23 nöälidandes
357 200 152 29 bispringande
529 200 50 22 med
597 195 36 27 lån
653 200 53 22 eller
724 200 112 21 förseeride
854 199 50 21 med
918 206 34 14 ar-

197 235 148 28 betsförtjenst
365 235 52 22 eller
436 235 68 22 andra
523 236 89 43 utvägar
632 236 32 20 att
682 233 82 23 erhålla
783 234 119 28 penningar
920 233 33 22 till

197 270 66 28 inköp
279 270 24 21 af
315 269 104 28 spanmål.

266 304 10 21 I
291 304 110 22 Utskottet
415 304 40 22 har
469 304 34 22 väl
518 302 61 30 fråga
593 303 80 26 väckts,
684 302 105 23 huruvida
800 303 36 21 det
845 302 48 22 icke
903 309 51 15 vore

197 339 122 28 betänkligt
336 340 33 20 att
387 339 71 21 lemna
475 338 121 28 Uleåborgs
615 338 36 21 län
666 339 51 20 utan
734 338 26 21 de
777 342 115 21 ressurser,
908 344 46 15 som

198 374 95 22 kronans
309 372 183 29 spanmålsförråd
506 374 35 21 vid
555 372 129 22 inträffande
698 372 127 22 missväxter
839 372 72 22 kunde
920 379 33 14 er-

197 408 66 28 bjuda
278 408 165 28 jordbrukaren,
459 408 180 27 hufvudsakligen
653 407 8 21 i
676 407 101 21 afseende
796 406 13 22 &
830 406 124 23 erhållande

198 443 24 21 af
239 443 82 28 dugligt
339 443 78 21 utsäde
436 443 8 21 i
463 442 89 28 behörig
571 442 39 22 tid.
647 442 49 21 Men
716 448 45 16 som
777 441 87 29 upplyst
878 441 76 25 blifvit,

198 479 33 20 att
245 478 8 21 i
267 477 120 29 Uleåborgs
402 477 43 27 län,
460 477 49 22 med
524 477 109 27 undantag
648 476 100 28 möjligen
758 476 34 22 för
801 476 27 22 de
838 476 116 28 sydligaste

199 512 103 26 häraden,
317 512 64 28 högst
395 512 48 22 litet
458 511 97 29 spanmål
568 511 22 22 in
600 512 77 21 natura
687 511 113 26 levereras;
810 511 40 22 och
861 510 94 23 kronans

200 547 123 29 magasiner
347 546 84 23 således
454 547 35 22 vid
510 546 102 23 missväxt
631 546 72 22 kunna
722 546 70 22 lemna
812 546 76 22 endast
904 546 51 28 föga

200 581 99 29 spanmål
314 582 33 22 till
361 582 83 26 utsäde,
460 582 39 22 har
514 581 110 23 Utskottet
634 582 70 21 ansett
714 582 33 21 att
755 581 48 22 icke
813 581 69 22 heller
891 580 64 22 Uleå-

197 617 66 29 borgs
285 617 36 22 län
339 618 64 28 utgör
421 616 65 29 något
504 617 111 27 undantag
633 616 47 22 från
696 616 41 22 den
752 616 202 28 allmänna
872 616 82 28 regeln.

268 652 51 22 Men
335 659 34 15 om
385 652 36 21 det
436 650 66 23 också
517 651 115 29 medgifves
646 653 32 19 att
692 650 198 29 räntespanmålens
900 651 55 21 leve-

197 687 72 28 rering
289 686 23 22 in
333 688 78 20 natura
425 693 90 15 numera
529 686 47 22 icke
592 686 25 21 är
631 685 24 22 af
667 685 70 29 någon
752 686 44 28 vigt
810 686 34 22 för
855 685 101 29 jordbru-

200 721 67 21 karen
287 721 40 21 och
347 720 34 22 för
401 720 36 22 det
457 720 108 22 allmänna
583 726 59 15 mera
659 720 85 28 skadlig
762 721 28 21 än
808 720 105 28 gagnelig,
931 719 25 22 så

200 756 43 20 kan
263 755 56 22 dock
333 755 110 26 invändas,
459 756 32 20 att
504 754 77 22 liksom
597 754 69 28 öfriga
680 754 172 28 räntepersedlar
866 754 68 22 redan
948 748 8 21 i

203 790 91 21 kontant
308 789 59 29 utgä,
383 790 61 21 äfven
459 787 198 30 räntespanmälens
672 788 130 29 erläggande
816 789 7 21 i
838 788 118 28 penningar

200 824 43 22 kan
253 824 114 29 päbjudas,
377 826 52 20 utan
440 826 31 20 att
481 824 154 28 grundskatten
646 824 85 22 derföre
740 824 102 22 behöfver
852 825 103 21 omsättas

201 860 7 20 i
224 866 26 14 en
265 858 29 22 fix
309 859 176 28 penningeränta,
500 859 137 28 hvarigenom
652 858 94 22 kronans
760 859 118 21 inkomster
887 858 69 22 under

201 894 96 22 tidernas
311 894 52 28 lopp
379 894 84 22 komme
479 895 32 20 att
525 894 7 21 i
547 893 134 22 förhällande
696 893 33 22 till
744 894 70 28 öfriga
823 894 79 22 värden
912 894 42 22 för-

200 928 96 22 minskas
312 928 40 22 och
365 928 158 28 jordbrukaren
538 930 31 20 att
583 928 127 28 tillskyndas
726 935 26 15 en
767 929 69 21 fördel
846 928 29 28 pä
885 928 70 29 öfriga

202 963 198 22 samhällsklassers
417 963 126 21 bekostnad.
579 963 82 21 Härvid
675 963 40 21 bör
730 963 56 21 dock
800 962 154 29 ihägkommas,

201 998 56 22 hvad
272 997 111 22 Utskottet
397 998 63 21 ofvan
475 997 49 22 sökt
538 996 121 27 framhålla,
674 999 32 20 att
715 996 48 23 icke
773 998 92 22 allenast
875 998 41 22 den
925 1005 29 14 nu

201 1032 100 28 gällande
316 1032 178 28 undervisningen
509 1033 82 27 stegrat
602 1032 136 28 jordskatten
752 1032 106 29 betydligt
872 1032 83 22 utöfver

199 1067 56 21 hvad
275 1066 42 22 den
336 1066 69 22 skulle
425 1066 87 28 utgjort,
532 1073 34 15 om
586 1066 41 22 den
646 1066 132 22 fortfarande
798 1066 72 29 utgått
888 1066 67 29 enligt

202 1102 26 20 de
244 1101 71 28 gamla
329 1101 211 27 undervisningarna,
556 1102 51 20 utan
622 1100 60 22 äfven
696 1102 32 20 att
738 1102 112 21 enahanda
860 1102 96 28 stegring

198 1135 50 22 med
269 1135 29 21 all
319 1134 136 23 sannolikhet
470 1135 79 28 jemväl
563 1135 8 21 i
586 1142 27 15 en
627 1135 88 22 framtid
730 1136 56 22 skall
800 1136 93 26 inträffa,
908 1136 47 22 ifall

200 1170 147 28 grundräntan
362 1170 81 22 utföres
459 1170 7 21 i
480 1169 67 29 några
561 1169 29 27 få,
606 1170 7 21 i
623 1170 97 22 handeln
731 1170 116 22 eftersökta
858 1171 96 22 artiklar.

199 1205 44 21 Det
258 1206 25 20 är
297 1204 125 28 visserligen
436 1204 67 27 fallet,
519 1206 32 20 att
565 1205 122 28 stegringen
702 1205 23 21 af
732 1205 146 28 grundräntan
889 1205 66 28 enligt

200 1246 29 15 nu
246 1239 101 28 gällande
361 1239 152 27 undervisning
527 1239 55 22 varit
597 1239 129 28 ojemförligt
740 1241 68 20 större
818 1240 69 21 under
896 1240 58 21 förra

200 1272 82 22 hälften
297 1272 23 21 af
334 1272 41 21 den
390 1272 66 22 sedan
472 1273 56 21 1850
541 1272 102 22 förflutna
657 1273 146 27 tidsperioden
818 1273 40 22 och
873 1275 33 20 att
920 1280 28 15 or

198 1307 67 21 saken
285 1306 33 21 till
339 1307 41 20 den
399 1307 106 21 derunder
522 1307 115 21 inträffade
656 1307 84 28 hastiga
755 1307 149 29 förhöjningen
920 1307 33 22 så-

198 1341 69 22 lunda
282 1348 62 21 synes
359 1341 33 21 till
407 1340 71 29 någon
493 1341 35 22 del
543 1342 72 21 kunna
629 1341 124 23 tillskrifvas
764 1344 31 20 ett
805 1343 149 28 deprecieradt

199 1376 125 29 myntvärde
340 1376 41 22 och
395 1376 68 22 andra
478 1376 104 23 abnorma
596 1375 156 24 förbållanden.
786 1377 49 22 Men
850 1377 36 23 det
901 1379 25 21 är
940 1377 13 23 å

198 1412 68 22 andra
285 1411 61 22 sidan
364 1411 47 22 icke
431 1413 32 20 att
480 1412 88 26 förbise,
590 1413 32 20 att
641 1411 155 28 förhållanden,
817 1420 35 15 om
870 1413 42 22 ock
931 1413 23 22 af

266 1449 140 19 Statsutskottets
421 1451 114 18 betänkande
549 1450 36 19 N:o
601 1448 19 21 6.
