970 1711
158 130 28 21 40

130 193 94 22 hörande
238 193 115 22 kostnader
368 194 69 22 blifvit
451 194 81 28 gjorda,
547 194 105 22 förklaras
668 194 40 22 lätt
722 194 7 21 i
745 195 47 21 stöd
807 194 23 22 af
839 195 36 21 det

130 227 182 28 nästföregående.

233 261 24 26 d)
272 262 118 27 Trummor,
406 263 153 28 afloppsdiken.
589 264 33 21 De
632 263 59 22 förra
700 264 107 21 förkortas
817 264 7 21 i
834 264 42 21 för-

131 296 99 22 hållande
244 296 34 22 till
292 297 41 21 den
348 297 109 22 minskade
470 298 160 27 bankbredden;
642 298 26 22 de
679 298 89 22 sednare
778 298 99 22 förblifva

132 330 6 21 i
153 330 73 28 hvarje
241 330 38 22 fall
295 331 113 23 desamma.

277 410 47 23 Litt.
339 409 25 24 F.
381 410 105 28 Hägnader
501 410 38 24 och
554 410 181 29 vägöfvergångar.

200 470 142 28 Hägnaderna
358 471 98 22 förblifva
471 472 136 21 oförändradt
618 472 118 26 desamma;
746 472 133 27 vägbroarna

132 505 107 21 förkortas
253 506 8 20 i
276 505 132 23 förhållande
423 506 33 22 till
471 507 26 21 de
511 506 109 22 minskade
631 506 237 28 skärningsbredderna.

374 584 45 22 Litt.
434 583 26 24 6.
476 583 161 29 Husbyggnader.

235 644 22 28 a)
274 643 134 23 Stationshus
420 645 66 26 jemte
501 645 149 27 godsmagasin
666 645 38 22 och
719 645 69 22 uthus.

202 678 74 22 Såsom
290 679 163 22 kommissionen
469 680 91 27 tidigare
573 679 113 27 framstält,
697 681 46 20 tror
751 679 43 22 hon
804 679 7 21 i
822 680 58 21 detta

133 713 175 28 byggnadskonto
322 715 109 26 ansenliga
441 714 138 27 besparingar
588 714 72 22 kunna
670 716 63 25 göras
743 714 36 21 vid
789 720 26 15 en
825 714 55 22 bana

134 748 47 21 med
200 748 61 27 ringa
279 747 69 28 trafik,
368 749 71 21 derest
457 749 26 22 de
503 749 106 27 egentliga
624 749 135 27 stationerna,
775 749 49 21 med
839 749 40 21 den

134 783 111 27 vidlyftiga
260 785 88 25 apparat
362 783 24 22 af
394 783 107 27 bostäder,
511 784 96 21 materiel
619 784 39 21 och
668 783 108 28 betjening
787 784 25 21 de
823 783 57 22 med-

134 817 53 27 föra,
202 817 34 22 till
251 824 26 15 en
291 817 74 27 början
382 819 101 26 anläggas
498 819 108 26 möjligast
619 819 29 26 få,
677 819 68 20 Deras
759 819 121 26 utrustning

133 852 38 21 bör
186 853 40 21 ock
240 853 71 20 kunna
326 855 63 24 göras
402 853 63 26 högst
478 853 142 27 anspråkslös,
631 855 51 19 utan
693 854 31 20 att
734 853 145 21 stationsför&-

133 887 126 21 ståndarens
277 887 157 27 beqvämlighet
452 887 133 21 åsidosättes.
614 887 170 22 Kommissionen
799 888 38 21 har
847 887 32 21 till

133 921 136 22 trettiotusen
290 921 61 22 mark
374 922 91 26 anslagit
486 928 26 15 en
531 922 66 21 sådan
614 922 159 22 mellanstation
791 922 89 27 ungefär

133 956 149 22 motsvarande
297 956 31 21 S:t
342 956 129 27 Petersburg
481 970 13 2 —
500 956 114 22 Riihimäki
624 957 80 21 banans
714 956 83 22 mindre
807 957 74 21 statio-

133 997 38 15 ner
192 990 8 22 i
223 991 62 21 deras
302 991 115 27 utvidgade
436 990 65 22 skick.
534 991 72 21 Under
624 992 85 26 vanliga
727 991 154 28 konjunkturer

134 1026 52 21 böra
200 1026 80 21 sådana
290 1025 33 22 för
334 1026 40 21 den
384 1025 86 27 angifna
481 1032 95 15 summan
586 1026 72 21 kunna
668 1026 106 27 uppföras,
785 1026 95 28 isynner-

133 1060 37 22 het
180 1066 34 16 om
225 1061 25 21 de
261 1060 83 22 härtills
356 1060 68 27 öfliga,
435 1060 129 22 kostsamma
574 1060 161 28 plattformerne
744 1060 135 23 bortlemnas.

201 1095 110 27 Vigtigare
334 1096 102 21 stationer
457 1096 7 20 i
487 1096 72 21 städer
578 1096 38 21 och
635 1096 105 21 banornas
758 1096 122 26 korsnings-

134 1130 90 27 punkter
238 1131 52 20 böra
302 1130 80 26 jemväl
396 1130 71 21 kunna
481 1130 69 21 hållas
566 1130 86 21 enklare
662 1130 39 22 och
712 1130 103 26 billigare.
840 1130 40 21 Vid

135 1165 63 21 dessa
212 1164 103 22 stationer
329 1164 70 22 kunde
414 1164 32 21 till
462 1165 95 27 exempel
572 1164 129 27 gallerierna
715 1165 49 21 bort
778 1165 88 21 lemnas.

201 1198 170 22 Kommissionen
386 1199 40 21 har
435 1199 73 21 vidare
519 1201 69 19 ansett
598 1206 26 14 en
634 1200 153 26 inskränkning
797 1200 8 20 i
814 1200 67 26 betje-

134 1234 89 26 ningens
238 1234 43 20 rätt
295 1233 33 21 till
343 1234 63 26 fasta,
421 1233 23 21 af
456 1234 116 26 jernvägen
588 1234 69 26 bygda
672 1234 105 26 bostäder,
793 1235 32 19 att
839 1234 42 20 för-

135 1268 58 24 orda,
217 1267 70 21 såsom
309 1267 89 21 ledande
416 1267 33 20 till
469 1267 96 21 ekonomi
584 1267 54 21 både
657 1267 35 21 vid
710 1268 114 25 anlägning
842 1267 38 20 och

134 1300 70 22 trafik.
234 1301 107 21 Kaserner
356 1300 33 22 till
405 1300 189 27 depotpersonalen
609 1301 67 21 finnas
692 1301 54 21 dock
756 1301 7 20 i
774 1301 107 27 förslagen

134 1335 94 27 intagna,
247 1336 69 20 större
333 1335 36 21 vid
388 1335 103 27 förslaget
509 1335 21 21 II
545 1335 32 21 till
594 1335 52 27 följd
661 1335 24 21 af
699 1336 48 21 dess
762 1337 68 20 större
845 1341 36 15 an-

135 1370 30 21 tal
180 1370 122 21 lokomotiv.

238 1404 21 27 0)
278 1400 154 31 Godsmagasin
451 1404 38 22 och
507 1405 135 26 lastbryggor
657 1406 99 26 medtaga
770 1406 111 26 naturligt-

135 1439 33 21 vis
182 1439 115 21 kostnader
312 1439 6 21 i
334 1439 132 21 förhållande
481 1439 32 21 till
529 1439 101 22 trafikens
646 1439 85 22 storlek.

203 1475 89 30 Jernvägs-
298 1475 84 30 Utskottets
394 1479 103 17 betänkande
509 1479 34 17 N:o
555 1480 17 16 3.
