1059 1703
274 128 25 17 U.
318 129 26 17 8.
363 138 22 2 —
404 128 80 23 Frop.
499 129 47 17 X:o
561 130 28 16 30
604 134 34 14 m
654 129 29 18 (fi.
808 128 12 20 9

176 194 42 20 För
240 193 50 21 ären
313 194 54 20 1874
390 194 39 21 och
451 195 54 20 1875
528 196 36 19 äro
589 195 218 21 inkomstsummorna
823 195 26 21 de

108 232 80 16 samma
204 233 44 15 som
264 228 7 19 i
286 228 143 20 summariska
444 228 144 26 räkningarna
603 229 33 21 för
652 229 63 21 dessa
723 229 124 21 ärifinans-

106 260 126 26 relationen,
256 261 86 21 hvarest
365 262 63 21 dessa
450 268 94 16 summor
563 263 82 26 framgä
661 268 74 20 genom
752 264 32 20 att
801 262 47 21 frän

108 294 121 21 slutsiffran
244 294 89 28 afdraga
348 295 105 27 ingäende
468 296 76 21 balans
560 296 39 21 och
614 296 105 27 päföring.

176 426 32 20 Dä
223 426 108 21 allmänna
346 427 147 21 statsfondens
510 428 97 21 normala
615 427 154 21 ärsinkomster
777 427 71 20 sälun-

106 459 27 22 da
148 460 82 26 utgjort

308 494 53 21 1871
379 507 26 3 —
435 495 132 26 17,138,061:
577 496 33 20 63.

309 529 55 20 1872
378 541 27 2 —
436 529 131 26 19,311,180:
576 529 33 21 38.

309 562 53 20 1873
380 575 22 2 —
434 563 133 26 20,695,216:
576 563 33 21 90.

309 596 54 21 1874
386 609 13 2 -—
434 597 174 26 25,532,395:78.

309 630 53 21 1875
379 642 26 3 —
434 631 132 25 26,306,476:
575 631 35 25 08,

171 668 52 21 eller
248 670 21 20 in
293 670 87 20 Summa
402 670 144 25 108,983,330:
563 671 36 25 77;
620 671 75 20 ställer
714 670 34 26 sig
767 671 80 20 medel-

104 702 53 21 talet
175 702 33 21 för
228 703 26 21 de
272 705 12 19 5
304 703 50 22 ären
375 703 27 27 pä
435 704 176 26 21,796,666:15.
646 704 144 21 Slutsumman
813 704 34 21 för

104 736 54 21 1875
174 738 24 19 är
213 737 55 26 531,
282 737 28 27 %
325 739 70 19 större
411 739 26 19 än
453 737 34 22 för
503 738 61 21 1871.

170 771 45 21 När
239 771 37 21 det
298 772 68 25 gäller
388 773 32 19 att
442 771 96 22 beräkna
557 772 41 21 den
614 771 114 22 sannolika
742 771 102 22 medelin-

102 805 98 21 komsten
231 805 33 21 för
286 805 40 21 den
350 806 122 21 stundande
494 806 180 26 femärsperioden
699 805 146 26 1878—1882,

104 839 90 26 erbjuda
218 839 32 26 sig
273 841 75 19 trenne
372 839 57 21 olika
451 840 168 27 förfaringssätt.
648 840 50 21 Man
714 839 42 22 kan
772 839 73 21 nämli-

106 879 40 20 gen
162 876 85 23 antaga,
264 875 32 19 att
311 874 147 21 inkomsterna

170 907 102 26 antingen
288 907 60 22 skola
364 908 56 25 stiga
434 908 8 21 i
458 908 112 21 enahanda
584 907 138 27 progression
737 914 45 15 som
798 907 46 21 frän

103 941 53 21 1871
172 941 34 21 till
223 941 60 26 1875,

170 976 52 21 eller
243 975 102 22 förblifva
366 976 90 26 ungefär
479 976 35 21 vid
539 976 40 21 den
602 976 24 20 är
650 975 53 22 1875
729 975 115 27 uppnädda

102 1009 139 26 ständpunkt,

170 1044 52 21 eller
238 1043 39 21 ock
292 1044 64 21 ställa
371 1044 33 26 sig
419 1044 77 21 endast
511 1044 27 26 pä
546 1049 81 16 samma
635 1043 155 27 medelbelopp,
800 1049 44 16 som

102 1078 68 21 under
185 1077 126 22 förberörda
326 1078 82 26 period.

170 1112 87 21 Säkrast
274 1113 68 20 mäste
358 1112 40 21 den
413 1113 120 26 beräkning
549 1118 57 19 vara,
623 1118 45 15 som
684 1112 46 21 icke
746 1112 57 21 blott
814 1113 29 20 af-

100 1147 69 20 häller
192 1147 32 26 sig
246 1147 48 20 frän
316 1148 32 19 att
363 1146 71 27 bygga
456 1146 27 27 pä
505 1146 138 27 möjligheten
666 1146 24 21 af
711 1146 134 21 fortfarande

102 1181 103 26 stegring.
222 1182 51 20 utan
289 1182 92 19 tvärtom
397 1183 88 24 antager
501 1183 32 18 att
549 1186 137 21 ogynsamma
695 1180 148 21 förhällanden

101 1215 73 21 kunna
189 1215 7 20 i
213 1215 57 20 vissa
285 1215 65 25 delar,
368 1215 32 21 för
411 1216 31 19 ett
459 1215 52 20 eller
526 1216 66 19 annat
600 1214 30 25 är,
639 1214 117 27 nedtrycka
764 1214 81 21 inkom-

102 1251 73 19 sterna
190 1249 68 21 under
274 1249 36 21 det
325 1248 84 27 belopp,
418 1249 87 20 hvartill
517 1249 109 21 desamma
636 1249 52 20 1875
698 1249 55 20 hade
761 1248 83 24 hunnit,

102 1283 24 21 sä
148 1284 38 25 att,
210 1283 90 21 oaktadt
322 1283 213 21 statsinkomsternas
560 1283 101 20 medeltal
677 1283 33 20 för
726 1289 26 14 en
768 1289 76 14 senare

101 1317 155 25 femärsperiod
280 1317 68 25 enligt
370 1317 74 26 regeln
466 1317 39 20 bör
528 1323 52 14 vara
594 1316 40 21 och
650 1318 22 19 är
688 1317 66 25 högre
769 1319 26 18 än
811 1318 33 19 för

102 1357 25 13 en
142 1350 94 25 tidigare
250 1349 102 27 tidrymd,
369 1350 60 20 detta
444 1350 101 20 medeltal
560 1349 55 21 dock
630 1349 122 26 kalkyleras
768 1349 76 21 endast

100 1384 45 21 lika
160 1384 59 26 högt,
234 1389 46 15 som
296 1383 64 21 förut.

169 1417 57 22 Utan
242 1418 46 20 fara
307 1417 33 21 för
355 1416 143 28 missräkning
514 1417 41 21 kan
572 1423 47 15 man
636 1417 83 21 säledes
735 1416 109 27 uppställa

102 1453 36 21 det
160 1452 128 27 antagande,
311 1454 32 19 att
358 1452 106 21 allmänna
480 1451 146 21 statsfondens
642 1451 117 21 inkomster
774 1451 69 21 under

169 1497 137 18 Statsutskottets
318 1497 105 18 betänkande
435 1497 34 17 N:o
482 1497 26 18 12.
