1050 1711
249 144 25 20 12
447 142 23 23 U.
487 142 23 23 B.
527 153 24 4 —
568 142 65 28 Prop.
650 141 38 24 N:o
704 141 36 24 33.

286 207 77 22 Jemte
385 207 163 22 framhållande
563 207 67 26 deraf,
645 209 34 19 att
694 207 29 21 de
738 207 24 21 af
772 206 120 22 Utskottet
907 206 7 21 i
929 206 38 21 det

220 241 133 28 föregående
368 241 129 28 tillstyrkta
511 244 80 19 trenne
607 241 253 28 anslagsposter
780 237 12 37 å
801 237 63 37 resp.
872 241 95 25 350,000,

218 276 90 25 325,000
324 276 40 20 och
381 276 76 25 85,000
472 276 71 25 mark,
559 276 56 21 eller
630 276 151 21 tillsammans
796 275 92 26 760,000
898 275 71 25 mark,

218 310 81 22 kräfva
321 317 28 14 en
371 310 60 28 årlig
448 310 127 28 bevillning
594 310 24 21 af
632 310 90 25 152,000
736 309 66 22 mark
817 309 71 22 under
903 309 67 21 hvart

218 344 24 22 af
260 346 53 20 åren
331 346 146 24 1878—1882,
492 345 34 21 får
541 345 119 21 Utskottet
675 344 108 28 slutligen
799 344 115 22 vördsamt
921 343 50 23 vid-

217 378 158 29 handengifva,
391 381 34 19 att
440 379 42 22 den
497 379 134 27 minskning
643 379 7 21 i
659 379 156 28 beräkningen
825 379 25 21 af
855 378 116 22 allmänna

217 413 151 22 statsfondens
393 414 93 27 utgifter
508 414 34 21 för
563 413 285 28 fängelsereformen,"
800 408 40 37 som
863 413 37 21 till
915 412 55 29 följd

217 448 67 22 häraf
302 447 62 22 visar
387 448 34 28 sig
440 448 39 21 vid
491 449 129 27 jemförelse
634 448 51 21 med
702 447 185 22 Statsutskottets
902 448 68 21 ofvan

218 482 123 29 åberopade
364 483 142 22 betänkande
529 483 40 22 N:o
587 484 32 25 12,
634 483 157 28 ungefärligen
806 482 64 22 torde
884 485 87 19 motvä-

218 525 40 20 gas
280 519 22 20 af
323 517 43 22 den
389 517 87 28 ökning
497 518 7 21 i
527 517 156 28 statsutgifter,
699 524 48 15 som
761 517 116 28 påkallats
890 523 80 22 genom

218 552 112 22 särskilda
346 552 154 28 underdåniga
514 553 127 27 petitioner,
656 553 37 21 till
709 552 81 22 hvilka
799 551 127 23 Ständerna
933 552 37 21 be-

218 587 66 21 slutit
299 587 56 21 efter
371 587 37 21 det
423 586 186 23 Statsutskottets
624 586 142 23 merberörda
774 586 144 23 betänkande
925 586 49 22 blef

218 621 99 29 afgifvet.

287 656 69 22 Hvad
379 658 50 20 åter
451 658 71 26 angår
537 660 100 24 utvägen
661 658 34 20 att
713 656 95 22 betäcka
826 656 38 22 det
883 656 87 29 belopp,

218 691 109 22 hvarmed
349 698 32 15 nu
398 691 117 22 förordade
529 691 140 27 bevillnings
684 691 79 28 anslag
777 690 39 23 till
830 691 141 29 fängelsevä-

219 726 78 22 sendet
312 726 133 28 öfverstiger
461 726 36 21 det
512 726 7 21 i
535 726 60 21 förra
605 725 154 23 betänkandet
766 728 116 26 upptagna
888 726 82 28 belopp

218 760 24 22 af
262 760 91 26 557,700
375 760 72 26 mark,
462 760 63 22 torde
540 760 42 22 här
596 760 23 22 få
633 760 105 28 påpekas,
754 762 35 20 att
803 760 43 22 den
862 760 24 22 af
899 760 71 22 Stats-

220 795 112 22 utskottet
355 795 8 21 i
386 795 50 22 dess
456 794 213 29 sammanställning
683 796 25 20 af
720 795 105 29 samtliga
840 795 79 29 anslag
933 795 37 22 be-

220 830 101 22 räknade
344 830 69 27 utgift
434 830 34 21 för
488 830 224 22 folkskoleväsendet
733 830 78 22 blifvit
831 837 81 20 genom
927 830 43 22 för-

222 864 76 22 stärkt
324 864 163 22 Statsutskotts
514 865 105 28 votering
644 864 141 22 förminskad
807 865 51 21 med
881 865 89 26 134,600

221 893 71 22 mark.

441 922 144 28 Helsingfors
601 921 42 22 den
659 922 27 21 20
702 922 124 22 December
841 923 61 21 1877.

298 1468 125 32 Helsingfors,
434 1464 72 28 Finska
516 1473 216 24 Litteratursällskapets
744 1474 86 24 tryckeri,
842 1476 49 17 1878.
