1067 1711
237 143 26 21 12
348 144 80 22 Ständ.
444 143 54 22 Skr.
514 155 26 3 —
556 143 70 27 Prop.
641 142 39 22 N:o
696 142 29 21 30
740 148 31 14 m.
787 141 24 21 fl.

412 206 22 20 år
450 206 54 21 1874
519 205 32 21 till
567 205 130 25 13,006,332:
713 204 33 21 09.

423 248 7 11 »
451 240 54 21 1875
532 248 7 10 »
567 239 130 25 13,556,606:
714 238 33 21 88.

259 281 51 20 eller
324 280 22 21 in
361 287 80 14 summa
456 280 32 21 till
504 280 46 27 Frye
565 279 131 26 66,050,531:
715 279 32 24 10,

209 314 114 28 utgörande
344 314 86 21 sålunda
448 313 118 22 medeltalet
581 313 32 21 för
626 311 72 29 hvarje
713 312 23 21 år
752 311 125 25 13,210,106
892 309 59 22 mark

210 349 27 21 22
251 348 69 29 penni.

277 382 149 22 Statsutkottet
440 382 38 21 har
492 382 52 21 dock
558 382 47 21 icke
620 381 84 28 antagit,
721 382 30 20 att
761 379 113 29 utgifterna
885 378 67 21 under

210 417 140 22 innevarande
365 416 147 29 femårsperiod
527 416 57 21 skola
596 415 56 22 hålla
662 415 30 28 sig
703 415 35 21 vid
751 414 43 21 lika
808 413 143 28 medlebelopp

210 459 43 14 som
272 451 32 22 för
322 451 49 22 åren
388 451 144 22 1871—1875.
563 451 33 28 Ty
611 450 78 21 oafsedt
706 449 76 22 sådana
797 447 103 29 tillfälliga
918 455 33 13 ex-

209 490 31 17 tra
259 485 92 28 utgifter,
371 485 67 22 såsom
457 485 31 22 för
502 484 280 22 komunikationsväsendets
804 481 146 26 förbättrande,

208 520 73 21 hvilka
295 519 32 22 för
338 519 67 29 någon
415 519 31 22 tid
456 520 72 21 kunna
538 519 102 28 betydligt
650 519 39 20 öka
698 518 105 28 budgeten
813 517 38 21 och
862 515 90 22 derefter

208 555 44 21 åter
267 555 67 26 nedgå
348 555 50 20 eller
413 555 99 27 upphöra,
528 554 65 21 förete
608 554 25 20 de
648 553 83 27 vanliga
746 551 164 28 statsutgifterna
920 553 30 18 ett

206 588 72 28 jemnt,
295 590 73 20 nästan
384 588 104 22 oafbrutet
501 588 99 28 stigande.
624 587 128 28 Visserligen
762 587 38 20 har
810 586 56 21 detta
876 585 8 21 i
894 589 56 17 ännu

208 623 63 28 högre
285 623 51 28 grad
351 622 53 22 varit
419 622 58 22 fallet
491 622 49 22 med
549 622 147 25 inkomsterna,
708 621 38 21 och
756 620 102 22 utskottet
867 620 38 20 har
916 619 34 21 det

208 657 84 21 oaktadt
302 657 100 21 beräknat
412 660 30 18 att
457 657 105 21 desamma
576 657 66 21 under
656 655 141 23 innevarande
812 653 138 29 finansperiod

208 692 83 20 komme
310 693 31 20 att
360 691 68 29 uppgå
443 691 71 21 endast
529 691 32 21 till
576 691 165 27 medelbeloppet
755 690 32 21 för
803 688 145 23 1871—1875.

208 726 50 20 Men
276 726 86 21 likasom
378 726 156 28 försigtigheten
550 725 78 29 bjuder,
645 727 31 19 att
690 727 74 26 antaga
779 724 136 28 möjligheten
930 722 23 22 af

208 768 25 13 en
256 760 124 29 försämring
394 760 7 21 i
417 761 24 20 de
461 760 135 22 ekonomiska
618 759 156 22 förhållandena
789 759 38 21 och
843 757 59 22 deraf
914 757 36 22 föl-

206 794 62 29 jande
288 795 120 28 minskning
427 795 7 21 i
455 795 25 21 de
499 795 53 28 höga
574 795 74 28 belopp
668 802 26 13 en
713 794 34 21 del
761 793 149 22 inkomsttitlar
926 792 24 21 de

208 831 81 20 senaste
304 829 50 22 åren
369 829 83 26 utvisat,
468 837 72 14 manar
555 829 108 22 enahanda
677 828 66 22 motiv
753 830 31 20 att
798 828 109 21 förutsätta
922 827 29 21 så-

207 872 44 13 som
268 864 96 21 sannolik
380 872 25 12 en
420 864 125 21 fortfarande
560 863 92 29 stegring
666 863 7 21 i
689 863 25 21 de
729 862 136 28 utgiftstitlar,
878 861 73 22 hvilka

206 898 135 22 härförinnan
355 898 55 22 varit
424 898 72 22 stadda
510 898 8 21 i
532 899 89 21 tillväxt.

273 933 43 21 För
327 934 29 20 att
366 933 72 21 kunna
448 933 48 21 med
506 933 67 28 någon
583 932 97 22 säkerhet
690 932 91 22 beräkna
791 932 55 20 huru
860 931 50 27 högt
926 930 25 20 de

206 967 93 21 normala
310 966 112 29 utgifterna
433 968 49 20 böra
492 967 32 21 för
534 967 50 21 åren
595 967 139 21 1878—1882
749 966 8 21 i
771 966 99 21 medeltal
880 966 72 27 uppta-

205 1009 42 19 gas,
258 1001 38 21 har
306 1001 144 21 statsuskottet
460 1001 90 28 särskiljt
561 1002 77 20 mellan
648 1001 25 21 de
684 1001 62 25 titlar,
758 1000 36 22 der
804 1000 92 28 stegring
904 1007 47 13 van-

206 1035 56 28 ligen
273 1040 34 23 egt
317 1044 53 17 rum,
381 1036 38 20 och
430 1036 25 20 de
466 1036 63 26 titlar,
540 1044 44 13 som
595 1036 46 21 icke
656 1035 66 22 förete
738 1044 26 12 en
779 1035 63 21 sådan
857 1034 93 22 tendens.

274 1070 32 21 På
325 1072 41 19 sätt
385 1070 70 21 tablån
476 1070 58 22 öfver
548 1070 104 22 allmänna
667 1070 139 22 statsfondens
821 1069 86 29 utgifter
921 1071 31 20 ut-

206 1104 55 20 visar
280 1104 63 21 hafva
364 1105 37 25 1:a,
422 1106 38 24 2:a,
480 1104 48 22 4:de
543 1105 38 21 och
596 1105 42 21 5:te
653 1104 167 22 hufvudtitlarna
834 1104 46 21 från
896 1104 53 21 1871

205 1138 33 21 till
254 1138 55 21 1875
328 1140 74 19 nästan
424 1141 51 18 utan
497 1139 106 28 undantag
622 1138 79 29 årligen
716 1138 63 28 stigit.
811 1138 33 21 De
859 1137 92 29 utgifter,

203 1168 62 25 dessa
286 1172 58 21 titlar
365 1172 91 26 omfatta,
480 1177 34 17 äro
537 1173 32 21 till
588 1172 152 29 öfvervägande
760 1173 34 21 del
812 1173 91 28 aflöning
920 1172 32 21 till

205 1208 78 19 statens
303 1207 86 21 embets-
408 1207 39 21 och
462 1207 134 28 tjenstemän;
615 1207 118 28 stegringen
749 1212 22 16 är
786 1207 108 22 föranledd
909 1207 43 22 dels

205 1239 23 22 af
240 1248 42 19 nya
297 1241 142 20 embetsverks
454 1241 38 21 och
512 1241 96 26 tjensters
626 1241 124 22 inrättande,
771 1241 43 21 dels
830 1241 22 21 af
865 1241 87 21 löneför-

204 1272 116 30 höjningar.
342 1273 34 21 Af
389 1274 108 21 enahanda
512 1275 66 24 orsak,
595 1282 34 13 om
644 1274 38 21 ock
698 1274 18 28 ej
727 1274 43 21 lika
779 1274 68 28 jemnt
856 1275 39 20 har
905 1274 47 21 9:de

204 1307 62 22 titeln
282 1307 64 24 ökats,
363 1312 49 16 enär
428 1307 40 22 den
483 1307 32 22 till
531 1311 64 18 större
611 1308 33 21 del
660 1310 82 26 utgöres
758 1307 22 22 af
793 1308 111 29 pensioner
919 1308 33 22 till

205 1341 111 22 afskedade
338 1342 86 22 embets-
445 1343 38 21 och
503 1342 130 29 tjenstemän.
664 1343 67 22 Dessa
750 1342 43 23 fem
812 1342 140 23 hufvudtitlar

204 1376 106 29 utgjorde:

252 1410 22 22 år
290 1411 51 21 1871
360 1424 28 2 —
403 1412 118 25 8,056,560:
538 1425 27 2 —
580 1412 22 21 år
619 1413 54 20 1875
689 1424 27 3 —
731 1413 119 25 9,362,856:
866 1425 38 13 —,

205 1445 81 22 hvilket
301 1445 81 22 utvisar
396 1454 25 13 en
437 1446 92 29 stegring
543 1446 23 22 af
579 1446 87 29 ungefär
682 1447 25 22 16
722 1450 87 26 procent
824 1447 50 21 eller
888 1447 8 22 i
910 1456 42 13 me-

205 1479 63 22 deltal
282 1480 14 21 4
311 1482 85 27 procent
410 1479 33 23 för
457 1481 49 22 året.
