1042 1703
305 137 30 24 U.
350 137 28 23 B.
394 150 26 4 —
436 138 75 29 Prop.
526 138 46 23 N:o
587 138 36 23 26.
783 138 25 20 69

88 200 118 24 tänkandet
223 201 67 22 finnes
309 201 99 29 angifvet.
437 202 108 28 Derjemte
563 201 91 29 erbjuda
675 201 111 22 trakterna
805 207 34 15 ve-

88 237 79 20 sterom
188 236 107 27 Näsijärvi
317 236 49 21 vida
387 236 166 28 fördelaktigare
575 237 88 27 terräng
681 235 34 22 för
727 235 110 28 jernvägs-

87 269 100 29 byggnad
205 271 28 20 än
252 270 26 21 de
297 271 92 21 österom
412 270 66 28 sagde
496 271 31 27 sjö
545 270 102 28 belägna;
669 270 114 22 hvarutom
798 269 40 22 den

86 304 161 21 instrumentalt
269 304 131 22 undersökta
419 304 117 28 jernvägen
558 304 33 21 till
613 304 134 27 Björneborg
771 303 68 22 skulle

87 338 87 21 komma
194 340 32 19 att
242 338 30 28 på
290 340 30 19 ett
339 338 86 22 afstånd
443 338 25 21 af
484 340 33 19 tre
531 338 38 21 mil
584 337 49 22 från
648 338 143 22 Tammerfors
806 339 33 20 ut-

87 372 52 28 löpa
152 371 48 22 från.
216 373 40 21 den
271 374 105 21 vesterom
390 373 107 27 Näsijärvi
512 372 122 28 föreslagna
647 372 78 22 banan.

154 406 32 22 På
204 407 70 28 grund
292 407 24 21 af
332 407 56 22 hvad
401 407 39 28 jag
454 407 8 21 i
478 407 36 22 det
528 406 129 29 föregående
671 406 48 23 haft
733 407 54 22 äran
802 414 36 15 an-

87 441 47 23 föra
149 440 80 23 tillåter
241 442 39 28 jag
294 441 44 28 mig
354 441 122 28 ödmjukast
490 441 89 22 föreslå:

290 478 34 19 1:o
339 478 30 19 att
383 476 80 22 landets
477 475 118 29 Höglofliga
610 476 93 22 Ständer
711 475 48 22 ville
768 476 71 21 såsom

222 517 48 15 svar
280 511 15 20 å
302 511 40 21 den
349 510 88 28 Nådiga
441 511 175 27 propositionen
609 506 12 36 i
625 511 166 27 underdånighet
801 518 36 15 an-

222 545 64 27 mäla,
302 546 31 20 att
346 544 127 28 Ständerna,
491 545 64 27 jemte
575 545 34 22 det
627 545 25 21 de
667 546 18 26 ej
707 545 80 22 kunnat
809 546 31 21 till

223 580 42 21 alla
283 580 58 22 delar
357 580 113 27 godkänna
485 580 39 21 den
537 580 10 21 i
558 580 159 28 propositionen
731 580 109 27 förelagda

220 614 54 26 plan
293 614 32 22 till
342 616 28 20 ett
387 615 144 21 stambansnät
553 614 36 28 för
613 613 76 28 landet,
708 615 36 27 för
759 614 34 22 sin
808 615 33 22 del

224 648 83 22 beslutit
321 650 29 21 att
364 651 69 20 vestra
447 649 123 22 stambanan
584 649 64 22 måtte
657 649 36 27 för
703 651 77 21 statens
789 650 51 22 räk-

224 683 50 28 ning
289 683 83 28 utföras
386 683 53 27 från
456 684 144 27 Tammerfors
613 685 100 20 vesterom
727 683 115 29 Näsijärvi

222 725 75 20 genom
321 718 93 23 Wirdois
433 719 32 21 till
483 718 72 22 Etseri
569 719 49 22 eller
633 725 71 15 annan
718 719 10 21 i
741 719 101 22 närheten

226 753 64 26 deraf
308 753 84 28 belägen
414 754 107 27 vestligare
532 753 82 28 punki;
635 755 29 19 att
685 760 26 15 en
734 753 108 22 stambana

226 787 98 27 derifrän
340 787 65 22 måtte
423 787 97 23 likaledes
539 788 24 27 af
580 789 67 21 staten
661 787 76 29 byggas
752 788 33 22 till
799 789 41 21 Ni-

226 822 104 22 kolaistad
346 822 10 21 i
373 822 39 21 den
430 823 127 27 sträckning,
573 829 45 15 som
632 823 143 27 härförinnan
791 823 49 28 blif-

220 857 30 21 vit
263 857 155 22 instrumentalt
425 857 118 26 undersökt,
560 857 107 26 äfvensom
682 859 30 20 att
721 858 78 22 arbetet
807 858 36 27 för

226 892 60 21 dessa
306 891 175 28 jernvägsliniers
507 891 134 28 anläggning,
664 899 45 15 som
731 893 111 22 beräknats

225 926 71 21 kunna
318 926 83 27 utföras
420 926 35 26 för
472 927 131 27 30,400,000
618 927 66 26 mark,
705 927 36 22 bör
759 928 84 27 vidtaga

225 961 86 22 såsnart
325 961 137 27 erforderliga
476 961 65 22 medel
556 961 69 22 dertill
640 961 71 22 kunna
726 962 97 26 beredas;

260 997 36 19 2:0
319 997 30 19 att
367 995 126 28 Ständerna,
512 996 35 26 för
566 997 30 19 att
613 996 124 27 möjliggöra
752 1004 25 14 en
791 1004 50 21 nog-

223 1037 55 20 gran
296 1029 106 28 pröfning
424 1029 24 26 af
469 1029 161 22 nedannämnde
653 1030 66 27 linier,
745 1031 99 22 hvarmed

225 1063 163 22 stambansnätet
410 1063 63 28 enligt
499 1064 110 21 Utskottets
627 1065 84 26 mening
737 1065 37 21 bör
795 1065 46 28 för-

225 1099 157 27 fullständigas,
398 1099 53 21 eller
465 1099 118 28 nämligen:

158 1133 22 28 a)
203 1132 47 22 från
272 1133 71 22 Etseri
362 1133 52 21 eller
432 1132 41 22 den
491 1134 74 26 punkt,
585 1132 38 22 der
641 1133 132 22 bandelarne
795 1134 48 23 från

89 1167 143 23 Tammerfors
248 1168 40 21 och
302 1167 135 22 Nikolaistad
452 1167 67 22 skulle
534 1168 86 21 komma
630 1169 33 20 att
672 1168 92 27 förenas,
775 1169 68 22 öster-

90 1211 34 14 om
142 1202 142 29 landtryggen
304 1209 77 21 genom
399 1203 129 21 Kärsämäki
546 1202 79 23 socken
644 1203 40 21 och
703 1203 58 21 öfver
776 1203 67 23 Niska

90 1238 51 26 fors,
164 1237 120 22 alternatift
305 1237 61 28 Pyhä
388 1237 50 26 fors,
458 1237 7 20 i
484 1236 54 23 Uleä
553 1237 31 22 elf
599 1237 33 21 till
650 1236 119 29 Uleåborgs
787 1239 55 26 stad,

90 1272 49 21 med
154 1279 26 14 en
195 1271 192 28 förgreningsbana
402 1271 33 22 till
450 1271 182 28 Gamla-Karleby
647 1271 59 22 stads
721 1279 43 22 nya
777 1272 66 23 hamn

90 1306 78 28 Yxpila
194 1305 52 22 eller
271 1313 71 15 annan
371 1305 125 30 välbelägen
515 1306 65 22 hamn
607 1306 8 21 i
636 1307 105 22 närheten
762 1307 25 22 af
806 1308 36 22 Ja-

90 1341 113 25 kobsstad;

158 1374 24 27 b)
202 1372 48 23 frän
268 1374 71 21 Etseri
359 1373 52 22 eller
426 1380 70 16 annan
511 1374 69 21 under
594 1374 40 21 litt.
651 1380 13 14 a
678 1374 81 28 antydd
773 1376 69 26 punkt

91 1409 59 23 öfver
164 1408 115 29 Jyväskylä
295 1408 40 22 och
351 1408 31 21 S:t
396 1408 78 22 Michel
489 1408 33 22 till
536 1408 128 27 Davidstad;

160 1445 20 27 o)
204 1442 48 23 från
271 1443 32 22 S:t
321 1443 78 23 Michel
418 1444 32 21 till
469 1444 103 23 närheten
591 1444 24 24 af
631 1444 84 30 Kuopio
734 1444 49 24 stad
801 1444 40 24 och

160 1484 181 24 Jernvägs-Utskoiteis
352 1485 108 19 betänkande.
