1056 1706
239 140 26 20 18

401 137 79 23 Ständ.
495 136 37 23 Sv.
547 148 27 4 —
589 136 71 26 Prop.
674 135 41 21 N:o
728 134 38 22 30.

278 206 37 21 ber
333 204 76 23 månad
423 204 100 26 afsändas,
538 203 13 22 &
566 203 70 22 landet
650 202 32 22 till
696 200 200 24 Häradsskrifvaren
911 200 38 21 och

278 240 8 21 i
301 239 46 23 stad
360 239 33 22 till
407 238 40 22 den
461 237 131 29 tjensteman,
607 244 45 14 som
666 236 123 22 verkställer
803 234 116 28 debitering
928 233 23 22 af

278 272 140 26 kronomedel,
442 272 32 22 för
492 274 32 20 att
542 272 22 22 af
580 272 77 21 honom
674 270 36 22 vid
724 269 97 30 afgiftens
835 268 115 28 debitering

279 309 102 27 begagnas
402 309 54 20 samt
474 306 136 29 nästföljande
629 305 23 22 år
670 304 66 22 hållas
750 302 153 25 vederbörande
917 303 34 21 be-

279 342 106 29 villnings-
399 342 38 22 och
452 340 184 30 pröfningskomité
650 340 32 22 till
697 338 126 30 upplysning
835 337 107 23 tillhanda.

522 438 127 30 Kapitlet
664 437 44 23 111.

311 485 126 26 Debitering,
453 485 100 26 uppbörd,
568 485 118 25 afkortning
701 483 39 21 och
754 482 130 27 redovisning
899 481 24 21 af

499 518 238 28 bevillningsafgifterna.

588 577 13 26 g
616 576 33 21 29.

351 616 68 23 Sedan
448 615 237 30 bevillningslängderna
712 614 47 23 från
783 613 171 31 pröfningskomi-

282 653 71 21 téerna
371 650 89 23 kommit
477 650 153 23 vederbörande
645 649 124 29 tjensteman
784 648 106 27 tillhanda,
905 649 50 22 böra

282 685 111 29 afgifterne
407 685 8 22 i
429 685 172 28 uppbördsboken
615 684 146 29 uppdebiteras
774 684 39 21 och
827 683 41 22 den
882 682 72 29 hvarje

282 719 208 30 bevillningsskyldig
507 719 85 30 påförda
610 718 207 29 inkomstbevillning
833 720 100 27 upptagas
947 717 8 22 i

283 754 53 22 hans
350 753 32 22 för
396 761 80 15 samma
488 753 24 22 år
526 753 107 23 utfärdade
648 753 123 23 debetsedel.

591 817 13 26 8
618 817 35 21 30.

351 856 82 22 Aflider
451 856 208 29 bevillningsskyldig
676 855 43 22 före
734 855 41 22 den
790 856 10 21 1
816 854 48 24 Juli
878 855 35 22 det
926 854 29 28 år,

284 891 33 21 för
331 891 81 22 hvilket
425 891 115 28 bevillning
554 891 53 22 skall
622 891 97 28 erläggas,
734 889 82 30 påföres
824 890 77 22 honom
911 890 46 22 icke

284 925 191 29 bevillningsafgift,
494 926 39 20 och
550 925 36 22 må
603 925 56 28 förty
677 925 63 22 sådan
755 924 65 29 afgift,
835 925 68 21 derest
917 925 41 21 den

285 959 36 22 det
337 959 86 23 oaktadt
436 959 69 23 blifvit
519 960 76 22 honom
608 958 79 30 påförd,
702 959 33 22 uti
748 958 167 30 räkenskaperne
929 958 28 22 af-

285 994 76 21 kortas.
391 994 50 21 Men
463 994 93 22 inträffar
575 993 109 23 dödsfallet
703 993 53 22 efter
774 993 41 22 den
830 994 11 20 1
856 993 53 26 Juli,
925 995 30 20 ut-

284 1032 61 25 göres
359 1028 185 28 bevillningsafgift
558 1028 33 22 för
604 1027 49 23 fullt
667 1028 28 22 år.

354 1062 47 23 Har
415 1062 66 29 någon
495 1062 70 22 blifvit
578 1062 27 30 på
619 1064 77 20 tvenne
710 1062 75 22 ställen
797 1062 24 22 af
827 1062 132 28 bevillnings-

284 1096 80 24 komité
378 1097 86 21 taxerad
478 1097 38 21 och
530 1098 83 21 rättelse
623 1097 127 21 härutinnan
759 1097 38 21 hos
807 1096 153 22 vederbörande

285 1130 186 29 pröfningskomité
492 1131 47 23 icke
561 1131 113 25 utverkats,
693 1135 37 23 äge
750 1133 30 19 att
794 1130 32 22 för
839 1130 76 23 honom
930 1130 30 22 så-

285 1165 66 22 lunda
365 1167 53 20 orätt
432 1165 72 28 påförd
518 1166 114 28 bevillning
646 1165 50 23 söka
709 1165 118 22 restitution
837 1164 8 22 i
854 1165 47 28 laga
910 1169 49 24 väg;

287 1200 39 22 och
347 1204 37 24 äge
405 1199 64 29 några
487 1199 83 29 afgifter
587 1200 33 22 för
638 1200 142 22 embetsverks
793 1198 166 30 expeditioner
948 1194 16 39 i

285 1233 78 22 sådana
377 1234 42 21 mål
433 1234 47 22 icke
494 1242 52 14 rum.

594 1298 14 26 8
622 1296 34 22 31.

354 1335 13 22 I
381 1335 97 23 afseende
488 1336 12 22 &
510 1336 100 30 uppbörd,
625 1336 141 29 inleverering
780 1336 37 22 och
827 1332 133 34 redovisning

287 1370 24 22 af
329 1370 235 30 bevillningsafgifterne
583 1374 53 20 samt
655 1372 160 29 anmärkningar
833 1374 44 20 mot
891 1372 70 22 veder-

286 1405 91 22 börande
397 1406 152 29 uppbördsmän
568 1406 106 30 angående
688 1406 33 22 för
734 1406 59 30 ringa
808 1406 106 23 debiterad
928 1408 33 21 be-

287 1440 96 28 villoing,
402 1440 107 22 äfvensom
528 1440 135 23 &tersökande
678 1441 23 21 af
712 1441 56 22 hvad
782 1441 179 30 bevillningsskyl-

289 1475 34 28 dig
345 1475 104 22 förmenar
470 1475 32 29 sig
515 1475 8 22 i
536 1475 86 22 berörda
641 1476 118 21 hänseende
778 1475 63 23 hafva
857 1476 70 22 blifvit
941 1476 23 22 af
