1073 1720
215 158 11 18 4
394 157 30 20 U.
442 158 31 17 B.
489 167 24 3 —
530 156 87 25 Prop.
657 161 25 14 N:o
697 155 44 20 31.

186 225 114 20 förordade
311 224 74 26 anslag
401 223 70 20 blifvit
486 223 22 19 af
522 225 31 18 tre
569 223 67 20 Stånd
653 222 108 27 beviljadt,
772 221 114 21 föranlåtes
897 221 37 20 Ut-

187 259 78 20 skottet
280 258 87 27 inbjuda
383 257 157 21 Bondeståndet

322 294 33 19 att
371 293 8 19 i
394 291 66 22 likhet
475 291 47 20 med
538 291 25 21 de
574 291 74 27 öfriga
661 290 96 21 Stånden
766 289 117 29 godkänna
897 289 35 22 Ut-

322 325 87 22 skottets
430 325 137 26 betänkande,
589 324 71 22 såvidt
679 325 35 20 det
733 326 62 19 rörer
814 324 60 21 detta
894 330 40 15 an-

322 361 53 27 slag.

254 397 32 19 De
302 397 12 18 å
331 402 45 20 pag.
388 395 82 20 26—27
486 395 6 19 i
508 395 145 20 betänkandet
668 397 106 24 upptagna
789 393 102 26 anslagen
901 393 33 20 för

188 430 217 22 folkskoleväsendets
421 432 8 16 t
444 429 73 21 landet
532 429 143 27 befrämjande
690 429 64 20 hafva
769 429 24 19 af

256 464 151 26 Ridderskapet
422 464 38 20 och
476 463 70 27 Adeln,
561 466 54 17 samt

255 498 177 27 Borgareståndet

325 532 70 21 blifvit
409 532 123 27 godkända,
548 533 108 19 hvaremot

255 567 158 22 Presteståndet

325 601 102 21 förklarat
446 601 60 20 dessa
526 602 177 25 anslagssummor
721 600 51 20 böra
790 600 23 20 af
826 600 109 20 Utskottet

325 637 76 19 ändras
421 636 95 24 sålunda,
536 637 31 18 att
584 636 96 25 anslaget
695 635 32 20 för
741 635 146 26 inspektionen
904 635 30 20 öf-

325 677 36 13 ver
383 669 146 21 folkskolorna
551 669 68 20 skulle
641 670 45 19 från
709 669 47 21 dem
773 669 98 26 afdragas
887 669 48 20 med

326 705 77 25 90,000
419 705 58 19 mark
494 704 38 21 och

257 734 156 37 Bondeståndet
777 747 6 4 :

326 773 85 20 beslutit
433 775 32 18 att
482 773 203 26 anslagssummorna
706 773 64 20 borde
793 773 23 20 af
828 773 108 20 Utskottet

327 808 77 19 ändras
420 808 7 19 i
443 807 215 20 öfverensstämmelse
669 808 46 19 med
726 807 168 20 Bondeståndets
905 807 30 20 fö-

326 842 110 19 restående
451 842 74 20 beslut.

257 876 33 20 Då
310 876 61 20 dessa
390 876 177 26 anslagssummor
585 876 73 20 endast
674 871 74 31 utgöra
767 882 25 13 en
807 875 129 27 rekapitula-

194 910 42 20 tion
260 910 23 19 af
299 910 56 20 hvad
372 910 107 20 Utskottet
502 911 29 19 uti
549 910 36 20 sitt
603 910 134 20 betänkande
753 910 55 20 förut
822 910 116 26 föreslagit,

191 944 59 20 torde
262 944 107 20 desamma
380 944 21 20 få
416 944 23 19 af
452 944 138 26 Expeditions
607 944 106 20 Utskottet
728 946 65 18 rättas
807 945 7 19 i
830 944 106 21 öfverens-

189 978 119 20 stämmelse
328 978 47 20 med
394 978 56 20 hvad
469 979 112 20 ständerna
600 979 89 20 rörande
707 979 72 26 hvarje
795 979 88 20 särskild
900 986 36 13 an-

190 1012 105 26 slagspost
310 1012 88 21 besluta.

258 1064 131 26 Helsingfors
407 1064 39 20 den
463 1066 11 18 7
490 1064 119 22 November
625 1066 60 21 1877.

364 1511 115 23 Helsingfors,
493 1512 16 18 J.
524 1512 66 18 Sivielii
602 1513 93 23 arfvingar,
711 1514 48 18 1877.
