<?xml version="1.0" encoding="UTF-8"?>
<alto xmlns="http://www.loc.gov/standards/alto/ns-v3#" xmlns:xlink="http://www.w3.org/1999/xlink" xmlns:xsi="http://www.w3.org/2001/XMLSchema-instance" xsi:schemaLocation="http://www.loc.gov/standards/alto/ns-v3# http://www.loc.gov/alto/v3/alto-3-0.xsd">
	<Description>
		<MeasurementUnit>pixel</MeasurementUnit>
		<sourceImageInformation>
			<fileName>/tmp/tess_b4s6n71z_input.PNG</fileName>
		</sourceImageInformation>
		<OCRProcessing ID="OCR_0">
			<ocrProcessingStep>
				<processingSoftware>
					<softwareName>tesseract 5.3.4</softwareName>
				</processingSoftware>
			</ocrProcessingStep>
		</OCRProcessing>
	</Description>
	<Layout>
		<Page WIDTH="1045" HEIGHT="1711" PHYSICAL_IMG_NR="0" ID="page_0">
			<PrintSpace HPOS="0" VPOS="0" WIDTH="1045" HEIGHT="1711">
				<ComposedBlock ID="cblock_0" HPOS="228" VPOS="149" WIDTH="510" HEIGHT="24">
					<TextBlock ID="block_0" HPOS="228" VPOS="149" WIDTH="510" HEIGHT="24">
						<TextLine ID="line_0" HPOS="228" VPOS="149" WIDTH="510" HEIGHT="24">
							<String ID="string_0" HPOS="228" VPOS="149" WIDTH="28" HEIGHT="20" WC="0.89" CONTENT="2"/><SP WIDTH="157" VPOS="149" HPOS="256"/>
							<String ID="string_1" HPOS="413" VPOS="151" WIDTH="26" HEIGHT="17" WC="0.88" CONTENT="U."/><SP WIDTH="15" VPOS="151" HPOS="439"/>
							<String ID="string_2" HPOS="454" VPOS="151" WIDTH="30" HEIGHT="17" WC="0.88" CONTENT="B."/><SP WIDTH="15" VPOS="151" HPOS="484"/>
							<String ID="string_3" HPOS="499" VPOS="159" WIDTH="27" HEIGHT="4" WC="0.92" CONTENT="—"/><SP WIDTH="15" VPOS="159" HPOS="526"/>
							<String ID="string_4" HPOS="541" VPOS="150" WIDTH="81" HEIGHT="23" WC="0.96" CONTENT="Prop."/><SP WIDTH="15" VPOS="150" HPOS="622"/>
							<String ID="string_5" HPOS="637" VPOS="150" WIDTH="49" HEIGHT="17" WC="0.95" CONTENT="N:o"/><SP WIDTH="16" VPOS="150" HPOS="686"/>
							<String ID="string_6" HPOS="702" VPOS="150" WIDTH="36" HEIGHT="17" WC="0.95" CONTENT="25."/>
						</TextLine>
					</TextBlock>
				</ComposedBlock>
				<ComposedBlock ID="cblock_1" HPOS="198" VPOS="215" WIDTH="746" HEIGHT="1149">
					<TextBlock ID="block_1" HPOS="198" VPOS="215" WIDTH="746" HEIGHT="981">
						<TextLine ID="line_1" HPOS="201" VPOS="215" WIDTH="739" HEIGHT="27">
							<String ID="string_7" HPOS="201" VPOS="218" WIDTH="107" HEIGHT="21" WC="0.92" CONTENT="allmänna"/><SP WIDTH="19" VPOS="218" HPOS="308"/>
							<String ID="string_8" HPOS="327" VPOS="216" WIDTH="93" HEIGHT="26" WC="0.92" CONTENT="menliga"/><SP WIDTH="15" VPOS="216" HPOS="420"/>
							<String ID="string_9" HPOS="435" VPOS="216" WIDTH="107" HEIGHT="26" WC="0.96" CONTENT="följderna"/><SP WIDTH="14" VPOS="216" HPOS="542"/>
							<String ID="string_10" HPOS="556" VPOS="215" WIDTH="23" HEIGHT="21" WC="0.96" CONTENT="af"/><SP WIDTH="14" VPOS="215" HPOS="579"/>
							<String ID="string_11" HPOS="593" VPOS="222" WIDTH="26" HEIGHT="15" WC="0.92" CONTENT="en"/><SP WIDTH="15" VPOS="222" HPOS="619"/>
							<String ID="string_12" HPOS="634" VPOS="215" WIDTH="184" HEIGHT="26" WC="0.91" CONTENT="oreglementerad"/><SP WIDTH="15" VPOS="215" HPOS="818"/>
							<String ID="string_13" HPOS="833" VPOS="215" WIDTH="107" HEIGHT="21" WC="0.91" CONTENT="ölhandel."/>
						</TextLine>
						<TextLine ID="line_2" HPOS="201" VPOS="249" WIDTH="740" HEIGHT="28">
							<String ID="string_14" HPOS="201" VPOS="251" WIDTH="77" HEIGHT="21" WC="0.95" CONTENT="Denna"/><SP WIDTH="24" VPOS="251" HPOS="278"/>
							<String ID="string_15" HPOS="302" VPOS="249" WIDTH="63" HEIGHT="24" WC="0.63" CONTENT="skall:"/><SP WIDTH="14" VPOS="249" HPOS="365"/>
							<String ID="string_16" HPOS="379" VPOS="250" WIDTH="107" HEIGHT="26" WC="0.91" CONTENT="nemligen"/><SP WIDTH="22" VPOS="250" HPOS="486"/>
							<String ID="string_17" HPOS="508" VPOS="249" WIDTH="124" HEIGHT="22" WC="0.91" CONTENT="ferestädes"/><SP WIDTH="16" VPOS="249" HPOS="632"/>
							<String ID="string_18" HPOS="648" VPOS="249" WIDTH="64" HEIGHT="21" WC="0.96" CONTENT="hafva"/><SP WIDTH="16" VPOS="249" HPOS="712"/>
							<String ID="string_19" HPOS="728" VPOS="249" WIDTH="83" HEIGHT="28" WC="0.95" CONTENT="antagit"/><SP WIDTH="14" VPOS="249" HPOS="811"/>
							<String ID="string_20" HPOS="825" VPOS="255" WIDTH="43" HEIGHT="20" WC="0.96" CONTENT="nog"/><SP WIDTH="15" VPOS="255" HPOS="868"/>
							<String ID="string_21" HPOS="883" VPOS="250" WIDTH="58" HEIGHT="20" WC="0.96" CONTENT="stora"/>
						</TextLine>
						<TextLine ID="line_3" HPOS="200" VPOS="283" WIDTH="742" HEIGHT="29">
							<String ID="string_22" HPOS="200" VPOS="285" WIDTH="151" HEIGHT="27" WC="0.96" CONTENT="proportioner"/><SP WIDTH="15" VPOS="285" HPOS="351"/>
							<String ID="string_23" HPOS="366" VPOS="284" WIDTH="39" HEIGHT="21" WC="0.93" CONTENT="och"/><SP WIDTH="16" VPOS="284" HPOS="405"/>
							<String ID="string_24" HPOS="421" VPOS="284" WIDTH="63" HEIGHT="26" WC="0.92" CONTENT="gifvit"/><SP WIDTH="14" VPOS="284" HPOS="484"/>
							<String ID="string_25" HPOS="498" VPOS="284" WIDTH="116" HEIGHT="26" WC="0.96" CONTENT="anledning"/><SP WIDTH="15" VPOS="284" HPOS="614"/>
							<String ID="string_26" HPOS="629" VPOS="283" WIDTH="34" HEIGHT="21" WC="0.95" CONTENT="till"/><SP WIDTH="15" VPOS="283" HPOS="663"/>
							<String ID="string_27" HPOS="678" VPOS="283" WIDTH="142" HEIGHT="27" WC="0.96" CONTENT="uppkomsten"/><SP WIDTH="13" VPOS="283" HPOS="820"/>
							<String ID="string_28" HPOS="833" VPOS="283" WIDTH="23" HEIGHT="21" WC="0.90" CONTENT="af"/><SP WIDTH="7" VPOS="283" HPOS="856"/>
							<String ID="string_29" HPOS="863" VPOS="288" WIDTH="26" HEIGHT="16" WC="0.90" CONTENT="en"/><SP WIDTH="7" VPOS="288" HPOS="889"/>
							<String ID="string_30" HPOS="896" VPOS="288" WIDTH="46" HEIGHT="15" WC="0.96" CONTENT="mer"/>
						</TextLine>
						<TextLine ID="line_4" HPOS="200" VPOS="316" WIDTH="742" HEIGHT="28">
							<String ID="string_31" HPOS="200" VPOS="319" WIDTH="53" HEIGHT="21" WC="0.95" CONTENT="eller"/><SP WIDTH="22" VPOS="319" HPOS="253"/>
							<String ID="string_32" HPOS="275" VPOS="318" WIDTH="83" HEIGHT="21" WC="0.95" CONTENT="mindre"/><SP WIDTH="19" VPOS="318" HPOS="358"/>
							<String ID="string_33" HPOS="377" VPOS="320" WIDTH="64" HEIGHT="24" WC="0.93" CONTENT="öppet"/><SP WIDTH="15" VPOS="320" HPOS="441"/>
							<String ID="string_34" HPOS="456" VPOS="318" WIDTH="112" HEIGHT="21" WC="0.92" CONTENT="bedrifven"/><SP WIDTH="14" VPOS="318" HPOS="568"/>
							<String ID="string_35" HPOS="582" VPOS="318" WIDTH="153" HEIGHT="26" WC="0.96" CONTENT="utskänkning,"/><SP WIDTH="15" VPOS="318" HPOS="735"/>
							<String ID="string_36" HPOS="750" VPOS="317" WIDTH="90" HEIGHT="21" WC="0.96" CONTENT="hvarvid"/><SP WIDTH="16" VPOS="317" HPOS="840"/>
							<String ID="string_37" HPOS="856" VPOS="317" WIDTH="20" HEIGHT="21" WC="0.96" CONTENT="öl"/><SP WIDTH="17" VPOS="317" HPOS="876"/>
							<String ID="string_38" HPOS="893" VPOS="316" WIDTH="49" HEIGHT="22" WC="0.96" CONTENT="icke"/>
						</TextLine>
						<TextLine ID="line_5" HPOS="200" VPOS="351" WIDTH="741" HEIGHT="27">
							<String ID="string_39" HPOS="200" VPOS="352" WIDTH="68" HEIGHT="22" WC="0.93" CONTENT="sällan"/><SP WIDTH="18" VPOS="352" HPOS="268"/>
							<String ID="string_40" HPOS="286" VPOS="352" WIDTH="91" HEIGHT="21" WC="0.92" CONTENT="förtärts"/><SP WIDTH="19" VPOS="352" HPOS="377"/>
							<String ID="string_41" HPOS="396" VPOS="352" WIDTH="34" HEIGHT="21" WC="0.96" CONTENT="till"/><SP WIDTH="16" VPOS="352" HPOS="430"/>
							<String ID="string_42" HPOS="446" VPOS="352" WIDTH="66" HEIGHT="21" WC="0.92" CONTENT="sådan"/><SP WIDTH="16" VPOS="352" HPOS="512"/>
							<String ID="string_43" HPOS="528" VPOS="351" WIDTH="119" HEIGHT="26" WC="0.92" CONTENT="öfverdrift,"/><SP WIDTH="16" VPOS="351" HPOS="647"/>
							<String ID="string_44" HPOS="663" VPOS="353" WIDTH="32" HEIGHT="19" WC="0.96" CONTENT="att"/><SP WIDTH="16" VPOS="353" HPOS="695"/>
							<String ID="string_45" HPOS="711" VPOS="351" WIDTH="61" HEIGHT="21" WC="0.96" CONTENT="deraf"/><SP WIDTH="13" VPOS="351" HPOS="772"/>
							<String ID="string_46" HPOS="785" VPOS="351" WIDTH="49" HEIGHT="27" WC="0.96" CONTENT="följt"/><SP WIDTH="14" VPOS="351" HPOS="834"/>
							<String ID="string_47" HPOS="848" VPOS="357" WIDTH="37" HEIGHT="15" WC="0.96" CONTENT="rus"/><SP WIDTH="16" VPOS="357" HPOS="885"/>
							<String ID="string_48" HPOS="901" VPOS="351" WIDTH="40" HEIGHT="21" WC="0.96" CONTENT="och"/>
						</TextLine>
						<TextLine ID="line_6" HPOS="202" VPOS="385" WIDTH="739" HEIGHT="28">
							<String ID="string_49" HPOS="202" VPOS="387" WIDTH="49" HEIGHT="21" WC="0.96" CONTENT="dess"/><SP WIDTH="15" VPOS="387" HPOS="251"/>
							<String ID="string_50" HPOS="266" VPOS="386" WIDTH="86" HEIGHT="27" WC="0.96" CONTENT="vanliga"/><SP WIDTH="14" VPOS="386" HPOS="352"/>
							<String ID="string_51" HPOS="366" VPOS="386" WIDTH="113" HEIGHT="27" WC="0.96" CONTENT="påföljder,"/><SP WIDTH="16" VPOS="386" HPOS="479"/>
							<String ID="string_52" HPOS="495" VPOS="386" WIDTH="100" HEIGHT="26" WC="0.96" CONTENT="slagsmål"/><SP WIDTH="13" VPOS="386" HPOS="595"/>
							<String ID="string_53" HPOS="608" VPOS="386" WIDTH="66" HEIGHT="26" WC="0.96" CONTENT="jemte"/><SP WIDTH="11" VPOS="386" HPOS="674"/>
							<String ID="string_54" HPOS="685" VPOS="386" WIDTH="68" HEIGHT="20" WC="0.92" CONTENT="andra"/><SP WIDTH="11" VPOS="386" HPOS="753"/>
							<String ID="string_55" HPOS="764" VPOS="385" WIDTH="130" HEIGHT="27" WC="0.92" CONTENT="oordningar"/><SP WIDTH="7" VPOS="385" HPOS="894"/>
							<String ID="string_56" HPOS="901" VPOS="385" WIDTH="40" HEIGHT="21" WC="0.96" CONTENT="och"/>
						</TextLine>
						<TextLine ID="line_7" HPOS="200" VPOS="418" WIDTH="741" HEIGHT="29">
							<String ID="string_57" HPOS="200" VPOS="420" WIDTH="103" HEIGHT="21" WC="0.93" CONTENT="moralisk"/><SP WIDTH="15" VPOS="420" HPOS="303"/>
							<String ID="string_58" HPOS="318" VPOS="420" WIDTH="146" HEIGHT="27" WC="0.92" CONTENT="depravation."/><SP WIDTH="31" VPOS="420" HPOS="464"/>
							<String ID="string_59" HPOS="495" VPOS="419" WIDTH="45" HEIGHT="21" WC="0.95" CONTENT="Och"/><SP WIDTH="16" VPOS="419" HPOS="540"/>
							<String ID="string_60" HPOS="556" VPOS="420" WIDTH="26" HEIGHT="20" WC="0.96" CONTENT="då"/><SP WIDTH="14" VPOS="420" HPOS="582"/>
							<String ID="string_61" HPOS="596" VPOS="419" WIDTH="67" HEIGHT="21" WC="0.96" CONTENT="redan"/><SP WIDTH="16" VPOS="419" HPOS="663"/>
							<String ID="string_62" HPOS="679" VPOS="419" WIDTH="68" HEIGHT="21" WC="0.96" CONTENT="under"/><SP WIDTH="9" VPOS="419" HPOS="747"/>
							<String ID="string_63" HPOS="756" VPOS="419" WIDTH="135" HEIGHT="21" WC="0.92" CONTENT="närvarande"/><SP WIDTH="8" VPOS="419" HPOS="891"/>
							<String ID="string_64" HPOS="899" VPOS="418" WIDTH="42" HEIGHT="22" WC="0.92" CONTENT="för-"/>
						</TextLine>
						<TextLine ID="line_8" HPOS="201" VPOS="453" WIDTH="740" HEIGHT="27">
							<String ID="string_65" HPOS="201" VPOS="454" WIDTH="116" HEIGHT="21" WC="0.92" CONTENT="hällanden"/><SP WIDTH="15" VPOS="454" HPOS="317"/>
							<String ID="string_66" HPOS="332" VPOS="453" WIDTH="107" HEIGHT="27" WC="0.96" CONTENT="klagomål"/><SP WIDTH="15" VPOS="453" HPOS="439"/>
							<String ID="string_67" HPOS="454" VPOS="454" WIDTH="7" HEIGHT="20" WC="0.96" CONTENT="i"/><SP WIDTH="16" VPOS="454" HPOS="461"/>
							<String ID="string_68" HPOS="477" VPOS="453" WIDTH="59" HEIGHT="21" WC="0.93" CONTENT="detta"/><SP WIDTH="16" VPOS="453" HPOS="536"/>
							<String ID="string_69" HPOS="552" VPOS="453" WIDTH="99" HEIGHT="21" WC="0.93" CONTENT="afseende"/><SP WIDTH="16" VPOS="453" HPOS="651"/>
							<String ID="string_70" HPOS="667" VPOS="453" WIDTH="124" HEIGHT="27" WC="0.89" CONTENT="förspörjas,"/><SP WIDTH="16" VPOS="453" HPOS="791"/>
							<String ID="string_71" HPOS="807" VPOS="453" WIDTH="87" HEIGHT="21" WC="0.90" CONTENT="hvarom"/><SP WIDTH="16" VPOS="453" HPOS="894"/>
							<String ID="string_72" HPOS="910" VPOS="453" WIDTH="31" HEIGHT="21" WC="0.90" CONTENT="äf-"/>
						</TextLine>
						<TextLine ID="line_9" HPOS="200" VPOS="487" WIDTH="742" HEIGHT="28">
							<String ID="string_73" HPOS="200" VPOS="495" WIDTH="41" HEIGHT="15" WC="0.96" CONTENT="ven"/><SP WIDTH="23" VPOS="495" HPOS="241"/>
							<String ID="string_74" HPOS="264" VPOS="489" WIDTH="26" HEIGHT="20" WC="0.96" CONTENT="de"/><SP WIDTH="22" VPOS="489" HPOS="290"/>
							<String ID="string_75" HPOS="312" VPOS="488" WIDTH="36" HEIGHT="21" WC="0.96" CONTENT="vid"/><SP WIDTH="16" VPOS="488" HPOS="348"/>
							<String ID="string_76" HPOS="364" VPOS="489" WIDTH="69" HEIGHT="20" WC="0.93" CONTENT="denna"/><SP WIDTH="15" VPOS="489" HPOS="433"/>
							<String ID="string_77" HPOS="448" VPOS="488" WIDTH="104" HEIGHT="27" WC="0.69" CONTENT="landtdag"/><SP WIDTH="15" VPOS="488" HPOS="552"/>
							<String ID="string_78" HPOS="567" VPOS="488" WIDTH="38" HEIGHT="21" WC="0.93" CONTENT="hos"/><SP WIDTH="16" VPOS="488" HPOS="605"/>
							<String ID="string_79" HPOS="621" VPOS="488" WIDTH="86" HEIGHT="21" WC="0.92" CONTENT="Presta-"/><SP WIDTH="15" VPOS="488" HPOS="707"/>
							<String ID="string_80" HPOS="722" VPOS="488" WIDTH="39" HEIGHT="21" WC="0.93" CONTENT="och"/><SP WIDTH="14" VPOS="488" HPOS="761"/>
							<String ID="string_81" HPOS="775" VPOS="487" WIDTH="167" HEIGHT="22" WC="0.91" CONTENT="Bondeständen"/>
						</TextLine>
						<TextLine ID="line_10" HPOS="202" VPOS="522" WIDTH="739" HEIGHT="27">
							<String ID="string_82" HPOS="202" VPOS="523" WIDTH="78" HEIGHT="21" WC="0.93" CONTENT="väckta"/><SP WIDTH="23" VPOS="523" HPOS="280"/>
							<String ID="string_83" HPOS="303" VPOS="523" WIDTH="148" HEIGHT="26" WC="0.92" CONTENT="underdäniga"/><SP WIDTH="15" VPOS="523" HPOS="451"/>
							<String ID="string_84" HPOS="466" VPOS="522" WIDTH="145" HEIGHT="27" WC="0.92" CONTENT="petitionerna"/><SP WIDTH="15" VPOS="522" HPOS="611"/>
							<String ID="string_85" HPOS="626" VPOS="528" WIDTH="33" HEIGHT="15" WC="0.93" CONTENT="om"/><SP WIDTH="11" VPOS="528" HPOS="659"/>
							<String ID="string_86" HPOS="670" VPOS="522" WIDTH="159" HEIGHT="26" WC="0.95" CONTENT="inskränkning"/><SP WIDTH="14" VPOS="522" HPOS="829"/>
							<String ID="string_87" HPOS="843" VPOS="522" WIDTH="8" HEIGHT="20" WC="0.93" CONTENT="i"/><SP WIDTH="14" VPOS="522" HPOS="851"/>
							<String ID="string_88" HPOS="865" VPOS="522" WIDTH="76" HEIGHT="27" WC="0.93" CONTENT="rättig-"/>
						</TextLine>
						<TextLine ID="line_11" HPOS="200" VPOS="555" WIDTH="743" HEIGHT="27">
							<String ID="string_89" HPOS="200" VPOS="557" WIDTH="65" HEIGHT="20" WC="0.96" CONTENT="heten"/><SP WIDTH="20" VPOS="557" HPOS="265"/>
							<String ID="string_90" HPOS="285" VPOS="558" WIDTH="32" HEIGHT="19" WC="0.93" CONTENT="att"/><SP WIDTH="16" VPOS="558" HPOS="317"/>
							<String ID="string_91" HPOS="333" VPOS="556" WIDTH="12" HEIGHT="21" WC="0.90" CONTENT="&amp;"/><SP WIDTH="14" VPOS="556" HPOS="345"/>
							<String ID="string_92" HPOS="359" VPOS="557" WIDTH="75" HEIGHT="19" WC="0.93" CONTENT="landet"/><SP WIDTH="14" VPOS="557" HPOS="434"/>
							<String ID="string_93" HPOS="448" VPOS="556" WIDTH="89" HEIGHT="26" WC="0.96" CONTENT="försälja"/><SP WIDTH="15" VPOS="556" HPOS="537"/>
							<String ID="string_94" HPOS="552" VPOS="556" WIDTH="20" HEIGHT="21" WC="0.95" CONTENT="öl"/><SP WIDTH="16" VPOS="556" HPOS="572"/>
							<String ID="string_95" HPOS="588" VPOS="557" WIDTH="51" HEIGHT="20" WC="0.96" CONTENT="bära"/><SP WIDTH="16" VPOS="557" HPOS="639"/>
							<String ID="string_96" HPOS="655" VPOS="556" WIDTH="75" HEIGHT="25" WC="0.96" CONTENT="vittne,"/><SP WIDTH="15" VPOS="556" HPOS="730"/>
							<String ID="string_97" HPOS="745" VPOS="556" WIDTH="58" HEIGHT="20" WC="0.96" CONTENT="inses"/><SP WIDTH="14" VPOS="556" HPOS="803"/>
							<String ID="string_98" HPOS="817" VPOS="556" WIDTH="47" HEIGHT="25" WC="0.93" CONTENT="lätt,"/><SP WIDTH="16" VPOS="556" HPOS="864"/>
							<String ID="string_99" HPOS="880" VPOS="555" WIDTH="63" HEIGHT="21" WC="0.93" CONTENT="hvart"/>
						</TextLine>
						<TextLine ID="line_12" HPOS="201" VPOS="589" WIDTH="741" HEIGHT="27">
							<String ID="string_100" HPOS="201" VPOS="590" WIDTH="37" HEIGHT="20" WC="0.96" CONTENT="det"/><SP WIDTH="20" VPOS="590" HPOS="238"/>
							<String ID="string_101" HPOS="258" VPOS="590" WIDTH="73" HEIGHT="20" WC="0.96" CONTENT="kunde"/><SP WIDTH="22" VPOS="590" HPOS="331"/>
							<String ID="string_102" HPOS="353" VPOS="590" WIDTH="49" HEIGHT="20" WC="0.96" CONTENT="leda"/><SP WIDTH="24" VPOS="590" HPOS="402"/>
							<String ID="string_103" HPOS="426" VPOS="596" WIDTH="33" HEIGHT="14" WC="0.93" CONTENT="om"/><SP WIDTH="17" VPOS="596" HPOS="459"/>
							<String ID="string_104" HPOS="476" VPOS="590" WIDTH="114" HEIGHT="21" WC="0.91" CONTENT="ölhandeln"/><SP WIDTH="16" VPOS="590" HPOS="590"/>
							<String ID="string_105" HPOS="606" VPOS="590" WIDTH="70" HEIGHT="20" WC="0.91" CONTENT="blefve"/><SP WIDTH="15" VPOS="590" HPOS="676"/>
							<String ID="string_106" HPOS="691" VPOS="589" WIDTH="134" HEIGHT="27" WC="0.96" CONTENT="fullkomligt"/><SP WIDTH="15" VPOS="589" HPOS="825"/>
							<String ID="string_107" HPOS="840" VPOS="589" WIDTH="34" HEIGHT="21" WC="0.91" CONTENT="fri."/><SP WIDTH="30" VPOS="589" HPOS="874"/>
							<String ID="string_108" HPOS="904" VPOS="589" WIDTH="38" HEIGHT="21" WC="0.96" CONTENT="Att"/>
						</TextLine>
						<TextLine ID="line_13" HPOS="202" VPOS="623" WIDTH="740" HEIGHT="28">
							<String ID="string_109" HPOS="202" VPOS="624" WIDTH="66" HEIGHT="20" WC="0.96" CONTENT="likväl"/><SP WIDTH="25" VPOS="624" HPOS="268"/>
							<String ID="string_110" HPOS="293" VPOS="624" WIDTH="46" HEIGHT="21" WC="0.96" CONTENT="helt"/><SP WIDTH="22" VPOS="624" HPOS="339"/>
							<String ID="string_111" HPOS="361" VPOS="624" WIDTH="39" HEIGHT="21" WC="0.96" CONTENT="och"/><SP WIDTH="16" VPOS="624" HPOS="400"/>
							<String ID="string_112" HPOS="416" VPOS="624" WIDTH="68" HEIGHT="21" WC="0.96" CONTENT="hållet"/><SP WIDTH="14" VPOS="624" HPOS="484"/>
							<String ID="string_113" HPOS="498" VPOS="624" WIDTH="100" HEIGHT="27" WC="0.96" CONTENT="förbjuda"/><SP WIDTH="15" VPOS="624" HPOS="598"/>
							<String ID="string_114" HPOS="613" VPOS="624" WIDTH="68" HEIGHT="20" WC="0.96" CONTENT="andra"/><SP WIDTH="15" VPOS="624" HPOS="681"/>
							<String ID="string_115" HPOS="696" VPOS="626" WIDTH="26" HEIGHT="18" WC="0.96" CONTENT="än"/><SP WIDTH="16" VPOS="626" HPOS="722"/>
							<String ID="string_116" HPOS="738" VPOS="624" WIDTH="124" HEIGHT="20" WC="0.91" CONTENT="tillverkare"/><SP WIDTH="16" VPOS="624" HPOS="862"/>
							<String ID="string_117" HPOS="878" VPOS="623" WIDTH="64" HEIGHT="21" WC="0.91" CONTENT="ölför-"/>
						</TextLine>
						<TextLine ID="line_14" HPOS="201" VPOS="657" WIDTH="741" HEIGHT="27">
							<String ID="string_118" HPOS="201" VPOS="658" WIDTH="94" HEIGHT="26" WC="0.91" CONTENT="säljning"/><SP WIDTH="21" VPOS="658" HPOS="295"/>
							<String ID="string_119" HPOS="316" VPOS="658" WIDTH="28" HEIGHT="26" WC="0.96" CONTENT="på"/><SP WIDTH="22" VPOS="658" HPOS="344"/>
							<String ID="string_120" HPOS="366" VPOS="658" WIDTH="80" HEIGHT="26" WC="0.93" CONTENT="landet,"/><SP WIDTH="23" VPOS="658" HPOS="446"/>
							<String ID="string_121" HPOS="469" VPOS="658" WIDTH="73" HEIGHT="21" WC="0.92" CONTENT="dertill"/><SP WIDTH="21" VPOS="658" HPOS="542"/>
							<String ID="string_122" HPOS="563" VPOS="658" WIDTH="38" HEIGHT="21" WC="0.95" CONTENT="har"/><SP WIDTH="23" VPOS="658" HPOS="601"/>
							<String ID="string_123" HPOS="624" VPOS="658" WIDTH="108" HEIGHT="20" WC="0.95" CONTENT="utskottet"/><SP WIDTH="15" VPOS="658" HPOS="732"/>
							<String ID="string_124" HPOS="747" VPOS="657" WIDTH="46" HEIGHT="21" WC="0.96" CONTENT="icke"/><SP WIDTH="16" VPOS="657" HPOS="793"/>
							<String ID="string_125" HPOS="809" VPOS="657" WIDTH="72" HEIGHT="21" WC="0.96" CONTENT="funnit"/><SP WIDTH="14" VPOS="657" HPOS="881"/>
							<String ID="string_126" HPOS="895" VPOS="657" WIDTH="47" HEIGHT="21" WC="0.96" CONTENT="skäl"/>
						</TextLine>
						<TextLine ID="line_15" HPOS="201" VPOS="692" WIDTH="742" HEIGHT="26">
							<String ID="string_127" HPOS="201" VPOS="698" WIDTH="52" HEIGHT="16" WC="0.93" CONTENT="vara"/><SP WIDTH="21" VPOS="698" HPOS="253"/>
							<String ID="string_128" HPOS="274" VPOS="692" WIDTH="125" HEIGHT="26" WC="0.91" CONTENT="förhanden,"/><SP WIDTH="24" VPOS="692" HPOS="399"/>
							<String ID="string_129" HPOS="423" VPOS="694" WIDTH="52" HEIGHT="19" WC="0.96" CONTENT="utan"/><SP WIDTH="19" VPOS="694" HPOS="475"/>
							<String ID="string_130" HPOS="494" VPOS="692" WIDTH="40" HEIGHT="21" WC="0.95" CONTENT="har"/><SP WIDTH="22" VPOS="692" HPOS="534"/>
							<String ID="string_131" HPOS="556" VPOS="692" WIDTH="36" HEIGHT="21" WC="0.95" CONTENT="det"/><SP WIDTH="23" VPOS="692" HPOS="592"/>
							<String ID="string_132" HPOS="615" VPOS="693" WIDTH="61" HEIGHT="25" WC="0.96" CONTENT="synts"/><SP WIDTH="15" VPOS="693" HPOS="676"/>
							<String ID="string_133" HPOS="691" VPOS="698" WIDTH="53" HEIGHT="15" WC="0.93" CONTENT="vara"/><SP WIDTH="14" VPOS="698" HPOS="744"/>
							<String ID="string_134" HPOS="758" VPOS="692" WIDTH="114" HEIGHT="26" WC="0.91" CONTENT="tillfyllest,"/><SP WIDTH="17" VPOS="692" HPOS="872"/>
							<String ID="string_135" HPOS="889" VPOS="692" WIDTH="32" HEIGHT="20" WC="0.96" CONTENT="att"/><SP WIDTH="15" VPOS="692" HPOS="921"/>
							<String ID="string_136" HPOS="936" VPOS="692" WIDTH="7" HEIGHT="20" WC="0.96" CONTENT="i"/>
						</TextLine>
						<TextLine ID="line_16" HPOS="201" VPOS="726" WIDTH="741" HEIGHT="22">
							<String ID="string_137" HPOS="201" VPOS="728" WIDTH="77" HEIGHT="20" WC="0.96" CONTENT="sådant"/><SP WIDTH="22" VPOS="728" HPOS="278"/>
							<String ID="string_138" HPOS="300" VPOS="726" WIDTH="101" HEIGHT="22" WC="0.93" CONTENT="afseende"/><SP WIDTH="26" VPOS="726" HPOS="401"/>
							<String ID="string_139" HPOS="427" VPOS="726" WIDTH="129" HEIGHT="21" WC="0.89" CONTENT="öfverlemna"/><SP WIDTH="22" VPOS="726" HPOS="556"/>
							<String ID="string_140" HPOS="578" VPOS="726" WIDTH="211" HEIGHT="21" WC="0.89" CONTENT="beslutanderättten"/><SP WIDTH="22" VPOS="726" HPOS="789"/>
							<String ID="string_141" HPOS="811" VPOS="726" WIDTH="22" HEIGHT="20" WC="0.91" CONTENT="åt"/><SP WIDTH="14" VPOS="726" HPOS="833"/>
							<String ID="string_142" HPOS="847" VPOS="726" WIDTH="95" HEIGHT="20" WC="0.91" CONTENT="kommu-"/>
						</TextLine>
						<TextLine ID="line_17" HPOS="200" VPOS="760" WIDTH="743" HEIGHT="27">
							<String ID="string_143" HPOS="200" VPOS="767" WIDTH="68" HEIGHT="15" WC="0.96" CONTENT="nerna"/><SP WIDTH="15" VPOS="767" HPOS="268"/>
							<String ID="string_144" HPOS="283" VPOS="760" WIDTH="82" HEIGHT="27" WC="0.96" CONTENT="sjelfva."/><SP WIDTH="29" VPOS="760" HPOS="365"/>
							<String ID="string_145" HPOS="394" VPOS="760" WIDTH="43" HEIGHT="21" WC="0.96" CONTENT="För"/><SP WIDTH="14" VPOS="760" HPOS="437"/>
							<String ID="string_146" HPOS="451" VPOS="762" WIDTH="33" HEIGHT="19" WC="0.96" CONTENT="att"/><SP WIDTH="15" VPOS="762" HPOS="484"/>
							<String ID="string_147" HPOS="499" VPOS="760" WIDTH="59" HEIGHT="21" WC="0.96" CONTENT="detta"/><SP WIDTH="16" VPOS="760" HPOS="558"/>
							<String ID="string_148" HPOS="574" VPOS="760" WIDTH="53" HEIGHT="21" WC="0.96" CONTENT="dock"/><SP WIDTH="15" VPOS="760" HPOS="627"/>
							<String ID="string_149" HPOS="642" VPOS="760" WIDTH="47" HEIGHT="20" WC="0.96" CONTENT="icke"/><SP WIDTH="20" VPOS="760" HPOS="689"/>
							<String ID="string_150" HPOS="709" VPOS="760" WIDTH="34" HEIGHT="20" WC="0.95" CONTENT="må"/><SP WIDTH="15" VPOS="760" HPOS="743"/>
							<String ID="string_151" HPOS="758" VPOS="760" WIDTH="58" HEIGHT="26" WC="0.96" CONTENT="gifva"/><SP WIDTH="10" VPOS="760" HPOS="816"/>
							<String ID="string_152" HPOS="826" VPOS="760" WIDTH="117" HEIGHT="26" WC="0.96" CONTENT="anledning"/>
						</TextLine>
						<TextLine ID="line_18" HPOS="200" VPOS="794" WIDTH="744" HEIGHT="28">
							<String ID="string_153" HPOS="200" VPOS="796" WIDTH="35" HEIGHT="20" WC="0.96" CONTENT="till"/><SP WIDTH="19" VPOS="796" HPOS="235"/>
							<String ID="string_154" HPOS="254" VPOS="794" WIDTH="66" HEIGHT="28" WC="0.93" CONTENT="något"/><SP WIDTH="21" VPOS="794" HPOS="320"/>
							<String ID="string_155" HPOS="341" VPOS="794" WIDTH="147" HEIGHT="28" WC="0.90" CONTENT="köpslagande"/><SP WIDTH="22" VPOS="794" HPOS="488"/>
							<String ID="string_156" HPOS="510" VPOS="800" WIDTH="33" HEIGHT="15" WC="0.95" CONTENT="om"/><SP WIDTH="25" VPOS="800" HPOS="543"/>
							<String ID="string_157" HPOS="568" VPOS="800" WIDTH="26" HEIGHT="15" WC="0.95" CONTENT="en"/><SP WIDTH="15" VPOS="800" HPOS="594"/>
							<String ID="string_158" HPOS="609" VPOS="794" WIDTH="67" HEIGHT="21" WC="0.92" CONTENT="sådan"/><SP WIDTH="16" VPOS="794" HPOS="676"/>
							<String ID="string_159" HPOS="692" VPOS="794" WIDTH="184" HEIGHT="27" WC="0.92" CONTENT="försäljningsrätt"/><SP WIDTH="14" VPOS="794" HPOS="876"/>
							<String ID="string_160" HPOS="890" VPOS="794" WIDTH="54" HEIGHT="21" WC="0.96" CONTENT="eller"/>
						</TextLine>
						<TextLine ID="line_19" HPOS="200" VPOS="828" WIDTH="740" HEIGHT="28">
							<String ID="string_161" HPOS="200" VPOS="831" WIDTH="32" HEIGHT="20" WC="0.93" CONTENT="ett"/><SP WIDTH="18" VPOS="831" HPOS="232"/>
							<String ID="string_162" HPOS="250" VPOS="829" WIDTH="113" HEIGHT="27" WC="0.90" CONTENT="gynnande"/><SP WIDTH="16" VPOS="829" HPOS="363"/>
							<String ID="string_163" HPOS="379" VPOS="828" WIDTH="22" HEIGHT="22" WC="0.96" CONTENT="af"/><SP WIDTH="14" VPOS="828" HPOS="401"/>
							<String ID="string_164" HPOS="415" VPOS="829" WIDTH="41" HEIGHT="21" WC="0.96" CONTENT="den"/><SP WIDTH="16" VPOS="829" HPOS="456"/>
							<String ID="string_165" HPOS="472" VPOS="834" WIDTH="40" HEIGHT="16" WC="0.95" CONTENT="ena"/><SP WIDTH="15" VPOS="834" HPOS="512"/>
							<String ID="string_166" HPOS="527" VPOS="829" WIDTH="53" HEIGHT="21" WC="0.96" CONTENT="eller"/><SP WIDTH="15" VPOS="829" HPOS="580"/>
							<String ID="string_167" HPOS="595" VPOS="828" WIDTH="67" HEIGHT="22" WC="0.96" CONTENT="andra"/><SP WIDTH="17" VPOS="828" HPOS="662"/>
							<String ID="string_168" HPOS="679" VPOS="835" WIDTH="26" HEIGHT="14" WC="0.96" CONTENT="ur"/><SP WIDTH="16" VPOS="835" HPOS="705"/>
							<String ID="string_169" HPOS="721" VPOS="828" WIDTH="67" HEIGHT="22" WC="0.96" CONTENT="andra"/><SP WIDTH="15" VPOS="828" HPOS="788"/>
							<String ID="string_170" HPOS="803" VPOS="829" WIDTH="47" HEIGHT="21" WC="0.95" CONTENT="skäl"/><SP WIDTH="15" VPOS="829" HPOS="850"/>
							<String ID="string_171" HPOS="865" VPOS="831" WIDTH="27" HEIGHT="19" WC="0.96" CONTENT="än"/><SP WIDTH="16" VPOS="831" HPOS="892"/>
							<String ID="string_172" HPOS="908" VPOS="829" WIDTH="32" HEIGHT="26" WC="0.95" CONTENT="de,"/>
						</TextLine>
						<TextLine ID="line_20" HPOS="201" VPOS="862" WIDTH="739" HEIGHT="27">
							<String ID="string_173" HPOS="201" VPOS="869" WIDTH="45" HEIGHT="15" WC="0.93" CONTENT="som"/><SP WIDTH="15" VPOS="869" HPOS="246"/>
							<String ID="string_174" HPOS="261" VPOS="863" WIDTH="46" HEIGHT="21" WC="0.91" CONTENT="afse"/><SP WIDTH="14" VPOS="863" HPOS="307"/>
							<String ID="string_175" HPOS="321" VPOS="862" WIDTH="148" HEIGHT="27" WC="0.96" CONTENT="befrämjande"/><SP WIDTH="15" VPOS="862" HPOS="469"/>
							<String ID="string_176" HPOS="484" VPOS="862" WIDTH="23" HEIGHT="21" WC="0.96" CONTENT="af"/><SP WIDTH="14" VPOS="862" HPOS="507"/>
							<String ID="string_177" HPOS="521" VPOS="863" WIDTH="41" HEIGHT="26" WC="0.96" CONTENT="god"/><SP WIDTH="16" VPOS="863" HPOS="562"/>
							<String ID="string_178" HPOS="578" VPOS="863" WIDTH="97" HEIGHT="26" WC="0.95" CONTENT="ordning,"/><SP WIDTH="17" VPOS="863" HPOS="675"/>
							<String ID="string_179" HPOS="692" VPOS="863" WIDTH="61" HEIGHT="20" WC="0.96" CONTENT="torde"/><SP WIDTH="16" VPOS="863" HPOS="753"/>
							<String ID="string_180" HPOS="769" VPOS="862" WIDTH="36" HEIGHT="21" WC="0.96" CONTENT="det"/><SP WIDTH="15" VPOS="862" HPOS="805"/>
							<String ID="string_181" HPOS="820" VPOS="863" WIDTH="53" HEIGHT="20" WC="0.96" CONTENT="böra"/><SP WIDTH="10" VPOS="863" HPOS="873"/>
							<String ID="string_182" HPOS="883" VPOS="863" WIDTH="57" HEIGHT="26" WC="0.95" CONTENT="gälla"/>
						</TextLine>
						<TextLine ID="line_21" HPOS="200" VPOS="896" WIDTH="741" HEIGHT="27">
							<String ID="string_183" HPOS="200" VPOS="897" WIDTH="71" HEIGHT="22" WC="0.96" CONTENT="såsom"/><SP WIDTH="15" VPOS="897" HPOS="271"/>
							<String ID="string_184" HPOS="286" VPOS="903" WIDTH="26" HEIGHT="16" WC="0.96" CONTENT="en"/><SP WIDTH="15" VPOS="903" HPOS="312"/>
							<String ID="string_185" HPOS="327" VPOS="897" WIDTH="79" HEIGHT="21" WC="0.96" CONTENT="allmän"/><SP WIDTH="15" VPOS="897" HPOS="406"/>
							<String ID="string_186" HPOS="421" VPOS="897" WIDTH="141" HEIGHT="26" WC="0.96" CONTENT="bestämning,"/><SP WIDTH="18" VPOS="897" HPOS="562"/>
							<String ID="string_187" HPOS="580" VPOS="898" WIDTH="31" HEIGHT="20" WC="0.96" CONTENT="att"/><SP WIDTH="16" VPOS="898" HPOS="611"/>
							<String ID="string_188" HPOS="627" VPOS="896" WIDTH="93" HEIGHT="21" WC="0.93" CONTENT="särskild"/><SP WIDTH="15" VPOS="896" HPOS="720"/>
							<String ID="string_189" HPOS="735" VPOS="896" WIDTH="63" HEIGHT="27" WC="0.92" CONTENT="afgift"/><SP WIDTH="8" VPOS="896" HPOS="798"/>
							<String ID="string_190" HPOS="806" VPOS="896" WIDTH="34" HEIGHT="21" WC="0.96" CONTENT="för"/><SP WIDTH="11" VPOS="896" HPOS="840"/>
							<String ID="string_191" HPOS="851" VPOS="897" WIDTH="90" HEIGHT="22" WC="0.95" CONTENT="sålunda"/>
						</TextLine>
						<TextLine ID="line_22" HPOS="200" VPOS="930" WIDTH="740" HEIGHT="28">
							<String ID="string_192" HPOS="200" VPOS="931" WIDTH="123" HEIGHT="27" WC="0.87" CONTENT="medgifver"/><SP WIDTH="8" VPOS="931" HPOS="323"/>
							<String ID="string_193" HPOS="331" VPOS="931" WIDTH="30" HEIGHT="21" WC="0.92" CONTENT="öl-"/><SP WIDTH="19" VPOS="931" HPOS="361"/>
							<String ID="string_194" HPOS="380" VPOS="931" WIDTH="39" HEIGHT="21" WC="0.93" CONTENT="och"/><SP WIDTH="14" VPOS="931" HPOS="419"/>
							<String ID="string_195" HPOS="433" VPOS="931" WIDTH="163" HEIGHT="26" WC="0.91" CONTENT="porter-handel"/><SP WIDTH="15" VPOS="931" HPOS="596"/>
							<String ID="string_196" HPOS="611" VPOS="931" WIDTH="47" HEIGHT="20" WC="0.96" CONTENT="icke"/><SP WIDTH="16" VPOS="931" HPOS="658"/>
							<String ID="string_197" HPOS="674" VPOS="931" WIDTH="33" HEIGHT="20" WC="0.93" CONTENT="får"/><SP WIDTH="8" VPOS="931" HPOS="707"/>
							<String ID="string_198" HPOS="715" VPOS="930" WIDTH="160" HEIGHT="27" WC="0.91" CONTENT="ifrågakomma."/><SP WIDTH="16" VPOS="930" HPOS="875"/>
							<String ID="string_199" HPOS="891" VPOS="931" WIDTH="49" HEIGHT="22" WC="0.96" CONTENT="Med"/>
						</TextLine>
						<TextLine ID="line_23" HPOS="198" VPOS="965" WIDTH="742" HEIGHT="27">
							<String ID="string_200" HPOS="198" VPOS="966" WIDTH="101" HEIGHT="21" WC="0.96" CONTENT="afseende"/><SP WIDTH="16" VPOS="966" HPOS="299"/>
							<String ID="string_201" HPOS="315" VPOS="965" WIDTH="47" HEIGHT="22" WC="0.93" CONTENT="åter"/><SP WIDTH="15" VPOS="965" HPOS="362"/>
							<String ID="string_202" HPOS="377" VPOS="965" WIDTH="57" HEIGHT="26" WC="0.91" CONTENT="derå,"/><SP WIDTH="9" VPOS="965" HPOS="434"/>
							<String ID="string_203" HPOS="443" VPOS="966" WIDTH="33" HEIGHT="20" WC="0.96" CONTENT="att"/><SP WIDTH="14" VPOS="966" HPOS="476"/>
							<String ID="string_204" HPOS="490" VPOS="965" WIDTH="18" HEIGHT="27" WC="0.96" CONTENT="ej"/><SP WIDTH="16" VPOS="965" HPOS="508"/>
							<String ID="string_205" HPOS="524" VPOS="966" WIDTH="68" HEIGHT="21" WC="0.96" CONTENT="heller"/><SP WIDTH="13" VPOS="966" HPOS="592"/>
							<String ID="string_206" HPOS="605" VPOS="965" WIDTH="86" HEIGHT="26" WC="0.92" CONTENT="handel,"/><SP WIDTH="9" VPOS="965" HPOS="691"/>
							<String ID="string_207" HPOS="700" VPOS="971" WIDTH="45" HEIGHT="15" WC="0.92" CONTENT="som"/><SP WIDTH="15" VPOS="971" HPOS="745"/>
							<String ID="string_208" HPOS="760" VPOS="966" WIDTH="8" HEIGHT="20" WC="0.96" CONTENT="i"/><SP WIDTH="15" VPOS="966" HPOS="768"/>
							<String ID="string_209" HPOS="783" VPOS="966" WIDTH="48" HEIGHT="21" WC="0.96" CONTENT="stad"/><SP WIDTH="8" VPOS="966" HPOS="831"/>
							<String ID="string_210" HPOS="839" VPOS="965" WIDTH="34" HEIGHT="21" WC="0.93" CONTENT="till"/><SP WIDTH="9" VPOS="965" HPOS="873"/>
							<String ID="string_211" HPOS="882" VPOS="965" WIDTH="58" HEIGHT="27" WC="0.92" CONTENT="sjelf-"/>
						</TextLine>
						<TextLine ID="line_24" HPOS="198" VPOS="999" WIDTH="742" HEIGHT="28">
							<String ID="string_212" HPOS="198" VPOS="1000" WIDTH="131" HEIGHT="26" WC="0.93" CONTENT="försörjning"/><SP WIDTH="20" VPOS="1000" HPOS="329"/>
							<String ID="string_213" HPOS="349" VPOS="999" WIDTH="115" HEIGHT="27" WC="0.92" CONTENT="bedrifves,"/><SP WIDTH="16" VPOS="999" HPOS="464"/>
							<String ID="string_214" HPOS="480" VPOS="999" WIDTH="98" HEIGHT="28" WC="0.96" CONTENT="skäligen"/><SP WIDTH="14" VPOS="999" HPOS="578"/>
							<String ID="string_215" HPOS="592" VPOS="1000" WIDTH="39" HEIGHT="21" WC="0.96" CONTENT="bör"/><SP WIDTH="15" VPOS="1000" HPOS="631"/>
							<String ID="string_216" HPOS="646" VPOS="999" WIDTH="22" HEIGHT="21" WC="0.96" CONTENT="få"/><SP WIDTH="15" VPOS="999" HPOS="668"/>
							<String ID="string_217" HPOS="683" VPOS="999" WIDTH="90" HEIGHT="22" WC="0.96" CONTENT="omfatta"/><SP WIDTH="14" VPOS="999" HPOS="773"/>
							<String ID="string_218" HPOS="787" VPOS="1000" WIDTH="105" HEIGHT="27" WC="0.96" CONTENT="rättighet"/><SP WIDTH="14" VPOS="1000" HPOS="892"/>
							<String ID="string_219" HPOS="906" VPOS="1000" WIDTH="34" HEIGHT="21" WC="0.96" CONTENT="till"/>
						</TextLine>
						<TextLine ID="line_25" HPOS="199" VPOS="1033" WIDTH="741" HEIGHT="28">
							<String ID="string_220" HPOS="199" VPOS="1034" WIDTH="128" HEIGHT="27" WC="0.96" CONTENT="försäljning"/><SP WIDTH="22" VPOS="1034" HPOS="327"/>
							<String ID="string_221" HPOS="349" VPOS="1033" WIDTH="23" HEIGHT="22" WC="0.96" CONTENT="af"/><SP WIDTH="19" VPOS="1033" HPOS="372"/>
							<String ID="string_222" HPOS="391" VPOS="1034" WIDTH="61" HEIGHT="21" WC="0.96" CONTENT="viner"/><SP WIDTH="22" VPOS="1034" HPOS="452"/>
							<String ID="string_223" HPOS="474" VPOS="1034" WIDTH="40" HEIGHT="21" WC="0.96" CONTENT="och"/><SP WIDTH="22" VPOS="1034" HPOS="514"/>
							<String ID="string_224" HPOS="536" VPOS="1034" WIDTH="67" HEIGHT="21" WC="0.96" CONTENT="andra"/><SP WIDTH="22" VPOS="1034" HPOS="603"/>
							<String ID="string_225" HPOS="625" VPOS="1033" WIDTH="153" HEIGHT="28" WC="0.96" CONTENT="spritdrycker,"/><SP WIDTH="23" VPOS="1033" HPOS="778"/>
							<String ID="string_226" HPOS="801" VPOS="1034" WIDTH="88" HEIGHT="26" WC="0.95" CONTENT="hvilket,"/><SP WIDTH="17" VPOS="1034" HPOS="889"/>
							<String ID="string_227" HPOS="906" VPOS="1040" WIDTH="34" HEIGHT="15" WC="0.95" CONTENT="om"/>
						</TextLine>
						<TextLine ID="line_26" HPOS="200" VPOS="1067" WIDTH="740" HEIGHT="27">
							<String ID="string_228" HPOS="200" VPOS="1068" WIDTH="161" HEIGHT="26" WC="0.96" CONTENT="propositionen"/><SP WIDTH="22" VPOS="1068" HPOS="361"/>
							<String ID="string_229" HPOS="383" VPOS="1067" WIDTH="131" HEIGHT="22" WC="0.96" CONTENT="oförändrad"/><SP WIDTH="22" VPOS="1067" HPOS="514"/>
							<String ID="string_230" HPOS="536" VPOS="1069" WIDTH="96" HEIGHT="25" WC="0.96" CONTENT="antages,"/><SP WIDTH="24" VPOS="1069" HPOS="632"/>
							<String ID="string_231" HPOS="656" VPOS="1068" WIDTH="55" HEIGHT="21" WC="0.92" CONTENT="dock"/><SP WIDTH="24" VPOS="1068" HPOS="711"/>
							<String ID="string_232" HPOS="735" VPOS="1067" WIDTH="70" HEIGHT="22" WC="0.79" CONTENT="blefve"/><SP WIDTH="22" VPOS="1067" HPOS="805"/>
							<String ID="string_233" HPOS="827" VPOS="1074" WIDTH="26" HEIGHT="15" WC="0.93" CONTENT="en"/><SP WIDTH="16" VPOS="1074" HPOS="853"/>
							<String ID="string_234" HPOS="869" VPOS="1068" WIDTH="71" HEIGHT="26" WC="0.91" CONTENT="gifven"/>
						</TextLine>
						<TextLine ID="line_27" HPOS="198" VPOS="1101" WIDTH="744" HEIGHT="28">
							<String ID="string_235" HPOS="198" VPOS="1102" WIDTH="60" HEIGHT="26" WC="0.95" CONTENT="följd,"/><SP WIDTH="29" VPOS="1102" HPOS="258"/>
							<String ID="string_236" HPOS="287" VPOS="1101" WIDTH="40" HEIGHT="22" WC="0.96" CONTENT="har"/><SP WIDTH="24" VPOS="1101" HPOS="327"/>
							<String ID="string_237" HPOS="351" VPOS="1108" WIDTH="26" HEIGHT="15" WC="0.95" CONTENT="en"/><SP WIDTH="22" VPOS="1108" HPOS="377"/>
							<String ID="string_238" HPOS="399" VPOS="1101" WIDTH="135" HEIGHT="28" WC="0.93" CONTENT="bestämning"/><SP WIDTH="20" VPOS="1101" HPOS="534"/>
							<String ID="string_239" HPOS="554" VPOS="1101" WIDTH="79" HEIGHT="28" WC="0.91" CONTENT="jemväl"/><SP WIDTH="22" VPOS="1101" HPOS="633"/>
							<String ID="string_240" HPOS="655" VPOS="1101" WIDTH="74" HEIGHT="21" WC="0.95" CONTENT="härom"/><SP WIDTH="21" VPOS="1101" HPOS="729"/>
							<String ID="string_241" HPOS="750" VPOS="1103" WIDTH="83" HEIGHT="20" WC="0.95" CONTENT="ansetts"/><SP WIDTH="24" VPOS="1103" HPOS="833"/>
							<String ID="string_242" HPOS="857" VPOS="1102" WIDTH="53" HEIGHT="21" WC="0.96" CONTENT="böra"/><SP WIDTH="24" VPOS="1102" HPOS="910"/>
							<String ID="string_243" HPOS="934" VPOS="1102" WIDTH="8" HEIGHT="21" WC="0.96" CONTENT="i"/>
						</TextLine>
						<TextLine ID="line_28" HPOS="200" VPOS="1135" WIDTH="741" HEIGHT="27">
							<String ID="string_244" HPOS="200" VPOS="1136" WIDTH="70" HEIGHT="20" WC="0.93" CONTENT="denna"/><SP WIDTH="14" VPOS="1136" HPOS="270"/>
							<String ID="string_245" HPOS="284" VPOS="1135" WIDTH="12" HEIGHT="27" WC="0.91" CONTENT="$"/><SP WIDTH="14" VPOS="1135" HPOS="296"/>
							<String ID="string_246" HPOS="310" VPOS="1135" WIDTH="57" HEIGHT="27" WC="0.93" CONTENT="ingå,"/><SP WIDTH="15" VPOS="1135" HPOS="367"/>
							<String ID="string_247" HPOS="382" VPOS="1136" WIDTH="113" HEIGHT="20" WC="0.92" CONTENT="hvarutom"/><SP WIDTH="15" VPOS="1136" HPOS="495"/>
							<String ID="string_248" HPOS="510" VPOS="1136" WIDTH="38" HEIGHT="20" WC="0.96" CONTENT="der"/><SP WIDTH="15" VPOS="1136" HPOS="548"/>
							<String ID="string_249" HPOS="563" VPOS="1135" WIDTH="62" HEIGHT="21" WC="0.93" CONTENT="äfven"/><SP WIDTH="16" VPOS="1135" HPOS="625"/>
							<String ID="string_250" HPOS="641" VPOS="1136" WIDTH="98" HEIGHT="26" WC="0.92" CONTENT="stadgats"/><SP WIDTH="15" VPOS="1136" HPOS="739"/>
							<String ID="string_251" HPOS="754" VPOS="1135" WIDTH="78" HEIGHT="21" WC="0.96" CONTENT="förbud"/><SP WIDTH="11" VPOS="1135" HPOS="832"/>
							<String ID="string_252" HPOS="843" VPOS="1137" WIDTH="45" HEIGHT="19" WC="0.92" CONTENT="mot"/><SP WIDTH="10" VPOS="1137" HPOS="888"/>
							<String ID="string_253" HPOS="898" VPOS="1135" WIDTH="43" HEIGHT="21" WC="0.92" CONTENT="för-"/>
						</TextLine>
						<TextLine ID="line_29" HPOS="198" VPOS="1169" WIDTH="626" HEIGHT="27">
							<String ID="string_254" HPOS="198" VPOS="1169" WIDTH="94" HEIGHT="27" WC="0.92" CONTENT="säljning"/><SP WIDTH="14" VPOS="1169" HPOS="292"/>
							<String ID="string_255" HPOS="306" VPOS="1169" WIDTH="23" HEIGHT="21" WC="0.96" CONTENT="af"/><SP WIDTH="14" VPOS="1169" HPOS="329"/>
							<String ID="string_256" HPOS="343" VPOS="1169" WIDTH="20" HEIGHT="21" WC="0.95" CONTENT="öl"/><SP WIDTH="16" VPOS="1169" HPOS="363"/>
							<String ID="string_257" HPOS="379" VPOS="1169" WIDTH="39" HEIGHT="21" WC="0.96" CONTENT="och"/><SP WIDTH="15" VPOS="1169" HPOS="418"/>
							<String ID="string_258" HPOS="433" VPOS="1170" WIDTH="73" HEIGHT="26" WC="0.96" CONTENT="porter"/><SP WIDTH="14" VPOS="1170" HPOS="506"/>
							<String ID="string_259" HPOS="520" VPOS="1169" WIDTH="37" HEIGHT="21" WC="0.96" CONTENT="vid"/><SP WIDTH="15" VPOS="1169" HPOS="557"/>
							<String ID="string_260" HPOS="572" VPOS="1169" WIDTH="67" HEIGHT="21" WC="0.96" CONTENT="sådan"/><SP WIDTH="14" VPOS="1169" HPOS="639"/>
							<String ID="string_261" HPOS="653" VPOS="1169" WIDTH="79" HEIGHT="21" WC="0.96" CONTENT="handel"/><SP WIDTH="14" VPOS="1169" HPOS="732"/>
							<String ID="string_262" HPOS="746" VPOS="1169" WIDTH="8" HEIGHT="21" WC="0.96" CONTENT="i"/><SP WIDTH="15" VPOS="1169" HPOS="754"/>
							<String ID="string_263" HPOS="769" VPOS="1169" WIDTH="55" HEIGHT="21" WC="0.96" CONTENT="stad."/>
						</TextLine>
					</TextBlock>
					<TextBlock ID="block_2" HPOS="199" VPOS="1203" WIDTH="740" HEIGHT="61">
						<TextLine ID="line_30" HPOS="265" VPOS="1203" WIDTH="674" HEIGHT="21">
							<String ID="string_264" HPOS="265" VPOS="1203" WIDTH="31" HEIGHT="21" WC="0.96" CONTENT="På"/><SP WIDTH="19" VPOS="1203" HPOS="296"/>
							<String ID="string_265" HPOS="315" VPOS="1203" WIDTH="65" HEIGHT="21" WC="0.96" CONTENT="ofvan"/><SP WIDTH="23" VPOS="1203" HPOS="380"/>
							<String ID="string_266" HPOS="403" VPOS="1203" WIDTH="90" HEIGHT="21" WC="0.96" CONTENT="anförda"/><SP WIDTH="19" VPOS="1203" HPOS="493"/>
							<String ID="string_267" HPOS="512" VPOS="1203" WIDTH="46" HEIGHT="21" WC="0.96" CONTENT="skäl"/><SP WIDTH="17" VPOS="1203" HPOS="558"/>
							<String ID="string_268" HPOS="575" VPOS="1204" WIDTH="38" HEIGHT="20" WC="0.96" CONTENT="har"/><SP WIDTH="15" VPOS="1204" HPOS="613"/>
							<String ID="string_269" HPOS="628" VPOS="1203" WIDTH="109" HEIGHT="21" WC="0.93" CONTENT="utskottet"/><SP WIDTH="15" VPOS="1203" HPOS="737"/>
							<String ID="string_270" HPOS="752" VPOS="1203" WIDTH="84" HEIGHT="21" WC="0.91" CONTENT="derföre"/><SP WIDTH="15" VPOS="1203" HPOS="836"/>
							<String ID="string_271" HPOS="851" VPOS="1203" WIDTH="88" HEIGHT="21" WC="0.92" CONTENT="föresla-"/>
						</TextLine>
						<TextLine ID="line_31" HPOS="199" VPOS="1237" WIDTH="634" HEIGHT="27">
							<String ID="string_272" HPOS="199" VPOS="1238" WIDTH="33" HEIGHT="25" WC="0.95" CONTENT="git"/><SP WIDTH="14" VPOS="1238" HPOS="232"/>
							<String ID="string_273" HPOS="246" VPOS="1244" WIDTH="27" HEIGHT="15" WC="0.95" CONTENT="en"/><SP WIDTH="15" VPOS="1244" HPOS="273"/>
							<String ID="string_274" HPOS="288" VPOS="1238" WIDTH="8" HEIGHT="20" WC="0.96" CONTENT="i"/><SP WIDTH="15" VPOS="1238" HPOS="296"/>
							<String ID="string_275" HPOS="311" VPOS="1238" WIDTH="96" HEIGHT="25" WC="0.96" CONTENT="enlighet"/><SP WIDTH="14" VPOS="1238" HPOS="407"/>
							<String ID="string_276" HPOS="421" VPOS="1238" WIDTH="89" HEIGHT="20" WC="0.93" CONTENT="härmed"/><SP WIDTH="13" VPOS="1238" HPOS="510"/>
							<String ID="string_277" HPOS="523" VPOS="1238" WIDTH="90" HEIGHT="21" WC="0.93" CONTENT="affattad"/><SP WIDTH="14" VPOS="1238" HPOS="613"/>
							<String ID="string_278" HPOS="627" VPOS="1238" WIDTH="82" HEIGHT="26" WC="0.96" CONTENT="lydelse"/><SP WIDTH="15" VPOS="1238" HPOS="709"/>
							<String ID="string_279" HPOS="724" VPOS="1237" WIDTH="33" HEIGHT="21" WC="0.96" CONTENT="för"/><SP WIDTH="15" VPOS="1237" HPOS="757"/>
							<String ID="string_280" HPOS="772" VPOS="1237" WIDTH="11" HEIGHT="27" WC="0.88" CONTENT="&amp;"/><SP WIDTH="15" VPOS="1237" HPOS="783"/>
							<String ID="string_281" HPOS="798" VPOS="1238" WIDTH="35" HEIGHT="21" WC="0.96" CONTENT="21."/>
						</TextLine>
					</TextBlock>
					<TextBlock ID="block_3" HPOS="199" VPOS="1269" WIDTH="741" HEIGHT="62">
						<TextLine ID="line_32" HPOS="266" VPOS="1269" WIDTH="674" HEIGHT="29">
							<String ID="string_282" HPOS="266" VPOS="1270" WIDTH="57" HEIGHT="28" WC="0.93" CONTENT="Kap."/><SP WIDTH="26" VPOS="1270" HPOS="323"/>
							<String ID="string_283" HPOS="349" VPOS="1270" WIDTH="50" HEIGHT="26" WC="0.81" CONTENT="III.,"/><SP WIDTH="23" VPOS="1270" HPOS="399"/>
							<String ID="string_284" HPOS="422" VPOS="1270" WIDTH="132" HEIGHT="22" WC="0.92" CONTENT="omfattande"/><SP WIDTH="26" VPOS="1270" HPOS="554"/>
							<String ID="string_285" HPOS="580" VPOS="1270" WIDTH="24" HEIGHT="27" WC="0.78" CONTENT="8$"/><SP WIDTH="21" VPOS="1270" HPOS="604"/>
							<String ID="string_286" HPOS="625" VPOS="1270" WIDTH="90" HEIGHT="26" WC="0.89" CONTENT="24—28,"/><SP WIDTH="19" VPOS="1270" HPOS="715"/>
							<String ID="string_287" HPOS="734" VPOS="1270" WIDTH="38" HEIGHT="21" WC="0.93" CONTENT="bär"/><SP WIDTH="15" VPOS="1270" HPOS="772"/>
							<String ID="string_288" HPOS="787" VPOS="1269" WIDTH="153" HEIGHT="22" WC="0.92" CONTENT="öfverskriften"/>
						</TextLine>
						<TextLine ID="line_33" HPOS="199" VPOS="1303" WIDTH="470" HEIGHT="28">
							<String ID="string_289" HPOS="199" VPOS="1303" WIDTH="51" HEIGHT="28" WC="0.80" CONTENT="»Om"/><SP WIDTH="15" VPOS="1303" HPOS="250"/>
							<String ID="string_290" HPOS="265" VPOS="1304" WIDTH="125" HEIGHT="26" WC="0.96" CONTENT="föreningar"/><SP WIDTH="15" VPOS="1304" HPOS="390"/>
							<String ID="string_291" HPOS="405" VPOS="1304" WIDTH="90" HEIGHT="20" WC="0.93" CONTENT="emellan"/><SP WIDTH="15" VPOS="1304" HPOS="495"/>
							<String ID="string_292" HPOS="510" VPOS="1303" WIDTH="159" HEIGHT="27" WC="0.91" CONTENT="yrkesidkare.*"/>
						</TextLine>
					</TextBlock>
					<TextBlock ID="block_4" HPOS="266" VPOS="1337" WIDTH="674" HEIGHT="27">
						<TextLine ID="line_34" HPOS="266" VPOS="1337" WIDTH="674" HEIGHT="27">
							<String ID="string_293" HPOS="266" VPOS="1338" WIDTH="47" HEIGHT="22" WC="0.96" CONTENT="Mot"/><SP WIDTH="15" VPOS="1338" HPOS="313"/>
							<String ID="string_294" HPOS="328" VPOS="1338" WIDTH="164" HEIGHT="22" WC="0.96" CONTENT="föreskrifterna"/><SP WIDTH="15" VPOS="1338" HPOS="492"/>
							<String ID="string_295" HPOS="507" VPOS="1338" WIDTH="8" HEIGHT="21" WC="0.96" CONTENT="i"/><SP WIDTH="15" VPOS="1338" HPOS="515"/>
							<String ID="string_296" HPOS="530" VPOS="1338" WIDTH="60" HEIGHT="22" WC="0.96" CONTENT="detta"/><SP WIDTH="13" VPOS="1338" HPOS="590"/>
							<String ID="string_297" HPOS="603" VPOS="1338" WIDTH="83" HEIGHT="26" WC="0.96" CONTENT="kapitel"/><SP WIDTH="9" VPOS="1338" HPOS="686"/>
							<String ID="string_298" HPOS="695" VPOS="1338" WIDTH="40" HEIGHT="21" WC="0.96" CONTENT="har"/><SP WIDTH="9" VPOS="1338" HPOS="735"/>
							<String ID="string_299" HPOS="744" VPOS="1337" WIDTH="106" HEIGHT="22" WC="0.96" CONTENT="utskottet"/><SP WIDTH="15" VPOS="1337" HPOS="850"/>
							<String ID="string_300" HPOS="865" VPOS="1338" WIDTH="18" HEIGHT="26" WC="0.55" CONTENT="ej"/><SP WIDTH="9" VPOS="1338" HPOS="883"/>
							<String ID="string_301" HPOS="892" VPOS="1337" WIDTH="48" HEIGHT="22" WC="0.55" CONTENT="fun-"/>
						</TextLine>
					</TextBlock>
				</ComposedBlock>
				<ComposedBlock ID="cblock_2" HPOS="178" VPOS="1371" WIDTH="761" HEIGHT="28">
					<TextBlock ID="block_5" HPOS="178" VPOS="1371" WIDTH="761" HEIGHT="28">
						<TextLine ID="line_35" HPOS="178" VPOS="1371" WIDTH="761" HEIGHT="28">
							<String ID="string_302" HPOS="178" VPOS="1391" WIDTH="5" HEIGHT="5" WC="0.69" CONTENT="."/><SP WIDTH="17" VPOS="1391" HPOS="183"/>
							<String ID="string_303" HPOS="200" VPOS="1374" WIDTH="34" HEIGHT="21" WC="0.95" CONTENT="nit"/><SP WIDTH="21" VPOS="1374" HPOS="234"/>
							<String ID="string_304" HPOS="255" VPOS="1373" WIDTH="47" HEIGHT="21" WC="0.96" CONTENT="skäl"/><SP WIDTH="23" VPOS="1373" HPOS="302"/>
							<String ID="string_305" HPOS="325" VPOS="1373" WIDTH="34" HEIGHT="21" WC="0.96" CONTENT="till"/><SP WIDTH="24" VPOS="1373" HPOS="359"/>
							<String ID="string_306" HPOS="383" VPOS="1378" WIDTH="71" HEIGHT="16" WC="0.96" CONTENT="annan"/><SP WIDTH="18" VPOS="1378" HPOS="454"/>
							<String ID="string_307" HPOS="472" VPOS="1372" WIDTH="142" HEIGHT="27" WC="0.96" CONTENT="anmärkning"/><SP WIDTH="15" VPOS="1372" HPOS="614"/>
							<String ID="string_308" HPOS="629" VPOS="1374" WIDTH="27" HEIGHT="19" WC="0.96" CONTENT="än"/><SP WIDTH="11" VPOS="1374" HPOS="656"/>
							<String ID="string_309" HPOS="667" VPOS="1374" WIDTH="32" HEIGHT="19" WC="0.96" CONTENT="att"/><SP WIDTH="15" VPOS="1374" HPOS="699"/>
							<String ID="string_310" HPOS="714" VPOS="1372" WIDTH="7" HEIGHT="21" WC="0.96" CONTENT="i"/><SP WIDTH="15" VPOS="1372" HPOS="721"/>
							<String ID="string_311" HPOS="736" VPOS="1378" WIDTH="62" HEIGHT="15" WC="0.96" CONTENT="mom."/><SP WIDTH="16" VPOS="1378" HPOS="798"/>
							<String ID="string_312" HPOS="814" VPOS="1372" WIDTH="13" HEIGHT="21" WC="0.96" CONTENT="2"/><SP WIDTH="16" VPOS="1372" HPOS="827"/>
							<String ID="string_313" HPOS="843" VPOS="1371" WIDTH="23" HEIGHT="21" WC="0.93" CONTENT="af"/><SP WIDTH="13" VPOS="1371" HPOS="866"/>
							<String ID="string_314" HPOS="879" VPOS="1372" WIDTH="11" HEIGHT="27" WC="0.89" CONTENT="$"/><SP WIDTH="15" VPOS="1372" HPOS="890"/>
							<String ID="string_315" HPOS="905" VPOS="1372" WIDTH="34" HEIGHT="26" WC="0.95" CONTENT="27,"/>
						</TextLine>
					</TextBlock>
				</ComposedBlock>
				<ComposedBlock ID="cblock_3" HPOS="198" VPOS="1406" WIDTH="742" HEIGHT="97">
					<TextBlock ID="block_6" HPOS="198" VPOS="1406" WIDTH="742" HEIGHT="97">
						<TextLine ID="line_36" HPOS="198" VPOS="1406" WIDTH="742" HEIGHT="27">
							<String ID="string_316" HPOS="198" VPOS="1408" WIDTH="62" HEIGHT="21" WC="0.91" CONTENT="hvari"/><SP WIDTH="20" VPOS="1408" HPOS="260"/>
							<String ID="string_317" HPOS="280" VPOS="1407" WIDTH="198" HEIGHT="26" WC="0.91" CONTENT="arbetareförening"/><SP WIDTH="22" VPOS="1407" HPOS="478"/>
							<String ID="string_318" HPOS="500" VPOS="1406" WIDTH="81" HEIGHT="22" WC="0.91" CONTENT="lemnas"/><SP WIDTH="25" VPOS="1406" HPOS="581"/>
							<String ID="string_319" HPOS="606" VPOS="1406" WIDTH="105" HEIGHT="27" WC="0.96" CONTENT="rättighet"/><SP WIDTH="22" VPOS="1406" HPOS="711"/>
							<String ID="string_320" HPOS="733" VPOS="1408" WIDTH="33" HEIGHT="19" WC="0.93" CONTENT="att"/><SP WIDTH="20" VPOS="1408" HPOS="766"/>
							<String ID="string_321" HPOS="786" VPOS="1406" WIDTH="81" HEIGHT="27" WC="0.90" CONTENT="invälja"/><SP WIDTH="13" VPOS="1406" HPOS="867"/>
							<String ID="string_322" HPOS="880" VPOS="1406" WIDTH="60" HEIGHT="21" WC="0.90" CONTENT="med-"/>
						</TextLine>
						<TextLine ID="line_37" HPOS="198" VPOS="1439" WIDTH="738" HEIGHT="29">
							<String ID="string_323" HPOS="198" VPOS="1442" WIDTH="90" HEIGHT="21" WC="0.96" CONTENT="lemmar"/><SP WIDTH="20" VPOS="1442" HPOS="288"/>
							<String ID="string_324" HPOS="308" VPOS="1441" WIDTH="8" HEIGHT="21" WC="0.96" CONTENT="i"/><SP WIDTH="18" VPOS="1441" HPOS="316"/>
							<String ID="string_325" HPOS="334" VPOS="1441" WIDTH="163" HEIGHT="27" WC="0.96" CONTENT="skiljedomstol,"/><SP WIDTH="25" VPOS="1441" HPOS="497"/>
							<String ID="string_326" HPOS="522" VPOS="1447" WIDTH="44" HEIGHT="15" WC="0.96" CONTENT="som"/><SP WIDTH="16" VPOS="1447" HPOS="566"/>
							<String ID="string_327" HPOS="582" VPOS="1447" WIDTH="50" HEIGHT="20" WC="0.96" CONTENT="eger"/><SP WIDTH="15" VPOS="1447" HPOS="632"/>
							<String ID="string_328" HPOS="647" VPOS="1442" WIDTH="32" HEIGHT="19" WC="0.93" CONTENT="att"/><SP WIDTH="17" VPOS="1442" HPOS="679"/>
							<String ID="string_329" HPOS="696" VPOS="1442" WIDTH="94" HEIGHT="25" WC="0.92" CONTENT="upptaga"/><SP WIDTH="16" VPOS="1442" HPOS="790"/>
							<String ID="string_330" HPOS="806" VPOS="1440" WIDTH="40" HEIGHT="21" WC="0.93" CONTENT="och"/><SP WIDTH="15" VPOS="1440" HPOS="846"/>
							<String ID="string_331" HPOS="861" VPOS="1439" WIDTH="75" HEIGHT="28" WC="0.92" CONTENT="afgöra"/>
						</TextLine>
						<TextLine ID="line_38" HPOS="199" VPOS="1474" WIDTH="739" HEIGHT="29">
							<String ID="string_332" HPOS="199" VPOS="1477" WIDTH="79" HEIGHT="26" WC="0.96" CONTENT="frågor,"/><SP WIDTH="23" VPOS="1477" HPOS="278"/>
							<String ID="string_333" HPOS="301" VPOS="1476" WIDTH="94" HEIGHT="21" WC="0.96" CONTENT="rörande"/><SP WIDTH="25" VPOS="1476" HPOS="395"/>
							<String ID="string_334" HPOS="420" VPOS="1475" WIDTH="101" HEIGHT="27" WC="0.96" CONTENT="oenighet"/><SP WIDTH="25" VPOS="1475" HPOS="521"/>
							<String ID="string_335" HPOS="546" VPOS="1475" WIDTH="39" HEIGHT="21" WC="0.96" CONTENT="och"/><SP WIDTH="15" VPOS="1475" HPOS="585"/>
							<String ID="string_336" HPOS="600" VPOS="1475" WIDTH="77" HEIGHT="21" WC="0.96" CONTENT="tvister"/><SP WIDTH="15" VPOS="1475" HPOS="677"/>
							<String ID="string_337" HPOS="692" VPOS="1475" WIDTH="90" HEIGHT="21" WC="0.93" CONTENT="emellan"/><SP WIDTH="15" VPOS="1475" HPOS="782"/>
							<String ID="string_338" HPOS="797" VPOS="1474" WIDTH="141" HEIGHT="27" WC="0.92" CONTENT="yrkesidkare"/>
						</TextLine>
					</TextBlock>
				</ComposedBlock>
				<ComposedBlock ID="cblock_4" HPOS="267" VPOS="1519" WIDTH="603" HEIGHT="25">
					<TextBlock ID="block_7" HPOS="267" VPOS="1519" WIDTH="603" HEIGHT="25">
						<TextLine ID="line_39" HPOS="267" VPOS="1519" WIDTH="603" HEIGHT="25">
							<String ID="string_339" HPOS="267" VPOS="1521" WIDTH="126" HEIGHT="18" WC="0.89" CONTENT="Sammansatta"/><SP WIDTH="12" VPOS="1521" HPOS="393"/>
							<String ID="string_340" HPOS="405" VPOS="1521" WIDTH="38" HEIGHT="23" WC="0.96" CONTENT="Lag"/><SP WIDTH="13" VPOS="1521" HPOS="443"/>
							<String ID="string_341" HPOS="456" VPOS="1521" WIDTH="30" HEIGHT="17" WC="0.96" CONTENT="och"/><SP WIDTH="11" VPOS="1521" HPOS="486"/>
							<String ID="string_342" HPOS="497" VPOS="1521" WIDTH="84" HEIGHT="18" WC="0.96" CONTENT="Ekonomi"/><SP WIDTH="11" VPOS="1521" HPOS="581"/>
							<String ID="string_343" HPOS="592" VPOS="1521" WIDTH="89" HEIGHT="17" WC="0.96" CONTENT="utskottets"/><SP WIDTH="13" VPOS="1521" HPOS="681"/>
							<String ID="string_344" HPOS="694" VPOS="1520" WIDTH="104" HEIGHT="17" WC="0.96" CONTENT="betänkande"/><SP WIDTH="10" VPOS="1520" HPOS="798"/>
							<String ID="string_345" HPOS="808" VPOS="1519" WIDTH="34" HEIGHT="18" WC="0.96" CONTENT="N:o"/><SP WIDTH="12" VPOS="1519" HPOS="842"/>
							<String ID="string_346" HPOS="854" VPOS="1519" WIDTH="16" HEIGHT="18" WC="0.96" CONTENT="3."/>
						</TextLine>
					</TextBlock>
				</ComposedBlock>
			</PrintSpace>
		</Page>
	</Layout>
</alto>
