1042 1709
218 138 26 21 16

407 137 64 21 Ständ.
487 138 30 21 Sv,
534 150 25 4 —
574 138 55 27 Prop.
644 136 32 22 N:o
691 137 33 21 25.

359 199 39 21 den
413 199 88 22 sökande
515 203 26 18 är
556 200 82 28 myndig
652 199 38 21 och
706 206 44 21 eger
762 199 42 28 god
810 199 67 29 frejä,
887 202 52 18 samt

359 233 25 23 af
404 233 123 29 vederhäftig
548 233 76 29 borgen
646 233 50 22 eller
714 240 72 15 annan
800 233 92 21 säkerhet
905 234 34 28 för

360 267 101 29 utskylder
477 267 30 22 till
520 271 65 18 staten
600 268 36 21 och
651 268 123 22 kommunen
788 269 67 20 under
866 272 31 18 tre
907 270 30 20 är.

427 297 108 26 Ästundar
556 302 102 22 utländskt
680 302 104 29 affärshus
802 303 9 20 i
825 302 68 22 landet
908 303 31 21 in-

358 339 57 18 rätta
429 336 107 29 afdelning
550 336 46 22 eller
610 338 23 19 sä
649 337 70 20 kallad
728 337 60 29 filial
797 337 25 30 af
829 337 31 20 sin
869 341 70 17 utom-

359 371 61 21 lands
442 371 96 28 bedrifna
554 371 80 25 rörelse,
649 371 73 21 ansöka
737 371 71 22 derom
822 371 65 21 likaså
903 371 36 21 hos

359 404 135 23 Guvernören
517 406 7 20 i
546 405 62 26 länet,
624 405 34 22 och
673 405 76 28 bilägge
764 405 128 29 omförmäld
907 409 32 17 sä-

359 439 65 22 kerhet
437 440 36 27 för
487 439 109 28 utskylder.

429 473 133 22 Guvernören
584 474 71 29 pröfve
675 473 99 21 särskildt
788 473 8 21 i
811 473 68 29 hvarje
893 473 44 27 fall,

357 508 54 28 efter
427 508 158 21 vederbörandes
599 507 99 26 hörande,
711 515 33 14 om
755 507 137 29 ansökningen
902 509 34 20 mä

358 542 83 29 bifallas
457 542 46 21 eller
518 541 71 30 afsläs.

431 576 82 23 Varder
535 577 38 22 den
595 576 83 22 ansökta
700 576 123 29 rättigheten
842 577 95 28 beviljad,

356 611 43 25 bör,
422 612 65 21 innan
501 612 87 21 rörelsen
606 615 86 25 öppnas,
708 612 70 21 derom
794 612 94 21 anmälas
902 611 35 22 hos

357 647 40 20 den
411 646 9 19 i
434 646 15 27 $
459 646 14 21 2
485 646 125 21 omnämnda
621 645 123 29 myndighet,
755 647 105 27 äfvensom
869 646 68 21 tillika

357 681 84 27 uppgift
463 680 75 21 lemmnas
558 682 30 27 på
610 680 40 21 den
664 687 84 21 person,
762 687 44 14 som
820 681 8 20 i
842 681 95 27 närings-

355 715 96 20 idkarens
464 715 102 27 frånvaro
582 714 52 21 skall
646 715 78 26 förestå
735 714 103 25 rörelsen;
848 715 89 21 börande

352 748 78 29 jemväl
447 750 28 19 då
493 749 83 22 utredas
591 752 31 17 att
637 749 65 21 denne
717 753 26 18 är
758 749 50 21 både
822 749 116 28 berättigad

355 783 36 21 och
405 784 82 28 skyldig
497 787 31 17 att
538 785 56 29 inför
604 784 51 28 finsk
665 784 85 21 domstol
761 791 62 13 svara
833 784 32 20 uti
873 787 64 18 rätte-

352 819 91 27 gångar,
458 826 43 12 som
517 819 25 29 af
555 818 90 22 rörelsen
661 818 91 29 härflyta
766 818 78 22 kunna.

427 853 55 21 Utan
497 852 87 22 särskild
599 853 90 21 ansökan
703 854 36 20 må
749 852 111 29 utländing
870 852 65 27 öfver-

355 887 36 21 allt
413 888 9 21 i
443 887 71 22 landet
531 887 98 30 uppköpa
644 887 204 26 landtmannaalster,
864 888 72 26 äfven-

353 929 51 20 som,
419 923 48 20 med
482 923 134 28 iakttagande
632 923 27 29 af
666 922 166 29 föreskrifterna
847 921 90 29 itullag-

354 957 120 28 stiftningen
485 957 35 21 och
530 957 212 28 hamnordningarne,
752 957 9 20 i
767 957 106 21 städernas
880 956 57 21 ham-

355 998 40 13 nar
418 992 35 20 vid
467 995 78 17 masten
556 991 92 29 försälja
664 992 25 28 af
701 991 73 21 honom
790 991 48 29 sjelf
849 990 30 21 till
894 991 43 20 lan-

354 1025 33 21 det
408 1025 83 29 införda
510 1029 112 22 matvaror,
634 1025 39 28 för
688 1025 119 29 utöfvandet
822 1026 25 27 af
860 1025 77 21 hvilken

352 1059 78 22 rörelse
449 1059 76 22 honom
539 1061 35 20 må
590 1061 77 20 åsättas
682 1059 88 29 lämplig
785 1059 152 28 näringsafgift

355 1093 32 21 till
407 1094 187 25 stadskommunen,
612 1101 43 13 som
670 1095 8 20 i
693 1094 75 21 sådant
783 1093 92 27 afseende
891 1101 46 20 eger

354 1128 85 28 vidtaga
455 1127 121 29 erforderlig
590 1129 82 27 åtgärd.

613 1187 17 25 $
644 1185 34 22 13.

427 1230 122 29 Utländing,
568 1239 50 17 som,
634 1231 8 20 i
657 1231 40 22 den
711 1231 90 27 ordning
816 1233 17 24 $
846 1231 31 21 12
893 1238 44 13 om-

348 1264 113 28 förmäler,
486 1265 71 20 vunnit
576 1264 92 21 tillstånd
681 1267 31 17 att
726 1264 8 20 i
748 1264 71 21 landet
832 1264 49 21 idka
896 1267 40 17 nä-

353 1298 114 28 ringsyrke,
483 1301 25 18 är
518 1298 81 28 jemväl
612 1298 119 27 berättigad
746 1301 30 18 att
792 1298 50 21 reda
857 1298 9 20 i
874 1298 62 28 skepp

352 1332 37 22 och
399 1332 115 30 fortskafa
529 1339 65 15 varor
608 1332 84 21 emellan
706 1332 76 22 inrikes
797 1336 57 17 orter
868 1332 69 30 äfven-

350 1374 45 14 som
419 1370 31 18 att
471 1366 32 22 tll
522 1367 111 21 utrikesort
648 1368 72 27 utföra
734 1366 39 22 och
788 1366 98 28 derifrån
901 1366 34 21 in-

349 1402 50 28 föra
412 1409 70 20 varor,
492 1405 53 17 samt
555 1402 45 21 dem
610 1401 9 21 i
624 1401 76 21 sådant
707 1401 95 27 afseende
810 1400 125 23 tullklarera.

423 1435 111 31 Fraktfart
549 1436 85 23 emellan
649 1436 111 22 inländska
773 1440 58 18 orter
834 1437 42 29 får
885 1436 52 22 dock

351 1470 105 30 bedrifvas
475 1471 72 23 endast
561 1471 47 23 med
618 1472 80 29 fartyg,
710 1471 39 29 för
763 1470 67 22 hvilka
846 1470 90 23 inhemsk
