1039 1709
239 133 27 21 14
401 135 80 23 Ständ.
496 136 38 22 Sv.
549 148 27 4 —
591 136 70 27 Prop.
676 135 40 23 N:o
731 135 34 22 24.

276 202 50 14 vare
341 197 35 27 lag
392 203 81 15 samma
488 197 52 27 ifall
554 198 53 26 alla,
622 204 44 15 som
683 200 50 26 taga
748 198 35 20 del
797 198 8 20 i
819 199 77 26 vägens
911 204 38 14 un-

276 230 92 26 derhåll,
386 231 46 21 icke
447 233 38 19 äro
501 238 33 14 om
551 232 66 21 saken
632 238 49 14 ense
696 231 38 21 och
750 231 111 21 bestående
871 231 79 27 jorda-

276 263 64 28 skifte
355 264 121 28 derigenom
490 266 45 21 icke
550 266 85 21 rubbas.
667 261 140 31 Öfverträdes
822 265 66 26 detta,
901 272 50 14 vare

276 298 34 21 bot
324 298 42 27 för
381 299 106 29 landsväg
501 300 87 28 fyratio
609 300 62 21 mark
685 302 56 19 samt
750 300 42 27 för
807 299 67 29 byväg
889 300 61 27 tjugu

275 332 69 26 mark,
364 333 38 21 och
421 334 40 21 den
484 334 97 28 skyldige
601 334 58 22 skall
673 334 104 22 dessutom
793 340 54 15 vara
856 333 96 28 förbun-

276 366 40 22 den
338 369 33 19 att
392 368 112 21 återställa
526 370 67 26 vägen
608 369 9 20 i
632 369 47 21 dess
693 368 68 28 förra
779 368 64 26 skick,
859 375 33 13 om
901 367 51 28 för-

276 401 119 28 ändringen
412 402 21 27 ej
448 402 77 28 blifver
540 410 75 14 senare
632 403 9 20 i
657 403 49 27 laga
721 402 95 28 ordning
831 402 106 28 godkänd.

580 467 15 27 $
611 467 33 20 14.

344 504 116 30 Landsväg
479 506 57 20 skall
554 506 109 25 vintertid,
679 505 65 28 äfven
758 506 38 20 der
811 505 82 21 allmän
907 505 45 21 vin-

277 541 78 25 terväg,
370 540 68 27 enligt
454 540 16 27 $
488 541 34 23 15,
537 542 27 19 är
584 540 35 21 till
641 540 138 28 begagnande
797 540 110 28 upplåten,
927 539 30 27 af

275 573 99 27 samtlige
392 573 250 29 vägbyggnadsskyldige
665 575 6 19 i
691 574 213 28 vägbyggnadslaget
918 580 34 20 ge-

276 610 104 18 mensamt
398 607 71 21 hällas
488 609 67 26 öppen
575 614 74 21 genom
662 608 107 27 plogning
784 608 38 20 och
836 607 116 27 skottning,

277 648 43 14 som
336 640 127 28 ombesörjes
481 642 101 28 antingen
605 642 28 27 af
647 641 104 21 särskildt
767 641 110 21 inrättade
889 641 64 27 plog-

278 675 36 27 lag
336 675 52 20 eller
412 676 59 27 eljest
489 676 33 27 pä
544 678 45 19 sätt
607 676 26 20 de
651 675 250 29 vägbyggnadsskyldige
918 675 35 21 vid

277 709 213 22 kommunalstämma
506 710 87 26 besluta,
609 710 96 26 hvarvid,
720 716 33 14 om
768 710 57 21 olika
841 710 113 27 meningar

276 750 75 21 yppas,
366 743 87 29 frågan
473 744 88 28 afgöres
580 751 75 21 genom
671 744 133 28 omröstning
819 744 56 27 efter
890 744 41 21 den
945 744 8 20 i

276 778 15 27 $
305 779 14 19 4
334 777 40 27 för
396 780 50 26 väg-
464 778 38 21 och
524 778 297 29 brobyggnadsskyldigheten
844 778 109 21 bestämda

276 812 84 28 grund;
376 812 53 21 dock
444 812 38 21 bör
495 813 226 21 kommunalstämmas
731 813 8 20 i
749 812 61 28 dylik
821 813 72 26 fräga
905 812 47 27 fat-

278 846 48 21 tade
341 846 67 22 beslut
422 848 144 26 guvernörens
581 847 123 27 afgörande
719 846 153 22 underställas.
905 846 49 21 Den

276 881 128 27 ersättning,
420 888 44 14 som
474 881 41 27 för
530 881 116 28 landsvägs
665 880 171 22 underhällande
851 881 103 21 vintertid

277 914 42 22 kan
340 915 102 28 betingas,
454 915 102 27 fördelas
574 916 32 26 pä
621 916 45 20 alla
681 915 250 28 vägbyggnadsskyldige
947 916 8 20 i

276 949 217 29 väybyggnadslaget.

344 984 35 21 Pä
395 984 26 21 de
435 985 85 26 ställen,
534 984 44 26 der,
590 984 41 28 för
646 984 137 28 omgifvande
797 984 113 28 hägnader
925 984 28 21 el-

278 1018 31 21 ler
330 1018 31 27 af
378 1025 74 14 annan
475 1018 70 26 orsak,
564 1018 86 29 mycken
665 1020 38 20 snö
719 1019 14 21 å
748 1019 105 27 landsväg
867 1019 87 25 samlas,

277 1053 25 21 så
317 1055 32 19 att
364 1054 68 26 vägen
448 1053 74 21 endast
541 1053 48 21 med
603 1053 110 28 svårighet
729 1053 36 21 och
780 1055 69 19 större
864 1053 91 21 kostnad

277 1087 43 21 kan
340 1088 104 20 vintertid
454 1088 84 26 farbar
556 1088 79 26 hållas,
650 1088 35 20 må
700 1087 100 29 eftergift
815 1088 139 24 derutinnan,

274 1122 32 27 på
328 1122 89 20 skeende
438 1122 126 28 ansökning,
580 1122 30 25 af
623 1124 131 25 guvernören
776 1122 94 28 beviljas,
886 1122 69 21 derest

276 1158 132 26 guvernören
420 1156 94 27 pröfvar
528 1159 33 19 att
575 1158 41 26 väg
628 1157 31 26 på
675 1156 64 21 sidan
755 1163 33 15 om
803 1157 84 21 sådana
903 1157 52 20 stäl-

278 1190 40 25 len,
341 1190 145 28 beqvämligen
508 1190 36 22 och
567 1193 53 19 utan
638 1190 112 28 olägenhet
761 1190 41 28 för
813 1191 140 27 jordegaren,

278 1223 42 21 kan
340 1224 112 28 begagnas,
468 1225 52 20 eller
539 1225 74 25 denne,
628 1224 67 21 ehuru
711 1224 110 28 olägenhet
836 1224 29 28 af
876 1227 78 25 vägens

278 1258 112 26 öppnande
408 1258 42 26 för
471 1258 75 20 honom
568 1258 98 27 uppstår,
684 1258 75 20 dertill
777 1254 117 32 samtyckt;
917 1258 36 20 och

278 1291 38 20 bör
334 1291 137 27 lämpligaste
484 1291 154 27 sträckningen
652 1290 41 27 för
708 1291 61 28 dylik
783 1293 40 26 väg
838 1291 29 27 af
877 1291 76 21 krono-

278 1325 133 28 betjeningen
426 1326 88 20 anvisas
529 1325 37 23 och
582 1326 123 20 densamma
715 1326 121 20 sedermera
847 1326 30 26 af
882 1326 71 20 veder-

279 1360 93 21 börande
386 1360 8 20 i
409 1360 75 28 nödigt
500 1360 59 21 skick
574 1359 78 22 hållas.

582 1424 16 28 $
614 1424 33 20 15.

346 1459 21 26 Å
380 1466 133 26 guvernören
534 1464 129 25 ankommer,
678 1467 38 23 att,
735 1464 56 27 efter
806 1465 34 20 det
855 1464 96 21 vederbö-
