1061 1720
266 152 79 23 Ständ.
361 152 37 23 Sv.
414 165 26 2 —
455 153 69 26 Prop.
540 151 39 22 N:o
593 151 33 21 22.

267 463 129 24 Finlands
410 459 411 32 Ständersunderdånigasvar

217 505 5 23 i
243 503 116 29 anledning
380 503 25 24 af
426 503 55 24 Hans
506 501 126 32 Kejserliga
650 500 115 32 Majestäts
784 498 37 25 nå-

217 544 50 32 diga
285 543 143 32 proposition,
446 541 111 33 angående
578 541 168 31 tingsgästning.

80 618 256 28 Stormäktigste,
357 616 239 28 Allernådigste
619 614 130 29 Kejsare
771 614 52 21 och

361 651 188 23 Storfurste!

147 699 43 21 För
205 700 30 20 att
249 697 128 29 undanrödja
393 698 25 21 de
433 696 193 23 missförhällanden
636 696 8 21 i
654 696 57 28 fräga
727 703 34 13 om
771 695 54 28 skyl-

81 734 97 28 digheten
194 734 29 20 att
238 733 82 27 erlägga
335 732 158 28 tingsgästning,
509 732 72 21 hvilka
596 731 65 28 enligt
675 731 95 28 gällande
785 730 40 28 lag.

81 768 96 28 stiftning
194 767 116 26 förefinnas,
327 767 7 21 i
349 767 34 21 det
398 769 36 23 att,
450 767 63 21 bland
528 768 68 24 annat,
613 766 68 20 denna
696 765 84 28 utskyld
796 767 31 19 ut-

81 797 59 34 göres
154 802 32 22 till
200 802 43 21 lika
258 802 74 28 belopp
347 802 23 21 af
382 802 40 20 den
438 802 122 21 bemedlade
576 801 39 21 och
630 800 40 21 den
685 800 140 25 obemedlade,

81 839 54 20 samt
149 839 30 20 att
194 845 25 13 en
235 837 33 21 del
283 836 23 22 af
319 836 79 22 landets
413 836 121 27 befolkning
549 840 22 17 är
585 835 47 21 från
655 835 172 30 betalningsskyl-

82 871 97 28 digheten
196 871 43 21 helt
249 871 38 20 och
299 870 65 21 hållet
374 870 103 25 frikallad,
488 870 37 21 har
535 869 80 22 Eders
624 869 147 28 Kejserliga
782 870 45 21 Ma-

80 906 78 28 jestät
174 905 63 21 redan
256 905 35 22 vid
310 905 52 21 1867
382 905 32 21 års
429 905 97 27 landtdag
541 904 87 28 förelagt
643 904 80 22 landets
739 904 89 21 Ständer

82 940 62 28 nädig
158 939 127 30 proposition
300 939 8 22 i
323 941 75 20 ämnet.
428 939 34 22 Dä
477 939 116 21 emellertid
603 939 116 21 Ständerna
734 939 7 20 i
755 938 73 21 under-

86 975 71 28 dänigt
176 983 46 13 svar
241 975 85 25 anmält,
345 976 29 20 att
392 974 25 21 de
432 975 68 21 ansett
515 974 44 21 skäl
575 973 46 22 icke
637 982 48 13 vara
700 973 32 22 för
746 973 83 22 handen

86 1011 36 25 att,
141 1010 47 21 med
207 1009 126 29 frängäende
351 1009 22 22 af
389 1009 40 21 den
444 1009 111 22 historiska
569 1009 92 28 grunden
677 1009 32 21 för
723 1009 107 28 tingsgäst-

86 1045 88 28 ningens
189 1044 120 29 utgörande,
325 1043 87 30 pälägga
427 1044 39 21 den
481 1043 157 30 privilegierade
652 1043 73 29 jorden
740 1043 38 22 och
792 1043 39 29 pri-

87 1079 125 28 vilegierade
226 1087 98 20 personer
339 1079 68 21 direkt
422 1079 132 28 beskattning
569 1079 32 21 till
612 1079 92 21 domares
715 1079 115 25 underhåll,

89 1115 64 21 innan
172 1113 198 22 domstolsväsendet
384 1113 8 21 i
406 1113 71 22 landet
491 1113 83 22 komme
590 1115 30 20 att
634 1113 100 22 ombildas
749 1113 7 21 i
771 1113 60 21 ända-

89 1148 42 23 mäl
145 1150 30 20 att
189 1153 48 24 göra
253 1149 133 28 domsagorne
402 1148 80 22 mindre
494 1149 37 20 och
542 1148 137 21 domstolarne
690 1150 140 27 permanenta,

89 1185 38 20 har
141 1183 78 22 Eders
234 1183 123 28 Majestät
371 1183 36 22 vid
421 1183 140 22 innevarande
576 1183 103 28 landtdag,
691 1182 65 29 jemte
767 1182 64 22 öfver-

90 1217 110 22 lemnande
221 1217 23 22 af
262 1217 77 28 förslag
356 1217 44 22 dels
420 1225 33 14 om
470 1218 176 22 häradsrätternes
664 1217 120 28 förändring
800 1217 33 21 till

90 1254 135 27 permanenta
245 1252 111 22 domstolar
376 1252 43 21 dels
437 1260 34 13 om
486 1253 24 20 de
526 1253 104 20 allmänna
644 1252 190 22 sammanträdenas

91 1287 87 25 ökande,
199 1286 76 22 hvaraf
293 1287 144 27 domsagornas
458 1287 120 28 minskning
595 1287 8 21 i
621 1286 83 28 omfång
721 1286 68 22 blefve
808 1294 24 13 en

91 1320 118 28 nödvändig
225 1320 57 28 följd,
301 1320 8 22 i
325 1321 87 21 särskild
430 1321 62 29 nädig
509 1321 127 29 proposition
654 1321 33 21 till
707 1320 127 22 Ständernas

91 1355 115 27 antagande
224 1355 87 27 förelagt
329 1355 75 28 förslag
421 1356 32 20 till
470 1355 120 27 förordning
608 1355 105 27 angäende
728 1355 106 27 tingsgäst-

91 1396 56 20 ning.

162 1422 42 24 Vid
218 1422 127 29 behandling
360 1422 22 22 af
395 1422 133 22 nästberörda
542 1422 126 30 proposition
684 1423 37 21 har
730 1424 105 20 samstäm-

93 1457 80 29 mighet
194 1456 92 22 Ständen
308 1457 88 21 emellan
414 1457 46 21 icke
480 1457 80 22 kunnat
579 1457 65 22 ernäs.
677 1458 158 28 Propositionen

95 1496 22 17 är
135 1492 34 21 väl
186 1492 48 21 med
252 1491 63 29 några
333 1492 80 21 mindre
432 1492 142 28 förändringar
592 1492 22 22 af
630 1492 95 28 samtliga
743 1492 93 22 Ständen
