1053 1706
249 143 13 21 4
409 141 80 23 Ständ.
504 140 37 23 Sv.
558 154 26 3 —
599 142 70 27 Prop.
684 142 41 21 N:o
739 141 35 22 26.

220 204 117 22 beräknade
359 205 65 20 större
443 203 51 21 eller
512 203 81 21 mindre
612 202 93 29 förmåga
723 204 30 21 att
767 202 82 23 afkasta
863 204 59 20 ränta
937 203 26 28 på

221 237 279 29 anläggningskostnaderne,
518 239 50 20 utan
584 245 81 14 snarare
681 237 34 21 det
729 237 105 21 indirekta
848 236 114 29 inflytande

222 272 25 22 de
261 274 78 20 ansetts
357 272 84 21 komma
456 274 30 19 att
500 271 72 23 utöfva
586 271 27 29 på
626 271 98 29 höjandet
734 271 24 21 af
767 272 80 21 landets
859 272 102 21 ekonomi-

220 307 38 21 ska
272 306 101 26 välstånd,
388 313 43 14 som
446 306 8 20 i
468 306 85 21 främsta
567 308 90 19 rummet
672 306 96 22 inverkat
782 306 26 28 på
823 306 94 21 besluten
928 314 34 13 om

221 341 68 21 dessas
309 340 117 28 byggande;
448 340 38 22 och
504 340 46 22 från
564 341 68 21 denna
647 340 107 28 synpunkt
768 340 32 21 får
814 340 35 21 det
863 340 47 21 icke
924 340 39 21 för-

220 375 65 21 nekas
304 376 30 20 att
353 374 40 21 den
411 374 65 21 ökade
496 374 122 22 industriela
636 374 133 22 verksamhet
784 374 38 21 och
836 374 127 22 intensivare

220 409 77 26 kultur,
318 416 43 13 som
376 408 66 21 under
457 408 24 21 de
497 410 80 20 senaste
592 408 81 21 tiderna
687 408 99 28 uppstått,
801 408 8 20 i
824 407 18 29 ej
858 408 105 28 obetydlig

220 451 48 14 mon
283 443 128 21 framkallats
425 442 23 21 af
460 443 40 20 den
515 450 73 21 genom
602 442 136 29 jernvägarne
753 442 143 22 underlättade
911 450 51 13 sam-

220 478 90 21 färdseln
331 477 57 22 såväl
410 477 56 21 inom
489 477 76 26 landet,
589 484 43 14 som
654 477 48 21 med
720 476 145 29 kejsardömet,
885 476 36 22 der
936 484 25 13 en

220 512 76 28 mängd
311 511 23 22 af
345 511 81 22 landets
441 511 158 28 tillverkningar
614 511 38 21 och
667 511 62 21 alster
744 511 67 21 under
821 511 92 22 normala
924 510 39 22 för-

219 545 111 22 hällanden
345 545 72 21 kunna
431 545 91 29 påräkna
536 545 82 28 ständig
632 545 118 28 afsättning.
781 545 108 22 Sannolikt
905 545 57 22 skola

220 580 108 22 enahanda
346 579 125 29 verkningar
490 580 37 21 allt
541 579 101 29 tydligare
657 579 113 22 framträda
784 579 47 22 med
846 579 71 29 hvarje
932 582 31 19 ut-

220 615 100 28 vidgning
329 614 155 28 jernvägsnätet
500 613 93 26 erhäller,
609 622 33 13 om
658 615 34 20 det
707 613 62 22 ocksä
783 614 46 21 icke
843 614 42 21 kan
900 613 62 22 förut-

219 657 32 14 ses
273 648 104 22 huruvida
395 648 59 22 dessa
473 648 105 22 indirekta
597 648 89 21 fördelar
705 648 62 22 äfven
786 648 102 27 framgent
905 648 58 22 skola

219 683 88 22 likasom
329 683 104 21 härintills
456 687 94 25 uppväga
568 683 25 21 de
611 683 47 21 med
677 683 79 27 företag
771 682 23 21 af
806 682 157 29 iträgavarande

219 718 43 28 slag
285 717 97 22 förenade
403 717 108 22 finansiela
533 717 146 29 uppoffringar.
713 717 77 21 Denna
810 717 153 28 omständighet

218 753 61 27 utgör
293 751 53 22 dock
360 751 47 22 icke
422 752 44 21 skäl
481 754 31 19 att
526 751 112 29 uppskjuta
649 752 24 21 de
684 751 221 29 jernvägsbyggnader,
918 759 43 14 som

219 786 60 28 eljest
292 786 72 21 kunna
378 786 82 21 komma
471 785 7 22 i
488 785 63 29 fräga,
567 794 49 13 men
631 794 72 13 manar
717 785 32 22 till
764 786 97 21 omtanke
876 787 30 21 att
920 786 43 21 der-

218 821 36 21 vid
269 820 18 28 ej
303 820 100 29 nedlägga
424 823 65 18 större
511 820 117 25 kostnader,
649 825 25 17 än
694 828 43 13 som
753 820 165 29 oundgängligen
934 829 29 13 er-

218 855 79 21 fordras
316 854 32 21 för
367 855 180 28 upprätthällande
562 854 23 22 af
597 855 40 20 den
650 854 152 29 jemförelsevis
816 855 146 22 inskränktare

217 889 67 25 trafik,
303 888 87 22 hvilken
404 889 32 21 till
452 897 24 13 en
492 889 71 28 början
578 889 65 21 måste
658 889 12 20 &
685 889 47 21 dem
747 889 124 22 förutsättas.
901 889 61 22 Jern-

217 928 100 23 vägarnes
337 922 106 28 betydelse
463 921 121 30 uppskattas
603 923 103 21 dessutom
722 923 8 20 i
744 923 70 22 landet
832 923 22 22 sä
868 924 50 27 högt
932 925 30 20 att

218 959 31 20 ett
263 957 92 28 uppskof
362 957 48 21 med
422 957 68 21 dessas
501 957 115 22 successiva
627 957 144 28 utsträckning
780 957 105 22 sannolikt
895 957 67 22 skulle

218 991 72 22 utöfva
305 993 30 20 ett
349 991 87 28 menligt
450 991 114 28 inflytande
579 991 27 29 pä
620 991 144 28 näringsfliten
779 992 38 21 och
832 992 130 21 verksamhe-

218 1027 35 20 ten
269 1025 31 22 uti
315 1025 25 21 de
355 1025 78 22 trakter
448 1025 22 22 af
482 1026 76 25 landet,
574 1025 73 22 hvilka
661 1025 81 22 kunnat
757 1026 52 28 hysa
823 1026 139 29 förhoppning

218 1062 30 20 att
262 1060 8 21 i
285 1068 26 13 en
326 1059 46 22 icke
387 1060 89 28 aflägsen
491 1060 84 22 framtid
590 1060 83 21 framtid
689 1061 84 21 komma
787 1060 8 22 i
810 1060 120 29 åtnjutande
941 1061 22 22 af

218 1095 56 21 detta
296 1094 266 26 kommunikationsmedel,
584 1095 62 21 hvars
664 1094 138 23 framstående
818 1095 105 29 betydelse
939 1100 22 17 är

218 1128 119 29 obestridlig
359 1128 32 21 för
413 1130 29 20 ett
463 1129 49 26 folk,
533 1137 44 14 som
596 1137 26 13 en
637 1131 69 26 sträng
722 1132 61 19 natur
798 1130 116 28 uppfostrat
929 1130 32 22 till

218 1163 70 22 arbete
306 1163 39 20 och
362 1162 88 29 idoghet.
481 1163 34 22 De
530 1163 143 22 förkrossande
688 1164 153 28 verkningarne
857 1163 22 22 af
891 1165 70 22 tidtals

218 1197 109 22 inträffade
350 1197 122 22 missväxter
494 1197 98 22 innebära
614 1198 37 21 ock
671 1198 98 28 slutligen
788 1207 26 12 en
832 1198 85 29 maning
931 1201 30 20 att

217 1231 88 21 medelst
325 1231 110 27 jernvägar
455 1231 99 22 förbättra
573 1232 237 25 kommunikationerne,
826 1232 134 29 hvarigenom

216 1263 83 22 tillfälle
321 1263 86 22 beredes
424 1266 31 19 att
469 1265 32 20 till
516 1267 60 23 orter,
591 1265 72 21 hvilka
678 1265 23 21 af
713 1265 124 22 missväxter
851 1265 110 22 framdeles

217 1297 116 26 hemsökas,
351 1299 51 19 utan
420 1297 125 29 äfventyrlig
566 1298 115 22 tidsförlust
699 1298 121 22 framskaffa
834 1299 72 22 utsäde
922 1300 37 21 och

217 1331 76 29 nödiga
306 1331 130 22 födoämnen.

284 1365 33 23 På
335 1366 58 22 dessa
408 1366 45 22 skäl
467 1367 62 22 hafva
545 1367 116 22 Ständerna
675 1369 69 21 ansett
758 1369 30 21 att
801 1367 158 30 jernvägsbygg-

217 1401 92 22 naderna
329 1402 50 21 böra
397 1401 22 22 så
437 1404 57 20 snart
508 1410 44 14 som
567 1402 80 29 möjligt
662 1403 104 22 fortsättas
781 1403 7 22 i
803 1403 38 23 den
857 1412 48 13 mon
921 1404 38 21 till-

216 1435 104 30 gångarne
336 1436 109 29 medgifva.

284 1470 84 23 Statens
382 1471 91 28 förmåga
488 1473 30 21 att
532 1472 8 21 i
554 1471 111 23 framtiden
678 1473 113 22 successivt
800 1473 97 22 utveckla
904 1473 55 28 jern-
