1048 1714
252 141 24 20 16
532 140 53 22 N:o
602 139 47 22 P5.

222 209 138 25 gemensamt,
384 208 52 20 eller
459 208 39 20 ock
513 208 7 19 i
536 208 64 26 högst
618 210 73 18 trenne
707 214 94 20 grupper
817 207 54 21 efter
885 207 84 26 handel,

222 242 95 20 fabriker
332 242 40 20 och
386 241 126 25 handtverk,
532 241 57 21 bilda
605 241 122 26 föreningar
742 241 34 21 för
790 241 80 21 vården
885 247 34 15 om
935 247 36 14 an-

222 275 157 27 gelägenheter,
396 280 45 16 som
456 277 50 18 röra
522 276 25 20 de
563 275 72 26 yrken,
651 274 72 21 hvilka
735 274 22 21 af
767 274 135 27 föreningens
913 275 58 20 med-

222 310 88 20 lemmar
326 308 90 22 utöfvas.

294 343 170 26 Föreningarnes
483 342 136 21 verksamhet
638 342 131 21 handhafves
785 344 96 19 närmast
896 348 75 20 genom

222 377 140 26 fullmäktige,
378 376 73 21 hvilka
469 378 40 24 äga
524 378 33 19 att
571 376 92 21 förvalta
678 376 62 21 deras
755 376 77 21 kassor
847 376 39 21 och
902 376 70 26 öfriga

223 412 109 26 egendom,
353 410 79 27 afgifva
448 411 26 20 de
489 410 149 22 betänkanden
655 411 38 20 och
708 410 151 26 förklaringar,
876 416 45 15 som
937 417 34 14 ve-

223 446 133 21 derbörande
372 445 147 27 myndigheter
535 444 22 22 af
566 444 149 26 föreningarne
727 444 102 26 infordra,
841 444 86 21 utfärda
937 450 35 21 ge-

222 480 106 26 sällbetyg
344 479 39 21 och
398 478 143 22 mästarebref
556 478 22 21 åt
593 479 26 20 de
635 478 98 22 arbetare
744 479 12 20 i
761 478 86 27 yrkena,
864 484 46 15 som
921 479 51 21 slikt

223 513 133 21 vittnesbörd
380 512 58 22 öfver
460 519 84 15 vunnen
560 512 128 26 skicklighet
703 512 98 26 åstunda,
819 512 52 22 söka
885 512 87 27 bilägga

223 548 99 26 oenighet
338 547 39 20 och
392 547 83 25 tvister,
492 553 45 15 som
553 547 89 21 emellan
657 546 140 27 yrkesidkare
812 546 39 22 och
865 546 63 21 deras
939 552 32 15 ar-

222 581 74 21 betare
314 580 136 27 uppkomma,
470 581 109 21 äfvensom
598 581 123 25 isynnerhet
736 580 63 21 hafva
814 580 73 26 tillsyn
903 580 12 21 å
929 580 43 21 lär-

223 615 107 26 lingarnes
347 614 39 21 och
402 614 66 21 andra
487 615 35 20 vid
537 614 169 26 näringsyrkena
721 614 125 27 sysselsatte
862 614 110 21 arbetares

222 649 160 25 undervisning,
398 648 53 21 värd
467 648 38 21 och
522 648 81 26 fogliga
617 648 136 26 behandling.

294 683 32 21 De
343 682 61 21 forna
419 682 180 26 skräembetenas,
616 682 108 21 äfvensom
741 682 26 21 de
779 682 24 20 af
811 681 161 27 gesällförenin-

223 724 37 20 gar
284 717 173 25 sammanbragta
479 716 82 27 kassor,
584 716 83 21 hvilkas
686 716 131 26 förvaltning
831 716 141 21 handtverks-

223 752 161 26 föreningarnes
400 750 134 27 fullmäktige
547 750 79 28 jemvä]
643 752 40 24 äga
698 752 32 19 att
745 750 115 21 öfvervaka
875 751 45 25 och,
936 750 37 21 der

223 786 25 20 sä
262 786 42 20 kan
320 791 62 15 anses
398 785 81 26 nödigt,
496 784 174 27 omhändertaga,
681 784 53 22 böra
744 785 7 20 i
763 784 210 22 öfverenstämmelse

222 820 49 20 med
294 820 62 20 deras
379 819 98 21 ändamål
500 819 109 21 användas
632 819 33 20 till
680 819 173 21 understödande
869 819 23 21 af
905 818 68 22 nödli-

223 854 69 20 dande
303 854 52 20 eller
370 853 134 25 afsigkomna
519 853 138 21 medlemmar
676 852 23 21 af
718 853 37 21 det
772 853 59 26 yrke,
854 852 65 22 hvars
941 852 32 21 id-

223 888 51 20 kare
290 887 78 21 samlat
383 886 85 26 kassan,
485 886 52 21 eller
552 886 145 27 befrämjande
713 886 22 21 af
749 886 99 21 lofvande
862 892 67 21 yngre
939 892 34 15 ar-

222 921 86 21 betares
323 921 7 20 i
346 926 80 15 samma
442 920 52 27 yrke
508 920 75 22 vidare
594 920 127 27 utbildning,
733 922 56 19 samt
798 920 35 21 mä
843 920 47 22 icke
900 921 7 20 i
919 921 54 20 strid

223 956 48 20 med
293 955 92 21 berörda
408 954 98 21 ändamål
526 954 133 26 förskingras
675 954 52 21 eller
743 954 24 20 af
780 955 26 20 de
822 954 151 26 gvarlefvande

224 988 216 22 skrämedlemmarne
456 988 32 21 till
505 988 62 22 deras
584 988 97 21 enskilda
695 990 62 25 nyttä
772 988 115 22 användas.

568 1074 11 26 8
595 1074 34 20 25.

294 1124 94 21 Medlem
403 1124 23 21 af
442 1124 163 27 yrkesförening
620 1126 24 18 är
660 1130 25 15 en
700 1124 59 26 hvar,
775 1130 46 15 som
836 1124 7 21 i
859 1124 50 21 stad
924 1124 51 21 drif-

223 1165 37 15 ver
282 1157 140 27 näringsyrke
445 1157 55 21 efter
523 1157 67 21 sädan
613 1158 104 25 anmälan,
741 1164 46 14 som
805 1158 7 20 i
831 1157 24 28 $$
874 1159 13 20 2
907 1158 40 21 och
962 1159 12 20 3

224 1194 68 25 säges.

280 1226 94 21 Medlem
389 1225 40 21 bör
444 1226 78 25 utgöra
537 1225 26 21 de
579 1225 118 27 ärsbidrag,
713 1225 73 21 hvilka
795 1225 34 21 för
839 1225 135 28 upprätthäl-

223 1260 63 20 lande
308 1259 23 20 af
352 1258 136 26 föreningens
508 1258 99 26 syftemäl
622 1259 7 19 i
644 1258 90 26 behörig
750 1259 90 26 ordning
855 1261 118 18 uttaxeras.

294 1292 40 25 De,
354 1297 45 14 som
418 1291 67 26 enligt
499 1291 11 26 $
527 1292 12 19 6
555 1291 87 20 erhållit
660 1291 98 21 tillstånd
773 1291 34 21 till
822 1292 152 27 näringsyrkes

222 1325 146 26 bedrifvande,
384 1326 37 20 äro
434 1325 80 26 jemväl
529 1324 120 22 förbundne
665 1325 33 20 till
717 1325 120 27 utgörande
852 1325 23 22 af
883 1326 92 21 nämnda

222 1361 83 26 bidrag,
328 1365 48 15 men
398 1359 37 21 det
457 1359 124 22 ankommer
596 1359 13 21 ä
623 1359 137 26 föreningens
782 1360 138 21 medlemmar
935 1361 38 25 att,

223 1395 55 21 efter
292 1393 174 22 beskaffenheten
482 1393 23 20 af
519 1393 62 21 deras
597 1393 82 26 vandel,
696 1393 105 27 tillstädja
812 1394 52 21 eller
874 1393 101 28 förvägra

223 1429 48 21 dem
286 1427 95 22 tillträde
396 1427 34 20 till
445 1426 138 27 föreningens
602 1427 192 22 sammankomster
809 1428 52 22 eller
876 1430 33 19 att
918 1430 55 20 röst-

223 1464 43 19 rätt
281 1463 35 20 vid
333 1461 108 21 desamma
456 1461 79 21 utöfva.
