1061 1706
235 142 11 19 6
402 142 31 20 U.
450 142 33 20 B.
499 152 27 4 —
544 141 84 24 Prop.
644 140 46 21 N:o
706 141 46 21 27.

205 210 34 27 lag
258 209 79 21 erhålla
356 211 30 21 ett
405 210 87 21 allmänt
512 209 150 21 sammanträde
678 217 62 17 mera,
756 213 27 17 än
799 217 29 13 nu
842 209 33 21 för
890 209 58 21 tiden

205 248 23 16 är
243 243 97 29 brukligt.
370 244 34 21 De
420 244 65 28 öfriga
501 244 26 20 12
543 244 140 27 domsagorna,
700 243 111 21 bestående
827 243 22 21 af
857 244 13 21 6
881 244 67 20 under

205 278 66 20 Wasa
288 278 39 20 och
341 279 13 20 6
369 278 67 21 under
451 277 98 29 Wiborgs
564 277 88 22 hofrätts
665 277 140 28 jurisdiktion,
822 277 67 21 skulle
905 278 43 20 der-

207 313 55 20 emot
281 311 65 29 enligt
361 320 79 13 samma
454 312 76 28 förslag
545 311 126 23 fortfarande
686 311 84 21 komma
785 313 30 19 att
830 313 83 26 utgöras
928 312 24 20 af

205 347 32 19 tre
252 346 51 20 eller
317 346 50 21 flera
382 346 94 28 tingslag,
488 346 6 21 i
505 346 73 22 hvilka
593 345 140 22 öfverhufvud
743 346 68 21 skulle
821 345 65 21 hållas
897 346 53 21 blott

206 381 30 20 ett
250 379 87 22 allmänt
352 381 152 21 sammanträde
520 380 35 22 vid
569 380 111 22 hvartdera
690 380 72 28 tinget,
774 380 38 21 och
823 379 79 22 således
912 380 37 21 två

206 422 34 13 om
259 414 50 26 året,
331 414 47 22 med
397 414 106 29 undantag
518 415 51 21 blott
584 414 32 22 för
631 414 83 28 Utsjoki
729 414 40 21 och
783 414 68 21 Enari
865 414 84 22 försam-

206 448 77 29 lingars
303 449 100 21 särskilda
413 449 99 29 tingslag
527 449 22 21 af
562 449 158 29 Lappmarkens
736 449 102 27 domsaga,
855 449 8 21 i
877 449 73 21 hvilka

207 483 35 21 det
261 483 54 21 enda
331 483 86 28 lagtima
432 483 50 29 ting,
499 490 43 15 som
557 484 8 20 i
581 484 46 20 dem
643 483 64 28 enligt
721 482 121 29 Kejserliga
856 482 94 22 Brefven

207 518 40 20 den
263 517 27 21 14
304 517 90 21 Januari
410 518 54 20 1847
480 519 53 20 samt
548 518 40 20 den
604 517 25 21 11
646 517 63 28 April
723 517 39 21 och
778 517 40 21 den
834 518 11 20 1
857 517 94 22 Oktober

208 551 54 22 1853
278 550 32 22 för
325 551 34 21 det
369 552 129 22 närvarande
508 552 72 25 hålles,
591 552 68 21 skulle
669 550 119 22 bibehållas.
798 563 27 3 —
833 551 117 28 Angående

207 586 60 21 dessa
287 585 103 22 komiténs
410 586 76 28 förslag
505 590 23 17 är
545 586 66 21 likväl
626 587 30 19 att
671 585 87 25 märkas,
775 587 21 19 att
821 585 39 21 den
876 585 75 28 nådiga

207 619 154 29 propositionen
382 620 17 28 ej
420 620 116 21 innehåller
553 620 68 28 något,
637 627 44 13 som
697 620 67 20 skulle
779 619 57 28 gifva
851 620 35 21 vid
901 620 49 20 han-

207 654 41 21 den
267 655 31 20 att
317 654 105 21 desamma
437 654 105 22 allaredan
557 654 53 21 hade
625 653 70 22 blifvit
709 653 110 29 godkända
834 653 23 21 af
869 654 81 21 landets

208 688 92 28 styrelse,
317 688 26 28 på
358 688 87 22 hvilken
460 688 35 22 det
510 688 108 28 framgent,
634 688 88 22 likasom
736 688 81 26 hittills,
834 688 69 22 allena
918 696 33 14 an-

208 722 94 22 kommer
317 724 30 20 att
362 722 83 29 vidtaga
460 723 68 21 beslut
543 724 38 20 och
596 722 95 29 åtgärder
705 723 32 21 till
753 722 102 29 reglering
866 722 22 21 af
896 722 55 22 dom-

208 764 91 21 sagorna.
330 757 148 28 Lagutskottet
500 758 38 20 har
557 757 61 21 också
638 758 68 21 ansett
725 757 36 21 det
775 756 54 29 ligga
845 759 58 19 utom
918 757 33 21 sin

208 790 83 29 uppgift
310 793 30 19 att
357 791 49 28 ingå
420 792 8 20 i
442 791 88 22 särskild
545 792 127 28 granskning
687 791 22 21 af
722 791 61 28 sagde
799 791 82 28 förslag,
896 792 56 21 helst

208 825 62 21 också
285 825 40 21 den
340 825 32 21 för
388 833 25 13 en
428 826 64 21 sådan
506 826 128 28 granskning
649 825 134 29 erforderliga
802 826 114 21 kännedom
931 825 21 22 af

207 860 69 20 lokala
291 859 144 21 förhållanden
450 859 18 29 ej
484 859 111 22 förefinnes
610 860 37 21 hos
660 860 118 21 Utskottets
789 860 114 21 ledamöter
912 860 38 21 och

208 894 109 21 Utskottet
339 895 50 20 trott
409 894 31 28 sig
459 895 72 20 kunna
549 894 47 21 med
611 894 106 28 tillförsigt
732 896 81 26 antaga,
829 896 30 20 att
874 894 78 28 Styrel-

209 936 36 13 sen
261 928 18 28 ej
296 928 53 20 skall
364 928 35 21 vid
415 936 24 13 en
456 928 91 21 skeende
562 928 104 28 reglering
680 928 109 21 underlåta
804 930 30 20 att
849 928 53 22 fästa
912 928 40 21 till-

208 962 75 29 börligt
299 962 97 22 afseende
406 962 36 22 vid
452 963 25 21 de
488 962 101 22 särskilda
598 962 153 22 landsorternas
761 962 65 22 behof
831 975 27 3 —
865 962 87 22 hvarom

209 996 7 21 i
231 996 157 22 Bondeständet
409 997 67 21 under
498 996 152 23 ofvannämnda
670 997 117 21 diskussion
802 996 8 22 i
825 996 96 22 afseende
940 997 12 22 &

210 1038 25 14 en
251 1031 34 21 del
299 1033 55 19 orter
369 1031 54 21 varit
437 1031 58 29 fråga
510 1044 27 2 —
553 1032 38 21 och
607 1031 35 22 vid
657 1031 135 29 möjligheten
808 1033 30 20 att
853 1032 41 21 låta
910 1032 42 20 lan-

209 1065 44 21 dets
275 1065 107 28 judiciella
404 1065 108 29 indelning
533 1065 143 22 sammanfalla
698 1066 48 21 med
768 1065 158 29 indelningarne
944 1066 9 21 i

209 1099 94 28 kyrkligt
321 1099 37 21 och
374 1099 162 22 administrativt
550 1100 118 21 hänseende
684 1112 27 3 —
726 1099 80 30 hvarpå
821 1100 57 21 Herr
892 1100 60 28 Igna-

209 1133 42 22 tius
265 1141 75 20 genom
356 1133 36 22 sitt
406 1133 135 22 förenämnda
556 1134 130 27 andragande
702 1134 7 20 i
724 1134 180 28 Borgareständet,
921 1135 31 20 uti

209 1167 130 22 statistikens
354 1168 38 21 och
407 1170 63 19 annat
485 1168 86 21 allmänt
585 1168 93 26 intresse,
695 1169 56 21 velat
765 1168 54 22 fästa
828 1169 125 28 Lagutskot-

210 1203 41 20 tets
273 1202 190 28 uppmärksamhet.
493 1202 43 23 Vid
560 1210 78 13 samma
660 1202 104 28 reglering
783 1203 58 21 torde
861 1203 35 21 väl
915 1203 38 20 ock

210 1236 84 20 komma
316 1236 66 20 under
404 1235 158 28 öfvervägande,
585 1236 104 21 huruvida
709 1236 49 21 flera
778 1241 26 16 än
824 1239 30 18 ett
866 1236 86 28 lagtima

209 1269 46 27 ting
270 1277 34 13 om
319 1269 44 21 äret
378 1269 34 21 mä
422 1269 5 21 i
439 1269 111 22 framtiden
565 1269 72 21 kunna
653 1269 100 21 erfordras
768 1270 32 21 uti
816 1269 25 21 de
856 1270 95 28 tingslag,

210 1303 8 21 i
232 1303 73 22 hvilka
320 1303 177 22 häradsrätternas
512 1303 104 22 allmänna
631 1303 167 22 sammanträden
813 1303 75 23 hittills
899 1304 54 22 varit

210 1337 123 22 inskränkta
355 1337 33 22 till
410 1339 30 20 ett
463 1338 53 21 enda
534 1337 51 29 ting,
605 1338 39 21 och
663 1338 72 21 hvilka
750 1338 95 29 tingslag,
862 1338 89 23 förutom

210 1371 84 29 Utsjoki
310 1373 38 20 och
363 1372 66 21 Enari
444 1373 64 21 redan
523 1373 124 21 omnämnda
660 1373 94 28 tingslag,
766 1377 83 25 utgöras
860 1373 23 22 af
890 1374 62 29 tings-

211 1408 60 27 lagen
286 1407 7 21 i
309 1401 78 28 Ålands
410 1407 96 29 domsaga
529 1407 64 29 enligt
612 1408 78 28 Kongl.
711 1408 152 22 Resolutionen
884 1409 39 22 den
939 1411 13 20 8

211 1442 47 21 Juli
274 1442 61 25 1762,
352 1441 76 22 Hiittis
444 1441 97 29 skärgärd
556 1442 23 21 af
591 1442 84 21 Kimito
690 1443 76 21 socken
779 1443 85 28 jemlikt
873 1444 78 29 Kongl.

211 1475 88 22 Brefvet
321 1476 39 21 den
375 1476 14 20 4
404 1476 121 21 November
544 1477 54 20 1763
619 1478 53 20 samt
690 1476 124 22 Kemiträsk
829 1477 89 29 tingslag
933 1478 23 21 af

278 1515 136 24 Lagutskottets
426 1516 111 18 betänkande
549 1516 37 19 N:o
598 1517 27 17 12.
