1045 1709
236 136 26 20 16
417 138 26 17 €.
459 138 28 16 B.
505 146 23 4 —
545 137 81 21 Prop.
642 133 46 21 N:o
703 136 34 17 25.

208 203 68 26 gifves
284 203 96 21 deremot
388 202 69 21 denna
466 202 84 26 handel,
561 202 101 21 bortfalla
670 201 63 21 äfven
744 202 59 20 dessa
816 202 81 26 menliga
906 201 44 21 för-

207 236 122 27 hällanden,
345 236 39 21 och
399 236 27 20 dä
441 236 94 27 köparen
550 236 91 21 sålunda
656 235 178 21 sättes
728 231 9 36 i
745 235 89 21 tillfälle
843 236 32 20 att
886 235 63 28 lungt

208 271 39 22 och
269 272 72 25 moget
363 270 114 27 öfverväsa
496 270 115 27 köpslutet,
629 270 57 21 lärer
707 270 36 21 det
757 269 74 22 kunna
845 269 22 21 få
886 271 62 25 tagas

207 305 33 22 för
261 305 101 26 afgjordt,
385 306 32 19 att
438 305 26 20 de
488 304 62 21 flesta
564 304 80 27 köpare
659 304 47 21 icke
722 304 23 21 sä
760 304 41 21 lätt
815 310 46 15 som
876 304 72 21 härin-

207 340 45 21 tills
267 339 62 22 torde
345 339 58 21 skett
418 339 61 21 skola
493 338 73 22 kunna
580 339 93 21 förledas
689 340 32 19 att
737 339 84 26 utgifva
836 339 47 20 sina
897 344 51 21 pen-

207 374 77 26 ningar
298 373 34 21 för
347 379 26 15 en
389 373 58 26 dälig
462 373 52 21 eller
528 373 107 26 umbärlig
650 379 57 20 vara,
724 373 52 21 eller
791 374 33 19 att
838 373 35 21 för
880 379 26 15 en
914 373 35 21 sä-

208 408 41 21 dan
264 407 73 22 betala
353 408 37 25 ett,
405 407 7 20 i
428 407 134 21 förhällande
571 407 33 21 till
613 407 49 20 dess
670 407 73 25 värde,
754 407 73 20 alltför
836 407 52 26 högt
895 407 51 26 pris.

276 441 30 21 Pä
328 441 69 27 grund
417 439 28 22 af
465 441 56 21 hvad
536 441 39 21 här
591 441 62 21 ofvan
669 440 130 21 framhällits
814 441 39 21 och
868 441 28 26 pä
911 441 38 21 det

207 477 32 20 att
254 475 62 22 äfven
339 477 48 24 eget
402 475 62 21 lands
479 475 128 21 innevänare
623 475 66 21 mätte
705 475 80 21 lemnas
801 475 86 21 tillfälle
909 477 39 24 att,

208 512 52 19 utan
283 509 122 26 kränkning
420 509 23 21 af
456 510 42 26 lag,
514 509 68 27 draga
595 510 62 26 nytta
672 509 23 21 af
709 509 76 26 denna,
801 509 90 21 oaktadt
906 509 44 22 alla

206 544 79 21 förbud
300 543 161 21 fortbestäende
475 543 83 27 näring,
574 544 39 20 har
627 543 109 21 utskottet
751 544 72 20 ansett
838 543 36 21 det
889 543 7 20 i
911 543 12 21 1
935 543 13 27 &

206 579 13 20 6
241 578 49 26 kap.
312 577 27 22 H.
361 577 24 21 B.
408 577 104 26 ingäende
535 577 100 21 förbudet
659 579 32 18 att
706 577 52 21 idka
772 577 175 26 gärdfarihandel

206 613 53 20 böra
274 611 34 22 för
322 611 116 21 framtiden
453 611 97 26 upphöra
565 611 39 21 och
619 617 26 14 en
660 611 45 20 lika
720 611 78 20 allmän
813 611 73 25 frihet,
902 616 46 15 som

205 647 8 20 i
236 646 69 26 öfriga
327 645 173 26 näringsgrenar,
523 645 62 21 äfven
601 645 7 20 i
624 645 61 20 detta
700 645 102 21 afseende
816 645 88 20 införas.
935 645 11 21 I

206 680 42 21 den
263 679 108 21 allmänna
385 679 130 26 ordningens
530 679 92 21 intresse
638 685 63 20 synes
717 679 36 21 det
768 678 66 21 likväl
849 685 51 14 vara
910 680 40 19 nö-

207 714 47 26 digt
275 714 32 20 att
329 713 118 20 inskränka
470 713 70 21 denna
554 712 105 27 rättighet
673 713 34 20 till
723 713 76 20 endast
813 712 135 27 välfrejdade

206 753 109 21 personer,
330 747 110 20 äfvensom
455 748 32 19 att
502 749 52 24 göra
569 747 118 21 vinnandet
701 746 24 21 af
738 748 44 20 rätt
797 747 34 20 till
841 746 106 27 gårdfari-

206 782 78 21 handel
306 781 108 21 beroende
437 781 22 20 af
472 781 34 21 för
524 781 78 21 sådant
617 780 98 21 ändamål
731 781 39 21 hos
785 780 163 22 vederbörande

207 816 112 21 Guvernör
333 814 106 22 utverkad
454 814 109 22 tillstånds
588 815 118 21 resolution
734 814 53 22 eller
801 814 146 27 förpassning,

205 850 94 26 hvilken,
315 850 51 20 enär
380 855 106 20 personen
500 849 8 20 i
522 848 62 28 fråga
607 848 54 21 efter
683 848 176 27 förpassningens
881 848 69 21 utfär-

206 884 71 21 dande
298 883 102 27 möjligen
418 883 72 21 kunde
513 883 81 27 ådraga
615 883 33 26 sig
664 883 103 26 vanfrejd,
783 883 52 21 eller
850 882 98 22 befinnas

206 918 113 27 bedräglig
341 917 7 21 i
364 917 104 21 handelns
490 917 123 26 utöfvande,
629 917 48 20 icke
693 917 56 26 finge
764 917 91 21 omfatta
874 917 74 26 längre

206 953 32 20 tid
254 955 27 18 än
296 953 32 20 ett
342 951 30 26 år,
383 951 56 21 efter
453 951 65 22 hvars
534 952 80 26 utgång
629 951 148 26 ansökningen
788 951 83 21 således
880 951 70 20 borde

204 987 94 26 förnyas.

272 1020 43 21 För
330 1021 32 20 att
377 1019 54 21 dock
446 1019 127 26 möjliggöra
581 1025 26 15 en
615 1019 88 21 säkrare
714 1018 95 21 kontroll
817 1018 60 21 öfver
885 1018 64 27 gård-

205 1059 143 26 farihandeln,
367 1059 62 21 torde
445 1059 37 21 det
497 1065 51 15 vara
564 1059 75 26 nödigt
655 1060 32 20 att
703 1059 74 26 hvarje
793 1058 95 21 enskilds
903 1059 45 20 rätt

206 1094 73 22 dertill
301 1093 128 21 inskränkes
452 1093 34 21 till
510 1095 31 19 ett
563 1094 54 20 visst
631 1093 133 26 begränsadt
785 1093 93 26 område,
894 1092 56 21 hvil-

205 1129 39 20 ket
266 1128 23 21 af
306 1127 78 22 honom
404 1127 48 22 icke
474 1127 33 21 får
530 1127 152 22 öfverskridas.
719 1127 130 26 Härigenom
872 1126 75 21 vinnes

204 1162 108 27 nemligen
335 1162 41 21 den
398 1161 136 27 väsendtliga
555 1161 69 22 fördel
649 1163 32 19 att
715 1160 234 28 gärdfarihandlanden

205 1197 65 20 innan
285 1196 50 21 kort
349 1196 43 21 blir
406 1196 57 21 inom
479 1196 39 21 sitt
532 1196 178 21 handelsområde
726 1196 88 21 allmänt
829 1195 71 26 känd;
916 1195 33 20 ett

204 1230 142 26 förhållande,
368 1230 83 21 hvilket
475 1231 31 20 uti
522 1231 59 20 såväl
599 1230 102 27 rättsligt,
718 1236 45 15 som
778 1230 7 20 i
801 1229 80 26 sedligt
895 1229 53 20 hän-

205 1264 79 21 seende
307 1263 67 21 måste
390 1269 62 15 anses
468 1269 52 15 vara
534 1264 48 20 utaf
595 1263 47 21 icke
658 1264 61 26 ringa
734 1264 51 26 vigt,
802 1263 39 20 och
857 1263 24 20 af
893 1262 56 20 hvil-

205 1298 42 20 ken
266 1297 116 26 anledning
398 1297 66 21 sådan
479 1297 78 21 handel
573 1297 48 21 icke
637 1297 68 21 heller
720 1297 39 21 bör
774 1296 22 21 få
811 1296 85 21 utöfvas
912 1302 35 19 ge-

204 1338 50 15 nom
270 1331 73 26 andra,
359 1332 52 20 utan
427 1330 77 22 endast
519 1331 23 21 af
556 1331 41 21 den
611 1331 145 27 personligen,
767 1331 34 21 för
809 1330 87 21 hvilken
903 1329 46 21 till-

205 1366 87 22 ståndet
316 1365 115 21 utfärdats.
464 1365 35 21 Dä
522 1365 62 22 dessa
609 1365 102 22 områden
731 1365 66 21 likväl
812 1364 48 22 icke
875 1364 74 21 kunna

205 1402 63 25 göras
290 1400 74 21 alltför
379 1400 51 26 små,
446 1400 40 21 har
500 1400 114 26 utskottet,
630 1400 48 20 med
693 1400 102 21 afseende
810 1399 63 21 äfven
889 1398 58 26 derå,

206 1436 32 20 att
252 1434 105 27 rättighet
372 1434 34 21 till
421 1434 67 22 sådan
503 1434 79 22 handel
597 1434 84 22 komme
697 1436 32 20 att
744 1434 23 21 af
775 1435 108 26 guvernör
889 1432 59 22 med-

206 1469 66 26 delas,
293 1470 72 20 ansett
383 1469 64 21 dessa
468 1469 181 21 handelsdistrikt
671 1469 115 26 lämpligen
805 1468 73 21 kunna
893 1473 56 16 sam-

275 1513 124 19 Sammansatta
412 1514 36 22 Lag
460 1514 29 18 och
503 1514 83 18 Ekonomi
598 1515 89 17 utskottets
700 1514 103 17 betänkande
816 1512 35 18 N:e
863 1512 16 17 3.
