1061 1714
271 144 81 23 Ständ.
366 145 38 23 Sv.
419 159 27 2 —
462 146 70 29 Prop.
546 147 41 22 N:o
602 147 34 22 26.
781 148 23 22 17

159 207 87 28 utöfver
260 208 144 28 erforderliga
419 210 68 20 medel
501 210 59 22 skola
576 213 28 19 än
620 210 74 22 vidare
707 211 54 26 från
777 211 57 21 kom-

159 242 226 28 munikationsfonden
400 245 53 26 utgå
464 245 51 20 eller
524 252 74 20 genom
614 246 38 20 län
667 245 126 27 anskaffas
781 238 14 38 ;
806 245 28 21 äf-

161 283 87 15 vensom

230 318 32 19 att
278 317 35 20 det
330 318 33 19 mä
375 318 32 26 pä
422 319 101 26 styrelsen
538 318 112 22 ankomma
660 321 32 18 att
703 318 131 28 beträffande

163 350 127 28 tidpunkten
301 351 42 27 för
358 352 200 27 byggnadsarbetets
570 352 136 28 pätörjande
721 356 56 17 samt
787 354 46 20 dess

155 384 133 28 fördelande
303 386 32 26 pä
354 386 25 20 de
393 386 70 21 skilda
487 388 51 20 åren
562 387 88 27 vidtaga
666 387 24 21 de
706 387 126 21 bestämnin-

159 426 47 21 gar,
222 426 43 14 som
283 420 46 20 med
345 420 98 28 afseende
458 421 44 21 dels
517 422 12 20 å
544 422 25 20 de
584 422 8 20 i
606 420 151 27 ofvanstäende
767 422 65 20 måtto

160 455 104 20 anvisade
288 455 72 25 medel,
383 455 45 21 dels
451 456 12 19 å
487 456 119 28 tillgången
624 456 32 27 pä
678 456 154 26 arbetskrafter

159 491 56 19 samt
230 488 74 28 öfriga
321 489 179 27 omständigheter
515 489 95 29 befinnas
621 497 53 13 vara
684 490 9 20 i
702 490 129 21 ekonomiskt

158 522 118 22 hänseende
285 523 180 27 fördelaktigast.

157 568 109 30 Derjemte
281 568 21 22 få
318 568 118 22 Ständerna
451 569 7 22 i
473 569 165 29 underdänighet
652 569 81 22 anhålla

226 612 32 18 att
277 616 25 14 en
322 610 136 20 kommission
473 611 65 20 måtte
552 611 104 20 tillsättas
671 610 46 20 med
730 610 101 27 uppdrag

156 646 39 22 att,
213 643 41 27 för
270 643 108 27 pröfning
395 644 72 20 hvilka
481 644 196 27 bansträckningar
692 644 83 26 utöfver
790 644 41 20 hit-

157 677 69 21 intills
243 678 93 27 anlagde
351 678 52 20 eller
419 678 93 21 beslutne
523 678 158 28 förnämligast
697 680 38 19 äro
750 678 81 27 egnade

159 714 31 19 att
212 713 70 20 såsom
304 712 125 22 stambanor
451 714 84 26 utföras
552 713 57 27 från
632 715 81 19 statens
731 712 99 28 räkning,

159 746 146 22 åstadkomma
329 754 23 14 en
377 748 122 28 mångsidig
522 748 35 20 och
581 754 113 21 noggrann
715 747 116 27 utredning

156 782 112 27 angående
282 782 46 20 alla
344 782 25 20 de
383 782 134 21 ekonomiska
527 782 165 27 förhållanden,
708 788 43 14 som
764 782 9 20 i
782 780 48 27 huf-

157 816 114 27 vudsaklig
290 816 56 27 grad
365 816 83 27 betinga
466 817 25 20 de
505 816 57 22 olika
574 816 210 27 jernvägsliniernas
800 815 30 20 be-

155 850 87 28 tydelse.
258 850 111 27 äfvensom
384 853 33 18 att
434 850 120 21 Ständerna
570 856 74 22 genom
656 850 65 27 nådig
729 849 101 27 proposi-

155 885 45 21 tion
216 885 8 20 i
239 887 71 19 ämnet
328 885 35 20 vid
375 884 175 22 nästkommande
566 884 106 27 landtdag
688 884 82 20 beredes
787 883 43 21 till-

152 919 58 27 fälle
226 922 33 18 att
270 920 32 27 på
317 919 134 28 grundvalen
467 919 29 27 af
508 918 144 28 omförmälda
667 918 116 28 utredning
798 917 32 21 be-

156 954 59 20 sluta
232 960 32 15 om
282 954 71 21 vidare
365 953 215 29 jernvägsbyggnad;

155 1000 112 22 hvarutom
282 1000 117 22 Ständerna
413 1000 22 22 få
450 999 147 29 underdånigst
612 998 81 22 anmäla

225 1044 31 18 att
284 1041 128 26 Ständerna,
433 1040 41 28 för
496 1039 125 22 bekostande
644 1039 28 28 af
686 1038 143 28 förenämnde

159 1075 135 21 kommission
311 1075 37 21 och
363 1076 25 20 de
398 1075 166 21 instrumentala
569 1072 261 30 jernvägsundersöknin-

155 1116 48 21 gar,
224 1116 44 14 som
282 1110 127 28 ytterligare
423 1112 38 18 äro
477 1110 29 26 af
517 1109 75 25 nöden,
608 1108 86 27 beviljat
709 1114 24 14 en
748 1114 80 14 summa

157 1143 29 27 af
197 1144 91 25 160,000
304 1144 67 25 mark,
383 1146 32 19 att
420 1144 57 26 från
488 1142 285 27 kommunikationsfondens
784 1141 45 21 till-

156 1179 87 27 gångar
257 1179 59 27 utgå.

192 1253 102 22 Finlands
309 1253 90 22 Ständer
413 1253 118 22 framhärda
546 1254 38 20 etc.

190 1316 140 29 Helsingfors,
346 1317 41 20 den
401 1317 12 20 7
429 1316 89 22 Januari
534 1316 60 21 1878.

247 1488 121 23 Helsingfors,
381 1488 16 17 J.
411 1488 71 17 Simelii
495 1487 100 22 arfvingar,
608 1481 49 28 1878.
