1042 1706
307 112 29 23 U.
352 112 28 23 B.
396 125 27 3 —
438 112 75 34 Prop.
527 111 46 24 N:o
589 112 37 24 26.
787 114 27 20 49

91 175 108 28 Näsijärvi
224 174 33 22 till
280 175 72 22 Etseri
374 175 41 22 och
439 174 115 30 Uleäborg,
580 177 56 21 samt
661 177 32 20 att
717 176 126 28 anläggnin-

90 216 44 21 gen
156 209 24 22 af
204 208 40 22 den
262 209 110 23 mellersta
395 209 127 23 stambanan
545 210 34 21 för
602 210 71 22 denna
696 208 57 30 gäng
772 210 71 22 kunde

91 243 128 22 inskränkas
242 243 33 22 till
293 244 66 21 linien
378 244 91 21 emellan
485 244 136 22 Nikolaistad
639 244 41 22 och
698 244 42 22 den
754 244 69 28 punkt
838 245 7 20 i

91 278 79 26 Etseri,
186 278 68 28 Töysä
270 278 52 22 eller
335 278 83 21 Muldia
432 278 101 27 kapeller,
551 278 37 22 der
603 278 42 22 den
659 278 117 28 lämpligen
789 278 56 28 finge

92 311 175 29 sammanknytas
282 311 49 22 med
346 312 149 21 förstnämnda
508 311 63 22 bana.

161 344 62 24 Bäda
237 346 133 22 bandelarne
384 346 69 22 skulle
468 345 90 23 sälunda
573 347 78 27 utgöra
666 345 26 23 de
707 346 69 22 första
791 348 54 26 styc-

89 381 59 21 kena
169 380 25 22 af
214 379 36 23 två
268 380 161 22 tillkommande
446 380 131 26 stambanor,
600 380 40 22 och
659 380 67 23 innan
744 381 26 21 de
789 380 56 22 äter-

89 413 93 23 stående
198 414 88 22 delarne
300 414 70 22 blifvit
384 414 130 27 fulländade,
522 414 71 22 kunde
608 414 66 29 sagde
683 414 62 22 linier
755 414 90 22 tillsam-

92 456 62 15 mans
168 449 80 22 bereda
262 456 27 15 en
304 449 82 28 ganska
400 448 169 29 ändamälsenlig
584 449 183 22 kommunikation
782 449 63 22 emel-

92 483 38 22 lan
144 483 66 22 Wasa
227 483 37 22 län
283 483 40 22 och
342 483 64 22 södra
420 483 98 22 Finland.
547 479 68 26 Äfven
629 484 8 21 i
652 485 37 21 det
703 483 39 22 fall
756 485 33 20 att
804 484 41 21 den

90 518 28 22 af
130 518 110 22 Utskottet
258 517 122 28 föreslagna
394 518 114 27 vestligare
519 518 248 28 jernvägsförbindelsen
782 517 63 22 emel-

90 553 39 21 lan
143 559 66 15 norra
224 552 41 22 och
280 552 64 22 södra
358 552 92 21 Finland
464 553 8 20 i
486 551 114 23 framtiden
615 553 86 21 komme
715 554 34 19 att
762 551 83 23 utföras

91 587 9 21 i
114 594 73 15 annan
201 587 95 27 riktning
310 587 28 20 än
353 586 41 22 den
408 586 110 22 Utskottet
527 593 64 15 anser
601 587 129 28 lämpligast,
741 586 42 21 kan
794 586 52 21 ban-

92 621 62 22 delen
169 621 217 22 Etseri-Nikolaistad
401 621 119 21 oberoende
535 620 64 22 deraf
610 621 81 28 byggas
705 619 29 29 pä
748 627 26 14 en
788 619 57 29 gäng

92 656 50 21 med
159 654 226 23 Tammerfors-Etseri
403 655 71 26 linien,
494 655 88 22 emedan
601 655 41 22 den
661 655 59 21 förra
731 655 18 20 'i
771 655 74 28 hvarje

91 689 103 22 händelse
210 689 82 22 lemnar
306 689 57 22 valet
381 690 67 26 öppet
462 689 34 21 för
508 689 128 28 jernvägens
651 689 143 22 fortsättande
809 697 36 32 ge-

92 731 50 15 nom
162 719 137 26 Österbotten
314 725 76 20 norrut
406 722 48 22 frän
468 722 72 29 nägon
555 730 72 15 annan
641 722 162 29 utgängspunkt
817 723 29 28 pä

92 759 66 21 linien
180 757 222 26 Etseri-Nikolaistad,
418 764 46 15 som
485 757 35 22 vid
535 757 58 22 tiden
613 757 34 22 för
665 757 124 22 utförandet
804 758 42 35 till-

90 792 112 28 ääfventyrs
216 792 43 21 kan
274 791 126 28 töredragas
415 791 90 22 framför
519 791 76 22 Etseri.

162 827 42 21 Det
223 826 40 21 har
281 825 70 22 blifvit
368 825 115 28 ifrågasatt
498 827 32 20 att
543 826 73 21 banan
631 825 49 22 från
694 825 70 22 T:fors
779 825 68 22 borde

92 861 61 22 ledas
168 862 105 20 vesterom
287 860 110 28 Näsijärvi
411 860 34 21 till
459 860 66 22 Alavo
541 860 7 21 i
564 860 41 21 den
620 860 101 27 riktning,
737 867 46 14 som
797 860 49 21 tidi-

93 898 49 25 gast
160 895 56 22 varit
234 895 121 28 föreslagen
374 895 41 21 och
430 895 85 22 hvilken
529 895 68 21 finnes
613 894 129 22 observerad
757 895 32 21 uti
803 895 43 21 för-

91 932 37 19 sta
142 929 87 28 bilagan
244 929 33 21 till
292 929 60 22 detta
366 929 136 22 betänkande
517 929 49 21 Litt.
582 929 26 26 D,
623 935 49 15 men
687 929 110 21 Utskottet
807 929 40 21 har

94 964 18 27 ej
129 964 83 21 kunnat
234 963 115 28 godkänna
371 963 70 21 denna
462 964 95 27 riktning
576 963 24 22 af
618 963 41 22 den
681 963 115 28 anledning
815 965 32 19 att

93 999 79 25 banan,
187 998 8 21 i
209 997 102 22 händelse
326 997 41 22 den
382 997 48 21 från
445 998 67 21 Alavo
527 997 110 22 fortsattes
652 997 7 21 i
675 998 39 21 rak
724 998 124 27 sträckning

93 1033 34 20 till
141 1031 100 28 Piippola
256 1032 40 22 och
311 1030 110 29 Uleåborg
436 1031 83 22 komme
534 1033 32 20 att
581 1031 122 28 isynnerhet
713 1032 62 21 inom
782 1031 66 22 Wasa

92 1067 38 21 län
144 1066 60 27 ledas
220 1073 76 22 genom
309 1066 169 28 jemnförelsevis
492 1067 83 21 mindre
589 1066 113 22 befolkade
718 1067 39 21 och
773 1066 22 21 af
809 1074 38 13 na-

92 1103 65 20 turen
180 1101 64 22 delvis
266 1100 124 22 vanlottade
411 1100 88 29 bygder,
518 1103 52 19 utan
590 1102 31 20 att
643 1100 78 23 beröra
740 1101 26 21 de
788 1103 60 19 stora

94 1135 155 28 vattendragen
267 1135 58 21 invid
344 1136 60 20 östra
422 1135 62 22 sidan
503 1143 34 14 om
559 1134 131 27 Maanselkä,
709 1133 49 23 från
776 1135 72 21 hvilka

93 1170 97 28 betydlig
204 1169 168 22 trädvarutrafik
386 1169 34 22 för
435 1169 25 22 de
477 1169 25 22 af
514 1169 109 22 Utskottet
638 1169 122 27 föreslagna
776 1164 71 26 Öster-

94 1204 110 22 bottniska
218 1203 132 22 bandelarne
365 1202 124 29 påräknats.

164 1238 81 22 Härvid
267 1238 41 21 bör
329 1237 74 22 vidare
425 1240 62 25 tagas
506 1238 7 21 i
531 1237 156 28 öfvervägande
703 1239 38 24 att,
760 1237 47 21 ifall
823 1236 26 23 de

94 1273 166 28 ifrågavarande
277 1271 132 22 bandelarne
428 1272 68 21 skulle
515 1272 172 28 sammanknytas
702 1272 8 20 i
724 1271 68 22 Alavo
808 1273 40 20 och

95 1308 42 21 den
151 1307 109 22 mellersta
279 1306 127 22 stambanan
424 1307 47 21 icke
485 1306 68 22 blefve
568 1306 69 22 under
651 1313 26 14 en
692 1306 75 27 längre
782 1305 66 28 fram-

94 1341 33 22 tid
142 1348 76 21 genom
233 1341 88 20 fortsatt
335 1340 101 28 byggnad
452 1340 79 27 dragen
545 1339 76 28 längre
631 1341 88 24 österut,
731 1338 24 22 så
764 1339 84 21 komme

96 1375 41 22 den
152 1376 33 21 att
203 1374 64 21 hafva
286 1381 26 14 en
331 1373 24 22 så
372 1374 50 21 kort
439 1373 148 28 utsträckning
605 1372 46 22 inåt
665 1373 79 26 landet,
760 1375 33 19 att
807 1373 42 21 den

96 1408 95 24 derifrån
206 1408 19 28 ej
241 1407 111 23 förmådde
372 1408 67 27 draga
454 1407 33 22 till
502 1407 32 28 sig
549 1406 71 30 någon
635 1407 213 28 anmärkningsvärd,

165 1450 90 21 Jernvägs-
260 1449 86 18 Utskottets
358 1449 108 16 betänkande.

771 1483 11 18 4
