1042 1711
294 136 30 23 U.
339 135 28 23 B.
382 148 28 4 —
425 136 73 29 Prop.
514 136 45 25 N:o
573 137 36 22 26.
773 138 26 19 47

149 204 41 22 Till
208 205 40 22 den
266 205 109 22 mellersta
393 206 126 22 stambanan
538 206 53 22 höra
610 205 95 28 följande
723 205 106 22 särskilda

81 239 138 28 vägstycken:

81 289 48 22 från
144 290 118 22 Davidstad
277 291 33 21 till
325 292 32 20 S:t
370 292 96 21 Michel.
498 309 3 4 .
532 308 4 4 .
568 308 4 5 .
604 308 3 4 .
639 309 4 3 .
675 310 4 3 .
724 294 26 19 92
766 294 63 19 verst.

96 340 9 10 »
142 325 32 21 St
188 324 78 23 Michel
282 325 33 21 till
330 326 115 28 Jyväskylä
468 343 1 4 .
503 343 2 4 .
535 343 4 4 <
570 343 4 4 .
606 343 3 4 .
641 344 4 3 .
676 344 4 4 .
713 328 40 20 108
793 344 8 9 ,

96 375 8 9 »
141 359 115 29 Jyväskylä
271 360 33 21 till
318 360 124 28 Myllymäki
468 378 1 4 .
500 378 4 4 .
535 377 4 4 .
571 378 4 3 .
606 377 4 4 .
642 378 4 4 .
677 378 4 4 .
726 362 27 20 85
793 378 8 9 ,

96 410 8 9 »
142 394 122 28 Myllymäki
281 394 32 21 till
328 395 134 21 Nikolaistad
500 412 4 4 .
534 412 4 4 .
570 412 3 4 .
605 412 4 3 .
641 412 4 4 .
677 412 3 4 .
713 397 39 19 150
793 412 8 9 ,

150 447 132 22 Stambanan
300 447 91 22 emellan
409 448 142 21 Tammerfors
570 448 39 21 och
628 446 109 29 Uleäborg
755 447 76 22 omfat-

81 483 35 20 tar
131 481 97 23 delarne:

83 528 89 22 emellan
188 528 147 22 förstnämnda
350 529 48 21 stad
414 529 40 22 och
469 529 70 22 Etseri
569 545 4 4 .
605 545 3 5 .
639 545 4 4 .
675 546 4 4 .
712 530 39 20 130
767 530 62 21 verst.

118 580 8 9 ,
185 563 70 22 Etseri
270 564 40 21 och
325 564 144 21 Kärsämäki.
500 581 4 4 .
535 580 4 5 .
571 580 4 4 .
606 580 4 4 .
641 580 4 4 .
677 580 4 4 .
714 565 39 19 190
793 580 8 10 ,

118 615 8 9 5
186 598 127 22 Kärsämäki
328 599 40 21 och
384 598 67 22 Niska
466 598 44 22 fors
539 616 1 4 .
573 614 2 4 .
607 615 4 4 .
642 614 5 4 -
678 615 4 3 .
727 599 27 19 80
793 615 8 9 ,

119 649 8 10 N
185 632 66 22 Niska
266 633 45 22 fors
326 634 40 20 och
381 632 109 29 Uleåborg
535 650 4 4 =.
570 649 4 4 .
606 650 3 3 .
641 649 4 4 .
677 649 4 4 .
726 634 27 19 86
793 650 8 9 ,

218 668 148 22 Bansträckan

118 720 10 10 s
186 702 32 22 S:t
232 702 78 22 Michel
325 703 40 21 och
380 702 85 28 Kuopio
500 719 4 4 .
535 719 4 5 .
571 718 3 5 .
607 719 3 4 .
642 718 4 5 .
677 719 4 3 .
715 704 39 19 150
793 719 8 9 ,

185 737 85 28 Kuopio
286 737 40 22 och
342 737 128 21 Kärsämäki
501 754 4 4 .
535 754 4 4 .
571 753 4 4 .
606 754 5 4 .
714 738 88 26 160,

83 754 129 39 Grenbannn
227 770 48 23 frän
290 770 136 23 Etseri-Uleä
440 772 64 21 linien
518 772 33 21 till
561 754 121 39 vestkusten
714 773 39 19 110
793 789 9 9 ,

82 806 132 23 Stambanan
230 806 91 22 emellan
335 806 91 28 Wiborg
441 807 39 21 och
496 806 94 22 Joensuu
609 822 1 5 .
641 823 4 4 .
677 822 4 5 .
712 807 40 20 253
793 823 8 10 ,

595 852 88 21 Summa
699 854 55 20 1594
793 870 9 9 ,

150 899 40 20 Om
213 905 49 15 man
284 899 8 20 i
310 898 66 22 rundt
394 898 31 22 tal
443 898 106 22 beräknar
567 899 119 21 kostnaden
705 899 34 20 för
757 898 74 28 hvarje

82 935 57 19 verst
152 933 33 21 till
202 934 89 25 100,000
307 933 67 25 mark,
391 932 67 21 skulle
473 933 111 27 samteliga
594 931 140 23 förenämnda
744 933 87 28 anlägg-

82 967 76 28 ningar
174 967 99 28 medtaga
288 974 26 15 en
330 967 54 22 total
398 967 65 27 utgift
477 968 25 21 af
516 968 139 26 159,400,000
670 968 67 21 mark.

150 1001 74 28 Några
240 1002 154 28 upplysningar
413 1002 54 21 böra
481 1003 40 20 här
536 984 99 45 slutligen
650 1002 100 28 tilläggas
766 1001 65 30 angä-

82 1037 53 22 ende
150 1037 26 22 de
192 1036 106 29 ätgärder,
314 1044 46 15 som
375 1037 7 20 i
397 1036 114 29 anledning
526 1037 23 21 af
562 1036 130 23 Ständernes
702 1037 35 22 vid
747 1039 84 20 senaste

82 1071 114 28 Landtdag
210 1071 97 23 uttalade
322 1071 81 22 önskan
419 1071 69 22 blifvit
502 1071 101 28 vidtagna
618 1071 33 22 för
662 1074 32 19 att
707 1072 78 27 erfara,
797 1080 34 14 om

83 1106 25 21 de
126 1106 130 27 kommuner,
276 1113 76 21 genom
370 1106 82 22 hvilkas
472 1105 85 23 omräde
577 1106 26 22 de
621 1106 110 22 tilltänkta
745 1107 85 28 jernvä-

82 1148 66 20 garne
166 1141 83 21 komme
268 1143 32 20 att
318 1141 65 26 ledas,
403 1148 50 14 vore
472 1141 138 28 beredvilliga
625 1143 32 19 att
672 1148 76 22 genom
762 1141 69 29 nägra

82 1176 76 28 bidrag
180 1176 114 22 medverka
314 1176 33 21 till
366 1175 62 22 deras
446 1176 135 28 anläggning.
616 1176 162 28 Handlingarne
796 1178 34 20 rö-

82 1210 67 22 rande
168 1210 69 22 denna
255 1208 62 29 fråga
334 1210 84 26 utreda,
437 1211 33 20 att
487 1209 92 23 flertalet
593 1209 188 23 landskommuner
796 1211 35 22 vid

82 1244 64 22 linien
169 1243 370 30 Tammerfors-Välimaa-Uleäborg
557 1244 69 22 utfäst
644 1245 32 28 sig
694 1247 31 20 att
744 1246 24 20 af
783 1246 47 22 icke

83 1279 64 21 odlad
162 1279 51 27 jord
230 1279 34 21 för
276 1279 128 28 jernvägens
418 1279 91 28 räkning
523 1278 151 22 kostnadsfritt
688 1278 90 29 uppläta
792 1281 37 21 nö-

82 1314 46 28 digt
143 1313 93 27 omräde,
252 1316 32 20 att
298 1314 100 28 tjugusex
412 1314 73 22 ibland
500 1314 47 22 dem
563 1314 102 28 derjemte
679 1314 105 23 förklarat
797 1316 32 27 sig

84 1348 96 28 benägna
196 1350 32 19 att
241 1348 89 22 bekosta
345 1348 187 28 expropriationen
547 1348 21 22 at
583 1348 77 22 odlade
670 1356 51 20 egor
732 1352 56 19 samt
798 1352 32 20 att

83 1383 100 21 städerna
197 1381 133 23 Nikolaistad
346 1383 39 21 och
401 1382 109 28 Uleåborg
523 1382 66 22 lofvat
603 1382 95 22 bestrida
711 1383 118 23 kostnaden

82 1416 34 22 för
130 1417 30 22 all
174 1416 65 28 nödig
254 1418 161 27 expropriation
430 1418 58 21 inom
504 1418 60 21 dessa
579 1417 83 22 städers
677 1417 101 23 områden
789 1420 40 21 och

84 1451 108 29 Uleåborg
208 1452 105 23 dessutom
329 1452 68 22 utfäst
412 1452 32 28 sig
459 1453 32 22 att
506 1451 87 30 erlägga
608 1453 91 26 200,000
710 1453 61 22 mark
781 1453 48 23 med

150 1493 89 22 Jernvägs-
244 1493 86 18 Utskottets
342 1494 106 17 betänkande.
