<?xml version="1.0" encoding="UTF-8"?>
<alto xmlns="http://www.loc.gov/standards/alto/ns-v3#" xmlns:xlink="http://www.w3.org/1999/xlink" xmlns:xsi="http://www.w3.org/2001/XMLSchema-instance" xsi:schemaLocation="http://www.loc.gov/standards/alto/ns-v3# http://www.loc.gov/alto/v3/alto-3-0.xsd">
	<Description>
		<MeasurementUnit>pixel</MeasurementUnit>
		<sourceImageInformation>
			<fileName>/tmp/tess_b2w3yn62_input.PNG</fileName>
		</sourceImageInformation>
		<OCRProcessing ID="OCR_0">
			<ocrProcessingStep>
				<processingSoftware>
					<softwareName>tesseract 5.3.4</softwareName>
				</processingSoftware>
			</ocrProcessingStep>
		</OCRProcessing>
	</Description>
	<Layout>
		<Page WIDTH="1081" HEIGHT="1706" PHYSICAL_IMG_NR="0" ID="page_0">
			<PrintSpace HPOS="0" VPOS="0" WIDTH="1081" HEIGHT="1706">
				<ComposedBlock ID="cblock_0" HPOS="332" VPOS="102" WIDTH="545" HEIGHT="28">
					<TextBlock ID="block_0" HPOS="332" VPOS="102" WIDTH="545" HEIGHT="28">
						<TextLine ID="line_0" HPOS="332" VPOS="102" WIDTH="545" HEIGHT="28">
							<String ID="string_0" HPOS="332" VPOS="102" WIDTH="80" HEIGHT="22" WC="0.90" CONTENT="Ständ."/><SP WIDTH="16" VPOS="102" HPOS="412"/>
							<String ID="string_1" HPOS="428" VPOS="102" WIDTH="37" HEIGHT="22" WC="0.92" CONTENT="Sv."/><SP WIDTH="16" VPOS="102" HPOS="465"/>
							<String ID="string_2" HPOS="481" VPOS="115" WIDTH="27" HEIGHT="3" WC="0.91" CONTENT="—"/><SP WIDTH="15" VPOS="115" HPOS="508"/>
							<String ID="string_3" HPOS="523" VPOS="103" WIDTH="71" HEIGHT="27" WC="0.94" CONTENT="Prop."/><SP WIDTH="16" VPOS="103" HPOS="594"/>
							<String ID="string_4" HPOS="610" VPOS="104" WIDTH="41" HEIGHT="21" WC="0.95" CONTENT="N:o"/><SP WIDTH="23" VPOS="104" HPOS="651"/>
							<String ID="string_5" HPOS="674" VPOS="103" WIDTH="34" HEIGHT="22" WC="0.93" CONTENT="32."/><SP WIDTH="155" VPOS="103" HPOS="708"/>
							<String ID="string_6" HPOS="863" VPOS="104" WIDTH="14" HEIGHT="20" WC="0.96" CONTENT="3"/>
						</TextLine>
					</TextBlock>
				</ComposedBlock>
				<ComposedBlock ID="cblock_1" HPOS="146" VPOS="170" WIDTH="760" HEIGHT="1293">
					<TextBlock ID="block_1" HPOS="157" VPOS="170" WIDTH="749" HEIGHT="63">
						<TextLine ID="line_1" HPOS="158" VPOS="170" WIDTH="748" HEIGHT="29">
							<String ID="string_7" HPOS="158" VPOS="171" WIDTH="112" HEIGHT="21" WC="0.93" CONTENT="etthundra"/><SP WIDTH="14" VPOS="171" HPOS="270"/>
							<String ID="string_8" HPOS="284" VPOS="170" WIDTH="131" HEIGHT="28" WC="0.92" CONTENT="sjukplatser,"/><SP WIDTH="12" VPOS="170" HPOS="415"/>
							<String ID="string_9" HPOS="427" VPOS="178" WIDTH="48" HEIGHT="13" WC="0.96" CONTENT="men"/><SP WIDTH="11" VPOS="178" HPOS="475"/>
							<String ID="string_10" HPOS="486" VPOS="171" WIDTH="64" HEIGHT="28" WC="0.93" CONTENT="begge"/><SP WIDTH="10" VPOS="171" HPOS="550"/>
							<String ID="string_11" HPOS="560" VPOS="170" WIDTH="84" HEIGHT="22" WC="0.92" CONTENT="afsedda"/><SP WIDTH="11" VPOS="170" HPOS="644"/>
							<String ID="string_12" HPOS="655" VPOS="172" WIDTH="30" HEIGHT="20" WC="0.96" CONTENT="att"/><SP WIDTH="10" VPOS="172" HPOS="685"/>
							<String ID="string_13" HPOS="695" VPOS="171" WIDTH="8" HEIGHT="21" WC="0.96" CONTENT="i"/><SP WIDTH="9" VPOS="171" HPOS="703"/>
							<String ID="string_14" HPOS="712" VPOS="170" WIDTH="113" HEIGHT="22" WC="0.96" CONTENT="framtiden"/><SP WIDTH="10" VPOS="170" HPOS="825"/>
							<String ID="string_15" HPOS="835" VPOS="170" WIDTH="71" HEIGHT="22" WC="0.96" CONTENT="kunna"/>
						</TextLine>
						<TextLine ID="line_2" HPOS="157" VPOS="204" WIDTH="639" HEIGHT="29">
							<String ID="string_16" HPOS="157" VPOS="204" WIDTH="102" HEIGHT="28" WC="0.95" CONTENT="utvidgas,"/><SP WIDTH="16" VPOS="204" HPOS="259"/>
							<String ID="string_17" HPOS="275" VPOS="204" WIDTH="102" HEIGHT="22" WC="0.96" CONTENT="hvardera"/><SP WIDTH="14" VPOS="204" HPOS="377"/>
							<String ID="string_18" HPOS="391" VPOS="204" WIDTH="32" HEIGHT="22" WC="0.95" CONTENT="för"/><SP WIDTH="15" VPOS="204" HPOS="423"/>
							<String ID="string_19" HPOS="438" VPOS="206" WIDTH="30" HEIGHT="20" WC="0.96" CONTENT="ett"/><SP WIDTH="14" VPOS="206" HPOS="468"/>
							<String ID="string_20" HPOS="482" VPOS="205" WIDTH="57" HEIGHT="21" WC="0.96" CONTENT="antal"/><SP WIDTH="14" VPOS="205" HPOS="539"/>
							<String ID="string_21" HPOS="553" VPOS="204" WIDTH="23" HEIGHT="22" WC="0.93" CONTENT="af"/><SP WIDTH="12" VPOS="204" HPOS="576"/>
							<String ID="string_22" HPOS="588" VPOS="204" WIDTH="127" HEIGHT="29" WC="0.91" CONTENT="fyrahundra"/><SP WIDTH="15" VPOS="204" HPOS="715"/>
							<String ID="string_23" HPOS="730" VPOS="204" WIDTH="66" HEIGHT="29" WC="0.96" CONTENT="sjuke."/>
						</TextLine>
					</TextBlock>
					<TextBlock ID="block_2" HPOS="152" VPOS="238" WIDTH="753" HEIGHT="301">
						<TextLine ID="line_3" HPOS="225" VPOS="238" WIDTH="680" HEIGHT="29">
							<String ID="string_24" HPOS="225" VPOS="238" WIDTH="34" HEIGHT="21" WC="0.96" CONTENT="De"/><SP WIDTH="17" VPOS="238" HPOS="259"/>
							<String ID="string_25" HPOS="276" VPOS="238" WIDTH="148" HEIGHT="22" WC="0.93" CONTENT="kombinerade"/><SP WIDTH="16" VPOS="238" HPOS="424"/>
							<String ID="string_26" HPOS="440" VPOS="238" WIDTH="104" HEIGHT="22" WC="0.92" CONTENT="dårhusen"/><SP WIDTH="14" VPOS="238" HPOS="544"/>
							<String ID="string_27" HPOS="558" VPOS="238" WIDTH="36" HEIGHT="22" WC="0.96" CONTENT="vid"/><SP WIDTH="16" VPOS="238" HPOS="594"/>
							<String ID="string_28" HPOS="610" VPOS="238" WIDTH="85" HEIGHT="29" WC="0.96" CONTENT="Kuopio"/><SP WIDTH="15" VPOS="238" HPOS="695"/>
							<String ID="string_29" HPOS="710" VPOS="239" WIDTH="38" HEIGHT="21" WC="0.96" CONTENT="och"/><SP WIDTH="16" VPOS="239" HPOS="748"/>
							<String ID="string_30" HPOS="764" VPOS="238" WIDTH="141" HEIGHT="22" WC="0.96" CONTENT="Tammerfors"/>
						</TextLine>
						<TextLine ID="line_4" HPOS="156" VPOS="272" WIDTH="748" HEIGHT="29">
							<String ID="string_31" HPOS="156" VPOS="272" WIDTH="76" HEIGHT="22" WC="0.95" CONTENT="liksom"/><SP WIDTH="15" VPOS="272" HPOS="232"/>
							<String ID="string_32" HPOS="247" VPOS="272" WIDTH="39" HEIGHT="22" WC="0.93" CONTENT="ock"/><SP WIDTH="15" VPOS="272" HPOS="286"/>
							<String ID="string_33" HPOS="301" VPOS="272" WIDTH="109" HEIGHT="28" WC="0.91" CONTENT="Lappviks"/><SP WIDTH="14" VPOS="272" HPOS="410"/>
							<String ID="string_34" HPOS="424" VPOS="272" WIDTH="88" HEIGHT="28" WC="0.96" CONTENT="sjukhus"/><SP WIDTH="16" VPOS="272" HPOS="512"/>
							<String ID="string_35" HPOS="528" VPOS="272" WIDTH="58" HEIGHT="22" WC="0.96" CONTENT="invid"/><SP WIDTH="15" VPOS="272" HPOS="586"/>
							<String ID="string_36" HPOS="601" VPOS="272" WIDTH="133" HEIGHT="29" WC="0.95" CONTENT="Helsingfors"/><SP WIDTH="14" VPOS="272" HPOS="734"/>
							<String ID="string_37" HPOS="748" VPOS="272" WIDTH="73" HEIGHT="22" WC="0.93" CONTENT="kunna"/><SP WIDTH="15" VPOS="272" HPOS="821"/>
							<String ID="string_38" HPOS="836" VPOS="274" WIDTH="68" HEIGHT="20" WC="0.91" CONTENT="natur-"/>
						</TextLine>
						<TextLine ID="line_5" HPOS="155" VPOS="306" WIDTH="750" HEIGHT="28">
							<String ID="string_39" HPOS="155" VPOS="306" WIDTH="71" HEIGHT="28" WC="0.93" CONTENT="ligtvis"/><SP WIDTH="19" VPOS="306" HPOS="226"/>
							<String ID="string_40" HPOS="245" VPOS="306" WIDTH="33" HEIGHT="21" WC="0.96" CONTENT="för"/><SP WIDTH="14" VPOS="306" HPOS="278"/>
							<String ID="string_41" HPOS="292" VPOS="306" WIDTH="41" HEIGHT="22" WC="0.96" CONTENT="den"/><SP WIDTH="13" VPOS="306" HPOS="333"/>
							<String ID="string_42" HPOS="346" VPOS="310" WIDTH="96" HEIGHT="18" WC="0.93" CONTENT="närmare"/><SP WIDTH="15" VPOS="310" HPOS="442"/>
							<String ID="string_43" HPOS="457" VPOS="306" WIDTH="111" HEIGHT="28" WC="0.92" CONTENT="omnejden"/><SP WIDTH="14" VPOS="306" HPOS="568"/>
							<String ID="string_44" HPOS="582" VPOS="306" WIDTH="69" HEIGHT="22" WC="0.96" CONTENT="tillika"/><SP WIDTH="15" VPOS="306" HPOS="651"/>
							<String ID="string_45" HPOS="666" VPOS="306" WIDTH="57" HEIGHT="28" WC="0.96" CONTENT="tjena"/><SP WIDTH="15" VPOS="306" HPOS="723"/>
							<String ID="string_46" HPOS="738" VPOS="306" WIDTH="67" HEIGHT="22" WC="0.93" CONTENT="såsom"/><SP WIDTH="15" VPOS="306" HPOS="805"/>
							<String ID="string_47" HPOS="820" VPOS="308" WIDTH="85" HEIGHT="26" WC="0.92" CONTENT="upptag-"/>
						</TextLine>
						<TextLine ID="line_6" HPOS="154" VPOS="339" WIDTH="749" HEIGHT="30">
							<String ID="string_48" HPOS="154" VPOS="340" WIDTH="168" HEIGHT="28" WC="0.91" CONTENT="ningsanstalter,"/><SP WIDTH="16" VPOS="340" HPOS="322"/>
							<String ID="string_49" HPOS="338" VPOS="340" WIDTH="38" HEIGHT="21" WC="0.95" CONTENT="och"/><SP WIDTH="16" VPOS="340" HPOS="376"/>
							<String ID="string_50" HPOS="392" VPOS="340" WIDTH="53" HEIGHT="22" WC="0.96" CONTENT="skall"/><SP WIDTH="14" VPOS="340" HPOS="445"/>
							<String ID="string_51" HPOS="459" VPOS="340" WIDTH="87" HEIGHT="22" WC="0.96" CONTENT="sålunda"/><SP WIDTH="14" VPOS="340" HPOS="546"/>
							<String ID="string_52" HPOS="560" VPOS="341" WIDTH="58" HEIGHT="21" WC="0.95" CONTENT="inom"/><SP WIDTH="15" VPOS="341" HPOS="618"/>
							<String ID="string_53" HPOS="633" VPOS="340" WIDTH="72" HEIGHT="29" WC="0.95" CONTENT="hvarje"/><SP WIDTH="10" VPOS="340" HPOS="705"/>
							<String ID="string_54" HPOS="715" VPOS="341" WIDTH="35" HEIGHT="21" WC="0.96" CONTENT="län"/><SP WIDTH="10" VPOS="341" HPOS="750"/>
							<String ID="string_55" HPOS="760" VPOS="341" WIDTH="67" HEIGHT="21" WC="0.96" CONTENT="finnas"/><SP WIDTH="11" VPOS="341" HPOS="827"/>
							<String ID="string_56" HPOS="838" VPOS="348" WIDTH="26" HEIGHT="13" WC="0.93" CONTENT="en"/><SP WIDTH="10" VPOS="348" HPOS="864"/>
							<String ID="string_57" HPOS="874" VPOS="339" WIDTH="29" HEIGHT="22" WC="0.92" CONTENT="in-"/>
						</TextLine>
						<TextLine ID="line_7" HPOS="155" VPOS="373" WIDTH="749" HEIGHT="30">
							<String ID="string_58" HPOS="155" VPOS="374" WIDTH="92" HEIGHT="28" WC="0.96" CONTENT="rättning"/><SP WIDTH="15" VPOS="374" HPOS="247"/>
							<String ID="string_59" HPOS="262" VPOS="374" WIDTH="31" HEIGHT="22" WC="0.93" CONTENT="för"/><SP WIDTH="15" VPOS="374" HPOS="293"/>
							<String ID="string_60" HPOS="308" VPOS="374" WIDTH="171" HEIGHT="28" WC="0.90" CONTENT="tillgodoseendet"/><SP WIDTH="10" VPOS="374" HPOS="479"/>
							<String ID="string_61" HPOS="489" VPOS="374" WIDTH="23" HEIGHT="22" WC="0.96" CONTENT="af"/><SP WIDTH="8" VPOS="374" HPOS="512"/>
							<String ID="string_62" HPOS="520" VPOS="375" WIDTH="35" HEIGHT="21" WC="0.96" CONTENT="det"/><SP WIDTH="9" VPOS="375" HPOS="555"/>
							<String ID="string_63" HPOS="564" VPOS="374" WIDTH="65" HEIGHT="22" WC="0.93" CONTENT="första"/><SP WIDTH="10" VPOS="374" HPOS="629"/>
							<String ID="string_64" HPOS="639" VPOS="374" WIDTH="98" HEIGHT="22" WC="0.91" CONTENT="behofvet"/><SP WIDTH="9" VPOS="374" HPOS="737"/>
							<String ID="string_65" HPOS="746" VPOS="374" WIDTH="24" HEIGHT="22" WC="0.96" CONTENT="af"/><SP WIDTH="6" VPOS="374" HPOS="770"/>
							<String ID="string_66" HPOS="776" VPOS="373" WIDTH="128" HEIGHT="30" WC="0.95" CONTENT="psykiatrisk"/>
						</TextLine>
						<TextLine ID="line_8" HPOS="155" VPOS="408" WIDTH="749" HEIGHT="29">
							<String ID="string_67" HPOS="155" VPOS="409" WIDTH="56" HEIGHT="21" WC="0.80" CONTENT="vård."/><SP WIDTH="37" VPOS="409" HPOS="211"/>
							<String ID="string_68" HPOS="248" VPOS="408" WIDTH="84" HEIGHT="21" WC="0.85" CONTENT="Derhos"/><SP WIDTH="21" VPOS="408" HPOS="332"/>
							<String ID="string_69" HPOS="353" VPOS="408" WIDTH="83" HEIGHT="21" WC="0.95" CONTENT="komme"/><SP WIDTH="18" VPOS="408" HPOS="436"/>
							<String ID="string_70" HPOS="454" VPOS="409" WIDTH="72" HEIGHT="21" WC="0.96" CONTENT="landet"/><SP WIDTH="14" VPOS="409" HPOS="526"/>
							<String ID="string_71" HPOS="540" VPOS="411" WIDTH="30" HEIGHT="19" WC="0.96" CONTENT="att"/><SP WIDTH="14" VPOS="411" HPOS="570"/>
							<String ID="string_72" HPOS="584" VPOS="409" WIDTH="49" HEIGHT="21" WC="0.93" CONTENT="med"/><SP WIDTH="14" VPOS="409" HPOS="633"/>
							<String ID="string_73" HPOS="647" VPOS="408" WIDTH="139" HEIGHT="29" WC="0.92" CONTENT="inberäkning"/><SP WIDTH="14" VPOS="408" HPOS="786"/>
							<String ID="string_74" HPOS="800" VPOS="408" WIDTH="24" HEIGHT="21" WC="0.93" CONTENT="af"/><SP WIDTH="11" VPOS="408" HPOS="824"/>
							<String ID="string_75" HPOS="835" VPOS="408" WIDTH="69" HEIGHT="29" WC="0.93" CONTENT="Lapp-"/>
						</TextLine>
						<TextLine ID="line_9" HPOS="154" VPOS="442" WIDTH="750" HEIGHT="29">
							<String ID="string_76" HPOS="154" VPOS="443" WIDTH="47" HEIGHT="21" WC="0.93" CONTENT="viks"/><SP WIDTH="15" VPOS="443" HPOS="201"/>
							<String ID="string_77" HPOS="216" VPOS="442" WIDTH="87" HEIGHT="29" WC="0.93" CONTENT="sjukhus"/><SP WIDTH="15" VPOS="442" HPOS="303"/>
							<String ID="string_78" HPOS="318" VPOS="442" WIDTH="63" HEIGHT="21" WC="0.92" CONTENT="hafva"/><SP WIDTH="15" VPOS="442" HPOS="381"/>
							<String ID="string_79" HPOS="396" VPOS="445" WIDTH="30" HEIGHT="19" WC="0.96" CONTENT="tre"/><SP WIDTH="16" VPOS="445" HPOS="426"/>
							<String ID="string_80" HPOS="442" VPOS="444" WIDTH="65" HEIGHT="20" WC="0.92" CONTENT="större"/><SP WIDTH="10" VPOS="444" HPOS="507"/>
							<String ID="string_81" HPOS="517" VPOS="443" WIDTH="47" HEIGHT="21" WC="0.92" CONTENT="kur-"/><SP WIDTH="10" VPOS="443" HPOS="564"/>
							<String ID="string_82" HPOS="574" VPOS="443" WIDTH="38" HEIGHT="21" WC="0.93" CONTENT="och"/><SP WIDTH="11" VPOS="443" HPOS="612"/>
							<String ID="string_83" HPOS="623" VPOS="443" WIDTH="156" HEIGHT="25" WC="0.92" CONTENT="värdanstalter,"/><SP WIDTH="11" VPOS="443" HPOS="779"/>
							<String ID="string_84" HPOS="790" VPOS="442" WIDTH="114" HEIGHT="29" WC="0.92" CONTENT="lämpligen"/>
						</TextLine>
						<TextLine ID="line_10" HPOS="152" VPOS="476" WIDTH="747" HEIGHT="29">
							<String ID="string_85" HPOS="152" VPOS="477" WIDTH="88" HEIGHT="28" WC="0.87" CONTENT="belägna"/><SP WIDTH="10" VPOS="477" HPOS="240"/>
							<String ID="string_86" HPOS="250" VPOS="477" WIDTH="48" HEIGHT="21" WC="0.93" CONTENT="med"/><SP WIDTH="9" VPOS="477" HPOS="298"/>
							<String ID="string_87" HPOS="307" VPOS="476" WIDTH="83" HEIGHT="29" WC="0.91" CONTENT="hänsigt"/><SP WIDTH="10" VPOS="476" HPOS="390"/>
							<String ID="string_88" HPOS="400" VPOS="477" WIDTH="44" HEIGHT="21" WC="0.95" CONTENT="dels"/><SP WIDTH="10" VPOS="477" HPOS="444"/>
							<String ID="string_89" HPOS="454" VPOS="476" WIDTH="32" HEIGHT="23" WC="0.93" CONTENT="till"/><SP WIDTH="10" VPOS="476" HPOS="486"/>
							<String ID="string_90" HPOS="496" VPOS="477" WIDTH="110" HEIGHT="22" WC="0.88" CONTENT="afständen"/><SP WIDTH="8" VPOS="477" HPOS="606"/>
							<String ID="string_91" HPOS="614" VPOS="477" WIDTH="38" HEIGHT="21" WC="0.93" CONTENT="och"/><SP WIDTH="9" VPOS="477" HPOS="652"/>
							<String ID="string_92" HPOS="661" VPOS="476" WIDTH="238" HEIGHT="26" WC="0.92" CONTENT="kommunikationerna,"/>
						</TextLine>
						<TextLine ID="line_11" HPOS="154" VPOS="510" WIDTH="672" HEIGHT="29">
							<String ID="string_93" HPOS="154" VPOS="511" WIDTH="43" HEIGHT="22" WC="0.96" CONTENT="dels"/><SP WIDTH="15" VPOS="511" HPOS="197"/>
							<String ID="string_94" HPOS="212" VPOS="511" WIDTH="33" HEIGHT="22" WC="0.94" CONTENT="till"/><SP WIDTH="15" VPOS="511" HPOS="245"/>
							<String ID="string_95" HPOS="260" VPOS="511" WIDTH="40" HEIGHT="21" WC="0.96" CONTENT="den"/><SP WIDTH="15" VPOS="511" HPOS="300"/>
							<String ID="string_96" HPOS="315" VPOS="510" WIDTH="33" HEIGHT="22" WC="0.92" CONTENT="för"/><SP WIDTH="14" VPOS="510" HPOS="348"/>
							<String ID="string_97" HPOS="362" VPOS="511" WIDTH="124" HEIGHT="28" WC="0.92" CONTENT="fregvensen"/><SP WIDTH="15" VPOS="511" HPOS="486"/>
							<String ID="string_98" HPOS="501" VPOS="511" WIDTH="156" HEIGHT="22" WC="0.92" CONTENT="bestämmande"/><SP WIDTH="15" VPOS="511" HPOS="657"/>
							<String ID="string_99" HPOS="672" VPOS="511" WIDTH="154" HEIGHT="28" WC="0.93" CONTENT="folkmängden."/>
						</TextLine>
					</TextBlock>
					<TextBlock ID="block_3" HPOS="149" VPOS="544" WIDTH="753" HEIGHT="374">
						<TextLine ID="line_12" HPOS="221" VPOS="544" WIDTH="679" HEIGHT="29">
							<String ID="string_100" HPOS="221" VPOS="545" WIDTH="41" HEIGHT="22" WC="0.96" CONTENT="Att"/><SP WIDTH="15" VPOS="545" HPOS="262"/>
							<String ID="string_101" HPOS="277" VPOS="544" WIDTH="31" HEIGHT="23" WC="0.93" CONTENT="för"/><SP WIDTH="15" VPOS="544" HPOS="308"/>
							<String ID="string_102" HPOS="323" VPOS="545" WIDTH="267" HEIGHT="28" WC="0.92" CONTENT="upptagningsanstalterna"/><SP WIDTH="15" VPOS="545" HPOS="590"/>
							<String ID="string_103" HPOS="605" VPOS="553" WIDTH="41" HEIGHT="20" WC="0.96" CONTENT="nya"/><SP WIDTH="15" VPOS="553" HPOS="646"/>
							<String ID="string_104" HPOS="661" VPOS="546" WIDTH="39" HEIGHT="20" WC="0.93" CONTENT="hus"/><SP WIDTH="15" VPOS="546" HPOS="700"/>
							<String ID="string_105" HPOS="715" VPOS="545" WIDTH="66" HEIGHT="22" WC="0.92" CONTENT="mäste"/><SP WIDTH="15" VPOS="545" HPOS="781"/>
							<String ID="string_106" HPOS="796" VPOS="544" WIDTH="104" HEIGHT="29" WC="0.89" CONTENT="uppföras,"/>
						</TextLine>
						<TextLine ID="line_13" HPOS="152" VPOS="579" WIDTH="750" HEIGHT="30">
							<String ID="string_107" HPOS="152" VPOS="587" WIDTH="34" HEIGHT="14" WC="0.90" CONTENT="om"/><SP WIDTH="19" VPOS="587" HPOS="186"/>
							<String ID="string_108" HPOS="205" VPOS="579" WIDTH="39" HEIGHT="22" WC="0.96" CONTENT="ock"/><SP WIDTH="20" VPOS="579" HPOS="244"/>
							<String ID="string_109" HPOS="264" VPOS="579" WIDTH="59" HEIGHT="22" WC="0.92" CONTENT="dessa"/><SP WIDTH="15" VPOS="579" HPOS="323"/>
							<String ID="string_110" HPOS="338" VPOS="580" WIDTH="99" HEIGHT="21" WC="0.96" CONTENT="anstalter"/><SP WIDTH="15" VPOS="580" HPOS="437"/>
							<String ID="string_111" HPOS="452" VPOS="580" WIDTH="70" HEIGHT="21" WC="0.96" CONTENT="ställas"/><SP WIDTH="15" VPOS="580" HPOS="522"/>
							<String ID="string_112" HPOS="537" VPOS="580" WIDTH="66" HEIGHT="22" WC="0.95" CONTENT="under"/><SP WIDTH="15" VPOS="580" HPOS="603"/>
							<String ID="string_113" HPOS="618" VPOS="587" WIDTH="79" HEIGHT="14" WC="0.93" CONTENT="samma"/><SP WIDTH="14" VPOS="587" HPOS="697"/>
							<String ID="string_114" HPOS="711" VPOS="579" WIDTH="84" HEIGHT="30" WC="0.92" CONTENT="uppsigt"/><SP WIDTH="14" VPOS="579" HPOS="795"/>
							<String ID="string_115" HPOS="809" VPOS="580" WIDTH="39" HEIGHT="21" WC="0.93" CONTENT="och"/><SP WIDTH="15" VPOS="580" HPOS="848"/>
							<String ID="string_116" HPOS="863" VPOS="579" WIDTH="39" HEIGHT="22" WC="0.87" CONTENT="för-"/>
						</TextLine>
						<TextLine ID="line_14" HPOS="152" VPOS="613" WIDTH="749" HEIGHT="30">
							<String ID="string_117" HPOS="152" VPOS="614" WIDTH="95" HEIGHT="29" WC="0.92" CONTENT="valtning"/><SP WIDTH="15" VPOS="614" HPOS="247"/>
							<String ID="string_118" HPOS="262" VPOS="621" WIDTH="44" HEIGHT="14" WC="0.93" CONTENT="som"/><SP WIDTH="14" VPOS="621" HPOS="306"/>
							<String ID="string_119" HPOS="320" VPOS="613" WIDTH="170" HEIGHT="29" WC="0.92" CONTENT="länesjukhusen,"/><SP WIDTH="15" VPOS="613" HPOS="490"/>
							<String ID="string_120" HPOS="505" VPOS="614" WIDTH="63" HEIGHT="22" WC="0.92" CONTENT="hafva"/><SP WIDTH="15" VPOS="614" HPOS="568"/>
							<String ID="string_121" HPOS="583" VPOS="614" WIDTH="118" HEIGHT="22" WC="0.93" CONTENT="Ständerna"/><SP WIDTH="15" VPOS="614" HPOS="701"/>
							<String ID="string_122" HPOS="716" VPOS="614" WIDTH="70" HEIGHT="21" WC="0.93" CONTENT="funnit"/><SP WIDTH="15" VPOS="614" HPOS="786"/>
							<String ID="string_123" HPOS="801" VPOS="614" WIDTH="23" HEIGHT="21" WC="0.93" CONTENT="af"/><SP WIDTH="12" VPOS="614" HPOS="824"/>
							<String ID="string_124" HPOS="836" VPOS="613" WIDTH="65" HEIGHT="22" WC="0.91" CONTENT="komi-"/>
						</TextLine>
						<TextLine ID="line_15" HPOS="152" VPOS="648" WIDTH="748" HEIGHT="29">
							<String ID="string_125" HPOS="152" VPOS="651" WIDTH="45" HEIGHT="20" WC="0.85" CONTENT="tens"/><SP WIDTH="22" VPOS="651" HPOS="197"/>
							<String ID="string_126" HPOS="219" VPOS="648" WIDTH="107" HEIGHT="23" WC="0.96" CONTENT="utlåtande"/><SP WIDTH="22" VPOS="648" HPOS="326"/>
							<String ID="string_127" HPOS="348" VPOS="648" WIDTH="39" HEIGHT="21" WC="0.93" CONTENT="och"/><SP WIDTH="22" VPOS="648" HPOS="387"/>
							<String ID="string_128" HPOS="409" VPOS="648" WIDTH="69" HEIGHT="22" WC="0.91" CONTENT="dertill"/><SP WIDTH="19" VPOS="648" HPOS="478"/>
							<String ID="string_129" HPOS="497" VPOS="649" WIDTH="73" HEIGHT="28" WC="0.96" CONTENT="fogade"/><SP WIDTH="20" VPOS="649" HPOS="570"/>
							<String ID="string_130" HPOS="590" VPOS="648" WIDTH="124" HEIGHT="29" WC="0.92" CONTENT="handlingar"/><SP WIDTH="14" VPOS="648" HPOS="714"/>
							<String ID="string_131" HPOS="728" VPOS="648" WIDTH="75" HEIGHT="22" WC="0.91" CONTENT="utredt."/><SP WIDTH="30" VPOS="648" HPOS="803"/>
							<String ID="string_132" HPOS="833" VPOS="648" WIDTH="13" HEIGHT="21" WC="0.92" CONTENT="I"/><SP WIDTH="14" VPOS="648" HPOS="846"/>
							<String ID="string_133" HPOS="860" VPOS="648" WIDTH="40" HEIGHT="21" WC="0.96" CONTENT="den"/>
						</TextLine>
						<TextLine ID="line_16" HPOS="151" VPOS="682" WIDTH="750" HEIGHT="30">
							<String ID="string_134" HPOS="151" VPOS="683" WIDTH="75" HEIGHT="29" WC="0.96" CONTENT="nådiga"/><SP WIDTH="22" VPOS="683" HPOS="226"/>
							<String ID="string_135" HPOS="248" VPOS="682" WIDTH="154" HEIGHT="29" WC="0.96" CONTENT="propositionen"/><SP WIDTH="20" VPOS="682" HPOS="402"/>
							<String ID="string_136" HPOS="422" VPOS="687" WIDTH="23" HEIGHT="18" WC="0.93" CONTENT="är"/><SP WIDTH="15" VPOS="687" HPOS="445"/>
							<String ID="string_137" HPOS="460" VPOS="683" WIDTH="87" HEIGHT="26" WC="0.81" CONTENT="anfördt,"/><SP WIDTH="17" VPOS="683" HPOS="547"/>
							<String ID="string_138" HPOS="564" VPOS="685" WIDTH="30" HEIGHT="20" WC="0.93" CONTENT="att"/><SP WIDTH="14" VPOS="685" HPOS="594"/>
							<String ID="string_139" HPOS="608" VPOS="683" WIDTH="147" HEIGHT="28" WC="0.96" CONTENT="byggnaderna"/><SP WIDTH="14" VPOS="683" HPOS="755"/>
							<String ID="string_140" HPOS="769" VPOS="682" WIDTH="32" HEIGHT="21" WC="0.93" CONTENT="för"/><SP WIDTH="15" VPOS="682" HPOS="801"/>
							<String ID="string_141" HPOS="816" VPOS="683" WIDTH="85" HEIGHT="28" WC="0.93" CONTENT="upptag-"/>
						</TextLine>
						<TextLine ID="line_17" HPOS="151" VPOS="715" WIDTH="749" HEIGHT="31">
							<String ID="string_142" HPOS="151" VPOS="717" WIDTH="165" HEIGHT="29" WC="0.93" CONTENT="ningsanstalten"/><SP WIDTH="21" VPOS="717" HPOS="316"/>
							<String ID="string_143" HPOS="337" VPOS="717" WIDTH="8" HEIGHT="21" WC="0.96" CONTENT="i"/><SP WIDTH="23" VPOS="717" HPOS="345"/>
							<String ID="string_144" HPOS="368" VPOS="717" WIDTH="32" HEIGHT="22" WC="0.96" CONTENT="S:t"/><SP WIDTH="21" VPOS="717" HPOS="400"/>
							<String ID="string_145" HPOS="421" VPOS="717" WIDTH="79" HEIGHT="22" WC="0.96" CONTENT="Michel"/><SP WIDTH="20" VPOS="717" HPOS="500"/>
							<String ID="string_146" HPOS="520" VPOS="717" WIDTH="67" HEIGHT="22" WC="0.93" CONTENT="skulle"/><SP WIDTH="22" VPOS="717" HPOS="587"/>
							<String ID="string_147" HPOS="609" VPOS="717" WIDTH="97" HEIGHT="29" WC="0.91" CONTENT="uppföras"/><SP WIDTH="15" VPOS="717" HPOS="706"/>
							<String ID="string_148" HPOS="721" VPOS="716" WIDTH="23" HEIGHT="22" WC="0.93" CONTENT="af"/><SP WIDTH="12" VPOS="716" HPOS="744"/>
							<String ID="string_149" HPOS="756" VPOS="718" WIDTH="38" HEIGHT="24" WC="0.92" CONTENT="trä,"/><SP WIDTH="16" VPOS="718" HPOS="794"/>
							<String ID="string_150" HPOS="810" VPOS="724" WIDTH="50" HEIGHT="14" WC="0.96" CONTENT="men"/><SP WIDTH="13" VPOS="724" HPOS="860"/>
							<String ID="string_151" HPOS="873" VPOS="715" WIDTH="27" HEIGHT="29" WC="0.96" CONTENT="pä"/>
						</TextLine>
						<TextLine ID="line_18" HPOS="151" VPOS="750" WIDTH="748" HEIGHT="30">
							<String ID="string_152" HPOS="151" VPOS="752" WIDTH="65" HEIGHT="28" WC="0.96" CONTENT="öfriga"/><SP WIDTH="22" VPOS="752" HPOS="216"/>
							<String ID="string_153" HPOS="238" VPOS="753" WIDTH="56" HEIGHT="20" WC="0.96" CONTENT="orter"/><SP WIDTH="17" VPOS="753" HPOS="294"/>
							<String ID="string_154" HPOS="311" VPOS="751" WIDTH="23" HEIGHT="21" WC="0.97" CONTENT="af"/><SP WIDTH="18" VPOS="751" HPOS="334"/>
							<String ID="string_155" HPOS="352" VPOS="753" WIDTH="52" HEIGHT="20" WC="0.90" CONTENT="sten."/><SP WIDTH="37" VPOS="753" HPOS="404"/>
							<String ID="string_156" HPOS="441" VPOS="751" WIDTH="35" HEIGHT="22" WC="0.92" CONTENT="Då"/><SP WIDTH="19" VPOS="751" HPOS="476"/>
							<String ID="string_157" HPOS="495" VPOS="752" WIDTH="65" HEIGHT="21" WC="0.87" CONTENT="likväl"/><SP WIDTH="15" VPOS="752" HPOS="560"/>
							<String ID="string_158" HPOS="575" VPOS="751" WIDTH="97" HEIGHT="22" WC="0.95" CONTENT="särskildt"/><SP WIDTH="14" VPOS="751" HPOS="672"/>
							<String ID="string_159" HPOS="686" VPOS="751" WIDTH="8" HEIGHT="21" WC="0.96" CONTENT="i"/><SP WIDTH="15" VPOS="751" HPOS="694"/>
							<String ID="string_160" HPOS="709" VPOS="751" WIDTH="32" HEIGHT="22" WC="0.95" CONTENT="S:t"/><SP WIDTH="15" VPOS="751" HPOS="741"/>
							<String ID="string_161" HPOS="756" VPOS="751" WIDTH="78" HEIGHT="21" WC="0.93" CONTENT="Michel"/><SP WIDTH="15" VPOS="751" HPOS="834"/>
							<String ID="string_162" HPOS="849" VPOS="750" WIDTH="50" HEIGHT="29" WC="0.92" CONTENT="pris-"/>
						</TextLine>
						<TextLine ID="line_19" HPOS="151" VPOS="785" WIDTH="749" HEIGHT="28">
							<String ID="string_163" HPOS="151" VPOS="786" WIDTH="109" HEIGHT="23" WC="0.86" CONTENT="skilnaden"/><SP WIDTH="23" VPOS="786" HPOS="260"/>
							<String ID="string_164" HPOS="283" VPOS="786" WIDTH="78" HEIGHT="21" WC="0.93" CONTENT="mellan"/><SP WIDTH="19" VPOS="786" HPOS="361"/>
							<String ID="string_165" HPOS="380" VPOS="787" WIDTH="52" HEIGHT="20" WC="0.92" CONTENT="sten-"/><SP WIDTH="19" VPOS="787" HPOS="432"/>
							<String ID="string_166" HPOS="451" VPOS="786" WIDTH="38" HEIGHT="21" WC="0.93" CONTENT="och"/><SP WIDTH="15" VPOS="786" HPOS="489"/>
							<String ID="string_167" HPOS="504" VPOS="786" WIDTH="71" HEIGHT="21" WC="0.96" CONTENT="trähus"/><SP WIDTH="15" VPOS="786" HPOS="575"/>
							<String ID="string_168" HPOS="590" VPOS="790" WIDTH="24" HEIGHT="17" WC="0.97" CONTENT="är"/><SP WIDTH="13" VPOS="790" HPOS="614"/>
							<String ID="string_169" HPOS="627" VPOS="785" WIDTH="82" HEIGHT="22" WC="0.93" CONTENT="mindre"/><SP WIDTH="15" VPOS="785" HPOS="709"/>
							<String ID="string_170" HPOS="724" VPOS="785" WIDTH="94" HEIGHT="28" WC="0.96" CONTENT="betydlig"/><SP WIDTH="14" VPOS="785" HPOS="818"/>
							<String ID="string_171" HPOS="832" VPOS="789" WIDTH="27" HEIGHT="18" WC="0.96" CONTENT="än"/><SP WIDTH="14" VPOS="789" HPOS="859"/>
							<String ID="string_172" HPOS="873" VPOS="785" WIDTH="27" HEIGHT="28" WC="0.96" CONTENT="pä"/>
						</TextLine>
						<TextLine ID="line_20" HPOS="150" VPOS="819" WIDTH="749" HEIGHT="30">
							<String ID="string_173" HPOS="150" VPOS="820" WIDTH="75" HEIGHT="29" WC="0.96" CONTENT="många"/><SP WIDTH="21" VPOS="820" HPOS="225"/>
							<String ID="string_174" HPOS="246" VPOS="820" WIDTH="65" HEIGHT="22" WC="0.93" CONTENT="andra"/><SP WIDTH="22" VPOS="820" HPOS="311"/>
							<String ID="string_175" HPOS="333" VPOS="821" WIDTH="61" HEIGHT="24" WC="0.95" CONTENT="orter,"/><SP WIDTH="23" VPOS="821" HPOS="394"/>
							<String ID="string_176" HPOS="417" VPOS="819" WIDTH="62" HEIGHT="22" WC="0.93" CONTENT="hafva"/><SP WIDTH="23" VPOS="819" HPOS="479"/>
							<String ID="string_177" HPOS="502" VPOS="820" WIDTH="117" HEIGHT="22" WC="0.79" CONTENT="Ständerna"/><SP WIDTH="21" VPOS="820" HPOS="619"/>
							<String ID="string_178" HPOS="640" VPOS="821" WIDTH="69" HEIGHT="20" WC="0.96" CONTENT="ansett"/><SP WIDTH="19" VPOS="821" HPOS="709"/>
							<String ID="string_179" HPOS="728" VPOS="819" WIDTH="35" HEIGHT="22" WC="0.96" CONTENT="det"/><SP WIDTH="15" VPOS="819" HPOS="763"/>
							<String ID="string_180" HPOS="778" VPOS="819" WIDTH="72" HEIGHT="21" WC="0.93" CONTENT="kunna"/><SP WIDTH="15" VPOS="819" HPOS="850"/>
							<String ID="string_181" HPOS="865" VPOS="826" WIDTH="34" HEIGHT="14" WC="0.92" CONTENT="an-"/>
						</TextLine>
						<TextLine ID="line_21" HPOS="149" VPOS="853" WIDTH="750" HEIGHT="30">
							<String ID="string_182" HPOS="149" VPOS="855" WIDTH="85" HEIGHT="22" WC="0.92" CONTENT="komma"/><SP WIDTH="21" VPOS="855" HPOS="234"/>
							<String ID="string_183" HPOS="255" VPOS="854" WIDTH="13" HEIGHT="22" WC="0.58" CONTENT="ä&amp;"/><SP WIDTH="19" VPOS="854" HPOS="268"/>
							<String ID="string_184" HPOS="287" VPOS="854" WIDTH="132" HEIGHT="29" WC="0.93" CONTENT="regeringens"/><SP WIDTH="15" VPOS="854" HPOS="419"/>
							<String ID="string_185" HPOS="434" VPOS="854" WIDTH="98" HEIGHT="29" WC="0.92" CONTENT="pröfning"/><SP WIDTH="14" VPOS="854" HPOS="532"/>
							<String ID="string_186" HPOS="546" VPOS="854" WIDTH="105" HEIGHT="22" WC="0.96" CONTENT="huruvida"/><SP WIDTH="14" VPOS="854" HPOS="651"/>
							<String ID="string_187" HPOS="665" VPOS="855" WIDTH="35" HEIGHT="21" WC="0.96" CONTENT="det"/><SP WIDTH="15" VPOS="855" HPOS="700"/>
							<String ID="string_188" HPOS="715" VPOS="862" WIDTH="39" HEIGHT="13" WC="0.96" CONTENT="ena"/><SP WIDTH="15" VPOS="862" HPOS="754"/>
							<String ID="string_189" HPOS="769" VPOS="854" WIDTH="51" HEIGHT="21" WC="0.96" CONTENT="eller"/><SP WIDTH="15" VPOS="854" HPOS="820"/>
							<String ID="string_190" HPOS="835" VPOS="853" WIDTH="64" HEIGHT="22" WC="0.96" CONTENT="andra"/>
						</TextLine>
						<TextLine ID="line_22" HPOS="149" VPOS="887" WIDTH="646" HEIGHT="31">
							<String ID="string_191" HPOS="149" VPOS="889" WIDTH="225" HEIGHT="29" WC="0.90" CONTENT="byggnadsmaterialet"/><SP WIDTH="14" VPOS="889" HPOS="374"/>
							<String ID="string_192" HPOS="388" VPOS="889" WIDTH="37" HEIGHT="21" WC="0.93" CONTENT="bör"/><SP WIDTH="14" VPOS="889" HPOS="425"/>
							<String ID="string_193" HPOS="439" VPOS="888" WIDTH="65" HEIGHT="29" WC="0.93" CONTENT="väljas"/><SP WIDTH="15" VPOS="888" HPOS="504"/>
							<String ID="string_194" HPOS="519" VPOS="889" WIDTH="31" HEIGHT="21" WC="0.93" CONTENT="för"/><SP WIDTH="15" VPOS="889" HPOS="550"/>
							<String ID="string_195" HPOS="565" VPOS="889" WIDTH="104" HEIGHT="21" WC="0.90" CONTENT="anstalten"/><SP WIDTH="15" VPOS="889" HPOS="669"/>
							<String ID="string_196" HPOS="684" VPOS="887" WIDTH="111" HEIGHT="23" WC="0.92" CONTENT="derstädes."/>
						</TextLine>
					</TextBlock>
					<TextBlock ID="block_4" HPOS="146" VPOS="921" WIDTH="752" HEIGHT="542">
						<TextLine ID="line_23" HPOS="206" VPOS="921" WIDTH="692" HEIGHT="29">
							<String ID="string_197" HPOS="206" VPOS="923" WIDTH="64" HEIGHT="21" WC="0.92" CONTENT="Hvad"/><SP WIDTH="21" VPOS="923" HPOS="270"/>
							<String ID="string_198" HPOS="291" VPOS="923" WIDTH="25" HEIGHT="21" WC="0.96" CONTENT="de"/><SP WIDTH="20" VPOS="923" HPOS="316"/>
							<String ID="string_199" HPOS="336" VPOS="925" WIDTH="56" HEIGHT="19" WC="0.93" CONTENT="stora"/><SP WIDTH="16" VPOS="925" HPOS="392"/>
							<String ID="string_200" HPOS="408" VPOS="923" WIDTH="128" HEIGHT="21" WC="0.88" CONTENT="anstalterna"/><SP WIDTH="16" VPOS="923" HPOS="536"/>
							<String ID="string_201" HPOS="552" VPOS="923" WIDTH="36" HEIGHT="21" WC="0.96" CONTENT="vid"/><SP WIDTH="14" VPOS="923" HPOS="588"/>
							<String ID="string_202" HPOS="602" VPOS="922" WIDTH="86" HEIGHT="28" WC="0.96" CONTENT="Kuopio"/><SP WIDTH="16" VPOS="922" HPOS="688"/>
							<String ID="string_203" HPOS="704" VPOS="922" WIDTH="38" HEIGHT="21" WC="0.96" CONTENT="och"/><SP WIDTH="16" VPOS="922" HPOS="742"/>
							<String ID="string_204" HPOS="758" VPOS="921" WIDTH="140" HEIGHT="22" WC="0.96" CONTENT="Tammerfors"/>
						</TextLine>
						<TextLine ID="line_24" HPOS="149" VPOS="955" WIDTH="749" HEIGHT="31">
							<String ID="string_205" HPOS="149" VPOS="957" WIDTH="69" HEIGHT="29" WC="0.91" CONTENT="angär,"/><SP WIDTH="16" VPOS="957" HPOS="218"/>
							<String ID="string_206" HPOS="234" VPOS="958" WIDTH="57" HEIGHT="20" WC="0.93" CONTENT="finna"/><SP WIDTH="15" VPOS="958" HPOS="291"/>
							<String ID="string_207" HPOS="306" VPOS="956" WIDTH="117" HEIGHT="22" WC="0.91" CONTENT="Ständerna"/><SP WIDTH="15" VPOS="956" HPOS="423"/>
							<String ID="string_208" HPOS="438" VPOS="957" WIDTH="34" HEIGHT="21" WC="0.96" CONTENT="det"/><SP WIDTH="15" VPOS="957" HPOS="472"/>
							<String ID="string_209" HPOS="487" VPOS="965" WIDTH="49" HEIGHT="14" WC="0.96" CONTENT="vara"/><SP WIDTH="14" VPOS="965" HPOS="536"/>
							<String ID="string_210" HPOS="550" VPOS="957" WIDTH="24" HEIGHT="21" WC="0.93" CONTENT="af"/><SP WIDTH="10" VPOS="957" HPOS="574"/>
							<String ID="string_211" HPOS="584" VPOS="956" WIDTH="147" HEIGHT="22" WC="0.89" CONTENT="förutnämnde"/><SP WIDTH="10" VPOS="956" HPOS="731"/>
							<String ID="string_212" HPOS="741" VPOS="955" WIDTH="157" HEIGHT="22" WC="0.90" CONTENT="kolonisations-"/>
						</TextLine>
						<TextLine ID="line_25" HPOS="148" VPOS="988" WIDTH="750" HEIGHT="31">
							<String ID="string_213" HPOS="148" VPOS="992" WIDTH="52" HEIGHT="22" WC="0.89" CONTENT="eller"/><SP WIDTH="20" VPOS="992" HPOS="200"/>
							<String ID="string_214" HPOS="220" VPOS="991" WIDTH="133" HEIGHT="28" WC="0.92" CONTENT="farmsystem"/><SP WIDTH="14" VPOS="991" HPOS="353"/>
							<String ID="string_215" HPOS="367" VPOS="990" WIDTH="151" HEIGHT="29" WC="0.91" CONTENT="oeftergidigen"/><SP WIDTH="14" VPOS="990" HPOS="518"/>
							<String ID="string_216" HPOS="532" VPOS="990" WIDTH="114" HEIGHT="29" WC="0.90" CONTENT="betingadt,"/><SP WIDTH="16" VPOS="990" HPOS="646"/>
							<String ID="string_217" HPOS="662" VPOS="992" WIDTH="30" HEIGHT="20" WC="0.93" CONTENT="att"/><SP WIDTH="13" VPOS="992" HPOS="692"/>
							<String ID="string_218" HPOS="705" VPOS="990" WIDTH="146" HEIGHT="28" WC="0.92" CONTENT="jordlägenhet"/><SP WIDTH="15" VPOS="990" HPOS="851"/>
							<String ID="string_219" HPOS="866" VPOS="988" WIDTH="32" HEIGHT="23" WC="0.96" CONTENT="för"/>
						</TextLine>
						<TextLine ID="line_26" HPOS="148" VPOS="1024" WIDTH="750" HEIGHT="29">
							<String ID="string_220" HPOS="148" VPOS="1026" WIDTH="64" HEIGHT="22" WC="0.95" CONTENT="sådan"/><SP WIDTH="19" VPOS="1026" HPOS="212"/>
							<String ID="string_221" HPOS="231" VPOS="1025" WIDTH="115" HEIGHT="28" WC="0.96" CONTENT="inrättning"/><SP WIDTH="18" VPOS="1025" HPOS="346"/>
							<String ID="string_222" HPOS="364" VPOS="1024" WIDTH="109" HEIGHT="22" WC="0.95" CONTENT="anskaffas."/><SP WIDTH="30" VPOS="1024" HPOS="473"/>
							<String ID="string_223" HPOS="503" VPOS="1025" WIDTH="49" HEIGHT="21" WC="0.93" CONTENT="Den"/><SP WIDTH="15" VPOS="1025" HPOS="552"/>
							<String ID="string_224" HPOS="567" VPOS="1024" WIDTH="76" HEIGHT="29" WC="0.96" CONTENT="nådiga"/><SP WIDTH="14" VPOS="1024" HPOS="643"/>
							<String ID="string_225" HPOS="657" VPOS="1024" WIDTH="155" HEIGHT="29" WC="0.93" CONTENT="propositionen"/><SP WIDTH="14" VPOS="1024" HPOS="812"/>
							<String ID="string_226" HPOS="826" VPOS="1025" WIDTH="72" HEIGHT="27" WC="0.88" CONTENT="uppta-"/>
						</TextLine>
						<TextLine ID="line_27" HPOS="147" VPOS="1058" WIDTH="749" HEIGHT="30">
							<String ID="string_227" HPOS="147" VPOS="1067" WIDTH="37" HEIGHT="21" WC="0.96" CONTENT="ger"/><SP WIDTH="14" VPOS="1067" HPOS="184"/>
							<String ID="string_228" HPOS="198" VPOS="1059" WIDTH="120" HEIGHT="28" WC="0.95" CONTENT="förslagsvis"/><SP WIDTH="16" VPOS="1059" HPOS="318"/>
							<String ID="string_229" HPOS="334" VPOS="1059" WIDTH="58" HEIGHT="21" WC="0.93" CONTENT="dessa"/><SP WIDTH="15" VPOS="1059" HPOS="392"/>
							<String ID="string_230" HPOS="407" VPOS="1059" WIDTH="130" HEIGHT="27" WC="0.92" CONTENT="lägenheters"/><SP WIDTH="16" VPOS="1059" HPOS="537"/>
							<String ID="string_231" HPOS="553" VPOS="1060" WIDTH="55" HEIGHT="21" WC="0.95" CONTENT="areal"/><SP WIDTH="15" VPOS="1060" HPOS="608"/>
							<String ID="string_232" HPOS="623" VPOS="1059" WIDTH="31" HEIGHT="21" WC="0.96" CONTENT="till"/><SP WIDTH="11" VPOS="1059" HPOS="654"/>
							<String ID="string_233" HPOS="665" VPOS="1060" WIDTH="61" HEIGHT="26" WC="0.96" CONTENT="högst"/><SP WIDTH="9" VPOS="1060" HPOS="726"/>
							<String ID="string_234" HPOS="735" VPOS="1058" WIDTH="43" HEIGHT="22" WC="0.96" CONTENT="500"/><SP WIDTH="10" VPOS="1058" HPOS="778"/>
							<String ID="string_235" HPOS="788" VPOS="1058" WIDTH="108" HEIGHT="21" WC="0.96" CONTENT="tunnland."/>
						</TextLine>
						<TextLine ID="line_28" HPOS="147" VPOS="1091" WIDTH="750" HEIGHT="31">
							<String ID="string_236" HPOS="147" VPOS="1094" WIDTH="72" HEIGHT="22" WC="0.93" CONTENT="Större"/><SP WIDTH="13" VPOS="1094" HPOS="219"/>
							<String ID="string_237" HPOS="232" VPOS="1092" WIDTH="130" HEIGHT="30" WC="0.92" CONTENT="jordomräde"/><SP WIDTH="16" VPOS="1092" HPOS="362"/>
							<String ID="string_238" HPOS="378" VPOS="1100" WIDTH="49" HEIGHT="14" WC="0.95" CONTENT="vore"/><SP WIDTH="15" VPOS="1100" HPOS="427"/>
							<String ID="string_239" HPOS="442" VPOS="1094" WIDTH="44" HEIGHT="24" WC="0.96" CONTENT="ock,"/><SP WIDTH="16" VPOS="1094" HPOS="486"/>
							<String ID="string_240" HPOS="502" VPOS="1094" WIDTH="65" HEIGHT="27" WC="0.93" CONTENT="enligt"/><SP WIDTH="15" VPOS="1094" HPOS="567"/>
							<String ID="string_241" HPOS="582" VPOS="1092" WIDTH="128" HEIGHT="22" WC="0.92" CONTENT="Ständernas"/><SP WIDTH="16" VPOS="1092" HPOS="710"/>
							<String ID="string_242" HPOS="726" VPOS="1092" WIDTH="60" HEIGHT="28" WC="0.86" CONTENT="&amp;sigt,"/><SP WIDTH="16" VPOS="1092" HPOS="786"/>
							<String ID="string_243" HPOS="802" VPOS="1091" WIDTH="46" HEIGHT="22" WC="0.93" CONTENT="icke"/><SP WIDTH="17" VPOS="1091" HPOS="848"/>
							<String ID="string_244" HPOS="865" VPOS="1092" WIDTH="32" HEIGHT="20" WC="0.92" CONTENT="be-"/>
						</TextLine>
						<TextLine ID="line_29" HPOS="147" VPOS="1124" WIDTH="749" HEIGHT="32">
							<String ID="string_245" HPOS="147" VPOS="1128" WIDTH="79" HEIGHT="28" WC="0.85" CONTENT="höfligt."/><SP WIDTH="38" VPOS="1128" HPOS="226"/>
							<String ID="string_246" HPOS="264" VPOS="1127" WIDTH="34" HEIGHT="21" WC="0.90" CONTENT="En"/><SP WIDTH="22" VPOS="1127" HPOS="298"/>
							<String ID="string_247" HPOS="320" VPOS="1126" WIDTH="154" HEIGHT="28" WC="0.90" CONTENT="vinstgifvande"/><SP WIDTH="21" VPOS="1126" HPOS="474"/>
							<String ID="string_248" HPOS="495" VPOS="1127" WIDTH="163" HEIGHT="28" WC="0.85" CONTENT="jordbruksaffär"/><SP WIDTH="18" VPOS="1127" HPOS="658"/>
							<String ID="string_249" HPOS="676" VPOS="1126" WIDTH="43" HEIGHT="22" WC="0.96" CONTENT="kan"/><SP WIDTH="19" VPOS="1126" HPOS="719"/>
							<String ID="string_250" HPOS="738" VPOS="1125" WIDTH="118" HEIGHT="29" WC="0.95" CONTENT="säkerligen"/><SP WIDTH="22" VPOS="1125" HPOS="856"/>
							<String ID="string_251" HPOS="878" VPOS="1124" WIDTH="18" HEIGHT="29" WC="0.96" CONTENT="ej"/>
						</TextLine>
						<TextLine ID="line_30" HPOS="148" VPOS="1158" WIDTH="750" HEIGHT="31">
							<String ID="string_252" HPOS="148" VPOS="1162" WIDTH="35" HEIGHT="22" WC="0.96" CONTENT="vid"/><SP WIDTH="15" VPOS="1162" HPOS="183"/>
							<String ID="string_253" HPOS="198" VPOS="1162" WIDTH="128" HEIGHT="22" WC="0.93" CONTENT="anstalterna"/><SP WIDTH="13" VPOS="1162" HPOS="326"/>
							<String ID="string_254" HPOS="339" VPOS="1160" WIDTH="115" HEIGHT="27" WC="0.92" CONTENT="bedrifvas;"/><SP WIDTH="17" VPOS="1160" HPOS="454"/>
							<String ID="string_255" HPOS="471" VPOS="1161" WIDTH="35" HEIGHT="22" WC="0.96" CONTENT="det"/><SP WIDTH="14" VPOS="1161" HPOS="506"/>
							<String ID="string_256" HPOS="520" VPOS="1162" WIDTH="65" HEIGHT="27" WC="0.95" CONTENT="gäller"/><SP WIDTH="15" VPOS="1162" HPOS="585"/>
							<String ID="string_257" HPOS="600" VPOS="1161" WIDTH="52" HEIGHT="22" WC="0.96" CONTENT="blott"/><SP WIDTH="10" VPOS="1161" HPOS="652"/>
							<String ID="string_258" HPOS="662" VPOS="1162" WIDTH="30" HEIGHT="20" WC="0.96" CONTENT="att"/><SP WIDTH="10" VPOS="1162" HPOS="692"/>
							<String ID="string_259" HPOS="702" VPOS="1160" WIDTH="63" HEIGHT="22" WC="0.96" CONTENT="hafva"/><SP WIDTH="11" VPOS="1160" HPOS="765"/>
							<String ID="string_260" HPOS="776" VPOS="1158" WIDTH="122" HEIGHT="29" WC="0.96" CONTENT="tillräckligt"/>
						</TextLine>
						<TextLine ID="line_31" HPOS="147" VPOS="1194" WIDTH="749" HEIGHT="30">
							<String ID="string_261" HPOS="147" VPOS="1199" WIDTH="105" HEIGHT="25" WC="0.96" CONTENT="utrymme"/><SP WIDTH="22" VPOS="1199" HPOS="252"/>
							<String ID="string_262" HPOS="274" VPOS="1195" WIDTH="33" HEIGHT="22" WC="0.96" CONTENT="för"/><SP WIDTH="18" VPOS="1195" HPOS="307"/>
							<String ID="string_263" HPOS="325" VPOS="1197" WIDTH="31" HEIGHT="20" WC="0.96" CONTENT="att"/><SP WIDTH="14" VPOS="1197" HPOS="356"/>
							<String ID="string_264" HPOS="370" VPOS="1195" WIDTH="72" HEIGHT="22" WC="0.96" CONTENT="kunna"/><SP WIDTH="16" VPOS="1195" HPOS="442"/>
							<String ID="string_265" HPOS="458" VPOS="1195" WIDTH="25" HEIGHT="29" WC="0.93" CONTENT="på"/><SP WIDTH="15" VPOS="1195" HPOS="483"/>
							<String ID="string_266" HPOS="498" VPOS="1195" WIDTH="109" HEIGHT="29" WC="0.91" CONTENT="tillbörligt"/><SP WIDTH="15" VPOS="1195" HPOS="607"/>
							<String ID="string_267" HPOS="622" VPOS="1195" WIDTH="82" HEIGHT="22" WC="0.91" CONTENT="afstånd"/><SP WIDTH="14" VPOS="1195" HPOS="704"/>
							<String ID="string_268" HPOS="718" VPOS="1194" WIDTH="47" HEIGHT="22" WC="0.96" CONTENT="från"/><SP WIDTH="14" VPOS="1194" HPOS="765"/>
							<String ID="string_269" HPOS="779" VPOS="1194" WIDTH="117" HEIGHT="22" WC="0.95" CONTENT="hvarandra"/>
						</TextLine>
						<TextLine ID="line_32" HPOS="146" VPOS="1227" WIDTH="750" HEIGHT="32">
							<String ID="string_270" HPOS="146" VPOS="1231" WIDTH="83" HEIGHT="28" WC="0.96" CONTENT="placera"/><SP WIDTH="21" VPOS="1231" HPOS="229"/>
							<String ID="string_271" HPOS="250" VPOS="1230" WIDTH="26" HEIGHT="22" WC="0.96" CONTENT="de"/><SP WIDTH="21" VPOS="1230" HPOS="276"/>
							<String ID="string_272" HPOS="297" VPOS="1232" WIDTH="46" HEIGHT="26" WC="0.96" CONTENT="torp"/><SP WIDTH="21" VPOS="1232" HPOS="343"/>
							<String ID="string_273" HPOS="364" VPOS="1230" WIDTH="50" HEIGHT="21" WC="0.96" CONTENT="eller"/><SP WIDTH="19" VPOS="1230" HPOS="414"/>
							<String ID="string_274" HPOS="433" VPOS="1229" WIDTH="82" HEIGHT="27" WC="0.96" CONTENT="farmer,"/><SP WIDTH="16" VPOS="1229" HPOS="515"/>
							<String ID="string_275" HPOS="531" VPOS="1238" WIDTH="45" HEIGHT="14" WC="0.96" CONTENT="som"/><SP WIDTH="15" VPOS="1238" HPOS="576"/>
							<String ID="string_276" HPOS="591" VPOS="1230" WIDTH="65" HEIGHT="28" WC="0.96" CONTENT="enligt"/><SP WIDTH="14" VPOS="1230" HPOS="656"/>
							<String ID="string_277" HPOS="670" VPOS="1229" WIDTH="57" HEIGHT="22" WC="0.96" CONTENT="detta"/><SP WIDTH="14" VPOS="1229" HPOS="727"/>
							<String ID="string_278" HPOS="741" VPOS="1231" WIDTH="79" HEIGHT="26" WC="0.92" CONTENT="system"/><SP WIDTH="15" VPOS="1231" HPOS="820"/>
							<String ID="string_279" HPOS="835" VPOS="1227" WIDTH="61" HEIGHT="23" WC="0.91" CONTENT="erfor-"/>
						</TextLine>
						<TextLine ID="line_33" HPOS="146" VPOS="1262" WIDTH="749" HEIGHT="31">
							<String ID="string_280" HPOS="146" VPOS="1265" WIDTH="54" HEIGHT="25" WC="0.96" CONTENT="dras,"/><SP WIDTH="23" VPOS="1265" HPOS="200"/>
							<String ID="string_281" HPOS="223" VPOS="1264" WIDTH="39" HEIGHT="22" WC="0.96" CONTENT="och"/><SP WIDTH="21" VPOS="1264" HPOS="262"/>
							<String ID="string_282" HPOS="283" VPOS="1266" WIDTH="31" HEIGHT="20" WC="0.96" CONTENT="att"/><SP WIDTH="21" VPOS="1266" HPOS="314"/>
							<String ID="string_283" HPOS="335" VPOS="1263" WIDTH="110" HEIGHT="29" WC="0.96" CONTENT="disponera"/><SP WIDTH="21" VPOS="1263" HPOS="445"/>
							<String ID="string_284" HPOS="466" VPOS="1264" WIDTH="76" HEIGHT="28" WC="0.86" CONTENT="nödiga"/><SP WIDTH="13" VPOS="1264" HPOS="542"/>
							<String ID="string_285" HPOS="555" VPOS="1264" WIDTH="94" HEIGHT="29" WC="0.92" CONTENT="jordytor"/><SP WIDTH="14" VPOS="1264" HPOS="649"/>
							<String ID="string_286" HPOS="663" VPOS="1263" WIDTH="32" HEIGHT="22" WC="0.93" CONTENT="för"/><SP WIDTH="15" VPOS="1263" HPOS="695"/>
							<String ID="string_287" HPOS="710" VPOS="1263" WIDTH="98" HEIGHT="22" WC="0.92" CONTENT="dårarnes"/><SP WIDTH="15" VPOS="1263" HPOS="808"/>
							<String ID="string_288" HPOS="823" VPOS="1262" WIDTH="72" HEIGHT="29" WC="0.91" CONTENT="syssel-"/>
						</TextLine>
						<TextLine ID="line_34" HPOS="147" VPOS="1296" WIDTH="748" HEIGHT="31">
							<String ID="string_289" HPOS="147" VPOS="1299" WIDTH="94" HEIGHT="21" WC="0.92" CONTENT="sättande"/><SP WIDTH="21" VPOS="1299" HPOS="241"/>
							<String ID="string_290" HPOS="262" VPOS="1298" WIDTH="35" HEIGHT="22" WC="0.93" CONTENT="vid"/><SP WIDTH="13" VPOS="1298" HPOS="297"/>
							<String ID="string_291" HPOS="310" VPOS="1298" WIDTH="203" HEIGHT="29" WC="0.89" CONTENT="jordbruksarbeten."/><SP WIDTH="37" VPOS="1298" HPOS="513"/>
							<String ID="string_292" HPOS="550" VPOS="1298" WIDTH="44" HEIGHT="22" WC="0.91" CONTENT="Vid"/><SP WIDTH="14" VPOS="1298" HPOS="594"/>
							<String ID="string_293" HPOS="608" VPOS="1297" WIDTH="129" HEIGHT="23" WC="0.95" CONTENT="bedömande"/><SP WIDTH="15" VPOS="1297" HPOS="737"/>
							<String ID="string_294" HPOS="752" VPOS="1296" WIDTH="23" HEIGHT="23" WC="0.96" CONTENT="af"/><SP WIDTH="13" VPOS="1296" HPOS="775"/>
							<String ID="string_295" HPOS="788" VPOS="1297" WIDTH="40" HEIGHT="21" WC="0.93" CONTENT="den"/><SP WIDTH="13" VPOS="1297" HPOS="828"/>
							<String ID="string_296" HPOS="841" VPOS="1296" WIDTH="54" HEIGHT="29" WC="0.91" CONTENT="jord-"/>
						</TextLine>
						<TextLine ID="line_35" HPOS="147" VPOS="1330" WIDTH="749" HEIGHT="29">
							<String ID="string_297" HPOS="147" VPOS="1332" WIDTH="36" HEIGHT="22" WC="0.92" CONTENT="vid"/><SP WIDTH="11" VPOS="1332" HPOS="183"/>
							<String ID="string_298" HPOS="194" VPOS="1332" WIDTH="171" HEIGHT="27" WC="0.91" CONTENT="difrågavarande"/><SP WIDTH="10" VPOS="1332" HPOS="365"/>
							<String ID="string_299" HPOS="375" VPOS="1333" WIDTH="99" HEIGHT="20" WC="0.96" CONTENT="anstalter"/><SP WIDTH="10" VPOS="1333" HPOS="474"/>
							<String ID="string_300" HPOS="484" VPOS="1333" WIDTH="72" HEIGHT="20" WC="0.93" CONTENT="kunna"/><SP WIDTH="11" VPOS="1333" HPOS="556"/>
							<String ID="string_301" HPOS="567" VPOS="1332" WIDTH="95" HEIGHT="24" WC="0.88" CONTENT="behöfva,"/><SP WIDTH="9" VPOS="1332" HPOS="662"/>
							<String ID="string_302" HPOS="671" VPOS="1332" WIDTH="58" HEIGHT="21" WC="0.96" CONTENT="torde"/><SP WIDTH="10" VPOS="1332" HPOS="729"/>
							<String ID="string_303" HPOS="739" VPOS="1331" WIDTH="65" HEIGHT="21" WC="0.96" CONTENT="likväl"/><SP WIDTH="10" VPOS="1331" HPOS="804"/>
							<String ID="string_304" HPOS="814" VPOS="1330" WIDTH="82" HEIGHT="28" WC="0.95" CONTENT="hänsyn"/>
						</TextLine>
						<TextLine ID="line_36" HPOS="146" VPOS="1363" WIDTH="750" HEIGHT="31">
							<String ID="string_305" HPOS="146" VPOS="1366" WIDTH="50" HEIGHT="22" WC="0.96" CONTENT="böra"/><SP WIDTH="21" VPOS="1366" HPOS="196"/>
							<String ID="string_306" HPOS="217" VPOS="1367" WIDTH="57" HEIGHT="26" WC="0.92" CONTENT="tagas"/><SP WIDTH="21" VPOS="1367" HPOS="274"/>
							<String ID="string_307" HPOS="295" VPOS="1364" WIDTH="79" HEIGHT="28" WC="0.92" CONTENT="jemväl"/><SP WIDTH="22" VPOS="1364" HPOS="374"/>
							<String ID="string_308" HPOS="396" VPOS="1365" WIDTH="31" HEIGHT="21" WC="0.96" CONTENT="till"/><SP WIDTH="21" VPOS="1365" HPOS="427"/>
							<String ID="string_309" HPOS="448" VPOS="1366" WIDTH="40" HEIGHT="20" WC="0.96" CONTENT="den"/><SP WIDTH="19" VPOS="1366" HPOS="488"/>
							<String ID="string_310" HPOS="507" VPOS="1366" WIDTH="125" HEIGHT="28" WC="0.96" CONTENT="utvidgning"/><SP WIDTH="14" VPOS="1366" HPOS="632"/>
							<String ID="string_311" HPOS="646" VPOS="1365" WIDTH="23" HEIGHT="21" WC="0.96" CONTENT="af"/><SP WIDTH="12" VPOS="1365" HPOS="669"/>
							<String ID="string_312" HPOS="681" VPOS="1364" WIDTH="132" HEIGHT="25" WC="0.96" CONTENT="anstalterna,"/><SP WIDTH="16" VPOS="1364" HPOS="813"/>
							<String ID="string_313" HPOS="829" VPOS="1363" WIDTH="67" HEIGHT="21" WC="0.96" CONTENT="som"/><SP WIDTH="-13" VPOS="1363" HPOS="896"/>
							<String ID="string_314" HPOS="883" VPOS="1359" WIDTH="18" HEIGHT="39" WC="0.95" CONTENT="i"/>
						</TextLine>
						<TextLine ID="line_37" HPOS="146" VPOS="1398" WIDTH="750" HEIGHT="31">
							<String ID="string_315" HPOS="146" VPOS="1399" WIDTH="113" HEIGHT="23" WC="0.96" CONTENT="framtiden"/><SP WIDTH="19" VPOS="1399" HPOS="259"/>
							<String ID="string_316" HPOS="278" VPOS="1399" WIDTH="41" HEIGHT="22" WC="0.93" CONTENT="kan"/><SP WIDTH="17" VPOS="1399" HPOS="319"/>
							<String ID="string_317" HPOS="336" VPOS="1407" WIDTH="37" HEIGHT="21" WC="0.92" CONTENT="ega"/><SP WIDTH="14" VPOS="1407" HPOS="373"/>
							<String ID="string_318" HPOS="387" VPOS="1407" WIDTH="53" HEIGHT="14" WC="0.92" CONTENT="rum."/><SP WIDTH="37" VPOS="1407" HPOS="440"/>
							<String ID="string_319" HPOS="477" VPOS="1400" WIDTH="43" HEIGHT="22" WC="0.96" CONTENT="För"/><SP WIDTH="15" VPOS="1400" HPOS="520"/>
							<String ID="string_320" HPOS="535" VPOS="1399" WIDTH="140" HEIGHT="30" WC="0.93" CONTENT="nyssnämnda"/><SP WIDTH="13" VPOS="1399" HPOS="675"/>
							<String ID="string_321" HPOS="688" VPOS="1398" WIDTH="208" HEIGHT="29" WC="0.91" CONTENT="jordbruksarbetens"/>
						</TextLine>
						<TextLine ID="line_38" HPOS="146" VPOS="1432" WIDTH="750" HEIGHT="31">
							<String ID="string_322" HPOS="146" VPOS="1436" WIDTH="56" HEIGHT="21" WC="0.96" CONTENT="skull"/><SP WIDTH="22" VPOS="1436" HPOS="202"/>
							<String ID="string_323" HPOS="224" VPOS="1434" WIDTH="107" HEIGHT="23" WC="0.96" CONTENT="äfvensom"/><SP WIDTH="22" VPOS="1434" HPOS="331"/>
							<String ID="string_324" HPOS="353" VPOS="1434" WIDTH="32" HEIGHT="21" WC="0.96" CONTENT="för"/><SP WIDTH="23" VPOS="1434" HPOS="385"/>
							<String ID="string_325" HPOS="408" VPOS="1436" WIDTH="32" HEIGHT="20" WC="0.96" CONTENT="att"/><SP WIDTH="22" VPOS="1436" HPOS="440"/>
							<String ID="string_326" HPOS="462" VPOS="1442" WIDTH="25" HEIGHT="13" WC="0.96" CONTENT="en"/><SP WIDTH="21" VPOS="1442" HPOS="487"/>
							<String ID="string_327" HPOS="508" VPOS="1435" WIDTH="40" HEIGHT="28" WC="0.96" CONTENT="god"/><SP WIDTH="19" VPOS="1435" HPOS="548"/>
							<String ID="string_328" HPOS="567" VPOS="1434" WIDTH="118" HEIGHT="29" WC="0.96" CONTENT="vegetation"/><SP WIDTH="14" VPOS="1434" HPOS="685"/>
							<String ID="string_329" HPOS="699" VPOS="1433" WIDTH="35" HEIGHT="22" WC="0.96" CONTENT="må"/><SP WIDTH="15" VPOS="1433" HPOS="734"/>
							<String ID="string_330" HPOS="749" VPOS="1433" WIDTH="71" HEIGHT="22" WC="0.93" CONTENT="kunna"/><SP WIDTH="15" VPOS="1433" HPOS="820"/>
							<String ID="string_331" HPOS="835" VPOS="1432" WIDTH="61" HEIGHT="22" WC="0.91" CONTENT="fram-"/>
						</TextLine>
					</TextBlock>
				</ComposedBlock>
				<GraphicalElement ID="cblock_2" HPOS="1068" VPOS="1013" WIDTH="13" HEIGHT="487"></GraphicalElement >
				<GraphicalElement ID="cblock_3" HPOS="1062" VPOS="1013" WIDTH="19" HEIGHT="693"></GraphicalElement >
			</PrintSpace>
		</Page>
	</Layout>
</alto>
