1048 1709
798 134 27 22 15

98 198 101 27 tvingade
218 198 97 21 starkare
334 198 126 22 materielen
478 198 38 22 vår
534 198 85 21 härtills
637 198 98 21 använda
753 198 101 26 spårvidd

98 232 24 22 af
140 232 44 21 fem
202 232 32 21 fot
252 232 40 21 bör
310 232 119 22 bibehållas
448 232 49 22 med
518 232 26 22 de
563 232 181 26 omisskänneliga
759 232 95 21 fördelar

98 266 88 22 dermed
201 266 59 27 följa.

174 345 118 29 Anslutning
308 345 31 24 till
356 345 112 24 bestående
484 345 293 25 kommunikationsanstalter.

166 404 96 22 Oaktadt
277 405 142 26 jernvägarne
437 405 7 20 i
462 404 92 22 Finland
579 406 58 19 ännu
657 404 47 21 icke
723 403 68 22 räkna
816 409 37 16 ens

98 439 114 22 etthundra
230 439 44 26 mil,
292 441 78 25 utgöra
388 439 26 22 de
433 439 54 22 dock
506 441 32 20 ett
560 439 88 21 vackert
665 438 135 22 vittnesbörd
819 444 35 15 om

97 474 49 21 vårt
160 473 57 22 folks
236 473 152 28 offervillighet
405 473 8 21 i
429 473 39 22 och
482 473 34 22 för
535 473 246 22 kommunikationernas
800 479 53 20 upp-

97 509 122 27 hjelpande.
248 509 11 20 I
277 508 122 21 hänseende
417 508 32 21 till
468 508 151 27 folkmängden
639 507 86 22 komma
739 507 8 22 i
761 507 92 22 Finland

96 543 29 27 på
143 543 94 22 tiotusen
258 543 130 21 innevånare
409 543 44 26 4,43
472 544 58 20 verst
546 543 96 26 jernväg,
669 544 31 19 ett
718 542 135 21 förhållande

97 584 46 15 som
163 577 75 22 ställer
255 577 49 22 vårt
320 577 52 22 land
390 577 92 22 emellan
500 577 99 26 Holland,
618 577 50 21 med
682 577 45 26 4,46
740 578 60 20 verst
814 576 40 21 och

91 608 222 31 Österrike-Ungern,
328 612 49 21 med
391 613 44 26 4,42
446 613 59 20 verst
519 612 28 27 pä
557 617 82 16 samma
649 611 58 22 antal
717 611 136 22 innevånare.

96 647 71 26 Högst
181 647 7 20 i
203 647 87 26 Europa
305 647 7 20 i
328 647 59 21 detta
401 646 122 22 hänseende
539 646 46 21 stär
600 646 88 27 Sverige
699 646 49 21 med
759 646 42 26 7,92
813 645 40 22 och

96 682 72 26 längst
183 681 89 21 Turkiet
286 681 50 21 med
351 682 42 25 1,71
408 683 60 19 verst
475 681 90 27 jernväg
576 681 28 27 pä
613 681 93 21 tiotusen
716 680 136 21 innevänare.

97 715 108 22 Hänföras
218 715 143 27 jernvägarne
376 715 7 22 i
398 715 48 22 vårt
460 715 51 22 land
521 715 47 22 åter
577 715 34 21 till
622 715 49 21 dess
683 715 65 26 areal,
759 715 25 21 sä
793 715 60 21 kom-

96 756 46 15 mer
160 750 91 21 Finland
269 750 8 21 i
292 750 59 21 detta
366 749 101 22 afseende
482 751 32 20 att
529 749 34 22 stä
577 750 8 20 i
601 749 53 22 sista
668 751 98 25 rummet,
785 749 66 22 sedan

96 785 72 27 Norge
182 785 8 21 i
205 785 63 21 dessa
283 785 67 26 dagar
364 784 75 22 vunnit
453 784 110 27 försteget.

164 819 58 22 Vära
237 819 84 21 härtills
335 819 85 27 byggda
433 818 116 28 jernvägar
558 820 77 25 utgöra
647 818 120 22 emellertid
777 820 31 20 ett
818 818 34 22 för

96 855 80 20 största
192 854 62 21 delen
269 853 24 22 af
310 850 73 25 landet
398 853 24 22 sä
436 854 77 27 vigtigt
530 853 272 27 kommunikationsmedel,
821 855 32 20 att

96 895 27 15 en
141 889 90 26 begväm
250 888 123 27 anslutning
392 888 91 21 emellan
502 888 49 21 dem
569 888 40 21 och
624 888 26 21 de
668 887 116 22 framdeles
799 894 53 21 upp-

96 923 89 21 stäende
200 923 68 21 mäste
284 929 62 15 anses
361 923 7 20 i
383 922 77 27 högsta
474 922 54 27 grad
543 922 113 21 önskvärd.
679 922 33 21 En
727 922 67 21 sädan
808 923 45 21 vin-

95 963 39 16 nes
149 957 76 21 främst
240 957 40 21 och
294 957 162 26 fullständigast
466 957 129 26 derigenom,
606 958 33 19 att
649 957 26 21 de
685 956 102 22 framtida
795 957 58 26 jern-

95 994 94 25 vägarne
211 992 82 27 byggas
315 992 49 21 med
386 997 81 16 samma
488 991 107 27 spårvidd,
619 997 46 15 som
687 991 26 22 de
736 991 117 22 bestående

95 1026 67 21 redan
177 1032 46 21 ega.

165 1059 40 22 Om
221 1066 26 15 en
262 1066 70 15 annan
347 1059 101 28 spårvidd
462 1060 69 26 väljes
546 1059 34 21 för
595 1059 26 21 de
636 1059 8 21 i
654 1059 73 22 landet
737 1059 116 22 framdeles

96 1095 133 26 uppstäende
242 1095 150 26 jernvägarne,
411 1094 42 21 blir
468 1093 82 28 följden
571 1093 61 22 deraf
646 1099 26 15 en
688 1093 128 28 omlastning
831 1094 24 21 af

96 1129 40 21 allt
150 1129 61 27 gods,
230 1135 46 15 som
290 1128 57 21 ifrän
362 1129 48 20 dem
425 1128 33 21 till
474 1129 26 20 de
516 1128 61 21 äldre
594 1127 97 22 banorna
709 1127 56 22 skall
784 1128 69 21 öfver-

95 1163 65 27 föras,
181 1163 53 22 eller
252 1165 99 19 tvertom.
380 1163 110 26 Derjemte
510 1164 24 19 är
549 1163 36 20 det
603 1162 110 27 antagligt,
733 1164 32 19 att
783 1164 70 20 större

96 1198 62 21 delen
174 1197 23 22 af
210 1197 60 27 gods,
286 1203 47 16 som
348 1198 26 21 de
389 1203 42 21 nya
444 1197 96 21 banorna
556 1197 61 21 skola
627 1198 154 25 transportera,
792 1197 60 21 kom-

96 1239 46 14 mer
156 1233 32 20 att
202 1232 68 21 blifva
284 1231 23 22 af
319 1231 91 22 transito
426 1233 69 20 natur.

164 1267 48 21 Den
230 1266 84 22 direkta
331 1265 231 28 omlastningsafgiften
585 1267 25 20 är
635 1265 47 22 icke
701 1265 24 22 sä
743 1267 52 25 stor,
820 1267 32 20 att

97 1302 40 20 den
161 1301 63 21 deraf
245 1301 132 25 föranledda,
397 1300 68 22 ökade
482 1300 230 27 transportkostnaden
735 1300 118 27 synnerligt

97 1335 70 21 skulle
182 1336 65 25 tynga
262 1335 28 26 på
304 1334 144 21 värdefullare
468 1334 96 20 artiklar.
594 1328 19 26 Å
628 1334 131 26 Herrljunga
773 1334 79 20 station

96 1369 36 21 vid
151 1368 91 22 svenska
262 1368 131 25 statsbanan,
413 1368 38 20 der
468 1369 77 19 tvenne
564 1368 71 26 privat
653 1367 67 21 banor
738 1369 57 19 stöta
812 1368 40 25 till,

97 1403 41 21 den
154 1408 40 16 ena
208 1402 48 22 med
272 1402 109 27 ändpunkt
395 1401 119 22 tillsvidare
529 1402 7 20 i
551 1401 74 26 Borås,
641 1401 41 21 den
693 1401 67 22 andra
770 1401 82 27 gående

96 1438 34 21 till
145 1437 159 27 Wennersborg
319 1436 39 22 och
373 1436 125 26 Uddevalla,
518 1438 56 20 samt
592 1436 68 27 begge
675 1436 68 22 banor
761 1436 50 22 med
825 1442 28 16 en

165 1478 183 22 Jernvägs-Utskottets
358 1476 104 18 betänkande
474 1476 35 17 N:o
521 1476 18 18 3.
