1056 1706
304 122 26 19 U.
346 122 29 20 B.
391 132 28 4 —
435 123 81 23 Prop.
535 123 47 19 N:o
597 123 40 19 24.
803 121 13 21 5

97 186 41 22 den
164 188 24 20 är
211 193 26 15 en
253 188 98 21 växande
365 188 75 26 börda,
456 188 80 28 ojemnt
551 188 99 22 fördelad
666 188 40 22 och
721 188 34 22 till
770 188 72 27 belop-

96 222 37 25 pet
148 220 48 22 icke
211 220 62 22 alltid
288 221 135 27 beräknelig;
439 222 40 21 och
495 222 41 22 den
551 222 43 21 blir
609 222 7 21 i
629 228 80 15 samma
724 228 49 15 mon
783 228 59 15 mera

96 254 118 27 tryckande
237 257 56 19 samt
314 255 34 20 till
363 256 48 20 sina
427 256 139 26 olägenheter
581 255 34 21 för
627 256 78 26 jorden
720 256 121 21 kännbara-

94 294 30 20 re,
142 294 46 14 som
203 288 85 22 landets
304 288 141 22 ekonomiska
463 290 124 26 utveckling
602 289 7 21 i
625 289 66 27 öfrigt
705 289 138 21 fortskrider.

162 321 46 21 Allt
224 322 59 21 detta
299 324 24 19 är
337 322 202 23 missförhållanden
560 323 73 21 hvilka
651 323 71 21 tarfva
743 323 99 21 rättelse.

160 354 85 28 Frågan
265 362 34 15 om
317 358 50 25 väg-
387 356 40 21 och
445 357 169 27 brobyggnaden
634 363 38 15 var
690 357 40 21 ock
749 357 91 26 derföre,

92 389 68 27 jemte
176 389 41 21 den
232 395 34 15 om
281 390 242 27 skjutsningsbesväret,
535 390 90 22 föremål
636 390 33 21 för
680 397 26 15 en
716 390 66 28 nådig
792 397 49 20 pro-

93 423 94 26 position
210 423 33 20 till
258 423 55 21 1863
328 424 69 20 -1864
412 424 35 21 års
462 424 111 27 landtdag.
602 424 11 21 I
625 424 70 21 denna
707 425 135 26 proposition

93 457 61 21 heter
178 457 42 26 det,
239 457 56 22 efter
314 458 167 21 omnämnandet
495 459 23 21 af
531 459 37 20 det
582 458 117 27 tryckande
714 459 7 20 i
736 460 50 26 väg-
802 459 39 22 och

95 491 260 28 brobyggnadsbesväret,
371 493 33 20 att
419 499 25 14 en
461 492 98 27 eftergift
577 492 131 22 härutinnan
727 492 33 22 för
780 493 59 27 jord-

95 525 83 26 bruket,
194 531 46 16 som
255 526 14 21 &
284 526 67 21 andra
366 526 62 22 sidan
444 525 23 22 af
481 527 69 21 ökade
565 527 40 21 och
624 526 135 23 förbättrade
780 527 59 21 kom-

94 560 251 21 munikationsanstalter
366 562 56 19 samt
442 561 125 27 derigenom
585 561 140 21 underlättad
748 561 92 26 lifligare

93 594 81 21 rörelse
197 593 157 28 tillskyndades
370 595 135 27 väsendtliga
520 595 101 26 fördelar,
636 595 48 21 icke
695 594 73 22 kunde
778 595 59 21 kom-

92 633 34 15 ma
141 627 7 22 i
164 627 67 27 fräga,
247 628 89 21 emedan
355 628 78 22 sädant
448 629 19 26 ej
483 629 70 21 skulle
568 629 74 21 kunna
661 629 37 20 ske
720 630 53 20 utan
796 630 42 20 sta-

93 664 47 19 tens
156 661 159 28 mellankomst,
331 668 49 15 men
396 663 49 20 dess
464 663 116 26 tillgångar
599 662 19 27 ej
634 661 112 28 medgäfve
761 662 77 21 bestri-

93 696 80 21 dandet
188 695 24 21 af
226 695 26 22 de
268 696 64 27 högst
346 696 112 27 betydliga
477 696 96 27 utgifter,
596 702 46 15 som
664 702 50 15 vore
736 696 102 22 förenade

92 730 48 21 med
159 729 125 27 byggandet
299 730 40 21 och
354 730 137 22 underhället
506 730 23 21 af
542 731 86 21 landets
647 730 107 21 allmänna
772 731 66 26 vägar

92 764 40 21 och
147 763 72 22 broar.
248 763 61 22 Dock
325 770 50 15 vore
391 765 36 20 det
441 765 49 20 med
505 764 101 27 billighet
622 764 216 21 öfverensstämman-

92 798 33 27 de,
140 797 41 22 och
197 797 71 22 skulle
283 798 63 21 äfven
362 798 49 21 leda
425 798 34 21 till
474 798 89 27 mycken
579 798 85 21 lättnad
674 798 34 21 för
718 799 55 25 dem,
783 798 53 22 hvil-

92 832 28 21 ka
134 838 30 15 nu
179 833 84 20 ensamt
277 831 65 22 hafva
357 834 49 25 väg-
422 832 39 21 och
477 832 306 27 brobyggnadsskyldigheten
804 833 33 26 sig

91 866 65 27 ålagd
177 872 34 15 om
226 865 35 22 för
275 866 116 22 framtiden
405 866 47 22 icke
470 866 91 22 allenast
572 866 37 21 det
618 866 116 27 undantag,
746 872 45 15 som
802 873 35 20 eg-

92 901 26 21 de
133 907 48 14 rum
196 900 34 21 för
245 900 142 22 lotshemman
403 901 40 21 och
459 901 124 26 skattlagda
598 900 104 27 utjordar,
717 900 119 27 upphörde,

91 934 57 21 helst
163 934 140 21 innehafvare
318 934 23 20 af
354 935 143 20 lotshemman
512 940 88 15 numera
615 939 51 15 vore
680 934 98 21 befriade
788 934 47 21 frän

89 967 114 27 särskilda,
225 968 124 26 lotsningen
368 968 59 20 förut
441 968 118 26 ätföljande
574 967 136 27 äligganden,
725 969 52 19 utan
796 967 40 21 ock

89 1001 130 27 deltagande
235 1001 7 21 i
257 1001 67 27 sagda
339 1001 124 27 skyldighet
479 1001 73 21 älades
567 1001 83 21 kronan
662 1000 33 22 för
706 1001 49 21 dess
766 1001 69 21 öfver-

88 1035 137 27 loppsjordar
240 1036 39 20 och
294 1034 85 28 parker,
395 1036 56 20 samt
465 1035 139 21 innehafvare
620 1034 23 21 af
656 1034 62 26 bruk,
730 1034 103 26 fabriker,

89 1069 69 27 sägar,
174 1074 93 21 gvarnar
282 1069 39 21 och
337 1069 67 21 andra
418 1069 130 21 industriela
562 1068 151 28 inrättningar,
724 1068 110 22 äfvensom

88 1102 191 23 landthandlande.
309 1103 80 21 Vidare
412 1102 115 28 föreslogs:
550 1104 39 25 att,
605 1103 73 21 derest
702 1102 133 22 statsverket

88 1143 76 21 genom
183 1137 284 27 bränvinstillverkningens
486 1137 66 27 högre
571 1136 139 27 beskattning
726 1136 52 22 eller
794 1136 40 21 ock

88 1177 76 21 genom
187 1171 79 21 allmän
288 1172 119 25 bevillning
429 1171 52 21 eller
504 1172 27 26 pä
546 1172 66 20 annat
627 1171 44 21 sätt
686 1170 69 22 skulle
770 1170 65 21 vinna

88 1205 70 26 nägon
175 1205 96 27 betydlig
283 1205 115 27 tillökning
409 1206 7 20 i
427 1205 125 25 inkomster,
564 1204 23 21 af
597 1204 63 21 dessa
670 1204 82 26 ärligen
763 1203 71 21 skulle

88 1238 71 22 anslås
182 1240 91 26 200,000
294 1239 61 21 mark
370 1239 34 21 till
416 1239 115 21 utförande
544 1238 23 22 af
576 1238 80 26 nödiga
666 1237 167 27 vägförbättrin-

87 1279 39 21 gar
144 1273 40 21 och
204 1279 27 15 en
245 1274 46 21 lika
305 1276 46 19 stor
367 1280 82 14 summa
463 1273 33 21 till
513 1280 25 14 en
549 1272 94 22 särskild
653 1272 52 21 fond
718 1272 68 21 under
800 1277 33 15 re-

88 1307 114 27 geringens
220 1307 139 27 förvaltning,
377 1307 106 21 hvarutur
500 1307 36 21 län
555 1306 34 22 för
604 1306 58 22 vissa
676 1306 157 21 kostsammare

87 1340 167 27 brobyggnader
272 1341 57 25 finge
344 1342 90 25 beviljas
449 1342 46 19 mot
509 1341 59 25 lägre
583 1341 64 19 ränta
662 1339 39 21 och
716 1339 116 21 äterbetal-

87 1374 190 27 ningsskyldighet
295 1374 68 22 under
382 1374 75 27 längre
472 1374 43 26 tid;
531 1374 33 20 att
578 1373 34 21 för
627 1372 66 27 öfrigt
708 1372 54 24 dem,
779 1372 54 21 hvil-

87 1407 29 21 ka
130 1408 54 26 egde
201 1408 34 21 del
250 1408 8 20 i
273 1408 81 22 sädana
369 1402 70 32 broar,
455 1407 72 21 kunde
542 1407 87 27 medges
644 1405 105 28 rättighet
759 1406 39 25 att,
809 1405 24 22 sä

88 1442 64 27 länge
174 1442 159 27 återbetalning
343 1442 23 21 af
375 1442 58 21 lånet
444 1441 109 28 fortginge
564 1441 59 26 eller,
634 1446 34 16 om
678 1440 85 21 arbetet
774 1439 59 22 skett

156 1487 125 18 Sammansatta
294 1488 43 23 Lag-
350 1488 29 17 och
391 1487 173 18 Ekonomiutskottets
577 1487 104 18 betänkande
693 1485 33 19 N:o
738 1487 18 17 9.
