1064 1706
250 132 13 21 6
365 130 80 23 Ständ.
461 131 55 24 Skr,
530 143 27 3 —
572 132 72 26 Prop.
660 131 39 22 N:o
713 130 29 22 30
757 138 31 15 m.
803 132 17 21 fl

223 193 183 22 nikationsfonden
423 193 38 21 och
476 192 33 22 till
523 193 62 28 ryska
599 192 222 22 riksskattkammaren
830 193 106 22 uteslutits
946 193 22 21 af

223 235 80 14 samma
327 227 52 25 skäl,
402 234 44 14 som
467 227 39 21 här
526 226 113 22 nedanföre
653 227 68 21 finnes
735 226 86 22 anförde
835 227 32 22 för
881 227 85 22 utelem-

223 262 77 22 nandet
315 261 22 22 af
349 261 92 22 inkomst
460 262 38 21 och
514 260 63 29 utgift
594 260 32 22 för
641 261 58 22 dessa
711 261 111 29 jernvägar
837 261 46 22 från
897 262 36 21 det
947 261 22 22 af

224 295 159 23 Statsutskottet
397 295 114 29 uppgjorda
525 294 176 30 budgetförslaget
715 294 32 22 för
762 296 146 22 1878—1882.

291 330 34 22 De
340 330 8 21 i
362 330 136 22 nästnämnde
518 329 193 29 kapitalräkningar
725 332 111 27 upptagne,
852 338 49 14 men
916 330 7 22 i
939 332 29 20 ut-

224 364 120 30 giftstablån
359 364 18 28 ej
393 364 81 22 införda
488 364 86 28 utgifter
589 368 34 18 äro
638 363 101 29 följande:

293 399 52 21 För
359 398 27 22 år
401 399 74 21 1871.

331 432 72 21 Under
418 432 57 29 3:dje
490 432 160 28 Hufvudtiteln.

226 467 91 28 Utgifter
331 467 93 22 hörande
438 467 33 22 till
485 466 153 23 militiefonden
668 484 3 4 .
704 485 3 3 .
739 485 4 4 .
775 485 2 3 .
843 464 83 36 24,651:
935 464 34 36 49.

333 501 71 21 Under
418 501 47 22 7:de
480 501 160 27 Hufvudtiteln.

226 536 56 21 Från
297 536 255 22 amortissementsfonden
567 535 115 22 bestridda
672 531 12 36 :

227 571 122 22 annuiteten
371 570 26 29 pä
416 571 55 21 1862
485 570 33 22 års
533 570 86 22 statslän
642 571 138 25 897,022:57.

227 604 87 22 fondens
329 604 80 23 diverse
425 604 86 29 utgifter
541 622 3 3 .
575 622 4 4 .
611 622 3 4 .
653 605 125 26 17,247:33.

228 639 57 22 Från
299 639 270 22 kommunikationsfonden
588 642 30 19 ut

295 673 88 22 betalda:

228 707 147 22 annuiteterna
389 707 12 21 &
412 707 55 22 1868
477 707 33 22 års
520 708 13 21 6
545 708 28 27 "/,
585 707 34 22 län
642 707 97 26 659,293:
749 707 34 22 59.

228 742 38 21 och
281 749 79 14 samma
375 741 33 22 års
422 741 116 30 premielän
577 759 4 4 .
612 759 4 4 .
638 741 146 26 449,431:15.

228 777 73 20 räntan
323 775 13 22 &
353 776 43 27 57,
413 777 25 26 "/,
453 775 58 23 lånet
525 776 23 21 af
562 776 55 22 1865
652 775 84 26 40,127:
746 775 34 22 40.

275 818 8 11 >
329 809 79 28 BAN
427 810 24 27 %
485 819 8 10 >
526 810 23 21 af
566 811 54 21 1869
643 810 140 26 188,068:80.
813 817 118 25 2951190:
941 817 32 22 84.

297 850 85 22 Räntan
397 849 12 22 &
425 849 25 23 de
465 850 35 23 två
515 850 128 23 sistnämnda
657 850 63 22 lånen
733 851 40 21 har
787 850 84 29 tillföljd
885 851 24 22 af
917 851 58 22 deras

229 884 81 22 inlösen
326 885 95 28 upphört.

337 918 72 21 Under
424 919 47 20 8:de
486 919 161 26 Hufvudtiteln.

231 952 71 22 Saima
316 952 73 22 kanals
404 952 110 22 underhåll
529 953 100 22 bestrides

230 985 45 22 från
297 986 254 22 amortissementsfonden
573 987 47 21 med
657 987 125 25 58,901:65.

231 1015 182 27 Öresundstullens
428 1020 115 29 aflösning
538 1011 12 43 .
574 1037 4 5 .
644 1021 96 25 114,285:
750 1021 33 21 72.

231 1053 194 30 Statejernvägame
466 1073 3 4 .
501 1071 5 4 .
538 1070 4 5 .
574 1072 3 5 .
614 1055 169 33 2,806,263:90.
813 1061 118 26 2979451:
941 1063 34 20 27.

232 1094 81 29 Lägges
334 1093 71 22 härtill
427 1094 60 22 den
478 1089 13 38 i
503 1095 71 22 tablän
567 1147 4 4 >
588 1094 101 57 uppförda
704 1095 80 28 utgifts-

300 1136 96 14 summan
425 1146 4 3 .
461 1146 4 3 .
496 1147 4 3 .
637 1145 4 5 +
673 1147 3 4 <
738 1146 8 15 =
778 1147 3 4 +
799 1131 132 32 12,701,627:
938 1131 36 31 49,

638 1169 41 22 blir
695 1169 90 29 utgiften
801 1160 32 37 17,
836 1161 101 36 956,921:
942 1172 34 21 09.

233 1203 39 21 och
300 1202 94 29 afdrages
409 1203 92 22 deremot
517 1204 53 21 1871
587 1203 32 22 års
634 1203 63 29 utgift
710 1204 33 21 för
757 1204 26 21 de

301 1237 88 21 officiela
404 1237 138 28 tidningarna,
558 1245 44 14 som
616 1237 8 21 i
637 1238 147 27 räkenskaper-

300 1277 28 14 na
341 1269 79 29 påförts
436 1271 61 25 1872,
513 1279 49 13 men
577 1271 5 22 i
594 1271 70 22 tablån
675 1271 110 22 öfverförts

301 1303 26 30 pä
341 1303 167 23 förstnämnda
499 1312 29 18 år,
543 1304 68 23 med
607 1299 13 38 .
643 1322 3 4 .
678 1322 4 4 .
748 1323 39 4 0.
853 1306 83 25 75,810:
945 1306 33 26 86,

234 1337 88 23 erhälles
336 1337 33 23 för
384 1338 53 22 1871
455 1338 109 23 enahanda
578 1319 149 80 utgiftsbelopp
743 1347 44 14 som

301 1372 8 22 i
324 1372 196 30 kapitalräkningen
536 1391 4 4 .
572 1393 2 3 .
607 1391 3 4 .
712 1391 4 4 <
747 1392 4 4 .
783 1393 3 4 .
804 1375 131 26 17,881,110:
945 1376 33 22 23.

302 1407 53 22 För
369 1407 28 23 är
411 1408 74 22 1872.

341 1441 72 23 Under
427 1443 57 28 3:dje
499 1442 162 29 Hufvudtiteln.

236 1476 93 30 Utgifter
343 1477 92 22 hörande
449 1477 34 22 till
497 1477 152 24 militiefonden
678 1496 4 4 .
713 1496 4 4 .
747 1496 5 5 .
783 1497 4 4 .
853 1479 84 27 24,492:
945 1480 34 22 84.
