1042 1709
234 117 25 19 76
420 116 29 22 U.
464 116 28 22 B.
506 128 28 3 —
549 116 73 28 Prop.
637 115 45 22 N:o
697 114 36 23 26.

205 178 57 27 ligen
276 178 89 26 lyckligt
383 177 87 27 lottadt;
490 180 32 18 3:0
541 178 66 21 finnes
623 180 68 18 vester
709 184 32 14 om
757 176 112 27 Näsijärvi,
885 175 66 27 enligt

205 212 55 20 hvad
282 211 87 28 bilagan
390 212 40 20 N:o
453 213 11 19 5
488 212 21 20 at
531 212 31 26 sig
585 212 61 24 visar,
668 211 108 27 betydliga
798 210 152 26 kronoskogar,

205 246 72 20 hvilka
292 244 81 28 årligen
388 245 70 21 lemna
474 247 30 19 ett
519 246 83 26 mycket
616 246 69 20 större
700 243 213 27 afverkningsbelopp
925 244 26 20 än

205 280 93 21 kronans
318 280 78 26 skogar
411 280 57 20 öster
484 286 33 14 om
533 280 92 21 nämnde
640 279 40 27 sjö;
696 281 33 19 4:o
745 277 34 22 stå
794 278 110 21 trakterna
919 284 32 14 ve-

205 316 44 18 ster
264 320 34 14 om
313 313 113 27 Näsijärvi,
443 312 71 22 såsom
530 314 23 20 af
566 314 112 26 bilagorna
692 312 56 22 N:ris
766 314 17 23 1,
800 313 11 19 2
827 312 40 22 och
883 314 12 18 3
911 311 41 21 kan

205 348 112 25 inhemtas,
333 347 48 21 med
396 348 99 20 afseende
510 346 13 22 å
538 347 129 27 folkmängd,
682 346 107 22 åkerbruk
800 346 39 22 och
850 346 102 26 boskaps-

205 382 78 22 skötsel
302 382 116 28 ingalunda
438 382 59 26 efter,
516 384 53 20 utan
587 388 88 15 snarare
697 382 91 21 framom
811 381 25 21 de
861 382 92 20 österom

204 417 94 21 nämnda
323 416 32 28 sjö
377 416 92 28 belägna
491 418 95 24 orterna;
610 417 32 20 5:o
665 417 24 20 är
709 416 117 27 jernvägen
849 416 104 21 vesterom

204 451 106 28 Näsijärvi
333 451 151 27 obestridligen
507 451 104 26 utförbar,
633 451 80 21 hvilket
734 450 47 22 icke
802 450 61 22 torde
881 450 72 21 kunna

204 488 52 18 utan
276 486 72 20 vidare
367 488 89 25 antagas
476 485 47 22 med
543 485 98 22 afseende
657 485 13 21 å
685 492 25 14 en
726 486 58 20 öster
799 492 34 14 om
848 484 106 27 Näsijärvi

204 521 80 27 dragen
303 520 67 26 bana;
390 522 33 20 6:0
443 520 55 22 skall
516 521 40 21 den
579 522 72 20 vestra
668 520 105 22 bandelen
792 520 7 21 i
813 519 74 28 hvarje
902 519 52 21 hän-

204 555 57 21 delse
280 554 65 22 blifva
364 555 59 21 cirka
443 556 76 24 20,000
539 556 60 20 mark
617 554 98 28 billigare
733 555 28 21 än
777 554 40 22 den
833 555 66 23 östra,
914 554 40 21 och

204 589 82 22 således
301 590 73 20 kunna
388 589 83 22 utföras
485 589 34 22 för
535 591 11 19 5
562 589 106 22 millioner
683 589 60 21 mark
758 588 97 28 billigare
871 589 27 20 än
914 588 39 22 den

204 624 138 25 sistnämnda,
362 624 40 22 och
422 626 33 19 7:0
475 624 107 26 behöfves,
605 631 34 14 om
660 624 72 21 banan
754 623 58 22 ledes
833 625 69 19 vester
920 630 33 14 om

203 658 107 28 Näsijärvi
330 661 55 19 samt
405 658 93 22 derefter
517 658 7 21 i
539 659 110 21 trakterna
664 658 23 22 af
699 658 70 28 Töysä
783 657 172 28 sammanknytes

204 693 48 21 med
270 700 26 14 en
315 693 103 21 sidobana
440 693 32 21 till
490 693 140 25 Nikolaistad,
646 693 33 21 för
695 692 40 22 den
751 692 67 22 första
834 692 121 28 byggnads-

204 727 102 27 perioden
321 734 26 14 en
362 727 150 28 sammanlagd
528 727 82 21 mindre
620 726 136 26 bansträcka,
767 728 28 20 än
805 734 33 13 om
850 733 105 14 samman-

204 761 130 27 knytningen
349 762 49 20 sker
414 761 106 28 ostligare.

272 795 156 28 Sträckningen
450 796 24 21 af
492 796 40 20 den
555 798 70 19 vestra
647 795 127 22 stambanan
801 796 40 20 har
861 796 38 26 jag
921 794 35 22 för

203 830 43 21 min
262 830 34 21 del
311 830 62 22 tänkt
387 830 43 27 mig
446 830 74 25 sådan,
537 832 31 19 att
584 831 69 21 denna
671 830 58 22 bana
743 829 56 22 ifrån
813 829 142 21 Tammerfors

204 866 39 20 och
262 865 122 27 Viljakkala
402 866 68 21 skulle
487 865 59 22 ledas
565 866 32 20 till
616 866 88 24 Toivesi,
724 864 94 23 derifrän
836 865 33 21 till
891 871 65 15 norra

204 899 72 21 ändan
291 900 24 21 af
320 900 70 20 Etseri
399 899 31 27 sjö
444 902 55 19 samt
507 899 92 22 derefter
607 899 72 21 vidare
687 900 48 21 med
743 898 120 22 berörande
871 898 23 22 af
899 899 57 27 Kyy-

203 934 49 25 vesi,
269 934 105 27 Kivijärvi
388 934 40 21 och
445 934 108 26 Alvajärvi
568 934 62 22 öfver
645 934 127 21 Kärsämäki
780 933 32 21 till
822 932 134 22 Niskakoski.

204 963 64 25 Östra
286 965 127 24 stambanan
432 975 64 14 anser
511 968 39 28 jag
565 969 54 21 böra
633 968 60 21 ledas
707 968 7 21 i
730 968 93 27 enlighet
837 968 49 21 med
901 967 55 22 hvad

204 1008 45 15 som
271 1002 32 21 uti
324 1001 86 28 Nädiga
438 1002 161 28 propositionen
625 1002 67 22 finnes
715 1002 121 28 föreslaget,
851 1002 106 27 nemligen

203 1035 56 21 ifrån
274 1036 90 27 Wiborg
382 1036 60 21 öfver
458 1036 97 22 Joensuu
571 1037 39 21 och
625 1036 84 28 Kuopio
725 1036 32 22 till
772 1036 122 26 Idensalmi,
909 1042 48 15 men

204 1069 94 23 derifrän
314 1070 66 22 sedan
395 1070 48 22 icke
458 1070 33 21 till
506 1070 111 28 Uleäborg
631 1072 52 20 utan
697 1070 33 22 till
745 1070 134 22 Kärsämäki.
901 1070 55 22 Ban-

204 1104 88 22 delarna
311 1104 216 28 Davidstad-Kuopio
544 1105 40 21 och
600 1105 31 21 S:t
646 1104 156 28 Michel-Töysä
816 1105 42 21 kan
870 1104 39 28 jag
923 1104 34 22 för

203 1139 44 20 min
256 1139 34 21 del
296 1139 100 21 betrakta
406 1139 92 21 allenast
505 1138 70 23 såsom
584 1139 287 28 sammanbindningsbanor,
879 1139 78 26 hvilka,

204 1172 28 22 dä
246 1173 91 22 trafiken
356 1172 13 22 &
387 1174 154 21 stambanorna
559 1174 76 21 hunnit
653 1174 98 22 utveckla
769 1174 39 28 sig,
828 1174 53 21 efter
899 1173 58 22 hand

202 1207 72 22 kunna
290 1207 66 21 blifva
370 1208 140 27 nödvändiga.

682 1250 66 23 Edv.
766 1250 121 23 Avellan.

366 1355 117 23 Helsingfors,
495 1356 17 18 J.
524 1356 20 18 C.
556 1356 93 18 Frenckell
661 1358 13 16 &
687 1356 41 20 Son,
741 1357 49 19 1877.

272 1450 181 22 Jernvägs-Utskottets
464 1450 108 17 betänkande.
