1045 1706
286 134 26 18 U.
328 134 29 18 B.
374 143 24 4 —
415 134 81 22 Prop.
512 134 44 18 N:o
571 134 35 17 25.
760 132 26 19 11

75 199 162 27 propositionen
252 199 123 27 föreslagna
389 200 134 26 stadganden
539 200 39 20 har
592 199 63 21 äfven
666 199 106 21 utskottet
779 206 36 14 an-

76 234 44 20 sett
135 233 33 27 sig
183 233 73 21 kunna
270 234 92 25 biträda,
377 239 49 15 men
441 234 7 20 i
464 233 112 26 särskilda,
592 233 68 21 delvis
675 233 82 26 ganska
771 233 45 26 vig-

75 266 46 27 tiga
140 267 94 26 punkter
253 267 39 21 har
314 267 55 21 dock
384 267 39 21 hos
438 267 107 21 utskottet
560 272 26 16 en
601 266 115 22 afvikande
730 266 86 27 mening

75 300 58 27 gjort
156 300 34 26 sig
211 300 106 27 gällande.
355 300 46 22 Och
416 300 28 21 då
458 300 107 21 utskottet
579 306 29 15 nu
623 299 99 27 öfvergår
741 300 34 20 till
790 306 27 14 en

76 334 138 27 redogörelse
235 334 33 22 för
294 335 62 21 dessa
375 334 115 22 afvikelser
509 334 39 22 och
573 334 26 21 de
614 334 53 26 skäl,
683 339 46 16 som
744 333 71 22 föran-

76 367 47 22 ledt
137 368 80 27 dertill,
232 368 39 22 har
287 369 107 21 utskottet
406 368 79 28 jemväl
500 368 50 22 bort
564 370 113 20 omnämna
691 370 39 25 att,
742 368 38 21 der
790 368 27 21 de

75 401 123 27 föreslagna
220 402 179 27 förändringarna
420 402 91 22 hänföra
533 402 33 27 sig
588 402 76 21 endast
678 402 35 21 till
728 402 90 21 enstaka

76 436 87 27 uttryck
178 436 52 22 eller
246 436 142 22 öfverhufvud
404 436 46 22 afse
464 436 57 22 blott
536 443 25 15 en
571 436 116 21 förändrad
697 436 119 26 redaktion,

76 476 45 16 som
137 477 59 15 mera
210 471 68 26 gäller
294 471 170 27 ordställningen
479 473 27 19 än
522 470 190 27 sakförbållandet,
724 470 93 21 särskild

75 504 130 27 motivering
219 504 47 22 icke
282 506 82 20 ansetts
379 511 52 15 vara
446 505 22 21 af
482 504 102 22 behofvet
598 504 109 27 påkallad.

143 538 48 21 Den
213 538 85 27 Nådiga
321 539 161 26 propositionen
497 538 142 22 sönderfaller
654 538 7 20 i
677 544 37 15 sex
729 538 88 26 kapitel,

76 571 23 22 af
113 572 74 21 hvilka

144 606 56 27 Kap.
216 605 24 27 1.,
257 612 45 15 som
317 607 40 20 har
371 606 35 21 till
421 606 126 21 öfverskrift
557 606 51 27 ,Om
616 606 105 27 rättighet
729 607 32 20 att
767 606 52 21 idka

77 639 79 22 handel
179 640 39 21 och
234 641 65 20 annat
314 640 163 27 näringsyrke,*
492 640 101 21 omfattar
608 639 24 28 $$
648 641 69 20 1—15
733 640 39 21 och
787 639 31 21 in-

76 673 98 22 nehäller
185 674 135 27 stadganden
335 674 111 27 angående
462 674 96 22 vilkoren
572 674 33 21 för
621 674 117 21 utöfvande
752 673 23 22 af
782 675 36 19 nä-

75 707 112 27 ringsrätt.

145 741 10 21 I
178 741 11 28 8
213 743 11 20 1
247 742 80 21 uttalas
351 742 41 21 den
407 742 107 21 allmänna
529 742 82 27 princip
626 743 33 20 att
673 742 74 27 hvarje
762 742 55 21 finsk

76 775 149 28 medborgare,
240 782 49 15 man
305 776 52 21 eller
372 776 85 27 gvinna,
472 778 25 19 är
512 776 122 27 berättigad
649 777 33 20 att
697 776 70 21 drifva
783 776 36 21 det

78 809 149 27 näringsyrke,
251 809 43 22 han
317 810 53 21 eller
383 810 44 21 hon
442 810 34 21 för
490 810 53 26 godt
558 809 74 27 finner,
648 810 119 27 hvarjemte
781 810 39 21 der

77 842 63 21 äfven
154 843 63 26 ingär
232 849 26 16 en
268 843 135 27 bestämning
419 843 110 27 angäende
543 843 79 21 vidden
637 843 24 21 af
674 843 41 21 den
723 843 97 26 närings-

77 878 51 25 rätt,
144 883 46 15 som
204 877 8 21 i
226 877 155 27 förordningen
395 877 65 22 afses.

145 911 34 21 Dä
194 911 41 22 den
250 911 86 27 Nädiga
349 911 163 27 propositionen
526 911 121 22 emellertid
661 911 48 22 icke
724 911 95 21 innehäl-

77 945 32 22 ler
132 945 128 27 uttryckligt
281 945 119 27 stadgande
416 945 79 26 derom,
511 947 33 19 att
558 945 52 21 flera
625 945 67 26 yrken
709 945 111 26 samtidigt

78 979 22 21 få
115 979 24 21 af
152 985 26 15 en
193 985 79 21 person
287 979 92 27 utöfvas,
395 979 40 22 har
450 979 113 26 utskottet,
580 981 51 19 enär
645 979 174 21 bortlemnandet

78 1013 23 21 af
122 1013 76 26 denna,
221 1013 7 21 i
251 1013 11 28 8
285 1013 13 22 8
317 1013 24 22 af
354 1013 100 27 gällande
468 1013 125 27 näringslag
607 1013 106 26 ingående
728 1013 92 21 bestäm-

78 1046 60 27 ning,
156 1047 102 26 möjligen
274 1047 72 22 kunde
361 1047 112 22 föranleda
487 1047 34 21 till
536 1047 191 26 missuppfattning
742 1046 23 21 af
778 1046 42 21 för-

79 1080 133 27 fattningens
235 1081 86 27 mening
343 1081 7 21 i
366 1081 70 22 denna
452 1081 40 26 del,
508 1081 112 26 föreslagit
635 1082 32 19 att
682 1082 33 20 ett
728 1081 93 20 motsva-

79 1115 67 22 rande
169 1116 119 27 stadgande
311 1116 84 27 intages
419 1116 8 21 i
443 1115 11 28 $
469 1116 20 20 1.
519 1115 50 21 Med
584 1115 101 21 afseende
700 1115 47 21 åter
762 1115 57 25 derå,

79 1152 33 19 att
127 1150 12 21 å
154 1150 108 21 särskilda
277 1151 78 20 ställen
369 1151 7 20 i
392 1149 244 28 författningsförslaget
651 1149 110 27 uttrycket
771 1149 50 27 ,lof-

79 1183 41 28 ligt
135 1184 153 27 näringsyrke*
302 1184 126 27 begagnats,
444 1185 52 20 utan
512 1185 32 19 att
559 1183 119 26 förklaring
686 1183 90 20 lemnats
787 1188 34 15 om

81 1217 126 27 betydelsen
229 1217 23 22 af
274 1218 123 26 detsamma,
413 1217 39 22 har
464 1217 80 27 jemväl
559 1221 41 17 den
615 1218 98 19 närmare
728 1216 93 21 bestäm-

79 1251 59 27 ning,
162 1253 32 19 att
216 1252 83 26 näring,
318 1251 34 22 för
374 1253 32 20 att
428 1251 22 22 få
471 1251 92 26 utöfvas,
579 1251 55 21 skall
650 1256 51 15 vara
715 1250 49 21 med
779 1250 42 27 god

79 1285 39 22 sed
132 1285 98 28 förenlig,
246 1287 83 20 ansetts
344 1286 53 21 böra
412 1285 7 22 i
435 1285 69 22 denna
519 1285 12 27 $
546 1285 56 26 ingå.

148 1319 11 27 $
181 1320 15 20 2
216 1319 121 22 innehåller
358 1319 137 22 föreskrifter
516 1325 34 15 om
573 1319 56 20 hvad
647 1324 102 20 personer
771 1319 49 21 med

80 1352 125 22 obefläckad
227 1353 56 26 frejd
310 1353 39 21 och
372 1353 64 26 bolag
451 1353 65 20 hafva
534 1354 32 19 att
580 1351 99 27 iakttaga
693 1352 65 21 innan
773 1352 48 21 med

80 1386 118 22 utöfvande
220 1387 22 21 af
263 1386 142 27 näringsyrke
420 1387 98 26 vidtagas
534 1386 38 21 får.
602 1385 10 21 I
628 1385 77 21 sådant
720 1385 101 22 afseende

80 1420 112 28 påbjudes,
207 1421 66 21 bland
288 1422 72 25 annat,
376 1421 33 21 för
425 1421 42 21 alla
482 1421 54 25 dem,
551 1425 45 16 som
611 1419 52 28 vilja
676 1419 53 22 idka
744 1419 78 22 handel

80 1455 55 23 eller
158 1461 71 16 annan
252 1455 87 22 dermed
362 1455 94 21 likartad
478 1454 81 22 rörelse
568 1454 12 21 i
595 1456 69 25 öppen
679 1454 50 26 bod,
744 1454 77 21 kontor

150 1502 125 17 Sammansatta
288 1501 37 23 Log
337 1501 30 18 och
379 1500 84 18 Ekonomi
475 1501 88 17 utskottets
576 1500 104 17 betänkande
691 1499 35 18 N:o
739 1499 17 18 3.

844 741 38 24 81

847 1318 7 23 g
869 1319 16 16 2.
