1317 1711
690 125 50 21 N:o
756 125 47 22 ?S.
1076 125 13 20 9

374 193 48 26 mål,
443 193 12 21 1
471 193 70 27 kappe
556 192 67 27 hafre,
639 193 13 21 2
667 193 107 27 skålpund
789 195 57 20 smör
861 194 40 21 och
916 194 13 20 1
944 194 107 27 skålpund
1063 195 52 26 talg,

375 228 56 19 samt
445 227 92 20 kontant
552 227 33 20 för
600 227 97 26 Nylands
712 227 36 21 län
763 227 27 20 16
805 227 76 26 kopek,
897 227 34 21 för
946 222 47 27 Åbo
1009 228 39 21 och
1056 227 63 26 Björ-

373 261 94 26 neborgs
481 260 35 21 län
532 261 28 20 12
574 260 76 27 kopek,
666 260 33 21 för
714 261 132 21 Tavastehus
857 261 36 20 län
908 262 27 19 20
950 261 77 26 kopek,
1039 261 34 20 för
1085 261 32 21 S:t

373 293 91 21 Michels
483 293 36 21 län
534 294 27 20 24
576 293 77 27 kopek,
669 293 33 21 för
718 294 86 26 Kuopio
819 294 35 21 län
869 294 28 21 26
912 294 77 27 kopek,
1004 294 33 21 för
1052 294 65 22 Wasa

372 327 36 21 län
423 328 28 20 22
466 327 70 27 kopek
552 327 39 21 och
606 327 34 21 för
656 327 121 27 Uleåborgs
793 328 35 20 län
843 329 27 20 25
885 328 77 26 kopek.

440 362 109 26 Derjemte
564 362 67 20 borde
647 362 41 20 den
704 361 23 21 af
740 362 100 21 Komitén
856 362 123 26 föreslagna
990 362 127 27 förändring

372 396 23 20 af
409 395 127 22 skattetalet
552 395 86 25 ,rubel"
655 396 40 21 och
712 396 95 27 ,kopek”
823 396 33 22 till
872 396 85 28 skatt"
973 396 49 21 med
1037 396 79 22 fördel-

371 430 52 26 ning
441 430 7 21 i
467 430 141 26 tiondedelar,
624 430 70 22 såsom
710 431 40 21 ock
764 430 109 28 förslagen
889 437 34 15 om
937 430 132 28 mellangifts
1084 437 32 15 er-

372 464 106 26 täggande
494 464 6 20 i
516 464 27 21 de
557 464 45 26 fall,
618 464 28 21 då
660 464 58 22 årets
734 466 129 25 markegång
879 467 24 19 är
917 466 60 26 lägre
993 467 26 19 än
1036 465 79 21 medel-

371 498 165 27 markegången,
556 498 93 26 förfalla,
668 501 56 19 samt
739 500 130 26 stadgandet
883 500 7 20 i
907 499 76 27 Kongl.
1000 499 115 27 kungörel-

371 538 38 16 sen
425 533 41 20 den
481 533 28 20 22
523 532 45 22 Juli
584 533 54 20 1803
654 539 34 15 om
704 533 129 27 erläggande
845 533 22 21 af
878 533 70 21 forlön
961 534 96 26 qvarstå;
1067 539 47 15 men

371 566 97 21 deremot
486 566 64 21 hafva
568 566 157 21 Kamrerarene
745 567 106 26 tillstyrkt
866 567 75 26 nådigt
957 567 157 26 godkännande

370 600 24 21 af
411 600 113 22 Komiténs
539 600 88 27 förslag,
644 603 32 19 att
690 601 138 26 persedlarne
843 602 7 20 i
863 601 196 27 jordeboksräntan
1075 601 40 20 och

371 634 43 21 alla
433 634 7 21 i
460 635 37 20 säd
514 635 115 21 bestämda
644 635 84 22 skatter
743 635 34 22 till
792 635 82 21 kronan
890 635 40 22 och
944 635 170 26 indelningshaf-

370 674 51 15 vare
429 668 69 21 skulle
506 668 106 21 beräknas
622 669 54 21 efter
684 669 81 21 femton
774 669 34 22 års
814 669 201 26 medelmarkegång
1021 670 55 19 samt
1081 670 33 19 att

370 702 78 21 endast
464 702 73 21 halfva
556 703 101 26 beloppet
672 703 23 21 af
708 703 187 26 räntespanmålen
911 703 40 21 och
966 703 75 20 hafren
1057 702 57 27 finge

370 735 23 22 af
406 737 137 26 räntetagare
557 737 34 20 till
607 737 121 26 leverering
743 737 22 20 in
780 739 78 19 natura
873 736 85 22 fordras
974 737 39 21 och
1029 737 22 20 af
1065 738 47 19 rän-

369 771 106 26 tegifvare
493 771 107 26 erbjudas,
622 770 110 22 äfvensom
753 773 32 19 att
803 771 70 22 forlön
888 771 47 22 icke
951 771 70 21 skulle
1036 770 76 22 beräk-

368 811 39 14 nas
423 804 34 21 för
472 805 66 26 högre
553 805 86 27 belopp,
655 807 27 19 än
698 805 37 21 det
750 806 61 20 som
800 800 12 36 i
822 805 93 22 kontant
931 805 96 26 erlägges
1036 805 23 21 af
1069 805 40 20 den

369 838 34 21 till
418 838 120 26 leverering
553 838 87 21 tillåtna
655 839 125 26 spanmålen
798 839 43 21 och
856 839 82 20 hafren.

435 872 101 20 Derefter
551 872 170 21 öfverlemnades
730 872 60 21 detta
797 872 80 21 ärende
885 872 34 21 till
926 872 86 21 landets
1025 871 24 21 år
1057 871 54 21 1867

367 905 131 21 församlade
513 905 105 21 Ständers
626 906 132 26 behandling
764 906 66 26 jemte
839 906 66 26 nådig
913 905 141 27 proposition,
1064 905 47 21 der-

368 939 32 21 uti
415 939 60 21 Hans
489 940 121 26 Kejserliga
626 940 101 26 Majestät
742 940 27 26 på
785 941 108 26 upptagna
909 940 46 20 skäl
969 939 95 27 föreslog
1080 941 33 19 att

368 974 90 21 ärendet
466 974 19 26 ej
493 974 67 21 måtte
569 973 37 22 vid
612 980 81 15 samma
701 974 132 26 landtdagaf
840 974 122 21 Ständerna
967 974 144 26 slutligen
1078 969 36 36 be-

368 1008 90 21 handlas
464 1009 51 20 utan
522 1008 82 21 lemnas
610 1008 114 25 beroende,
732 1008 109 21 äfvensom
849 1009 32 20 att
887 1014 25 15 en
919 1008 94 21 särskild
1019 1008 92 25 Komité,

368 1044 141 20 sammansatt
527 1042 23 21 af
566 1048 102 20 personer
689 1042 47 21 dem
758 1042 108 27 Regering
885 1042 40 22 och
945 1041 93 22 Ständer
1056 1042 55 26 ägde

367 1076 34 21 till
419 1075 45 22 lika
479 1076 58 21 antal
552 1076 108 21 hvardera
674 1077 55 25 utse,
746 1076 69 21 skulle
831 1076 6 21 i
848 1075 137 28 Helsingfors
997 1075 48 22 stad
1057 1081 54 16 sam-

367 1110 120 26 manträda,
505 1110 33 21 för
554 1111 32 20 att
601 1111 99 20 närmare
715 1110 105 27 genomgå
834 1110 40 21 och
890 1109 93 27 granska
998 1109 26 22 de
1039 1109 72 22 aflem-

368 1144 55 21 nade
441 1144 108 26 förslagen
565 1144 39 21 och
620 1144 26 20 de
662 1144 149 26 uträkningar,
825 1143 82 27 hvarpå
923 1144 108 20 desamma
1046 1149 65 20 grun-

368 1178 55 24 dats,
444 1177 65 27 jemte
533 1178 26 20 de
582 1179 57 19 emot
662 1177 48 21 dem
730 1178 75 26 gjorda
825 1177 173 26 anmärkningar,
1015 1178 55 20 samt
1084 1177 28 26 på

368 1212 70 26 grund
454 1210 22 22 af
491 1211 70 21 denna
576 1211 162 27 undersökning
754 1212 40 21 och
808 1211 49 21 med
872 1210 87 27 ledning
975 1210 23 22 af
1006 1210 69 22 under
1085 1210 26 20 ti-

367 1245 42 21 den
429 1251 85 15 vunnen
534 1244 123 22 erfarenhet
676 1245 72 21 derom
766 1246 55 20 huru
840 1245 41 21 den
903 1244 123 28 föreslagna
1041 1244 70 22 förän-

368 1278 67 22 drade
462 1279 181 26 undervisningen
671 1279 32 21 för
727 1279 216 26 räntepersedlarnes
965 1278 146 26 beräknande,

365 1312 94 28 jemförd
479 1313 48 21 med
547 1313 6 21 i
570 1313 76 22 sädant
663 1314 122 20 hänseende
800 1313 100 27 gällande
915 1312 196 27 beräkningsgrun-

369 1347 44 24 der,
429 1346 85 20 komme
532 1348 33 19 att
584 1347 83 25 utfalla,
688 1347 81 26 afgifva
786 1347 101 26 utförligt
905 1346 100 27 yttrande
1023 1352 34 15 om
1075 1347 36 19 be-

367 1380 64 20 rörde
446 1379 81 27 förslag
542 1381 56 19 samt
612 1380 108 20 huruvida
735 1380 37 21 det
786 1380 71 21 kunde
872 1380 8 20 i
895 1379 141 21 oförändradt
1051 1379 61 21 skick

369 1415 96 26 antagas,
482 1414 52 21 eller
549 1414 7 20 i
572 1416 66 20 annat
652 1414 38 22 fall
706 1416 97 25 uppgöra
818 1416 48 25 nytt
881 1413 138 28 fullständigt
1030 1412 80 28 förslag
