1061 1706
421 127 50 21 N:o
486 127 46 21 YS.

372 374 73 25 Hans
476 374 177 34 Kejserliga
684 375 160 34 Majestäts

307 413 87 33 nådiga
411 414 159 33 proposition
588 414 40 26 till
643 415 113 26 Finlands
769 417 73 25 Stän-

306 452 51 32 der,
377 454 126 32 angäende
521 454 148 26 förändrade
684 456 107 33 grunder
805 457 39 25 för

304 494 385 34 räntepersedle-omsättningen
707 496 7 24 i
734 496 92 27 landet,

168 567 41 20 Till
229 567 106 22 vinnande
354 567 23 21 af
394 568 124 27 förenkling
537 569 41 21 och
598 570 100 26 redighet
715 571 37 21 vid
767 572 75 20 beräk-

100 601 52 25 ning
168 600 38 21 och
222 601 99 26 uppbörd
337 601 22 21 af
373 602 41 21 den
428 602 204 27 jordlägenheterne
648 604 12 20 å
670 604 73 21 landet
753 606 91 25 päförda

101 634 153 26 grundräntan,
275 636 39 20 har
332 634 61 28 fräga
411 636 31 21 tid
463 636 55 21 efter
532 643 72 14 annan
619 638 56 20 varit
690 638 63 21 väckt
768 645 33 15 om
818 640 25 20 de

100 668 7 20 i
123 669 123 21 densamma
261 669 106 26 ingäende
381 669 156 27 mängfalldiga
551 672 57 19 samt
623 670 55 22 efter
693 672 58 21 olika
763 673 80 21 skatte-

99 702 31 21 tal
147 702 39 21 och
202 703 181 26 undervisningar
393 703 125 22 beräknade
529 704 149 27 persedlarnes
688 705 156 23 förvandlande

100 736 34 20 till
149 736 58 21 vissa
222 736 64 22 enkla
303 736 96 22 artiklar.
431 738 69 20 Sedan
517 738 107 21 särskilda
640 739 147 27 underdäniga
801 743 43 24 ytt-

102 770 82 21 randen
204 771 40 20 och
259 770 82 28 förslag
358 771 6 22 j
376 772 71 20 ämnet
458 772 72 20 blifvit
540 771 88 27 afgifna,
640 772 140 22 förordnades
791 775 53 21 slut-

99 805 57 27 ligen
172 810 76 20 genom
263 805 80 26 nädiga
356 805 124 21 manifestet
495 806 41 20 den
552 806 12 20 9
580 806 62 26 April
658 807 36 25 (28
709 808 68 26 Mars)
789 809 55 21 1840

99 840 32 19 att
146 838 71 22 denna
232 838 134 27 grundräuta
381 838 69 22 skulle
461 839 107 21 beräknas
581 839 55 21 efter
646 840 32 20 ett
686 840 89 22 allmänt
786 842 59 22 skat-

99 873 60 25 tetal,
179 872 105 27 ,rubeln,*
300 873 40 20 och
355 878 26 16 en
397 873 55 21 enda
466 874 265 27 persedle-undervisning
746 876 33 20 för
794 876 48 21 hela

98 907 80 25 landet,
199 907 47 20 med
266 906 110 27 undantag
395 906 24 21 af
436 906 100 27 Wiborgs
550 907 36 21 län
602 907 39 21 och
656 907 46 21 före
717 908 61 22 detta
792 909 52 21 Tor-

99 940 40 21 neä
154 940 67 21 härad
236 940 23 20 af
272 940 119 26 Uleäborgs
407 940 43 25 län,
464 940 88 26 införas,
568 940 40 21 och
624 942 32 19 att
671 940 41 21 den
732 941 63 21 häraf
803 942 39 21 föl-

96 974 66 26 jande
182 974 268 26 persedle-omsättningen
472 974 66 20 borde
560 974 95 26 grundas
676 974 28 27 pä
723 975 119 27 beräkning

99 1008 23 21 af
139 1007 201 27 medelmarkegäng
358 1007 34 21 för
410 1008 27 20 de
457 1008 79 20 femton
556 1008 52 20 ären
630 1008 139 22 1825—1839
788 1012 54 18 samt

99 1043 32 20 att
153 1044 77 18 räntan
252 1042 33 20 för
308 1041 36 20 det
365 1041 92 21 sålunda
477 1042 7 20 i
505 1042 61 20 rubel
588 1042 112 20 bestämda
715 1042 127 22 skattetalet

99 1076 83 21 komme
198 1076 32 20 att
244 1075 94 21 fördelas
353 1075 70 20 under
438 1075 40 20 fem
495 1075 108 21 särskilda
613 1075 111 26 jrubriker,
735 1077 106 26 nemligen

99 1109 103 27 spanmä!l,
226 1109 82 21 hälften
327 1108 38 27 råg
385 1109 39 21 och
443 1109 82 21 hälften
544 1109 61 25 korn,
626 1109 69 26 hafre,
715 1112 63 24 smör,
796 1111 47 26 talg

99 1144 40 21 och
154 1143 104 21 kontanta
273 1143 125 26 penningar.
428 1143 155 21 Förhållandet
598 1143 92 21 emellan
705 1143 63 22 dessa
784 1145 5 20 i
801 1144 40 21 den

98 1184 43 21 nya
160 1177 182 26 undervisningen
360 1177 105 26 ingående
485 1177 111 26 persedlar
611 1176 47 21 blef
671 1183 76 20 genom
762 1177 80 28 nådiga

99 1212 144 26 kungörelsen
258 1211 24 20 af
295 1211 41 20 den
352 1212 12 19 5
380 1211 58 20 Mars
454 1211 54 21 1841
524 1213 98 18 närmare
632 1210 100 21 bestämd
745 1211 96 26 sålunda,

99 1247 33 19 att
151 1245 10 20 1
184 1245 134 21 skatterubel
338 1244 69 21 skulle
433 1246 88 25 utgöras
540 1245 23 20 af
586 1246 12 19 3
614 1244 82 26 kappar
711 1245 102 26 spanmä!,
829 1246 12 20 1

98 1280 71 26 kappe
187 1279 69 25 hafre,
276 1280 12 19 3
309 1278 106 27 skälpund
431 1281 62 24 smör,
509 1280 14 20 2
537 1278 108 27 skälpund
659 1278 46 27 talg
719 1281 56 18 samt
789 1279 53 22 kon-

99 1314 62 20 tanta
175 1313 119 25 penningar
308 1312 35 21 till
357 1312 95 27 följande
467 1313 85 26 belopp,
563 1313 108 25 nemligen
681 1312 7 20 i
699 1312 96 27 Nylands
806 1313 34 21 län

99 1346 28 20 10
146 1345 76 26 kopek,
242 1345 7 21 i
269 1340 47 26 Åbo
332 1345 40 21 och
386 1345 145 26 Björneborgs
547 1345 35 20 län
598 1347 12 19 5
626 1345 77 26 kopek,
718 1345 7 20 i
741 1345 100 22 Tavaste-

99 1379 41 21 hus
154 1378 37 21 län
206 1379 26 20 15
248 1378 76 27 kopek,
340 1379 7 20 i
363 1378 31 21 S:t
409 1379 90 21 Michels
514 1379 35 20 län
564 1379 28 20 20
606 1377 77 28 kopek,
694 1378 7 21 i
711 1378 83 26 Kuopio
805 1379 36 20 län

99 1414 27 21 24
142 1412 77 27 kopek,
239 1413 3 20 i
257 1412 65 22 Wasa
337 1413 35 21 län
388 1413 26 21 17
430 1413 70 26 kopek
515 1413 40 22 och
569 1413 8 20 i
592 1412 120 26 Uleäborgs
721 1412 35 21 län
767 1413 27 20 22
804 1412 37 23 ko-
