1059 1714
300 140 28 19 U.
344 140 30 19 B.
391 151 24 3 —
432 142 81 23 Prop.
528 143 48 19 N:o
590 144 36 18 25.
777 144 26 20 35

156 201 70 20 tarens
241 199 63 27 helsa,
320 200 8 20 i
343 200 76 22 hvilket
434 202 96 28 afseende
545 203 67 21 sådan
628 204 130 29 minderårig
779 207 54 19 natt-

158 234 94 21 arbetare
268 234 42 27 bör,
318 236 63 20 minst
395 242 24 14 en
432 237 58 28 gång
506 244 32 14 om
554 238 50 26 året,
620 238 136 22 underkastas
774 238 58 22 läka-

157 268 145 28 rebesigtning.

462 327 12 27 8
493 327 33 21 35.

226 364 142 26 Oförändrad,
383 366 59 20 utom
457 366 54 22 sista
525 367 115 27 meningen
654 367 8 21 i
676 374 62 15 mom.
755 368 19 26 1,
787 374 46 15 som

156 398 44 20 blir
214 398 127 27 sålydande:

224 432 120 28 Lärlingar
358 432 37 21 och
410 434 68 20 andra
493 434 96 21 arbetare
604 434 28 28 af
643 434 59 21 såväl
716 442 61 14 man-
790 443 44 13 som

157 465 103 29 gvinnkön
276 467 44 26 äro,
335 466 34 21 till
384 467 44 21 dess
442 468 25 20 de
480 468 58 28 fyllt,
555 468 25 21 de
593 468 59 28 förre
666 469 86 21 aderton
760 470 37 20 och
808 470 25 20 de

156 500 86 20 sednare
256 500 80 28 fjorton
351 501 35 20 års
401 501 66 27 ålder,
483 502 153 22 underkastade
650 503 84 29 måttlig
752 510 42 22 aga
808 504 27 28 af

155 534 149 29 yrkesidkaren
326 534 48 22 eller
390 535 38 22 den
444 536 51 21 hans
510 536 60 22 ställe
584 536 129 29 företräder;
728 538 51 21 dock
796 538 36 21 må

157 569 67 20 sådan
239 569 93 21 tilldelas
347 570 72 21 endast
433 571 8 20 i
456 571 92 21 närvaro
563 571 28 28 af
603 572 109 28 omyndigs
729 572 102 21 målsman

158 603 49 21 eller
222 603 117 21 tillkalladt
354 605 68 20 vittne.

462 661 12 27 8
494 661 34 21 36.

423 700 143 21 Oförändrad.

463 763 11 27 8
494 763 33 20 37.

225 801 11 21 I
258 801 67 27 öfrigt
345 801 131 22 oförändrad
497 804 61 20 utom
580 804 33 20 att
628 802 68 22 första
711 803 40 21 och
766 803 68 22 andra

157 835 123 27 punkterna
294 835 68 22 blifva
376 836 130 27 sälydande
495 831 15 36 :

226 869 30 21 1:0
270 870 40 27 gör
323 870 33 27 sig
371 869 83 29 skyldig
469 870 34 21 till
516 870 94 29 tjufnad,
622 870 108 29 bedrägeri
740 871 49 21 eller
796 879 38 13 an-

158 911 42 13 nan
216 903 108 28 oärliyhet,
340 903 119 29 uppträder
474 904 130 29 öfverlastad
618 905 14 20 å
647 904 141 27 arbetsstället,
804 905 30 21 el=

158 937 30 21 ler
203 937 31 21 dit
249 937 81 29 medför
345 937 72 22 starka
432 938 99 28 drycker;

225 971 35 21 2:0
274 972 58 20 visar
346 972 114 28 upprepad
475 972 93 29 olydnad
582 975 42 18 mot
630 972 148 29 yrkesidkaren
786 972 51 21 eller

158 1005 39 21 den
213 1005 51 21 hans
278 1005 60 22 ställe
352 1005 124 29 företräder,
500 1006 50 22 eller
558 1006 80 22 tillåter
648 1007 32 27 sig
687 1006 148 28 handgriplig-

159 1040 33 21 het
214 1040 48 21 eller
279 1040 54 29 grof
350 1040 159 29 förolämpning
528 1044 42 18 mot
584 1041 47 21 dem
647 1041 49 21 eller
710 1041 86 21 medlem
810 1041 29 28 af

160 1074 60 21 deras
234 1074 106 30 familjer;

466 1132 11 27 8
496 1132 34 21 38.

228 1170 137 22 Oförändrad
386 1173 60 20 utom
468 1173 33 20 att
523 1172 63 22 ordet
608 1171 112 22 "aflönad*
743 1172 7 21 i
762 1172 74 27 fjerde

160 1204 96 27 punkten
271 1205 88 27 utbytes
374 1207 67 20 emot:
456 1206 100 20 anställd.

465 1262 12 27 8
493 1262 33 21 39.

229 1300 136 22 Oförändrad
379 1301 8 21 i
402 1300 72 28 öfrigt,
489 1303 60 20 utom
564 1302 33 20 att
607 1301 66 21 orden
686 1301 151 27 *sysselsättes

160 1334 50 21 med
224 1336 66 19 annat
305 1335 87 20 arbete"
408 1335 6 20 i
425 1335 69 21 första
501 1336 97 25 punkten
606 1336 92 20 ersättes
705 1335 59 21 med:
777 1334 59 27 äläg-

159 1374 35 20 ges
209 1370 65 18 annat
289 1367 79 21 arbete.

468 1425 11 27 8
495 1426 33 20 40.

428 1465 142 22 Oförändrad.

164 1513 124 17 Sammansatta
302 1512 37 23 Lag
351 1512 29 19 och
392 1512 84 18 Ekonomi
488 1513 89 17 utskottets
590 1512 104 17 betänkande
706 1511 34 18 N:o
753 1511 16 16 3.
