1042 1711
349 134 62 21 Stånd.
428 134 31 21 Sv.
475 145 25 11 —
515 133 54 28 Prop.
584 132 32 22 N:o
631 132 32 23 23.
837 132 11 19 7

126 196 134 29 bestämning
272 197 78 27 jemväl
365 197 74 21 härom
454 197 79 21 ansetts
547 195 8 22 i
570 195 69 22 denna
653 195 12 28 &
679 193 70 28 nödig,
767 193 110 22 hvarutom

128 231 46 22 deri
188 230 61 22 äfven
264 231 65 22 borde
344 231 48 27 ingå
407 230 76 22 förbud
497 232 44 19 mot
555 228 122 30 försäljning
691 227 23 23 af
725 227 22 22 öl
756 227 39 22 och
805 228 73 27 porter

128 264 23 22 af
163 271 81 15 annans
258 264 134 26 tillverkning
407 264 35 21 vid
456 264 66 21 sädan
536 263 77 22 handel
626 262 9 21 i
648 262 53 22 stad.

196 298 32 21 På
242 298 62 22 ofvan
318 298 88 22 anförda
420 297 46 22 skäl
480 296 62 22 hafva
556 296 119 22 Ständerna
689 294 60 28 gifvit
763 294 17 28 $
790 294 26 22 21
834 293 44 22 eni

127 331 94 28 enlighet
234 331 88 22 härmed
338 331 86 22 affattad
439 331 83 28 lydelse.

196 366 10 22 I
220 373 62 15 mom.
299 367 12 20 2
328 366 22 22 af
362 366 12 27 $
388 366 34 26 27,
438 365 58 21 hvari
512 363 192 27 arbetareförening
714 362 80 23 lemnas
804 361 73 27 rättig-

126 400 38 22 het
178 402 32 20 att
224 400 76 28 invälja
315 400 137 22 medlemmar
466 400 7 20 i
488 398 158 28 skiljedomstol,
661 404 46 15 som
724 403 50 21 eger
783 397 32 21 att
825 402 52 21 upp-

126 436 51 26 taga
192 435 39 22 och
249 434 72 28 afgöra
336 434 76 28 frågor,
428 434 89 22 rörande
533 433 97 27 oenighet
645 432 39 22 och
699 432 74 21 tvister
787 430 90 22 emellan

124 469 138 28 yrkesidkare
284 468 40 23 och
346 469 60 22 deras
429 469 102 26 arbetare,
553 467 63 23 hafva
637 466 119 23 Ständerna
777 466 54 20 trott
845 464 32 27 sig

126 504 53 22 böra
200 503 68 23 införa
286 504 39 21 den
340 506 96 19 närmare
451 502 137 27 bestämning,
604 502 31 22 att
649 500 67 22 sådan
731 500 77 22 valrätt
822 497 54 23 skall

126 538 118 22 tillkomma
259 538 74 22 endast
348 537 7 23 i
370 538 48 27 laga
433 538 87 26 ordning
535 537 72 22 bildad
620 535 101 27 förening.

194 573 11 21 1
220 572 11 27 8
246 573 27 21 29
289 579 62 15 mom,
368 572 12 21 3
396 572 90 27 stadgas,
502 573 32 20 att
548 571 57 26 aftal,
621 576 76 22 genom
711 568 80 23 hvilket
805 573 71 22 omyn-

126 606 35 28 dig
176 606 7 21 i
198 606 72 23 arbete
286 606 51 22 eller
352 606 44 22 lära
414 608 92 25 antages,
521 606 39 21 och
575 611 52 20 som,
643 604 70 22 derest
727 603 43 22 han
785 602 31 27 sig
829 601 47 22 icke

123 647 79 21 genom
218 643 47 25 eget
280 641 72 22 arbete
367 640 105 27 försörjer,
487 640 33 22 för
534 640 78 22 honom
625 638 86 23 afslutas
722 637 21 22 af
751 637 53 22 hans
814 635 62 22 måls-

125 681 56 20 man,
196 675 8 21 i
218 675 62 27 ingen
295 675 100 22 händelse
410 674 32 22 får
456 675 95 22 sträckas
565 673 82 23 utöfver
662 673 41 22 den
717 671 31 23 tid
763 671 27 22 då
805 675 71 22 omyn-

126 709 35 28 dig
183 709 93 22 inträder
297 710 7 21 i
324 709 211 28 myndighetsåldern.
565 707 108 23 Ehuruväl
688 707 35 22 det
737 707 68 20 måste
819 704 58 22 med-

125 744 66 27 gifvas
214 751 50 15 vara
287 751 26 14 en
334 744 64 27 riktig
420 744 117 27 grundsats,
553 745 32 20 att
599 743 76 21 sådant
690 741 57 26 aftal,
763 740 26 22 då
805 739 36 22 det
856 738 21 22 af

126 778 103 22 målsman
250 778 93 27 afslutas,
366 778 7 21 i
393 778 114 21 allmänhet
520 778 46 21 icke
581 777 38 22 bör
634 776 21 22 få
670 775 129 23 öfverskrida
814 773 62 22 ofvan

125 812 85 28 angifna
232 813 104 27 tidpunkt,
359 819 61 20 synes
443 815 31 19 ett
496 812 83 22 absolut
601 810 116 28 stadgande
732 809 75 22 härom
822 807 54 22 dock

125 847 47 22 icke
186 853 51 15 vara
249 847 100 27 lämpligt.
381 847 41 21 Det
437 847 64 26 gifves
516 846 104 27 nemligen
635 845 104 22 särskilda
751 842 123 26 handtverk,

125 881 78 26 hvilka,
225 881 33 21 för
280 883 32 20 att
334 881 70 21 kunna
426 881 113 27 ordentligt
553 881 84 25 inläras,
653 879 95 22 erfordra
763 884 26 16 en
803 878 72 26 längre

124 916 33 21 tid
172 915 39 22 och
226 915 68 22 tillika
308 917 36 20 äro
360 915 23 22 af
396 915 39 22 den
451 915 154 27 ansträngande
615 915 40 25 art,
666 915 32 20 att
708 913 26 22 de
744 913 39 21 hos
793 912 82 22 arbeta-

124 956 39 16 ren
185 949 112 23 förutsätta
320 956 25 16 en
368 950 64 21 redan
452 956 58 15 mera
523 948 112 23 utvecklad
649 946 225 29 kroppskonstitution.

126 984 67 22 Dessa
207 984 46 22 skäl
268 984 7 21 i
289 984 95 27 förening
399 984 49 22 med
462 984 40 22 den
513 982 160 28 omständighet,
685 984 32 20 att
726 980 150 30 yrkesidkaren

123 1018 100 27 vanligen
237 1018 67 22 under
319 1018 25 22 de
359 1018 66 22 första
440 1019 50 21 åren
502 1018 40 22 har
552 1024 26 15 en
585 1016 151 28 jemförelsevis
746 1015 59 27 ringa
816 1016 60 26 nytta

126 1052 22 22 af
165 1052 175 26 lärlingsarbetet,
360 1053 61 21 torde
436 1052 61 22 äfven
512 1052 61 23 hafva
586 1051 105 23 föranledt
706 1050 40 22 den
761 1050 7 22 i
782 1050 94 27 proposi-

124 1087 74 22 tionen
220 1087 86 26 intagna
328 1087 131 27 bestämning
480 1089 32 20 att
531 1086 98 23 läroaftal
643 1086 72 21 kunna
729 1085 59 27 ingås
802 1085 33 21 för
849 1091 26 15 en

124 1121 34 21 tid
179 1121 22 21 af
222 1121 55 21 ända
298 1121 33 21 till
352 1121 41 21 fem
414 1121 29 21 år.
474 1121 30 21 Af
517 1120 153 22 ofvannämnda
684 1119 117 27 stadgande
815 1119 61 26 följer

124 1154 125 27 emellertid,
272 1157 32 19 att
322 1155 84 27 yngling
422 1154 39 22 bör
475 1156 48 26 ingå
537 1155 7 21 i
559 1155 46 21 lära
619 1156 70 20 senast
704 1154 35 21 vid
753 1154 74 21 sexton
841 1154 35 20 års

123 1188 67 22 ålder.
222 1188 71 22 Skulle
316 1189 53 21 dock
384 1189 68 27 hågen
466 1189 71 21 härför
551 1189 53 21 först
618 1195 74 15 senare
706 1188 75 26 vakna,
797 1187 79 21 hvilket

125 1222 47 22 icke
194 1222 68 22 sällan
283 1223 61 21 torde
366 1222 89 27 inträffa,
471 1223 67 21 blefve
553 1224 36 20 det
604 1222 153 26 otvifvelaktigt
772 1222 58 21 svårt
843 1221 34 21 för

125 1256 115 28 ynglingar,
264 1263 45 15 som
330 1256 131 22 öfverskridit
476 1257 111 27 nästsagde
602 1256 100 26 åldersår,
718 1258 33 20 att
765 1255 62 22 vinna
842 1262 35 14 an-

126 1290 105 28 ställning,
254 1293 51 19 enär
326 1291 150 27 yrkesidkaren
498 1291 119 28 antagligen
638 1291 7 21 i
667 1291 76 27 många
757 1290 37 22 fall
808 1289 68 22 skulle

125 1324 112 26 föredraga
259 1327 32 19 att
313 1326 99 25 antingen
434 1326 89 21 anställa
541 1331 66 21 yngre
621 1331 107 21 personer,
743 1324 49 22 med
806 1324 71 22 hvilka

126 1360 32 19 ett
179 1357 98 22 läroaftal
299 1359 27 26 på
341 1358 72 27 längre
428 1358 31 21 tid
474 1358 70 22 kunde
559 1358 72 26 slutas,
647 1358 57 26 eller,
720 1358 37 21 der
771 1364 59 16 mera
844 1359 32 19 ut-

124 1391 102 23 vecklade
241 1391 160 28 kroppskrafter
415 1392 33 22 för
461 1392 61 28 yrket
539 1392 138 27 erfordrades,
687 1392 133 21 införskrifva
829 1391 48 21 fullt

125 1426 110 22 utbildade
251 1426 112 22 utländska
378 1426 102 23 arbetare.
506 1426 117 23 Ständerna
637 1426 63 22 hafva
714 1426 82 22 derföre
807 1428 69 19 ansett

125 1460 110 23 läroaftals
251 1460 148 23 utsträekande
415 1460 81 23 utöfver
511 1460 205 29 myndighetsäldern
731 1460 52 22 böra
798 1459 78 24 tillåtas
