1059 1709
309 129 28 21 U.
351 128 28 22 B.
397 140 25 4 —
437 129 73 27 Prop.
525 129 46 22 N:o
585 130 38 22 25.
797 130 12 20 7

158 203 64 14 mom.
242 196 13 20 1
277 198 6 19 i
299 197 242 22 Utskottsbetänkandet
556 200 24 18 är
595 199 30 19 att
639 204 64 14 anses
717 198 72 21 säsom
804 204 31 14 er-

88 232 41 18 satt
139 231 27 19 af
179 231 151 21 motsvarande
345 237 66 15 mom.
429 232 12 19 1
457 232 6 19 i
479 232 95 20 nämnda
589 232 136 26 reservation,

157 276 64 15 mom.
238 271 14 20 2
266 269 72 22 såsom
353 272 64 19 ersatt
433 271 23 20 af
469 277 65 15 mom.
553 271 12 20 3
579 271 8 20 i
599 276 84 15 samma
690 271 143 25 reservation
825 265 12 36 ;

157 315 65 15 mom.
245 310 13 20 3
273 309 72 22 säsom
360 311 65 19 ersatt
440 310 23 20 af
475 317 65 14 mom.
557 310 14 20 2
585 310 8 20 i
607 310 169 23 reservationen,
793 309 40 21 och

157 349 66 15 mom.
240 344 12 19 4
269 343 71 22 säsom
355 343 107 21 uteslutet.

155 400 99 21 Emedan
277 401 118 20 Utskottets
417 401 24 20 af
460 401 159 27 Ridderskapet
637 401 39 20 och
697 400 71 21 Adeln
783 399 52 28 god-

88 434 73 21 kända
183 435 76 26 beslut,
284 436 30 19 att
337 435 148 27 berättigande
507 437 29 19 att
555 435 52 20 idka
626 435 79 20 handel
720 433 29 28 pä
763 433 74 21 landet

87 469 49 20 icke
154 469 69 21 skulle
238 470 104 20 innefatta
357 468 98 22 tillätelse
470 471 29 19 att
515 471 50 19 utan
581 469 178 21 landskommuns
774 467 61 22 med-

62 511 3 3 *
88 503 101 27 gifvande
211 503 111 21 derstädes
342 503 29 21 till
391 505 46 20 salu
452 503 57 21 hålla
525 504 20 21 öl
561 503 52 21 eller
628 507 71 23 porter
714 503 24 20 af
751 507 84 16 annans

88 537 143 27 tillverkning,
256 537 69 28 ligger
347 538 100 26 emellan,
469 537 14 21 &
502 544 41 14 ena
559 537 68 26 sidan,
645 535 191 28 Borgareständets

88 571 77 27 beslut,
188 572 65 26 enligt
272 572 81 20 hvilket
367 573 20 20 öl
403 573 39 20 och
458 573 72 26 porter
544 571 58 26 finge
617 572 23 20 af
652 569 185 22 landthandlande

88 605 105 28 försäljas,
214 607 50 19 utan
283 608 28 18 att
326 606 178 21 landskommuns
519 605 152 26 medgifvande
687 604 68 21 dertill
771 603 64 21 erfor-

89 639 85 26 drades,
195 640 47 26 och,
262 639 29 28 pä
307 640 42 21 den
365 640 69 21 andra
449 640 69 26 sidan,
535 640 83 20 Preste-
634 640 55 19 samt
703 635 132 24 Bondestän-

89 673 53 21 dens
162 673 76 27 beslut,
258 673 29 28 pä
302 675 70 26 grund
388 674 77 21 hvaraf
475 673 81 28 jemväl
572 673 125 27 försäljning
712 673 24 20 af
748 671 20 22 öl
784 671 52 21 eller

88 710 72 23 porter
175 709 46 19 utaf
235 715 50 20 egen
301 709 137 26 tillverkning
452 714 53 15 vore
519 707 122 28 förbjuden,
659 705 123 22 hemställer
797 705 38 21 Ut-

89 743 78 20 skottet
181 742 122 21 vördsamt:

225 792 30 17 att
278 788 91 26 Preste-,
393 788 110 28 Borgare-
523 788 37 22 och
584 786 165 23 Bondeständen
763 784 70 25 måtte,

156 822 49 21 med
219 822 135 28 frängäende
371 822 27 28 af
409 822 50 22 sina
473 822 144 28 förenämnda
633 820 73 26 beslut,
718 819 117 29 godkänna

158 856 14 29 $
188 857 34 22 21
238 864 61 15 mom.
319 858 11 21 1
347 857 65 29 enligt
431 856 108 23 Utskottets
554 855 92 29 förslag.

158 915 64 20 Mom.
242 915 15 20 2
271 917 25 18 är
310 916 7 19 i
332 915 39 20 sak
386 914 112 27 godkändt
513 915 24 20 af
549 916 32 18 tre
597 911 74 28 Ständ,
689 917 49 16 men
754 917 47 15 som
816 911 24 20 af

90 949 64 21 dessa
174 949 75 20 endast
267 948 36 21 två
319 948 77 21 Ständs
411 948 71 21 beslut
497 949 30 20 till
541 949 83 20 föormon
640 947 33 20 för
688 945 49 22 dess
752 944 84 26 ordaly-

91 983 61 20 delse
173 982 122 27 föreligger,
320 983 79 20 medan
423 988 83 15 samma
524 988 75 18 mom.,
617 980 66 26 enligt
697 980 36 20 det
747 978 88 27 tredjes,

91 1017 53 20 eller
165 1016 178 27 Bondeständets,
363 1017 69 20 beslut
451 1015 38 22 fått
503 1022 26 15 en
546 1021 35 15 om
597 1015 40 20 ock
653 1013 118 27 obetydligt
786 1011 51 22 afvi-

90 1051 74 20 kande
178 1051 91 26 lydelse,
287 1050 134 21 hemställes
413 1046 12 36 :

227 1099 31 18 att
272 1103 61 14 mom.
351 1095 18 21 2
385 1094 26 29 af
425 1096 18 25 $
458 1095 33 20 21
504 1094 62 22 mätte
577 1093 28 27 af
612 1093 110 28 Borgare-
731 1091 37 21 och
780 1091 57 20 Bon-

160 1129 116 22 deständen
298 1129 129 28 godkännas
446 1129 48 20 med
513 1129 40 20 den
569 1126 78 29 lydelse
666 1125 109 23 Utskottets
790 1123 47 29 för-

160 1163 47 28 slag
222 1162 126 23 innehäller.

160 1220 121 22 Innehället
302 1221 23 20 af
345 1226 66 15 mom.
431 1221 13 19 3
461 1220 7 20 i
483 1219 118 21 Utskottets
616 1218 79 26 förslag
710 1216 69 21 mäste
794 1214 46 21 äter

92 1261 64 16 anses
178 1261 52 14 vara
252 1255 24 20 af
291 1254 42 20 alla
349 1252 67 23 Ständ
431 1253 117 28 godkändt,
566 1252 69 21 ehuru
651 1249 96 22 Ständen
762 1249 77 21 beträf-

92 1289 66 22 fande
173 1290 48 20 dess
237 1288 136 26 ordalydelse
387 1289 86 20 stannat
487 1288 7 19 i
508 1286 122 27 skiljaktiga
645 1285 81 26 beslut;
743 1284 41 21 och
792 1289 47 15 som

92 1324 161 25 Ridderskapet
274 1323 40 20 och
338 1322 68 21 Adeln
429 1323 70 19 ansett
521 1328 27 13 en
572 1319 128 27 motsägelse
722 1318 117 21 förefinnas

93 1357 92 21 emellan
202 1356 149 26 stadgandena
366 1355 6 20 i
388 1355 57 20 detta
461 1354 39 21 och
516 1352 144 27 nästföljande
673 1352 102 24 moment,
786 1351 55 19 samt

94 1391 36 21 det
152 1390 65 27 enligt
238 1390 118 20 Utskottets
379 1389 55 26 äsigt
456 1394 52 14 vore
527 1386 128 28 lämpligare
673 1386 30 19 att
717 1384 51 20 med
784 1383 57 21 detta

95 1426 96 20 moment
213 1424 96 26 företaga
328 1424 42 20 den
390 1421 161 27 förtydligande
566 1419 167 27 omredigering,
750 1418 91 20 Ridder-

95 1460 77 26 skapet
194 1458 39 22 och
255 1457 71 21 Adeln
346 1463 79 21 genom
440 1455 123 21 äterremiss
579 1455 24 20 af
614 1460 65 14 mom.
697 1453 12 20 4
725 1452 58 21 velat
797 1452 44 20 haf-

120 1504 73 23 Bihang
206 1503 27 18 till
246 1503 102 18 Sammans.
363 1502 47 23 Lag-
423 1507 16 11 o.
449 1499 183 19 Ekonomiutskottets
645 1497 113 19 betänkande
769 1497 38 19 N:o
818 1492 24 32 3.
