1073 1714
233 139 12 19 2
519 138 53 22 N:o
590 138 52 22 22.

203 211 55 20 man,
276 212 46 15 som
338 205 111 21 förmädde
465 207 33 18 att
512 206 53 20 bära
581 212 25 14 en
621 205 55 26 bäge
687 205 32 20 till
731 206 65 25 skogs
808 206 38 20 och
858 205 97 21 använda

203 239 124 22 densamma
343 239 35 21 vid
390 239 68 26 jagt.*
890 237 5 6 N

276 291 4 9 ,
283 274 81 26 Under
379 275 143 25 nyssnämnde
539 274 58 21 sekel
613 273 39 22 och
667 275 56 19 ännu
739 274 60 26 långt
814 273 93 22 derefter
918 279 38 16 var

204 307 61 28 Ofligt
280 310 32 19 att
328 309 72 25 tingen
416 308 6 20 i
439 308 90 21 Finland
544 308 132 21 förrättades
690 308 39 21 hos
745 308 146 25 länsmannen,
902 307 54 22 hvil-

204 343 41 21 ken
268 343 36 20 vid
327 343 47 20 dem
397 342 112 21 underhöll
529 343 87 20 domare
632 342 39 21 och
685 343 80 20 nämnd
781 344 56 19 samt
852 342 23 21 af
889 341 67 22 sädan

205 377 114 26 anledning
341 375 42 22 fick
404 377 98 26 uppbära
524 376 193 27 tingsgästningen,
741 376 62 21 deraf
816 376 139 21 länsmannen

204 411 55 20 dock
276 416 62 21 synes
353 410 63 21 hafva
431 411 56 20 varit
501 410 120 21 förbunden
637 411 32 20 att
684 410 91 21 aflemna
790 417 25 14 en
830 411 34 20 del
875 410 33 21 till
919 411 37 20 hä-

203 445 176 26 radshöfdingen,
402 445 111 20 hvaremot
531 445 106 20 nämnden
652 445 47 20 icke
714 445 62 20 torde
790 444 65 21 hafva
870 445 86 20 erhällit

204 485 69 15 annan
292 479 142 26 godtgörelse,
455 481 27 18 än
500 479 47 21 fritt
562 479 114 26 uppehälle
691 479 68 20 under
774 479 74 26 tinget.
879 479 10 20 I
904 479 53 20 våra

204 513 70 20 äldsta
287 512 149 27 jordeböcker,
452 513 73 20 hvilka
541 513 75 21 datera
632 513 32 26 sig
680 513 47 20 från
743 513 80 20 medlet
838 512 22 21 af
875 519 81 14 samma

204 547 65 26 sekel,
293 547 75 20 finnes-
383 547 85 21 derföre
487 547 188 27 tingsgästningen
690 549 109 24 upptagen
815 547 68 20 under
898 547 58 20 läns-

203 583 145 23 mansräntan,
365 587 26 14 en
406 581 65 26 skatt,
487 581 86 20 hvilken
589 581 138 20 länsmannen
747 581 33 20 för
796 587 53 20 cgen
864 581 92 26 räkning

202 615 85 27 uppbar
309 615 49 20 med
381 615 121 27 skyldighet
525 617 33 19 att
581 615 60 21 deraf
655 614 90 22 aflemna
761 616 31 20 ett
808 621 25 15 en
849 615 57 26 gång
921 614 34 21 för

204 649 42 21 alla
269 649 109 21 bestämdt
399 650 77 25 belopp
496 650 33 20 till
545 649 125 26 konungens
686 649 167 26 uppbördsman,
869 650 85 26 fogden.

204 683 95 21 Sålunda
321 682 144 22 förekommer
488 684 67 20 under
578 684 187 20 länsmansräntan
786 684 33 20 till
837 684 119 26 exempel
944 678 15 36 i

204 716 120 22 Satakunta
340 724 25 14 en
380 717 58 20 titel:
462 717 106 26 tingskött
584 718 38 20 och
638 716 105 27 tingsfisk,
759 717 113 27 utgående,
889 718 67 26 tings-

204 752 70 20 köttet
296 750 55 22 efter
373 751 86 26 bågetal
482 751 38 21 och
544 751 127 27 tingsfisken
694 751 54 21 efter
770 752 87 25 mantal,
883 752 73 20 hvilka

204 785 110 26 skattetal,
336 785 29 27 på
388 787 42 19 sätt
450 784 62 22 ofvan
528 786 93 26 antydts,
637 791 53 15 voro
705 786 122 25 personela;
843 786 113 20 hvarutom

204 819 62 21 äfven
284 819 8 20 i
307 819 130 21 Tavastland
460 818 54 21 efter
537 820 85 26 bågetal
645 819 112 27 utgjordes
781 819 106 27 tingsfisk,
911 826 45 14 som

204 853 84 21 erlades
304 853 46 21 dels
366 854 7 20 i
388 852 41 22 fisk
445 853 45 21 dels
506 854 7 20 i
529 854 60 20 korn.
619 853 43 21 För
678 853 65 27 öfrigt
759 854 40 20 och
815 854 67 21 ehuru
898 854 36 20 det
950 854 7 20 i

204 888 59 20 äldre
286 888 57 20 tider
366 893 38 15 var
423 888 88 26 vanligt,
528 890 32 18 att
576 888 111 21 skatterna
703 887 132 22 afbördades
852 894 104 15 samman-

204 922 141 26 sättningsvis
369 922 53 20 eller
444 922 91 20 sålunda
558 924 32 19 att
613 922 118 21 socknarne
753 923 49 20 med
824 922 101 21 afseende
944 923 13 20 å

206 956 127 26 uppbörden
363 962 51 14 voro
445 956 99 21 indeiade
567 957 7 20 i
596 956 118 26 distrikter,
741 957 84 21 hvilkas
855 957 102 21 invånare

203 996 52 15 voro
272 990 126 21 solidariskt
414 991 112 25 ansvarige
541 990 34 21 för
591 990 117 26 skatterna,
725 992 55 19 samt
791 991 119 21 desammas
921 991 36 21 be-

204 1024 50 28 lopp
278 1025 46 21 åter
346 1024 96 21 berodde
460 1024 23 21 af
497 1024 82 22 antalet
594 1024 47 20 utaf
655 1024 85 22 bofaste
755 1025 83 21 bönder
852 1026 58 20 inom
926 1026 31 20 di-

206 1059 93 25 striktet,
315 1058 64 27 följer
394 1059 62 21 deraf
470 1059 66 21 likväl
551 1058 47 22 icke
613 1060 33 19 att
661 1058 41 22 den
717 1059 70 27 öfriga
806 1059 151 28 befolkningen

204 1094 70 21 skulle
296 1093 56 21 varit
374 1092 48 21 från
445 1093 83 21 skatter
546 1093 99 26 fritagen.
675 1093 54 21 Utaf
743 1100 26 14 en
784 1094 93 27 Konung
892 1095 66 21 Eriks

204 1128 23 20 af
241 1128 114 20 Pommern
371 1127 113 22 skrifvelse
499 1128 33 21 för
549 1128 40 21 den
606 1128 25 20 13
648 1128 125 26 September
790 1129 54 21 1419
862 1128 96 28 framgår

204 1162 114 26 nämligen,
330 1163 32 19 att
372 1162 180 26 inhysesmännen
563 1162 6 21 i
580 1162 92 21 Finland
681 1162 105 22 likasåväl
797 1169 46 15 som
853 1164 7 20 i
870 1164 88 27 Sverige

204 1196 71 21 skulle
289 1196 73 26 hjelpa
375 1195 109 22 bönderne
494 1196 49 21 med
554 1196 122 22 skatternas
688 1197 139 27 erläggande;
839 1198 38 21 och
889 1198 69 22 denna

206 1231 62 20 deras
284 1230 63 21 andel
365 1230 123 22 bestämdes
506 1237 77 20 genom
598 1231 70 27 årliga
683 1232 123 26 taxeringar
822 1232 22 21 af
857 1232 48 27 fyra
920 1233 38 21 bo-

203 1263 57 21 faste
276 1265 56 24 män,
348 1264 92 20 tillsatte
456 1264 22 20 af
491 1264 79 26 fogden
585 1265 39 20 och
640 1265 106 26 allmogen
761 1268 153 22 gemensamt.'*

276 1298 60 25 När
358 1298 66 20 sedan
446 1298 187 20 länsmansräntan
655 1298 112 26 upphörde
784 1300 33 19 att
834 1300 7 20 i
858 1300 49 21 dess
922 1306 37 14 ur-

204 1332 127 27 sprungliga
346 1331 55 22 form
416 1332 52 26 utgå
484 1332 38 21 och
532 1332 127 27 uppbörden
670 1332 62 21 deraf
741 1332 108 28 öfvertogs
860 1334 24 20 af
893 1336 65 19 stats-

204 1367 82 25 verket,
310 1366 53 21 eller
384 1366 107 21 måhända
509 1367 67 20 redan
591 1367 156 26 dessförinnan,
763 1368 111 27 utgjordes
890 1369 68 27 tings-

205 1401 128 28 gästningen
348 1401 7 20 i
370 1401 92 21 Finland
484 1401 104 22 särskildt
606 1401 34 22 för
656 1402 39 26 sig,
711 1401 28 27 på
754 1403 43 20 sätt
812 1403 72 26 kongl.
900 1409 59 16 reso-

205 1436 96 21 lutionen
324 1435 59 27 uppå
404 1436 118 25 allmogens
538 1436 23 21 af
574 1437 73 20 Nedre
663 1436 120 21 Satakunta
798 1437 66 21 härad
880 1438 79 21 under-

206 1470 78 26 dåniga
299 1470 126 26 ansökning,
441 1469 72 27 gifven
531 1470 40 21 den
587 1471 12 20 8
615 1471 122 20 November
754 1472 60 25 1650,
831 1472 39 20 och
885 1472 73 26 kongl.
