<?xml version="1.0" encoding="UTF-8"?>
<alto xmlns="http://www.loc.gov/standards/alto/ns-v3#" xmlns:xlink="http://www.w3.org/1999/xlink" xmlns:xsi="http://www.w3.org/2001/XMLSchema-instance" xsi:schemaLocation="http://www.loc.gov/standards/alto/ns-v3# http://www.loc.gov/alto/v3/alto-3-0.xsd">
	<Description>
		<MeasurementUnit>pixel</MeasurementUnit>
		<sourceImageInformation>
			<fileName>/tmp/tess_f_cpes1u_input.PNG</fileName>
		</sourceImageInformation>
		<OCRProcessing ID="OCR_0">
			<ocrProcessingStep>
				<processingSoftware>
					<softwareName>tesseract 5.3.4</softwareName>
				</processingSoftware>
			</ocrProcessingStep>
		</OCRProcessing>
	</Description>
	<Layout>
		<Page WIDTH="1700" HEIGHT="1870" PHYSICAL_IMG_NR="0" ID="page_0">
			<PrintSpace HPOS="0" VPOS="0" WIDTH="1700" HEIGHT="1870">
				<ComposedBlock ID="cblock_0" HPOS="721" VPOS="213" WIDTH="411" HEIGHT="22">
					<TextBlock ID="block_0" HPOS="721" VPOS="213" WIDTH="411" HEIGHT="22">
						<TextLine ID="line_0" HPOS="721" VPOS="213" WIDTH="411" HEIGHT="22">
							<String ID="string_0" HPOS="721" VPOS="213" WIDTH="49" HEIGHT="21" WC="0.95" CONTENT="N:o"/><SP WIDTH="17" VPOS="213" HPOS="770"/>
							<String ID="string_1" HPOS="787" VPOS="214" WIDTH="48" HEIGHT="21" WC="0.85" CONTENT="28."/><SP WIDTH="270" VPOS="214" HPOS="835"/>
							<String ID="string_2" HPOS="1105" VPOS="214" WIDTH="27" HEIGHT="21" WC="0.75" CONTENT="2"/>
						</TextLine>
					</TextBlock>
				</ComposedBlock>
				<ComposedBlock ID="cblock_1" HPOS="414" VPOS="282" WIDTH="748" HEIGHT="1255">
					<TextBlock ID="block_1" HPOS="414" VPOS="282" WIDTH="747" HEIGHT="574">
						<TextLine ID="line_1" HPOS="414" VPOS="282" WIDTH="745" HEIGHT="28">
							<String ID="string_3" HPOS="414" VPOS="284" WIDTH="66" HEIGHT="26" WC="0.92" CONTENT="jemte"/><SP WIDTH="25" VPOS="284" HPOS="480"/>
							<String ID="string_4" HPOS="505" VPOS="283" WIDTH="43" HEIGHT="21" WC="0.93" CONTENT="alla"/><SP WIDTH="22" VPOS="283" HPOS="548"/>
							<String ID="string_5" HPOS="570" VPOS="282" WIDTH="69" HEIGHT="28" WC="0.92" CONTENT="öfriga"/><SP WIDTH="18" VPOS="282" HPOS="639"/>
							<String ID="string_6" HPOS="657" VPOS="283" WIDTH="7" HEIGHT="20" WC="0.93" CONTENT="i"/><SP WIDTH="19" VPOS="283" HPOS="664"/>
							<String ID="string_7" HPOS="683" VPOS="282" WIDTH="38" HEIGHT="22" WC="0.92" CONTENT="säd"/><SP WIDTH="19" VPOS="282" HPOS="721"/>
							<String ID="string_8" HPOS="740" VPOS="282" WIDTH="112" HEIGHT="22" WC="0.92" CONTENT="bestämda"/><SP WIDTH="18" VPOS="282" HPOS="852"/>
							<String ID="string_9" HPOS="870" VPOS="282" WIDTH="108" HEIGHT="21" WC="0.93" CONTENT="allmänna"/><SP WIDTH="19" VPOS="282" HPOS="978"/>
							<String ID="string_10" HPOS="997" VPOS="282" WIDTH="114" HEIGHT="28" WC="0.92" CONTENT="utskylder"/><SP WIDTH="14" VPOS="282" HPOS="1111"/>
							<String ID="string_11" HPOS="1125" VPOS="283" WIDTH="34" HEIGHT="21" WC="0.96" CONTENT="till"/>
						</TextLine>
						<TextLine ID="line_2" HPOS="415" VPOS="316" WIDTH="744" HEIGHT="27">
							<String ID="string_12" HPOS="415" VPOS="317" WIDTH="83" HEIGHT="21" WC="0.91" CONTENT="kronan"/><SP WIDTH="24" VPOS="317" HPOS="498"/>
							<String ID="string_13" HPOS="522" VPOS="317" WIDTH="40" HEIGHT="21" WC="0.93" CONTENT="och"/><SP WIDTH="18" VPOS="317" HPOS="562"/>
							<String ID="string_14" HPOS="580" VPOS="316" WIDTH="219" HEIGHT="27" WC="0.91" CONTENT="indelningshafvare,"/><SP WIDTH="24" VPOS="316" HPOS="799"/>
							<String ID="string_15" HPOS="823" VPOS="316" WIDTH="69" HEIGHT="21" WC="0.93" CONTENT="skulle"/><SP WIDTH="23" VPOS="316" HPOS="892"/>
							<String ID="string_16" HPOS="915" VPOS="316" WIDTH="114" HEIGHT="22" WC="0.92" CONTENT="framdeles"/><SP WIDTH="23" VPOS="316" HPOS="1029"/>
							<String ID="string_17" HPOS="1052" VPOS="317" WIDTH="107" HEIGHT="21" WC="0.89" CONTENT="beräknas"/>
						</TextLine>
						<TextLine ID="line_3" HPOS="416" VPOS="350" WIDTH="743" HEIGHT="26">
							<String ID="string_18" HPOS="416" VPOS="350" WIDTH="56" HEIGHT="22" WC="0.83" CONTENT="efter"/><SP WIDTH="22" VPOS="350" HPOS="472"/>
							<String ID="string_19" HPOS="494" VPOS="350" WIDTH="147" HEIGHT="21" WC="0.96" CONTENT="medelvärdet"/><SP WIDTH="20" VPOS="350" HPOS="641"/>
							<String ID="string_20" HPOS="661" VPOS="350" WIDTH="23" HEIGHT="21" WC="0.93" CONTENT="af"/><SP WIDTH="19" VPOS="350" HPOS="684"/>
							<String ID="string_21" HPOS="703" VPOS="350" WIDTH="57" HEIGHT="21" WC="0.96" CONTENT="årets"/><SP WIDTH="19" VPOS="350" HPOS="760"/>
							<String ID="string_22" HPOS="779" VPOS="350" WIDTH="39" HEIGHT="21" WC="0.93" CONTENT="och"/><SP WIDTH="15" VPOS="350" HPOS="818"/>
							<String ID="string_23" HPOS="833" VPOS="350" WIDTH="180" HEIGHT="26" WC="0.92" CONTENT="nästföregäende"/><SP WIDTH="16" VPOS="350" HPOS="1013"/>
							<String ID="string_24" HPOS="1029" VPOS="350" WIDTH="80" HEIGHT="26" WC="0.95" CONTENT="fjorton"/><SP WIDTH="15" VPOS="350" HPOS="1109"/>
							<String ID="string_25" HPOS="1124" VPOS="351" WIDTH="35" HEIGHT="21" WC="0.96" CONTENT="års"/>
						</TextLine>
						<TextLine ID="line_4" HPOS="416" VPOS="384" WIDTH="743" HEIGHT="26">
							<String ID="string_26" HPOS="416" VPOS="384" WIDTH="124" HEIGHT="22" WC="0.93" CONTENT="fastställda"/><SP WIDTH="15" VPOS="384" HPOS="540"/>
							<String ID="string_27" HPOS="555" VPOS="384" WIDTH="142" HEIGHT="26" WC="0.92" CONTENT="markegäng;"/><SP WIDTH="16" VPOS="384" HPOS="697"/>
							<String ID="string_28" HPOS="713" VPOS="384" WIDTH="119" HEIGHT="26" WC="0.92" CONTENT="hvarjemte"/><SP WIDTH="15" VPOS="384" HPOS="832"/>
							<String ID="string_29" HPOS="847" VPOS="384" WIDTH="140" HEIGHT="20" WC="0.91" CONTENT="Komiterade"/><SP WIDTH="15" VPOS="384" HPOS="987"/>
							<String ID="string_30" HPOS="1002" VPOS="384" WIDTH="102" HEIGHT="26" WC="0.96" CONTENT="slutligen"/><SP WIDTH="15" VPOS="384" HPOS="1104"/>
							<String ID="string_31" HPOS="1119" VPOS="385" WIDTH="40" HEIGHT="20" WC="0.96" CONTENT="och"/>
						</TextLine>
						<TextLine ID="line_5" HPOS="416" VPOS="417" WIDTH="744" HEIGHT="27">
							<String ID="string_32" HPOS="416" VPOS="418" WIDTH="28" HEIGHT="21" WC="0.93" CONTENT="dä"/><SP WIDTH="14" VPOS="418" HPOS="444"/>
							<String ID="string_33" HPOS="458" VPOS="417" WIDTH="71" HEIGHT="27" WC="0.91" CONTENT="nägon"/><SP WIDTH="15" VPOS="417" HPOS="529"/>
							<String ID="string_34" HPOS="544" VPOS="418" WIDTH="132" HEIGHT="26" WC="0.88" CONTENT="markegäng"/><SP WIDTH="7" VPOS="418" HPOS="676"/>
							<String ID="string_35" HPOS="683" VPOS="413" WIDTH="12" HEIGHT="35" WC="0.92" CONTENT="ä"/><SP WIDTH="18" VPOS="413" HPOS="695"/>
							<String ID="string_36" HPOS="713" VPOS="418" WIDTH="34" HEIGHT="25" WC="0.92" CONTENT="hö,"/><SP WIDTH="12" VPOS="418" HPOS="747"/>
							<String ID="string_37" HPOS="759" VPOS="417" WIDTH="83" HEIGHT="21" WC="0.92" CONTENT="hvilket"/><SP WIDTH="10" VPOS="417" HPOS="842"/>
							<String ID="string_38" HPOS="852" VPOS="417" WIDTH="68" HEIGHT="27" WC="0.97" CONTENT="enligt"/><SP WIDTH="11" VPOS="417" HPOS="920"/>
							<String ID="string_39" HPOS="931" VPOS="417" WIDTH="62" HEIGHT="21" WC="0.97" CONTENT="deras"/><SP WIDTH="10" VPOS="417" HPOS="993"/>
							<String ID="string_40" HPOS="1003" VPOS="417" WIDTH="82" HEIGHT="27" WC="0.93" CONTENT="förslag"/><SP WIDTH="10" VPOS="417" HPOS="1085"/>
							<String ID="string_41" HPOS="1095" VPOS="417" WIDTH="65" HEIGHT="22" WC="0.92" CONTENT="fram-"/>
						</TextLine>
						<TextLine ID="line_6" HPOS="416" VPOS="451" WIDTH="744" HEIGHT="27">
							<String ID="string_42" HPOS="416" VPOS="452" WIDTH="59" HEIGHT="21" WC="0.92" CONTENT="deles"/><SP WIDTH="16" VPOS="452" HPOS="475"/>
							<String ID="string_43" HPOS="491" VPOS="452" WIDTH="84" HEIGHT="21" WC="0.91" CONTENT="komme"/><SP WIDTH="16" VPOS="452" HPOS="575"/>
							<String ID="string_44" HPOS="591" VPOS="453" WIDTH="32" HEIGHT="19" WC="0.93" CONTENT="att"/><SP WIDTH="16" VPOS="453" HPOS="623"/>
							<String ID="string_45" HPOS="639" VPOS="451" WIDTH="51" HEIGHT="26" WC="0.93" CONTENT="ingä"/><SP WIDTH="14" VPOS="451" HPOS="690"/>
							<String ID="string_46" HPOS="704" VPOS="452" WIDTH="66" HEIGHT="20" WC="0.93" CONTENT="bland"/><SP WIDTH="15" VPOS="452" HPOS="770"/>
							<String ID="string_47" HPOS="785" VPOS="451" WIDTH="208" HEIGHT="27" WC="0.92" CONTENT="räntepersedlarne,"/><SP WIDTH="11" VPOS="451" HPOS="993"/>
							<String ID="string_48" HPOS="1004" VPOS="452" WIDTH="69" HEIGHT="20" WC="0.96" CONTENT="under"/><SP WIDTH="11" VPOS="452" HPOS="1073"/>
							<String ID="string_49" HPOS="1084" VPOS="458" WIDTH="76" HEIGHT="15" WC="0.95" CONTENT="senare"/>
						</TextLine>
						<TextLine ID="line_7" HPOS="415" VPOS="485" WIDTH="743" HEIGHT="27">
							<String ID="string_50" HPOS="415" VPOS="486" WIDTH="33" HEIGHT="21" WC="0.93" CONTENT="tid"/><SP WIDTH="19" VPOS="486" HPOS="448"/>
							<String ID="string_51" HPOS="467" VPOS="485" WIDTH="47" HEIGHT="22" WC="0.96" CONTENT="icke"/><SP WIDTH="20" VPOS="485" HPOS="514"/>
							<String ID="string_52" HPOS="534" VPOS="485" WIDTH="73" HEIGHT="22" WC="0.95" CONTENT="blifvit"/><SP WIDTH="15" VPOS="485" HPOS="607"/>
							<String ID="string_53" HPOS="622" VPOS="485" WIDTH="111" HEIGHT="21" WC="0.96" CONTENT="fastställd"/><SP WIDTH="15" VPOS="485" HPOS="733"/>
							<String ID="string_54" HPOS="748" VPOS="485" WIDTH="34" HEIGHT="21" WC="0.96" CONTENT="för"/><SP WIDTH="15" VPOS="485" HPOS="782"/>
							<String ID="string_55" HPOS="797" VPOS="486" WIDTH="68" HEIGHT="21" WC="0.96" CONTENT="andra"/><SP WIDTH="15" VPOS="486" HPOS="865"/>
							<String ID="string_56" HPOS="880" VPOS="485" WIDTH="23" HEIGHT="21" WC="0.96" CONTENT="af"/><SP WIDTH="14" VPOS="485" HPOS="903"/>
							<String ID="string_57" HPOS="917" VPOS="485" WIDTH="26" HEIGHT="21" WC="0.96" CONTENT="de"/><SP WIDTH="15" VPOS="485" HPOS="943"/>
							<String ID="string_58" HPOS="958" VPOS="485" WIDTH="42" HEIGHT="27" WC="0.96" CONTENT="län,"/><SP WIDTH="17" VPOS="485" HPOS="1000"/>
							<String ID="string_59" HPOS="1017" VPOS="492" WIDTH="43" HEIGHT="14" WC="0.96" CONTENT="som"/><SP WIDTH="17" VPOS="492" HPOS="1060"/>
							<String ID="string_60" HPOS="1077" VPOS="492" WIDTH="30" HEIGHT="15" WC="0.93" CONTENT="nu"/><SP WIDTH="14" VPOS="492" HPOS="1107"/>
							<String ID="string_61" HPOS="1121" VPOS="488" WIDTH="37" HEIGHT="19" WC="0.96" CONTENT="äro"/>
						</TextLine>
						<TextLine ID="line_8" HPOS="415" VPOS="519" WIDTH="744" HEIGHT="28">
							<String ID="string_62" HPOS="415" VPOS="520" WIDTH="89" HEIGHT="21" WC="0.92" CONTENT="föremäl"/><SP WIDTH="24" VPOS="520" HPOS="504"/>
							<String ID="string_63" HPOS="528" VPOS="519" WIDTH="33" HEIGHT="22" WC="0.92" CONTENT="för"/><SP WIDTH="18" VPOS="519" HPOS="561"/>
							<String ID="string_64" HPOS="579" VPOS="521" WIDTH="178" HEIGHT="26" WC="0.93" CONTENT="räntereglering,"/><SP WIDTH="20" VPOS="521" HPOS="757"/>
							<String ID="string_65" HPOS="777" VPOS="521" WIDTH="27" HEIGHT="19" WC="0.96" CONTENT="än"/><SP WIDTH="19" VPOS="521" HPOS="804"/>
							<String ID="string_66" HPOS="823" VPOS="520" WIDTH="32" HEIGHT="21" WC="0.96" CONTENT="S:t"/><SP WIDTH="20" VPOS="520" HPOS="855"/>
							<String ID="string_67" HPOS="875" VPOS="519" WIDTH="90" HEIGHT="22" WC="0.96" CONTENT="Michels"/><SP WIDTH="18" VPOS="519" HPOS="965"/>
							<String ID="string_68" HPOS="983" VPOS="521" WIDTH="42" HEIGHT="24" WC="0.89" CONTENT="län,"/><SP WIDTH="16" VPOS="521" HPOS="1025"/>
							<String ID="string_69" HPOS="1041" VPOS="520" WIDTH="40" HEIGHT="21" WC="0.93" CONTENT="och"/><SP WIDTH="16" VPOS="520" HPOS="1081"/>
							<String ID="string_70" HPOS="1097" VPOS="521" WIDTH="62" HEIGHT="20" WC="0.93" CONTENT="äfven"/>
						</TextLine>
						<TextLine ID="line_9" HPOS="416" VPOS="554" WIDTH="744" HEIGHT="27">
							<String ID="string_71" HPOS="416" VPOS="555" WIDTH="38" HEIGHT="20" WC="0.96" CONTENT="der"/><SP WIDTH="15" VPOS="555" HPOS="454"/>
							<String ID="string_72" HPOS="469" VPOS="554" WIDTH="77" HEIGHT="21" WC="0.96" CONTENT="endast"/><SP WIDTH="14" VPOS="554" HPOS="546"/>
							<String ID="string_73" HPOS="560" VPOS="555" WIDTH="49" HEIGHT="20" WC="0.93" CONTENT="med"/><SP WIDTH="15" VPOS="555" HPOS="609"/>
							<String ID="string_74" HPOS="624" VPOS="554" WIDTH="101" HEIGHT="21" WC="0.91" CONTENT="afseende"/><SP WIDTH="16" VPOS="554" HPOS="725"/>
							<String ID="string_75" HPOS="741" VPOS="554" WIDTH="12" HEIGHT="21" WC="0.91" CONTENT="&amp;"/><SP WIDTH="16" VPOS="554" HPOS="753"/>
							<String ID="string_76" HPOS="769" VPOS="555" WIDTH="31" HEIGHT="20" WC="0.96" CONTENT="ett"/><SP WIDTH="14" VPOS="555" HPOS="800"/>
							<String ID="string_77" HPOS="814" VPOS="555" WIDTH="83" HEIGHT="20" WC="0.96" CONTENT="mindre"/><SP WIDTH="16" VPOS="555" HPOS="897"/>
							<String ID="string_78" HPOS="913" VPOS="555" WIDTH="58" HEIGHT="20" WC="0.93" CONTENT="antal"/><SP WIDTH="16" VPOS="555" HPOS="971"/>
							<String ID="string_79" HPOS="987" VPOS="554" WIDTH="56" HEIGHT="21" WC="0.90" CONTENT="ifrän"/><SP WIDTH="16" VPOS="554" HPOS="1043"/>
							<String ID="string_80" HPOS="1059" VPOS="555" WIDTH="101" HEIGHT="26" WC="0.92" CONTENT="Wiborgs"/>
						</TextLine>
						<TextLine ID="line_10" HPOS="415" VPOS="588" WIDTH="745" HEIGHT="27">
							<String ID="string_81" HPOS="415" VPOS="589" WIDTH="35" HEIGHT="20" WC="0.96" CONTENT="län"/><SP WIDTH="21" VPOS="589" HPOS="450"/>
							<String ID="string_82" HPOS="471" VPOS="589" WIDTH="32" HEIGHT="20" WC="0.93" CONTENT="dit"/><SP WIDTH="22" VPOS="589" HPOS="503"/>
							<String ID="string_83" HPOS="525" VPOS="588" WIDTH="122" HEIGHT="22" WC="0.92" CONTENT="öfverförda"/><SP WIDTH="12" VPOS="588" HPOS="647"/>
							<String ID="string_84" HPOS="659" VPOS="588" WIDTH="184" HEIGHT="27" WC="0.92" CONTENT="jordlägenheter,"/><SP WIDTH="16" VPOS="588" HPOS="843"/>
							<String ID="string_85" HPOS="859" VPOS="589" WIDTH="55" HEIGHT="20" WC="0.96" CONTENT="samt"/><SP WIDTH="16" VPOS="589" HPOS="914"/>
							<String ID="string_86" HPOS="930" VPOS="588" WIDTH="27" HEIGHT="21" WC="0.96" CONTENT="dä"/><SP WIDTH="14" VPOS="588" HPOS="957"/>
							<String ID="string_87" HPOS="971" VPOS="589" WIDTH="68" HEIGHT="26" WC="0.96" CONTENT="priset"/><SP WIDTH="15" VPOS="589" HPOS="1039"/>
							<String ID="string_88" HPOS="1054" VPOS="588" WIDTH="28" HEIGHT="27" WC="0.93" CONTENT="pä"/><SP WIDTH="15" VPOS="588" HPOS="1082"/>
							<String ID="string_89" HPOS="1097" VPOS="589" WIDTH="63" HEIGHT="26" WC="0.92" CONTENT="dags-"/>
						</TextLine>
						<TextLine ID="line_11" HPOS="417" VPOS="622" WIDTH="742" HEIGHT="27">
							<String ID="string_90" HPOS="417" VPOS="623" WIDTH="79" HEIGHT="21" WC="0.96" CONTENT="verken"/><SP WIDTH="23" VPOS="623" HPOS="496"/>
							<String ID="string_91" HPOS="519" VPOS="623" WIDTH="32" HEIGHT="20" WC="0.96" CONTENT="uti"/><SP WIDTH="20" VPOS="623" HPOS="551"/>
							<String ID="string_92" HPOS="571" VPOS="623" WIDTH="86" HEIGHT="20" WC="0.93" CONTENT="senaste"/><SP WIDTH="22" VPOS="623" HPOS="657"/>
							<String ID="string_93" HPOS="679" VPOS="622" WIDTH="206" HEIGHT="27" WC="0.91" CONTENT="markegängstaxor"/><SP WIDTH="15" VPOS="622" HPOS="885"/>
							<String ID="string_94" HPOS="900" VPOS="622" WIDTH="73" HEIGHT="21" WC="0.96" CONTENT="blifvit"/><SP WIDTH="15" VPOS="622" HPOS="973"/>
							<String ID="string_95" HPOS="988" VPOS="623" WIDTH="109" HEIGHT="21" WC="0.96" CONTENT="bestämdt"/><SP WIDTH="15" VPOS="623" HPOS="1097"/>
							<String ID="string_96" HPOS="1112" VPOS="623" WIDTH="47" HEIGHT="21" WC="0.96" CONTENT="icke"/>
						</TextLine>
						<TextLine ID="line_12" HPOS="415" VPOS="655" WIDTH="745" HEIGHT="28">
							<String ID="string_97" HPOS="415" VPOS="657" WIDTH="33" HEIGHT="21" WC="0.96" CONTENT="för"/><SP WIDTH="23" VPOS="657" HPOS="448"/>
							<String ID="string_98" HPOS="471" VPOS="658" WIDTH="32" HEIGHT="19" WC="0.96" CONTENT="att"/><SP WIDTH="22" VPOS="658" HPOS="503"/>
							<String ID="string_99" HPOS="525" VPOS="657" WIDTH="59" HEIGHT="26" WC="0.96" CONTENT="ligga"/><SP WIDTH="19" VPOS="657" HPOS="584"/>
							<String ID="string_100" HPOS="603" VPOS="656" WIDTH="34" HEIGHT="21" WC="0.96" CONTENT="till"/><SP WIDTH="20" VPOS="656" HPOS="637"/>
							<String ID="string_101" HPOS="657" VPOS="656" WIDTH="69" HEIGHT="27" WC="0.95" CONTENT="grund"/><SP WIDTH="21" VPOS="656" HPOS="726"/>
							<String ID="string_102" HPOS="747" VPOS="655" WIDTH="33" HEIGHT="21" WC="0.96" CONTENT="för"/><SP WIDTH="20" VPOS="655" HPOS="780"/>
							<String ID="string_103" HPOS="800" VPOS="656" WIDTH="70" HEIGHT="27" WC="0.96" CONTENT="någon"/><SP WIDTH="19" VPOS="656" HPOS="870"/>
							<String ID="string_104" HPOS="889" VPOS="657" WIDTH="68" HEIGHT="25" WC="0.96" CONTENT="ränta,"/><SP WIDTH="20" VPOS="657" HPOS="957"/>
							<String ID="string_105" HPOS="977" VPOS="657" WIDTH="52" HEIGHT="20" WC="0.96" CONTENT="utan"/><SP WIDTH="15" VPOS="657" HPOS="1029"/>
							<String ID="string_106" HPOS="1044" VPOS="657" WIDTH="49" HEIGHT="21" WC="0.93" CONTENT="med"/><SP WIDTH="15" VPOS="657" HPOS="1093"/>
							<String ID="string_107" HPOS="1108" VPOS="657" WIDTH="52" HEIGHT="20" WC="0.92" CONTENT="hän-"/>
						</TextLine>
						<TextLine ID="line_13" HPOS="416" VPOS="689" WIDTH="745" HEIGHT="28">
							<String ID="string_108" HPOS="416" VPOS="691" WIDTH="78" HEIGHT="21" WC="0.95" CONTENT="seende"/><SP WIDTH="20" VPOS="691" HPOS="494"/>
							<String ID="string_109" HPOS="514" VPOS="690" WIDTH="34" HEIGHT="21" WC="0.95" CONTENT="till"/><SP WIDTH="20" VPOS="690" HPOS="548"/>
							<String ID="string_110" HPOS="568" VPOS="690" WIDTH="68" HEIGHT="21" WC="0.96" CONTENT="andra"/><SP WIDTH="17" VPOS="690" HPOS="636"/>
							<String ID="string_111" HPOS="653" VPOS="689" WIDTH="156" HEIGHT="27" WC="0.96" CONTENT="förhållanden,"/><SP WIDTH="17" VPOS="689" HPOS="809"/>
							<String ID="string_112" HPOS="826" VPOS="692" WIDTH="71" HEIGHT="19" WC="0.96" CONTENT="ansett"/><SP WIDTH="16" VPOS="692" HPOS="897"/>
							<String ID="string_113" HPOS="913" VPOS="691" WIDTH="31" HEIGHT="20" WC="0.89" CONTENT="att"/><SP WIDTH="8" VPOS="691" HPOS="944"/>
							<String ID="string_114" HPOS="952" VPOS="690" WIDTH="67" HEIGHT="27" WC="0.89" CONTENT="jemte"/><SP WIDTH="16" VPOS="690" HPOS="1019"/>
							<String ID="string_115" HPOS="1035" VPOS="690" WIDTH="41" HEIGHT="22" WC="0.96" CONTENT="den"/><SP WIDTH="16" VPOS="690" HPOS="1076"/>
							<String ID="string_116" HPOS="1092" VPOS="691" WIDTH="69" HEIGHT="26" WC="0.96" CONTENT="årliga"/>
						</TextLine>
						<TextLine ID="line_14" HPOS="415" VPOS="723" WIDTH="744" HEIGHT="28">
							<String ID="string_117" HPOS="415" VPOS="725" WIDTH="165" HEIGHT="26" WC="0.96" CONTENT="bestämningen"/><SP WIDTH="22" VPOS="725" HPOS="580"/>
							<String ID="string_118" HPOS="602" VPOS="724" WIDTH="23" HEIGHT="21" WC="0.93" CONTENT="af"/><SP WIDTH="16" VPOS="724" HPOS="625"/>
							<String ID="string_119" HPOS="641" VPOS="724" WIDTH="159" HEIGHT="27" WC="0.91" CONTENT="markegången"/><SP WIDTH="22" VPOS="724" HPOS="800"/>
							<String ID="string_120" HPOS="822" VPOS="724" WIDTH="58" HEIGHT="21" WC="0.96" CONTENT="såväl"/><SP WIDTH="16" VPOS="724" HPOS="880"/>
							<String ID="string_121" HPOS="896" VPOS="723" WIDTH="33" HEIGHT="22" WC="0.96" CONTENT="för"/><SP WIDTH="15" VPOS="723" HPOS="929"/>
							<String ID="string_122" HPOS="944" VPOS="725" WIDTH="27" HEIGHT="20" WC="0.96" CONTENT="hö"/><SP WIDTH="16" VPOS="725" HPOS="971"/>
							<String ID="string_123" HPOS="987" VPOS="730" WIDTH="45" HEIGHT="15" WC="0.96" CONTENT="som"/><SP WIDTH="15" VPOS="730" HPOS="1032"/>
							<String ID="string_124" HPOS="1047" VPOS="725" WIDTH="34" HEIGHT="21" WC="0.93" CONTENT="för"/><SP WIDTH="15" VPOS="725" HPOS="1081"/>
							<String ID="string_125" HPOS="1096" VPOS="725" WIDTH="63" HEIGHT="26" WC="0.92" CONTENT="dags-"/>
						</TextLine>
						<TextLine ID="line_15" HPOS="416" VPOS="758" WIDTH="744" HEIGHT="27">
							<String ID="string_126" HPOS="416" VPOS="759" WIDTH="86" HEIGHT="26" WC="0.95" CONTENT="verken,"/><SP WIDTH="21" VPOS="759" HPOS="502"/>
							<String ID="string_127" HPOS="523" VPOS="765" WIDTH="26" HEIGHT="15" WC="0.96" CONTENT="en"/><SP WIDTH="15" VPOS="765" HPOS="549"/>
							<String ID="string_128" HPOS="564" VPOS="759" WIDTH="94" HEIGHT="21" WC="0.93" CONTENT="särskild"/><SP WIDTH="15" VPOS="759" HPOS="658"/>
							<String ID="string_129" HPOS="673" VPOS="759" WIDTH="203" HEIGHT="26" WC="0.91" CONTENT="medelmarkegång"/><SP WIDTH="16" VPOS="759" HPOS="876"/>
							<String ID="string_130" HPOS="892" VPOS="758" WIDTH="51" HEIGHT="22" WC="0.93" CONTENT="derå"/><SP WIDTH="16" VPOS="758" HPOS="943"/>
							<String ID="string_131" HPOS="959" VPOS="759" WIDTH="66" HEIGHT="20" WC="0.96" CONTENT="borde"/><SP WIDTH="16" VPOS="759" HPOS="1025"/>
							<String ID="string_132" HPOS="1041" VPOS="759" WIDTH="119" HEIGHT="21" WC="0.96" CONTENT="fastställas"/>
						</TextLine>
						<TextLine ID="line_16" HPOS="416" VPOS="793" WIDTH="744" HEIGHT="28">
							<String ID="string_133" HPOS="416" VPOS="795" WIDTH="40" HEIGHT="21" WC="0.96" CONTENT="och"/><SP WIDTH="14" VPOS="795" HPOS="456"/>
							<String ID="string_134" HPOS="470" VPOS="795" WIDTH="60" HEIGHT="26" WC="0.96" CONTENT="tjena"/><SP WIDTH="15" VPOS="795" HPOS="530"/>
							<String ID="string_135" HPOS="545" VPOS="794" WIDTH="34" HEIGHT="21" WC="0.93" CONTENT="till"/><SP WIDTH="16" VPOS="794" HPOS="579"/>
							<String ID="string_136" HPOS="595" VPOS="794" WIDTH="145" HEIGHT="21" WC="0.91" CONTENT="efterrättelse"/><SP WIDTH="15" VPOS="794" HPOS="740"/>
							<String ID="string_137" HPOS="755" VPOS="794" WIDTH="58" HEIGHT="21" WC="0.96" CONTENT="intill"/><SP WIDTH="16" VPOS="794" HPOS="813"/>
							<String ID="string_138" HPOS="829" VPOS="794" WIDTH="48" HEIGHT="21" WC="0.96" CONTENT="dess"/><SP WIDTH="16" VPOS="794" HPOS="877"/>
							<String ID="string_139" HPOS="893" VPOS="793" WIDTH="81" HEIGHT="22" WC="0.95" CONTENT="femton"/><SP WIDTH="15" VPOS="793" HPOS="974"/>
							<String ID="string_140" HPOS="989" VPOS="793" WIDTH="34" HEIGHT="22" WC="0.91" CONTENT="års"/><SP WIDTH="12" VPOS="793" HPOS="1023"/>
							<String ID="string_141" HPOS="1035" VPOS="794" WIDTH="125" HEIGHT="22" WC="0.91" CONTENT="medelmar-"/>
						</TextLine>
						<TextLine ID="line_17" HPOS="416" VPOS="828" WIDTH="605" HEIGHT="28">
							<String ID="string_142" HPOS="416" VPOS="829" WIDTH="84" HEIGHT="27" WC="0.92" CONTENT="kegång"/><SP WIDTH="15" VPOS="829" HPOS="500"/>
							<String ID="string_143" HPOS="515" VPOS="829" WIDTH="72" HEIGHT="20" WC="0.93" CONTENT="kunde"/><SP WIDTH="16" VPOS="829" HPOS="587"/>
							<String ID="string_144" HPOS="603" VPOS="829" WIDTH="12" HEIGHT="20" WC="0.92" CONTENT="å"/><SP WIDTH="16" VPOS="829" HPOS="615"/>
							<String ID="string_145" HPOS="631" VPOS="828" WIDTH="92" HEIGHT="21" WC="0.93" CONTENT="nämnde"/><SP WIDTH="14" VPOS="828" HPOS="723"/>
							<String ID="string_146" HPOS="737" VPOS="828" WIDTH="154" HEIGHT="21" WC="0.92" CONTENT="ränteartiklar"/><SP WIDTH="15" VPOS="828" HPOS="891"/>
							<String ID="string_147" HPOS="906" VPOS="828" WIDTH="115" HEIGHT="27" WC="0.86" CONTENT="tillämpas."/>
						</TextLine>
					</TextBlock>
					<TextBlock ID="block_2" HPOS="415" VPOS="861" WIDTH="747" HEIGHT="234">
						<TextLine ID="line_18" HPOS="484" VPOS="861" WIDTH="676" HEIGHT="28">
							<String ID="string_148" HPOS="484" VPOS="863" WIDTH="62" HEIGHT="21" WC="0.96" CONTENT="Efter"/><SP WIDTH="16" VPOS="863" HPOS="546"/>
							<String ID="string_149" HPOS="562" VPOS="863" WIDTH="37" HEIGHT="20" WC="0.96" CONTENT="det"/><SP WIDTH="15" VPOS="863" HPOS="599"/>
							<String ID="string_150" HPOS="614" VPOS="862" WIDTH="121" HEIGHT="22" WC="0.95" CONTENT="emellertid"/><SP WIDTH="15" VPOS="862" HPOS="735"/>
							<String ID="string_151" HPOS="750" VPOS="863" WIDTH="48" HEIGHT="20" WC="0.96" CONTENT="med"/><SP WIDTH="16" VPOS="863" HPOS="798"/>
							<String ID="string_152" HPOS="814" VPOS="862" WIDTH="28" HEIGHT="21" WC="0.96" CONTENT="all"/><SP WIDTH="15" VPOS="862" HPOS="842"/>
							<String ID="string_153" HPOS="857" VPOS="862" WIDTH="75" HEIGHT="21" WC="0.96" CONTENT="vidare"/><SP WIDTH="15" VPOS="862" HPOS="932"/>
							<String ID="string_154" HPOS="947" VPOS="862" WIDTH="76" HEIGHT="27" WC="0.96" CONTENT="åtgärd"/><SP WIDTH="15" VPOS="862" HPOS="1023"/>
							<String ID="string_155" HPOS="1038" VPOS="863" WIDTH="33" HEIGHT="20" WC="0.96" CONTENT="uti"/><SP WIDTH="13" VPOS="863" HPOS="1071"/>
							<String ID="string_156" HPOS="1084" VPOS="861" WIDTH="76" HEIGHT="28" WC="0.95" CONTENT="frågan"/>
						</TextLine>
						<TextLine ID="line_19" HPOS="416" VPOS="896" WIDTH="746" HEIGHT="28">
							<String ID="string_157" HPOS="416" VPOS="905" WIDTH="33" HEIGHT="14" WC="0.96" CONTENT="om"/><SP WIDTH="23" VPOS="905" HPOS="449"/>
							<String ID="string_158" HPOS="472" VPOS="897" WIDTH="130" HEIGHT="22" WC="0.96" CONTENT="förändrade"/><SP WIDTH="21" VPOS="897" HPOS="602"/>
							<String ID="string_159" HPOS="623" VPOS="897" WIDTH="94" HEIGHT="27" WC="0.96" CONTENT="grunder"/><SP WIDTH="17" VPOS="897" HPOS="717"/>
							<String ID="string_160" HPOS="734" VPOS="896" WIDTH="33" HEIGHT="22" WC="0.93" CONTENT="för"/><SP WIDTH="20" VPOS="896" HPOS="767"/>
							<String ID="string_161" HPOS="787" VPOS="897" WIDTH="332" HEIGHT="26" WC="0.91" CONTENT="räntepersedle-omsättningen"/><SP WIDTH="20" VPOS="897" HPOS="1119"/>
							<String ID="string_162" HPOS="1139" VPOS="897" WIDTH="23" HEIGHT="22" WC="0.96" CONTENT="af"/>
						</TextLine>
						<TextLine ID="line_20" HPOS="416" VPOS="930" WIDTH="744" HEIGHT="27">
							<String ID="string_163" HPOS="416" VPOS="932" WIDTH="146" HEIGHT="21" WC="0.96" CONTENT="förekommen"/><SP WIDTH="29" VPOS="932" HPOS="562"/>
							<String ID="string_164" HPOS="591" VPOS="931" WIDTH="116" HEIGHT="25" WC="0.90" CONTENT="anledning"/><SP WIDTH="23" VPOS="931" HPOS="707"/>
							<String ID="string_165" HPOS="730" VPOS="930" WIDTH="91" HEIGHT="21" WC="0.90" CONTENT="lemnats"/><SP WIDTH="26" VPOS="930" HPOS="821"/>
							<String ID="string_166" HPOS="847" VPOS="931" WIDTH="33" HEIGHT="20" WC="0.96" CONTENT="till"/><SP WIDTH="25" VPOS="931" HPOS="880"/>
							<String ID="string_167" HPOS="905" VPOS="931" WIDTH="116" HEIGHT="21" WC="0.96" CONTENT="framtiden"/><SP WIDTH="24" VPOS="931" HPOS="1021"/>
							<String ID="string_168" HPOS="1045" VPOS="931" WIDTH="115" HEIGHT="26" WC="0.96" CONTENT="beroende,"/>
						</TextLine>
						<TextLine ID="line_21" HPOS="415" VPOS="964" WIDTH="746" HEIGHT="27">
							<String ID="string_169" HPOS="415" VPOS="966" WIDTH="65" HEIGHT="21" WC="0.93" CONTENT="hafva"/><SP WIDTH="6" VPOS="966" HPOS="480"/>
							<String ID="string_170" HPOS="486" VPOS="965" WIDTH="121" HEIGHT="22" WC="0.91" CONTENT="Ständerna"/><SP WIDTH="8" VPOS="965" HPOS="607"/>
							<String ID="string_171" HPOS="615" VPOS="965" WIDTH="36" HEIGHT="21" WC="0.93" CONTENT="vid"/><SP WIDTH="5" VPOS="965" HPOS="651"/>
							<String ID="string_172" HPOS="656" VPOS="964" WIDTH="114" HEIGHT="22" WC="0.85" CONTENT="sisthällna"/><SP WIDTH="5" VPOS="964" HPOS="770"/>
							<String ID="string_173" HPOS="775" VPOS="964" WIDTH="141" HEIGHT="27" WC="0.89" CONTENT="landtdaguti"/><SP WIDTH="8" VPOS="964" HPOS="916"/>
							<String ID="string_174" HPOS="924" VPOS="964" WIDTH="136" HEIGHT="27" WC="0.92" CONTENT="underdänig"/><SP WIDTH="9" VPOS="964" HPOS="1060"/>
							<String ID="string_175" HPOS="1069" VPOS="964" WIDTH="92" HEIGHT="27" WC="0.96" CONTENT="petition"/>
						</TextLine>
						<TextLine ID="line_22" HPOS="416" VPOS="998" WIDTH="746" HEIGHT="28">
							<String ID="string_176" HPOS="416" VPOS="1000" WIDTH="91" HEIGHT="21" WC="0.91" CONTENT="anhällit"/><SP WIDTH="19" VPOS="1000" HPOS="507"/>
							<String ID="string_177" HPOS="526" VPOS="1000" WIDTH="33" HEIGHT="20" WC="0.93" CONTENT="att"/><SP WIDTH="17" VPOS="1000" HPOS="559"/>
							<String ID="string_178" HPOS="576" VPOS="998" WIDTH="92" HEIGHT="22" WC="0.92" CONTENT="nämnde"/><SP WIDTH="20" VPOS="998" HPOS="668"/>
							<String ID="string_179" HPOS="688" VPOS="998" WIDTH="61" HEIGHT="27" WC="0.91" CONTENT="fräga"/><SP WIDTH="18" VPOS="998" HPOS="749"/>
							<String ID="string_180" HPOS="767" VPOS="998" WIDTH="67" HEIGHT="21" WC="0.91" CONTENT="mätte"/><SP WIDTH="15" VPOS="998" HPOS="834"/>
							<String ID="string_181" HPOS="849" VPOS="998" WIDTH="54" HEIGHT="28" WC="0.88" CONTENT="änyo"/><SP WIDTH="16" VPOS="998" HPOS="903"/>
							<String ID="string_182" HPOS="919" VPOS="999" WIDTH="106" HEIGHT="26" WC="0.93" CONTENT="upptagas"/><SP WIDTH="16" VPOS="999" HPOS="1025"/>
							<String ID="string_183" HPOS="1041" VPOS="998" WIDTH="39" HEIGHT="22" WC="0.93" CONTENT="och"/><SP WIDTH="15" VPOS="998" HPOS="1080"/>
							<String ID="string_184" HPOS="1095" VPOS="998" WIDTH="67" HEIGHT="27" WC="0.92" CONTENT="nädig"/>
						</TextLine>
						<TextLine ID="line_23" HPOS="415" VPOS="1032" WIDTH="746" HEIGHT="29">
							<String ID="string_185" HPOS="415" VPOS="1033" WIDTH="135" HEIGHT="28" WC="0.96" CONTENT="proposition"/><SP WIDTH="22" VPOS="1033" HPOS="550"/>
							<String ID="string_186" HPOS="572" VPOS="1033" WIDTH="7" HEIGHT="21" WC="0.93" CONTENT="i"/><SP WIDTH="23" VPOS="1033" HPOS="579"/>
							<String ID="string_187" HPOS="602" VPOS="1034" WIDTH="72" HEIGHT="20" WC="0.91" CONTENT="ämnet"/><SP WIDTH="24" VPOS="1034" HPOS="674"/>
							<String ID="string_188" HPOS="698" VPOS="1032" WIDTH="121" HEIGHT="22" WC="0.92" CONTENT="Ständerna"/><SP WIDTH="18" VPOS="1032" HPOS="819"/>
							<String ID="string_189" HPOS="837" VPOS="1033" WIDTH="36" HEIGHT="21" WC="0.93" CONTENT="vid"/><SP WIDTH="19" VPOS="1033" HPOS="873"/>
							<String ID="string_190" HPOS="892" VPOS="1032" WIDTH="145" HEIGHT="22" WC="0.92" CONTENT="nästskeende"/><SP WIDTH="19" VPOS="1032" HPOS="1037"/>
							<String ID="string_191" HPOS="1056" VPOS="1032" WIDTH="105" HEIGHT="28" WC="0.92" CONTENT="landtdag"/>
						</TextLine>
						<TextLine ID="line_24" HPOS="416" VPOS="1064" WIDTH="227" HEIGHT="36">
							<String ID="string_192" HPOS="416" VPOS="1064" WIDTH="128" HEIGHT="36" WC="0.92" CONTENT="föreläggas."/><SP WIDTH="91" VPOS="1064" HPOS="544"/>
							<String ID="string_193" HPOS="635" VPOS="1074" WIDTH="8" HEIGHT="4" WC="0.38" CONTENT="&lt;"/>
						</TextLine>
					</TextBlock>
					<TextBlock ID="block_3" HPOS="416" VPOS="1100" WIDTH="746" HEIGHT="437">
						<TextLine ID="line_25" HPOS="484" VPOS="1100" WIDTH="678" HEIGHT="29">
							<String ID="string_194" HPOS="484" VPOS="1103" WIDTH="11" HEIGHT="21" WC="0.92" CONTENT="I"/><SP WIDTH="22" VPOS="1103" HPOS="495"/>
							<String ID="string_195" HPOS="517" VPOS="1102" WIDTH="116" HEIGHT="27" WC="0.92" CONTENT="anledning"/><SP WIDTH="19" VPOS="1102" HPOS="633"/>
							<String ID="string_196" HPOS="652" VPOS="1101" WIDTH="64" HEIGHT="22" WC="0.92" CONTENT="häraf"/><SP WIDTH="19" VPOS="1101" HPOS="716"/>
							<String ID="string_197" HPOS="735" VPOS="1101" WIDTH="39" HEIGHT="21" WC="0.96" CONTENT="och"/><SP WIDTH="20" VPOS="1101" HPOS="774"/>
							<String ID="string_198" HPOS="794" VPOS="1101" WIDTH="27" HEIGHT="21" WC="0.96" CONTENT="dä"/><SP WIDTH="20" VPOS="1101" HPOS="821"/>
							<String ID="string_199" HPOS="841" VPOS="1102" WIDTH="60" HEIGHT="20" WC="0.93" CONTENT="Hans"/><SP WIDTH="21" VPOS="1102" HPOS="901"/>
							<String ID="string_200" HPOS="922" VPOS="1100" WIDTH="123" HEIGHT="28" WC="0.92" CONTENT="Kejserliga"/><SP WIDTH="14" VPOS="1100" HPOS="1045"/>
							<String ID="string_201" HPOS="1059" VPOS="1100" WIDTH="103" HEIGHT="27" WC="0.93" CONTENT="Majestät"/>
						</TextLine>
						<TextLine ID="line_26" HPOS="416" VPOS="1134" WIDTH="745" HEIGHT="28">
							<String ID="string_202" HPOS="416" VPOS="1138" WIDTH="58" HEIGHT="21" WC="0.90" CONTENT="velat"/><SP WIDTH="23" VPOS="1138" HPOS="474"/>
							<String ID="string_203" HPOS="497" VPOS="1137" WIDTH="92" HEIGHT="21" WC="0.96" CONTENT="berörde"/><SP WIDTH="16" VPOS="1137" HPOS="589"/>
							<String ID="string_204" HPOS="605" VPOS="1136" WIDTH="100" HEIGHT="22" WC="0.93" CONTENT="anhållan"/><SP WIDTH="17" VPOS="1136" HPOS="705"/>
							<String ID="string_205" HPOS="722" VPOS="1136" WIDTH="87" HEIGHT="26" WC="0.86" CONTENT="nädigst"/><SP WIDTH="16" VPOS="1136" HPOS="809"/>
							<String ID="string_206" HPOS="825" VPOS="1136" WIDTH="80" HEIGHT="25" WC="0.96" CONTENT="bifalla,"/><SP WIDTH="25" VPOS="1136" HPOS="905"/>
							<String ID="string_207" HPOS="930" VPOS="1135" WIDTH="45" HEIGHT="26" WC="0.96" CONTENT="har,"/><SP WIDTH="21" VPOS="1135" HPOS="975"/>
							<String ID="string_208" HPOS="996" VPOS="1136" WIDTH="48" HEIGHT="20" WC="0.93" CONTENT="med"/><SP WIDTH="16" VPOS="1136" HPOS="1044"/>
							<String ID="string_209" HPOS="1060" VPOS="1134" WIDTH="101" HEIGHT="22" WC="0.95" CONTENT="afseende"/>
						</TextLine>
						<TextLine ID="line_27" HPOS="417" VPOS="1169" WIDTH="744" HEIGHT="29">
							<String ID="string_210" HPOS="417" VPOS="1172" WIDTH="52" HEIGHT="22" WC="0.92" CONTENT="derä"/><SP WIDTH="19" VPOS="1172" HPOS="469"/>
							<String ID="string_211" HPOS="488" VPOS="1173" WIDTH="34" HEIGHT="19" WC="0.93" CONTENT="att"/><SP WIDTH="22" VPOS="1173" HPOS="522"/>
							<String ID="string_212" HPOS="544" VPOS="1172" WIDTH="73" HEIGHT="26" WC="0.90" CONTENT="prisen"/><SP WIDTH="18" VPOS="1172" HPOS="617"/>
							<String ID="string_213" HPOS="635" VPOS="1170" WIDTH="27" HEIGHT="28" WC="0.93" CONTENT="pä"/><SP WIDTH="15" VPOS="1170" HPOS="662"/>
							<String ID="string_214" HPOS="677" VPOS="1170" WIDTH="27" HEIGHT="22" WC="0.92" CONTENT="hö"/><SP WIDTH="17" VPOS="1170" HPOS="704"/>
							<String ID="string_215" HPOS="721" VPOS="1170" WIDTH="40" HEIGHT="22" WC="0.93" CONTENT="och"/><SP WIDTH="16" VPOS="1170" HPOS="761"/>
							<String ID="string_216" HPOS="777" VPOS="1170" WIDTH="140" HEIGHT="26" WC="0.92" CONTENT="dagsverken,"/><SP WIDTH="16" VPOS="1170" HPOS="917"/>
							<String ID="string_217" HPOS="933" VPOS="1169" WIDTH="73" HEIGHT="22" WC="0.92" CONTENT="hvilka"/><SP WIDTH="15" VPOS="1169" HPOS="1006"/>
							<String ID="string_218" HPOS="1021" VPOS="1169" WIDTH="90" HEIGHT="21" WC="0.92" CONTENT="artiklar"/><SP WIDTH="16" VPOS="1169" HPOS="1111"/>
							<String ID="string_219" HPOS="1127" VPOS="1169" WIDTH="34" HEIGHT="21" WC="0.96" CONTENT="till"/>
						</TextLine>
						<TextLine ID="line_28" HPOS="416" VPOS="1202" WIDTH="745" HEIGHT="31">
							<String ID="string_220" HPOS="416" VPOS="1206" WIDTH="112" HEIGHT="27" WC="0.96" CONTENT="betydliga"/><SP WIDTH="18" VPOS="1206" HPOS="528"/>
							<String ID="string_221" HPOS="546" VPOS="1206" WIDTH="78" HEIGHT="26" WC="0.96" CONTENT="belopp"/><SP WIDTH="19" VPOS="1206" HPOS="624"/>
							<String ID="string_222" HPOS="643" VPOS="1205" WIDTH="70" HEIGHT="26" WC="0.96" CONTENT="ingått"/><SP WIDTH="16" VPOS="1205" HPOS="713"/>
							<String ID="string_223" HPOS="729" VPOS="1205" WIDTH="31" HEIGHT="20" WC="0.96" CONTENT="uti"/><SP WIDTH="17" VPOS="1205" HPOS="760"/>
							<String ID="string_224" HPOS="777" VPOS="1204" WIDTH="26" HEIGHT="21" WC="0.97" CONTENT="de"/><SP WIDTH="16" VPOS="1204" HPOS="803"/>
							<String ID="string_225" HPOS="819" VPOS="1204" WIDTH="23" HEIGHT="21" WC="0.97" CONTENT="af"/><SP WIDTH="13" VPOS="1204" HPOS="842"/>
							<String ID="string_226" HPOS="855" VPOS="1204" WIDTH="55" HEIGHT="21" WC="0.93" CONTENT="1868"/><SP WIDTH="16" VPOS="1204" HPOS="910"/>
							<String ID="string_227" HPOS="926" VPOS="1203" WIDTH="35" HEIGHT="22" WC="0.93" CONTENT="års"/><SP WIDTH="15" VPOS="1203" HPOS="961"/>
							<String ID="string_228" HPOS="976" VPOS="1203" WIDTH="139" HEIGHT="21" WC="0.91" CONTENT="Komiterade"/><SP WIDTH="15" VPOS="1203" HPOS="1115"/>
							<String ID="string_229" HPOS="1130" VPOS="1202" WIDTH="31" HEIGHT="22" WC="0.92" CONTENT="fö-"/>
						</TextLine>
						<TextLine ID="line_29" HPOS="417" VPOS="1237" WIDTH="745" HEIGHT="30">
							<String ID="string_230" HPOS="417" VPOS="1240" WIDTH="100" HEIGHT="27" WC="0.89" CONTENT="reslagna"/><SP WIDTH="24" VPOS="1240" HPOS="517"/>
							<String ID="string_231" HPOS="541" VPOS="1238" WIDTH="186" HEIGHT="27" WC="0.88" CONTENT="undervisningar,"/><SP WIDTH="26" VPOS="1238" HPOS="727"/>
							<String ID="string_232" HPOS="753" VPOS="1239" WIDTH="6" HEIGHT="20" WC="0.92" CONTENT="i"/><SP WIDTH="26" VPOS="1239" HPOS="759"/>
							<String ID="string_233" HPOS="785" VPOS="1238" WIDTH="117" HEIGHT="22" WC="0.91" CONTENT="allmänhet"/><SP WIDTH="19" VPOS="1238" HPOS="902"/>
							<String ID="string_234" HPOS="921" VPOS="1239" WIDTH="36" HEIGHT="20" WC="0.90" CONTENT="äro"/><SP WIDTH="21" VPOS="1239" HPOS="957"/>
							<String ID="string_235" HPOS="978" VPOS="1238" WIDTH="39" HEIGHT="21" WC="0.93" CONTENT="och"/><SP WIDTH="19" VPOS="1238" HPOS="1017"/>
							<String ID="string_236" HPOS="1036" VPOS="1237" WIDTH="126" HEIGHT="27" WC="0.93" CONTENT="isynnerhet"/>
						</TextLine>
						<TextLine ID="line_30" HPOS="417" VPOS="1270" WIDTH="745" HEIGHT="26">
							<String ID="string_237" HPOS="417" VPOS="1274" WIDTH="69" HEIGHT="22" WC="0.96" CONTENT="under"/><SP WIDTH="16" VPOS="1274" HPOS="486"/>
							<String ID="string_238" HPOS="502" VPOS="1274" WIDTH="26" HEIGHT="20" WC="0.93" CONTENT="de"/><SP WIDTH="16" VPOS="1274" HPOS="528"/>
							<String ID="string_239" HPOS="544" VPOS="1275" WIDTH="85" HEIGHT="19" WC="0.96" CONTENT="senaste"/><SP WIDTH="16" VPOS="1275" HPOS="629"/>
							<String ID="string_240" HPOS="645" VPOS="1273" WIDTH="50" HEIGHT="21" WC="0.94" CONTENT="åren"/><SP WIDTH="16" VPOS="1273" HPOS="695"/>
							<String ID="string_241" HPOS="711" VPOS="1272" WIDTH="57" HEIGHT="21" WC="0.93" CONTENT="varit"/><SP WIDTH="15" VPOS="1272" HPOS="768"/>
							<String ID="string_242" HPOS="783" VPOS="1272" WIDTH="94" HEIGHT="21" WC="0.93" CONTENT="särdeles"/><SP WIDTH="16" VPOS="1272" HPOS="877"/>
							<String ID="string_243" HPOS="893" VPOS="1271" WIDTH="140" HEIGHT="22" WC="0.92" CONTENT="omvexlande"/><SP WIDTH="14" VPOS="1271" HPOS="1033"/>
							<String ID="string_244" HPOS="1047" VPOS="1270" WIDTH="48" HEIGHT="22" WC="0.93" CONTENT="icke"/><SP WIDTH="15" VPOS="1270" HPOS="1095"/>
							<String ID="string_245" HPOS="1110" VPOS="1271" WIDTH="52" HEIGHT="21" WC="0.93" CONTENT="alle-"/>
						</TextLine>
						<TextLine ID="line_31" HPOS="417" VPOS="1304" WIDTH="744" HEIGHT="27">
							<String ID="string_246" HPOS="417" VPOS="1310" WIDTH="49" HEIGHT="19" WC="0.91" CONTENT="nast"/><SP WIDTH="18" VPOS="1310" HPOS="466"/>
							<String ID="string_247" HPOS="484" VPOS="1308" WIDTH="7" HEIGHT="20" WC="0.96" CONTENT="i"/><SP WIDTH="16" VPOS="1308" HPOS="491"/>
							<String ID="string_248" HPOS="507" VPOS="1307" WIDTH="58" HEIGHT="22" WC="0.96" CONTENT="olika"/><SP WIDTH="16" VPOS="1307" HPOS="565"/>
							<String ID="string_249" HPOS="581" VPOS="1307" WIDTH="60" HEIGHT="22" WC="0.96" CONTENT="delar"/><SP WIDTH="15" VPOS="1307" HPOS="641"/>
							<String ID="string_250" HPOS="656" VPOS="1307" WIDTH="23" HEIGHT="21" WC="0.96" CONTENT="af"/><SP WIDTH="13" VPOS="1307" HPOS="679"/>
							<String ID="string_251" HPOS="692" VPOS="1306" WIDTH="75" HEIGHT="21" WC="0.96" CONTENT="landet"/><SP WIDTH="15" VPOS="1306" HPOS="767"/>
							<String ID="string_252" HPOS="782" VPOS="1308" WIDTH="52" HEIGHT="19" WC="0.93" CONTENT="utan"/><SP WIDTH="16" VPOS="1308" HPOS="834"/>
							<String ID="string_253" HPOS="850" VPOS="1305" WIDTH="62" HEIGHT="22" WC="0.93" CONTENT="äfven"/><SP WIDTH="16" VPOS="1305" HPOS="912"/>
							<String ID="string_254" HPOS="928" VPOS="1305" WIDTH="57" HEIGHT="22" WC="0.96" CONTENT="inom"/><SP WIDTH="15" VPOS="1305" HPOS="985"/>
							<String ID="string_255" HPOS="1000" VPOS="1310" WIDTH="81" HEIGHT="16" WC="0.96" CONTENT="samma"/><SP WIDTH="14" VPOS="1310" HPOS="1081"/>
							<String ID="string_256" HPOS="1095" VPOS="1305" WIDTH="43" HEIGHT="26" WC="0.96" CONTENT="län,"/><SP WIDTH="15" VPOS="1305" HPOS="1138"/>
							<String ID="string_257" HPOS="1153" VPOS="1304" WIDTH="8" HEIGHT="21" WC="0.96" CONTENT="i"/>
						</TextLine>
						<TextLine ID="line_32" HPOS="417" VPOS="1338" WIDTH="743" HEIGHT="31">
							<String ID="string_258" HPOS="417" VPOS="1343" WIDTH="54" HEIGHT="26" WC="0.89" CONTENT="följd"/><SP WIDTH="22" VPOS="1343" HPOS="471"/>
							<String ID="string_259" HPOS="493" VPOS="1341" WIDTH="78" HEIGHT="22" WC="0.90" CONTENT="hvaraf"/><SP WIDTH="22" VPOS="1341" HPOS="571"/>
							<String ID="string_260" HPOS="593" VPOS="1341" WIDTH="36" HEIGHT="21" WC="0.93" CONTENT="det"/><SP WIDTH="24" VPOS="1341" HPOS="629"/>
							<String ID="string_261" HPOS="653" VPOS="1341" WIDTH="47" HEIGHT="21" WC="0.89" CONTENT="icke"/><SP WIDTH="18" VPOS="1341" HPOS="700"/>
							<String ID="string_262" HPOS="718" VPOS="1339" WIDTH="75" HEIGHT="22" WC="0.96" CONTENT="kunde"/><SP WIDTH="15" VPOS="1339" HPOS="793"/>
							<String ID="string_263" HPOS="808" VPOS="1340" WIDTH="48" HEIGHT="21" WC="0.93" CONTENT="med"/><SP WIDTH="15" VPOS="1340" HPOS="856"/>
							<String ID="string_264" HPOS="871" VPOS="1339" WIDTH="71" HEIGHT="27" WC="0.92" CONTENT="nägon"/><SP WIDTH="15" VPOS="1339" HPOS="942"/>
							<String ID="string_265" HPOS="957" VPOS="1339" WIDTH="82" HEIGHT="21" WC="0.92" CONTENT="visshet"/><SP WIDTH="14" VPOS="1339" HPOS="1039"/>
							<String ID="string_266" HPOS="1053" VPOS="1338" WIDTH="107" HEIGHT="27" WC="0.93" CONTENT="päräknas"/>
						</TextLine>
						<TextLine ID="line_33" HPOS="418" VPOS="1372" WIDTH="744" HEIGHT="31">
							<String ID="string_267" HPOS="418" VPOS="1378" WIDTH="32" HEIGHT="20" WC="0.82" CONTENT="att"/><SP WIDTH="25" VPOS="1378" HPOS="450"/>
							<String ID="string_268" HPOS="475" VPOS="1376" WIDTH="160" HEIGHT="27" WC="0.82" CONTENT="grundräntans"/><SP WIDTH="23" VPOS="1376" HPOS="635"/>
							<String ID="string_269" HPOS="658" VPOS="1374" WIDTH="228" HEIGHT="27" WC="0.92" CONTENT="förvandlingsvärden"/><SP WIDTH="24" VPOS="1374" HPOS="886"/>
							<String ID="string_270" HPOS="910" VPOS="1373" WIDTH="54" HEIGHT="22" WC="0.96" CONTENT="efter"/><SP WIDTH="23" VPOS="1373" HPOS="964"/>
							<String ID="string_271" HPOS="987" VPOS="1373" WIDTH="63" HEIGHT="20" WC="0.96" CONTENT="dessa"/><SP WIDTH="23" VPOS="1373" HPOS="1050"/>
							<String ID="string_272" HPOS="1073" VPOS="1372" WIDTH="40" HEIGHT="21" WC="0.96" CONTENT="och"/><SP WIDTH="22" VPOS="1372" HPOS="1113"/>
							<String ID="string_273" HPOS="1135" VPOS="1372" WIDTH="27" HEIGHT="21" WC="0.96" CONTENT="de"/>
						</TextLine>
						<TextLine ID="line_34" HPOS="418" VPOS="1405" WIDTH="743" HEIGHT="32">
							<String ID="string_274" HPOS="418" VPOS="1410" WIDTH="71" HEIGHT="27" WC="0.93" CONTENT="gamla"/><SP WIDTH="19" VPOS="1410" HPOS="489"/>
							<String ID="string_275" HPOS="508" VPOS="1408" WIDTH="207" HEIGHT="27" WC="0.92" CONTENT="undervisningarne"/><SP WIDTH="21" VPOS="1408" HPOS="715"/>
							<String ID="string_276" HPOS="736" VPOS="1407" WIDTH="61" HEIGHT="22" WC="0.92" CONTENT="äfven"/><SP WIDTH="22" VPOS="1407" HPOS="797"/>
							<String ID="string_277" HPOS="819" VPOS="1408" WIDTH="33" HEIGHT="21" WC="0.96" CONTENT="för"/><SP WIDTH="21" VPOS="1408" HPOS="852"/>
							<String ID="string_278" HPOS="873" VPOS="1407" WIDTH="116" HEIGHT="21" WC="0.96" CONTENT="framtiden"/><SP WIDTH="20" VPOS="1407" HPOS="989"/>
							<String ID="string_279" HPOS="1009" VPOS="1406" WIDTH="70" HEIGHT="21" WC="0.93" CONTENT="skulle"/><SP WIDTH="14" VPOS="1406" HPOS="1079"/>
							<String ID="string_280" HPOS="1093" VPOS="1405" WIDTH="68" HEIGHT="22" WC="0.92" CONTENT="blifva"/>
						</TextLine>
						<TextLine ID="line_35" HPOS="417" VPOS="1438" WIDTH="745" HEIGHT="28">
							<String ID="string_281" HPOS="417" VPOS="1443" WIDTH="49" HEIGHT="21" WC="0.93" CONTENT="med"/><SP WIDTH="16" VPOS="1443" HPOS="466"/>
							<String ID="string_282" HPOS="482" VPOS="1442" WIDTH="122" HEIGHT="22" WC="0.93" CONTENT="hvarandra"/><SP WIDTH="15" VPOS="1442" HPOS="604"/>
							<String ID="string_283" HPOS="619" VPOS="1442" WIDTH="240" HEIGHT="24" WC="0.91" CONTENT="öfverensstämmande,"/><SP WIDTH="16" VPOS="1442" HPOS="859"/>
							<String ID="string_284" HPOS="875" VPOS="1446" WIDTH="26" HEIGHT="15" WC="0.95" CONTENT="en"/><SP WIDTH="14" VPOS="1446" HPOS="901"/>
							<String ID="string_285" HPOS="915" VPOS="1446" WIDTH="28" HEIGHT="20" WC="0.93" CONTENT="ny"/><SP WIDTH="16" VPOS="1446" HPOS="943"/>
							<String ID="string_286" HPOS="959" VPOS="1439" WIDTH="86" HEIGHT="21" WC="0.80" CONTENT="Komit6"/><SP WIDTH="10" VPOS="1439" HPOS="1045"/>
							<String ID="string_287" HPOS="1055" VPOS="1439" WIDTH="64" HEIGHT="21" WC="0.95" CONTENT="blivit"/><SP WIDTH="9" VPOS="1439" HPOS="1119"/>
							<String ID="string_288" HPOS="1128" VPOS="1438" WIDTH="34" HEIGHT="20" WC="0.96" CONTENT="för"/>
						</TextLine>
						<TextLine ID="line_36" HPOS="418" VPOS="1471" WIDTH="742" HEIGHT="32">
							<String ID="string_289" HPOS="418" VPOS="1476" WIDTH="88" HEIGHT="27" WC="0.92" CONTENT="frägans"/><SP WIDTH="15" VPOS="1476" HPOS="506"/>
							<String ID="string_290" HPOS="521" VPOS="1475" WIDTH="132" HEIGHT="27" WC="0.93" CONTENT="behandling"/><SP WIDTH="15" VPOS="1475" HPOS="653"/>
							<String ID="string_291" HPOS="668" VPOS="1474" WIDTH="85" HEIGHT="26" WC="0.88" CONTENT="utsedd,"/><SP WIDTH="23" VPOS="1474" HPOS="753"/>
							<String ID="string_292" HPOS="776" VPOS="1474" WIDTH="49" HEIGHT="21" WC="0.93" CONTENT="med"/><SP WIDTH="16" VPOS="1474" HPOS="825"/>
							<String ID="string_293" HPOS="841" VPOS="1473" WIDTH="98" HEIGHT="27" WC="0.93" CONTENT="uppdrag"/><SP WIDTH="16" VPOS="1473" HPOS="939"/>
							<String ID="string_294" HPOS="955" VPOS="1474" WIDTH="37" HEIGHT="24" WC="0.93" CONTENT="att,"/><SP WIDTH="17" VPOS="1474" HPOS="992"/>
							<String ID="string_295" HPOS="1009" VPOS="1472" WIDTH="89" HEIGHT="21" WC="0.93" CONTENT="emedan"/><SP WIDTH="16" VPOS="1472" HPOS="1098"/>
							<String ID="string_296" HPOS="1114" VPOS="1471" WIDTH="46" HEIGHT="21" WC="0.93" CONTENT="der-"/>
						</TextLine>
						<TextLine ID="line_37" HPOS="417" VPOS="1504" WIDTH="744" HEIGHT="33">
							<String ID="string_297" HPOS="417" VPOS="1510" WIDTH="67" HEIGHT="27" WC="0.92" CONTENT="jemte"/><SP WIDTH="18" VPOS="1510" HPOS="484"/>
							<String ID="string_298" HPOS="502" VPOS="1509" WIDTH="96" HEIGHT="27" WC="0.93" CONTENT="önskligt"/><SP WIDTH="20" VPOS="1509" HPOS="598"/>
							<String ID="string_299" HPOS="618" VPOS="1515" WIDTH="51" HEIGHT="15" WC="0.93" CONTENT="vore"/><SP WIDTH="22" VPOS="1515" HPOS="669"/>
							<String ID="string_300" HPOS="691" VPOS="1510" WIDTH="32" HEIGHT="19" WC="0.93" CONTENT="att"/><SP WIDTH="15" VPOS="1510" HPOS="723"/>
							<String ID="string_301" HPOS="738" VPOS="1508" WIDTH="81" HEIGHT="22" WC="0.93" CONTENT="sädana"/><SP WIDTH="15" VPOS="1508" HPOS="819"/>
							<String ID="string_302" HPOS="834" VPOS="1506" WIDTH="180" HEIGHT="27" WC="0.92" CONTENT="undervisningar"/><SP WIDTH="14" VPOS="1506" HPOS="1014"/>
							<String ID="string_303" HPOS="1028" VPOS="1506" WIDTH="84" HEIGHT="21" WC="0.92" CONTENT="komme"/><SP WIDTH="15" VPOS="1506" HPOS="1112"/>
							<String ID="string_304" HPOS="1127" VPOS="1504" WIDTH="34" HEIGHT="21" WC="0.96" CONTENT="till"/>
						</TextLine>
					</TextBlock>
				</ComposedBlock>
				<GraphicalElement ID="cblock_2" HPOS="1373" VPOS="111" WIDTH="5" HEIGHT="1135"></GraphicalElement >
			</PrintSpace>
		</Page>
	</Layout>
</alto>
