1061 1709
238 142 27 22 28
378 146 25 17 U.
424 146 28 17 B.
469 155 26 3 —
511 146 81 22 Prop.
608 146 45 18 N:o
668 146 28 16 30
711 149 34 13 m.
760 144 27 18 fl.

667 210 118 26 Transport
800 209 117 26 6,643,632:
927 220 23 3 —

212 250 63 22 Anm.
295 250 11 21 I
325 250 140 22 nästanförda
483 257 61 15 mom.
562 251 31 21 in-

239 284 100 26 begripes
362 284 39 21 ock
424 285 119 26 petitionen
562 291 33 15 om

240 318 140 26 provisionelt
395 318 75 27 anslag
485 319 33 21 för
532 318 62 22 Uleä-

239 352 64 26 borgs
319 352 84 26 privata
417 352 90 27 lyceum.

614 404 56 21 S:ma
684 404 33 20 för
733 405 12 19 5
761 403 24 21 år
801 404 117 25 6,643,632:
929 414 23 3 —

212 438 149 20 motsvarande
372 438 32 20 för
417 438 75 27 hvarje
500 438 23 21 är
531 444 25 15 en
566 437 65 27 utgift
640 437 23 21 af
673 437 4 21 i
684 437 101 21 medeltal
802 437 117 25 1,328,726:
929 448 24 3 —

583 472 52 21 eller
649 471 8 21 i
672 471 65 21 rundt
754 471 31 21 tal
802 471 115 26 1,328,800:
929 482 24 3 —

213 506 58 20 Enär
289 506 107 20 allmänna
415 506 146 21 statsfondens
581 505 95 21 normala
690 505 82 27 budget

278 540 134 21 beräknades
427 540 71 22 lemna
507 542 31 19 ett
546 540 64 26 årligt
618 539 155 21 öfverskottaf
802 538 117 27 1,815,900:
930 550 23 3 —

211 574 40 21 och
263 574 26 21 de
301 581 28 14 nu
338 574 90 21 anförda
436 574 225 27 tillskottsutgifterna
671 574 100 26 medtaga
800 572 119 27 1,328,800:
930 585 22 2 —

213 608 39 21 bör
267 608 33 21 till
315 608 141 21 oförutsedda
470 608 66 22 behof
543 608 39 22 och
593 608 109 26 tillfälliga
710 610 61 18 extra

213 642 91 26 utgifter
319 642 67 21 blifva
402 642 131 27 disponibelt
548 642 33 21 för
596 642 73 26 hvarje
684 642 23 20 är
733 657 3 4 .
767 657 4 4 .
824 642 129 25 487,100:—

281 682 112 22 Utskottet
414 682 40 21 har
476 682 36 21 vid
534 682 149 27 uppgörandet
705 681 23 21 af
750 681 70 21 denna
834 680 121 27 beräkning

211 716 48 21 icke
274 716 101 21 förbisett
390 718 32 19 att
438 718 57 19 ännu
510 718 78 19 tvenne
602 715 111 27 betydliga
727 715 159 27 utgiftsposter,
910 720 45 15 som

213 750 47 22 icke
275 750 8 21 i
299 750 36 21 det
351 750 130 26 föregäende
497 751 116 26 upptagits,
623 749 84 21 komma
716 750 33 20 att
756 749 84 21 belasta
848 748 108 22 allmänna

213 784 143 25 statsfonden,
371 784 118 27 nämligen
480 780 12 35 :

213 818 125 22 återstoden
354 818 22 22 af
382 818 172 28 köpeskillingen
562 819 34 21 för
603 819 99 55 Syvinge
716 819 73 26 Hangö

277 853 91 27 jernväg
397 869 4 4 .
432 870 5 3 .
468 870 4 4 .
712 861 39 13 10.
783 869 4 4 +
818 852 103 26 1,530,000:
931 864 23 2 —

213 888 126 21 resterande
354 888 64 20 skuld
433 888 33 20 till
478 865 169 54 fnilitiefonden
678 904 4 4 <
748 904 39 4 0.0.
802 887 118 26 2,400,000:
931 898 23 2 —

280 928 50 21 Men
345 928 23 21 af
382 928 243 26 Finansexpeditionens
638 928 45 21 ofta
691 928 92 20 nämnda
791 926 101 27 "kalkyl",
901 932 54 15 anm.

213 962 13 21 ä
241 968 19 20 p.
276 962 27 21 26
319 962 39 21 och
374 962 33 26 27,
424 962 94 26 framgår
533 964 32 19 att
580 962 63 21 dessa
657 964 74 24 poster
745 961 47 21 icke
804 961 68 26 skola,
881 960 76 21 ätmin-

214 998 61 19 stone
295 996 18 26 ej
330 996 34 20 till
378 996 50 20 hela
443 996 106 26 beloppet,
572 997 66 26 tynga
652 996 28 26 pä
695 995 192 27 statsregleringen
903 994 54 21 efter

214 1030 63 26 1877,
300 1030 73 20 derest
396 1030 148 20 innevarande
560 1030 34 20 års
610 1030 137 20 tullintrader
763 1029 57 26 stiga
835 1029 23 20 sä
873 1028 85 27 mycket

216 1064 67 26 högre
306 1065 27 19 än
356 1064 6 20 i
385 1064 58 20 årets
468 1063 138 27 statsförslag
628 1063 123 26 beräknats,
768 1064 32 20 att
816 1062 142 22 öfverskottet

213 1098 82 21 lemnar
318 1098 70 20 medel
413 1097 34 21 till
463 1098 62 20 deras
551 1097 106 27 gäldande
676 1097 51 21 eller
743 1096 135 26 afbetalning
900 1096 57 21 derä.

213 1132 34 20 Nu
265 1132 46 26 har,
327 1132 69 20 säsom
412 1131 107 21 utskottet
533 1131 92 27 tidigare
645 1130 78 26 anfört,
737 1130 164 21 tullinkomsten
923 1130 34 20 till

213 1166 126 26 September
358 1165 89 21 mänads
469 1165 82 27 utgäng
573 1164 62 28 gifvit
650 1165 89 25 592,000
754 1170 52 20 mer,
822 1166 26 19 än
864 1164 23 20 är
904 1164 53 20 1875

214 1200 35 21 vid
265 1206 80 14 samma
359 1200 32 20 tid
406 1200 56 20 hade
477 1199 86 21 influtit.
592 1199 43 21 Det
650 1205 62 21 synes
729 1198 91 21 sälunda
834 1198 64 26 högst
909 1204 47 14 san-

213 1234 70 21 nolikt
299 1235 32 19 att
346 1233 115 21 resultatet
475 1234 34 20 för
523 1233 49 21 hela
587 1233 61 21 detta
662 1232 24 21 är
701 1233 74 20 ställer
791 1233 33 25 sig
839 1232 44 20 lika
905 1232 53 25 högt

213 1273 46 15 som
275 1267 60 25 1875,
352 1266 51 21 eller
420 1267 26 19 12
461 1266 111 21 millioner.
602 1266 58 20 Enär
675 1266 111 20 tullmedel
798 1266 38 20 och
846 1266 111 26 sägnings-

214 1300 63 27 afgift
295 1300 7 20 i
319 1300 53 20 1877
388 1300 34 20 ärs
438 1300 137 26 statsförslag
590 1299 98 27 uppförts
704 1299 48 21 med
768 1299 77 21 endast
860 1299 7 21 8
879 1299 78 21 millio-

213 1340 44 20 ner,
280 1334 68 21 borde
363 1334 84 21 säledes
462 1340 51 20 nyss
528 1334 92 21 berörda
635 1333 120 21 öfverskott
770 1332 68 22 blifva
853 1334 11 20 4
880 1333 76 21 millio-

214 1375 45 15 ner.
289 1368 113 22 Utskottet
417 1368 43 21 kan
476 1368 72 21 derför
562 1367 48 22 icke
624 1367 89 22 betvifla
721 1369 32 20 att
758 1368 25 26 ju
791 1367 166 27 ifrågavarande

213 1400 79 25 tvenne
314 1405 74 26 poster
420 1402 61 22 skola
511 1402 65 22 varda
605 1402 112 27 reglerade
748 1402 92 22 medelst
871 1402 85 21 inneva-

219 1438 66 21 rande
301 1438 34 21 års
351 1437 130 27 behållning.
512 1437 44 21 Och
570 1437 34 21 må
618 1437 76 21 härvid
709 1439 56 19 ännu
780 1437 101 27 påpekas,
893 1437 64 21 huru-

215 1472 59 21 ledes
290 1472 26 21 de
331 1472 127 21 kommande
473 1472 62 21 årens
550 1472 124 26 inkomster,
685 1472 27 26 på
723 1473 43 19 sätt
774 1472 127 21 utskottet
891 1468 12 35 å
909 1478 48 20 pag.

282 1517 136 17 Statsutskottets
432 1518 104 17 betänkande
549 1518 33 17 N:o
596 1518 27 18 12.
