1056 1706
313 140 26 17 U.
357 140 28 18 B.
403 148 26 4 —
445 138 84 25 Prop.
545 140 50 20 N:o
611 140 45 20 29.
803 141 26 20 31

109 205 33 20 ter
156 203 85 23 föreslås
256 203 33 22 till
303 204 116 28 utgörande
434 204 23 22 af
469 204 157 31 tingsgästning.
650 206 84 22 Sådana
748 208 66 22 under
824 208 35 22 fri-

107 238 106 22 hetstiden
227 238 9 20 i
250 238 33 21 sin
297 238 74 28 början
389 238 24 22 af
425 239 39 21 lätt
478 239 121 29 förklarliga
618 241 46 21 skäl
678 241 122 28 uppkomna
814 242 43 28 pri-

108 272 88 28 vilegier
211 276 34 16 äro
260 271 33 22 för
306 272 89 21 nutiden
409 272 86 22 alldeles
510 274 116 28 olämpliga,
642 274 97 22 hvarföre
754 283 49 13 man
813 276 45 21 bor-

108 306 26 21 de
149 305 78 23 sträfva
242 305 33 22 till
293 307 31 20 att
338 306 45 22 helt
397 307 39 21 och
454 306 65 22 hället
533 306 88 23 afskaffa
636 308 78 22 sädana
729 308 128 23 missförhäl-

108 340 82 22 landen.
220 340 51 21 Men
285 340 123 28 isynnerhet
423 341 114 28 opassande
552 344 54 19 samt
620 342 132 29 motstridiga
767 348 35 16 äro
816 352 38 13 nu-

108 382 57 14 mera
184 374 187 22 frälsesäteriernas
390 374 121 30 privilegier
528 376 116 29 härvidlag,
660 377 26 21 dä
700 377 155 29 Ridderskapet

108 409 39 20 och
161 408 72 21 Adeln
253 408 65 22 redan
339 408 9 21 i
362 408 99 23 afseende
475 409 13 22 ä
506 410 134 29 lagskipning
660 412 60 27 lyder
740 412 67 21 under
821 412 35 21 hä-

107 442 146 27 radsrätterna,
269 442 69 22 säsom
352 442 63 23 äfven
429 444 65 21 andra
508 445 141 28 medborgare,
660 448 54 19 samt
727 445 27 22 dä
763 446 92 21 nämnde

106 476 75 29 gärdar
195 485 30 13 nu
239 477 66 21 redan
319 477 72 21 kunna
407 485 47 20 egas
469 478 23 21 af
504 479 63 21 hvem
581 487 46 13 som
641 479 60 26 helst,
713 479 64 22 sedan
791 481 14 20 6
815 480 39 21 och

107 511 26 21 27
151 512 28 25 88
195 511 7 21 i
217 511 155 28 Ridderskapet
386 512 39 21 och
439 512 83 23 Adelns
536 513 121 28 privilegier
671 513 24 22 af
706 514 24 21 år
741 514 54 21 1723
809 514 46 22 blif-

107 545 32 22 vit
153 545 91 28 lagligen
258 545 113 30 upphäfda.

175 579 33 22 Pä
221 581 69 27 grund
304 579 24 22 af
340 580 59 21 dessa
414 581 46 20 skäl
474 581 62 28 vägar
549 581 35 28 jag
599 581 120 28 ödmjukast
732 582 81 25 föreslä,
824 584 31 20 att

106 613 81 22 landets
206 614 111 29 höglofliga
335 614 90 22 Ständer
443 614 8 21 i
469 615 36 22 sitt
519 615 143 28 underdäniga
680 623 48 15 svar
745 616 50 22 ville
813 616 40 22 till-

106 648 128 28 kännagifva

243 685 32 18 att
292 683 124 21 Ständerna
430 683 46 21 icke
491 683 83 22 kunnat
588 683 116 27 godkänna
720 684 40 21 den
771 683 82 28 nädiga

171 717 164 26 propositionen
350 717 70 21 säsom
435 717 77 22 sädan.

174 767 50 23 Men
243 768 8 21 i
270 769 99 21 händelse
389 769 82 21 landets
490 769 111 29 höglofliga
616 769 90 22 Ständer
720 769 48 22 icke
784 769 67 22 skulle

104 803 111 28 godkänna
229 802 48 23 mitt
291 803 83 28 förslag,
389 803 64 21 borde
468 803 31 26 dä,
516 803 65 29 enligt
595 803 46 22 min
655 803 59 29 &sigt,
728 803 8 22 i
752 804 10 21 1
775 805 13 25 &
798 805 55 20 utta-

104 837 36 26 las,
157 838 30 21 att
202 837 136 28 domsagorna
352 839 73 27 utgöra
441 839 30 20 ett
485 838 54 21 enda
554 837 90 29 tingslag
658 838 53 21 blott
725 838 8 21 i
748 837 41 22 den
803 838 50 21 hän-

104 872 62 25 delse,
183 873 31 20 att
228 872 41 21 alla
286 871 8 22 i
309 872 112 28 domsagan
435 872 81 21 boende
535 872 125 21 kommuner
674 872 72 21 derom
760 871 91 26 anhälla,

104 908 53 19 samt
175 905 142 27 töreskrifvas,
336 908 31 20 att
381 906 8 21 i
403 905 64 22 andra
486 907 108 28 domsagor
611 905 63 23 borde
690 906 38 21 allt
742 905 53 23 efter
810 913 42 14 om-

103 940 170 28 ständigheterna
288 940 102 22 anordnas
405 942 74 20 trenne
494 940 104 22 ordinarie
612 940 46 28 ting
672 940 86 28 ärligen.
782 936 69 26 Äfven

101 974 64 21 borde
184 974 83 26 uttalas,
283 976 31 20 att
329 974 118 22 Ständerna
465 974 63 22 hafva
546 974 92 28 godkänt
653 974 41 22 den
716 974 77 28 nådiga
807 982 45 20 pro-

101 1008 118 29 positionen
233 1008 67 22 under
314 1008 149 29 förutsättning
477 1008 23 22 af
513 1008 40 22 den
573 1008 146 29 förhoppning,
736 1010 30 20 att
785 1009 12 21 8
813 1009 13 25 $
844 1008 8 21 i

102 1042 155 30 Ridderskapet
271 1043 39 21 och
324 1043 83 21 Adelns
421 1042 121 29 privilegier
556 1042 23 22 af
586 1042 24 22 &r
621 1043 54 21 1723
686 1042 116 29 upphäfves
818 1042 33 22 till

102 1077 41 21 den
158 1077 39 26 del,
213 1085 45 14 som
273 1077 64 28 angär
351 1077 108 28 byggande
475 1076 23 22 af
511 1076 112 29 tingsgärd.

603 1128 47 28 Zef.
669 1128 111 21 Suutarla.

168 1497 137 24 Lagutskottets
317 1496 110 19 betänkande
439 1496 37 19 N:o
488 1497 28 17 12.
