1056 1706
223 104 25 20 14
415 102 22 23 U.
454 102 23 23 B.
493 114 27 3 —
536 101 64 28 Prop.
619 102 39 23 N:o
673 102 37 22 30.

192 169 33 20 att
247 168 26 22 de
295 167 47 23 icke
364 167 21 21 få
406 167 87 27 vidtaga
512 166 92 27 tidigare
618 169 27 19 än
661 168 41 21 den
718 169 25 20 15
760 167 59 27 April
834 168 40 22 och
888 167 55 21 böra

191 208 52 16 vara
264 201 106 22 afslutade
391 201 46 21 före
459 201 108 27 utgången
589 201 23 21 af
633 201 97 22 Oktober
751 202 83 21 månad.
865 201 77 21 Tillika

191 235 98 22 utfärdar
311 236 137 21 Guvernören
469 235 73 27 påbud
564 241 34 15 om
616 235 34 21 val
666 235 31 21 till
712 235 119 22 ledamöter
845 235 8 21 i
867 235 75 22 bevill-

191 270 202 27 ningskomitéerna,
415 269 148 22 innehållande
581 270 81 26 jemväl
678 269 108 22 föreskrift
802 276 34 15 om
850 270 56 21 hvad
921 269 23 21 af

191 304 160 22 vederbörande
367 306 24 19 är
405 306 33 20 att
452 304 7 21 i
474 304 100 21 afseende
590 304 14 20 å
618 304 93 21 nämnda
725 304 105 21 komitéer
838 304 102 26 iakttaga.

190 338 33 22 På
237 344 81 16 samma
333 338 56 27 gång
404 338 67 27 dylikt
489 338 72 26 påbud
575 338 8 20 i
598 338 71 26 vanlig
686 338 89 26 ordning
789 336 153 28 församlingen

190 372 118 27 meddelas,
331 372 80 28 utlyses
434 372 7 21 i
461 372 40 22 och
516 371 33 22 för
563 372 57 21 valet
636 372 13 20 å
663 372 74 22 landet
752 372 77 21 allmän
843 372 99 22 kommu-

190 407 128 22 nalstämma
340 407 40 21 och
395 407 7 21 i
418 407 48 21 stad
481 406 167 21 sammankomst
663 406 55 22 inför
732 406 142 27 Magistraten
889 406 53 22 eller

192 441 186 28 Ordningsrätten.

259 476 190 27 Röstberättigade
470 475 36 22 vid
528 475 57 22 valet
608 477 36 19 äro
668 475 42 22 alla
730 475 31 21 till
780 475 86 28 myndig
882 475 62 22 ålder

190 511 79 22 komne
283 516 108 21 personer,
409 516 46 15 som
464 510 53 21 böra
527 509 115 27 bevillning
652 510 96 26 erlägga;
760 509 40 22 och
811 516 63 15 anses
885 509 58 28 förty

192 545 85 26 enhvar,
293 551 46 15 som
362 545 32 20 uti
409 545 57 21 valet
481 545 104 26 deltager,
602 543 122 28 derigenom
738 543 63 22 hafva
816 544 77 21 erkänt
909 546 32 19 att

192 580 50 21 dess
257 586 52 15 rena
323 579 94 22 inkomst
431 579 84 27 uppgår
529 579 32 21 till
576 579 38 21 det
628 578 77 27 belopp
721 580 33 20 att
768 578 43 22 han
822 577 70 23 derför
902 579 41 21 bör

191 613 190 28 bevillningsafgift
395 615 82 25 utgöra.
506 613 68 22 Valen
589 613 38 21 ske
644 613 53 22 efter
710 612 135 23 hufvudtalet
856 613 40 22 och
906 613 36 22 må

191 649 104 21 anställas
319 654 77 21 genom
418 648 113 27 elektorer,
553 647 44 22 ifall
612 647 26 22 de
653 647 169 28 valberättigade
838 653 52 16 anse
906 648 35 21 så-

191 683 52 22 dant
257 683 80 21 valsätt
351 683 53 21 böra
423 682 115 27 begagnas.
569 681 74 22 Skulle
658 682 25 21 så
697 681 91 28 inträffa,
805 684 32 19 att
851 682 33 21 till
900 683 41 21 den

188 717 86 28 pålysta
295 717 190 26 valförrättningen
504 717 69 27 några
591 716 183 27 röstberättigade
789 717 47 21 icke
851 715 89 23 infunne

190 753 38 27 sig,
252 754 51 25 äger
326 751 137 22 Guvernören
484 752 8 21 i
513 751 59 22 länet
589 751 132 22 omedelbart
736 753 50 20 utse
800 751 142 22 ledamöter
930 747 15 37 i

188 787 141 22 kommunens
343 786 214 27 bevillningskomité.

533 849 11 28 8
561 851 33 20 11.

256 890 89 22 Antalet
352 889 23 22 af
380 889 218 27 bevillningskomit&s
605 889 119 22 ledamöter
732 890 39 21 bör
782 896 52 15 vara
841 889 48 22 från
897 889 43 22 fem

187 925 34 21 till
243 925 42 26 nio,
306 925 88 20 hvarom
413 923 36 21 det
468 924 123 21 ankommer
606 924 12 20 &
636 923 138 22 Guvernören
788 925 33 20 att
836 924 56 22 efter
907 925 33 20 di-

188 959 98 22 striktets
302 958 81 22 storlek
397 960 98 19 närmare
510 958 127 22 bestämma.
668 958 94 22 Tillhöra
776 958 38 22 två
824 959 52 21 eller
885 958 55 22 flera

186 994 121 21 kommuner
322 992 114 27 distriktet,
452 992 55 22 skall
521 992 48 22 frän
583 992 74 28 hvarje
672 992 97 22 kommun
783 992 67 28 väljas
862 993 77 21 ätmin-

187 1030 62 20 stone
264 1028 37 21 två
314 1027 119 21 ledamöter
447 1027 8 20 i
468 1026 104 22 komiten.

250 1062 41 22 Vid
299 1068 82 16 samma
387 1061 89 27 tillfälle,
485 1061 28 21 dä
519 1061 119 23 ledamöter
646 1062 7 20 i
660 1061 224 28 bevillningskomiten
891 1062 47 21 väl-

183 1097 35 27 jas
230 1097 40 21 bör
281 1096 61 22 äfven
355 1096 29 26 pä
396 1096 113 22 enahanda
517 1098 44 20 sätt
568 1096 102 22 förrättas
678 1096 35 22 val
729 1096 23 22 af
757 1097 139 27 suppleanter
903 1096 34 21 till

185 1133 33 20 ett
233 1131 58 21 antal
305 1130 150 22 motsvarande
470 1130 65 22 minst
549 1130 86 22 hälften
652 1130 22 22 af
687 1131 165 21 ledamöternes.

254 1166 29 21 Sä
298 1166 60 20 snart
371 1165 36 21 val
421 1164 119 27 försiggätt,
556 1165 40 21 bör
610 1164 164 22 valförrättaren
785 1164 152 28 ofördröjligen

184 1201 53 25 göra
252 1199 99 22 anmälan
367 1204 33 16 om
415 1199 107 26 utgängen
538 1198 61 22 deraf
612 1198 39 22 hos
667 1199 145 27 Guvernören,
828 1205 46 15 som
884 1201 54 24 äger

183 1234 102 21 förordna
299 1240 27 14 en
341 1232 23 22 af
377 1233 26 21 de
419 1232 92 22 utsedde
526 1233 133 21 komiterade
675 1235 33 19 att
716 1233 36 21 vid
762 1233 106 21 komitens
880 1240 56 14 sam-

183 1266 127 22 manträden
324 1266 47 21 föra
386 1266 69 26 ordet,
469 1266 68 26 jemte
552 1266 115 27 suppleant
681 1266 33 22 för
728 1266 85 22 honom.

251 1301 42 22 Vid
307 1300 218 27 bevillningskomit6s
544 1301 158 21 sammanträde
717 1300 54 22 skall
785 1301 150 23 Häradsskrif-

182 1342 65 16 varen
263 1336 52 22 eller
335 1335 40 22 den
391 1335 138 21 Guvernören
548 1335 7 21 i
570 1335 53 22 hans
640 1335 62 22 ställe
717 1335 112 23 förordnar
844 1338 92 20 närvara

181 1371 34 23 fär
230 1372 33 21 att
275 1370 71 22 lemna
360 1370 78 27 nödiga
448 1370 152 28 upplysningar
610 1372 56 20 samt
675 1370 121 23 handhafva
803 1371 131 28 protokolls-

181 1406 97 28 föringen
294 1406 40 21 och
349 1405 154 28 upprättandet
517 1404 22 23 af
552 1405 228 28 bevillningslängden.

249 1449 204 23 Bevillningsutskottets
469 1448 115 18 betänkande
600 1448 41 18 N:o
659 1447 19 25 3,
