1067 1711
243 160 12 20 4
421 160 27 18 U.
464 160 31 17 B.
507 169 22 3 —
546 159 81 21 Prop.
645 158 44 18 N:o
704 158 36 17 22.

285 226 46 21 Och
347 225 110 26 ehuruväl,
475 224 67 26 enligt
557 224 41 21 den
613 222 122 26 utredning,
753 228 45 14 som
814 227 89 15 numera
910 227 52 15 vun-

218 261 50 26 nits,
288 258 166 28 ifrågavarande
469 257 70 28 afgift,
554 257 92 21 likasom
661 256 74 27 hvarje
751 262 72 15 annan
838 255 78 27 pålaga
930 255 34 21 till

217 295 37 20 det
268 294 115 25 allmänna,
398 292 167 27 ursprungligen
579 291 57 21 varit
651 290 77 21 endast
737 289 114 28 personell,
861 289 39 21 har
909 289 56 22 dock

217 329 127 21 densamma
366 327 49 21 med
436 326 61 21 tiden
519 326 69 21 delvis
610 325 63 21 äfven
695 324 84 27 antagit
793 325 92 20 naturen
902 323 23 22 af
938 329 27 16 en

215 362 118 27 jordskatt.
369 361 34 21 En
423 361 67 21 sådan
505 360 81 21 dubbel
605 359 70 27 grund
689 359 41 20 har
745 359 58 26 gjort
818 358 33 27 sig
866 357 100 27 gällande

218 397 64 21 äfven
296 397 8 20 i
319 395 78 28 Kongl.
412 395 149 27 Reglementet
577 394 22 21 af
613 394 42 21 den
669 394 28 20 20
713 393 121 21 November
850 392 61 26 1741,
920 398 46 15 som

219 433 58 18 ännu
292 431 8 20 i
315 429 169 27 hufvudsakliga
499 429 60 20 delar
573 428 70 27 ligger
657 427 35 21 till
708 427 70 26 grund
793 426 34 21 för
842 426 124 27 skyldighe-

218 466 38 19 ten
277 465 33 20 att
334 465 77 25 utgöra
433 463 71 21 denna
520 462 70 26 afgift,
605 461 88 21 hvilken
708 461 67 20 redan
790 461 8 20 i
814 459 152 22 århundraden

219 498 74 26 utgått
314 497 49 21 med
379 497 47 27 fyra
440 497 84 26 kappar
539 495 98 28 spanmål
653 495 23 20 af
690 501 25 15 en
731 495 60 26 hvar,
808 494 95 21 derifrån
919 493 47 22 icke

219 531 105 22 särskildt
346 531 94 26 fritagen
462 536 85 21 person,
573 536 45 15 som
641 529 40 20 har
697 535 54 20 egen
766 528 40 21 rök
821 528 59 26 eller,
896 528 71 21 såsom

218 572 50 14 man
283 565 63 21 äfven
362 564 97 27 uttryckt
474 565 39 25 sig,
529 570 53 20 egen
598 563 48 21 disk
667 563 40 20 och
723 562 52 26 duk;
792 562 40 21 och
842 563 60 20 detta
918 562 50 20 obe-

219 599 82 21 roende
326 598 62 22 deraf
405 604 34 15 om
460 598 41 21 den
520 596 223 28 betalningsskyldige
762 598 23 19 är
801 596 116 27 jordegare
938 596 30 21 el-

219 634 33 20 ler
267 633 55 21 icke.

287 667 11 20 I
319 666 54 26 följd
388 665 23 21 af
425 665 107 21 särskilda
546 665 39 21 hos
601 665 60 21 Hans
677 664 122 27 Kejserliga
814 664 102 27 Majestät
931 670 37 15 an-

220 700 63 21 förda
305 699 78 22 besvär
405 700 105 25 deröfver,
533 701 32 19 att
578 698 79 28 jemväl
673 699 41 20 den
730 698 116 21 obesuttna
861 698 107 26 allmogen

220 734 103 27 påfördes
344 734 168 25 tingsgästning,
535 733 135 20 förklarades
686 732 55 21 dock
756 732 124 21 sedermera
894 732 7 20 i
917 732 50 26 Kej-

220 769 81 26 serliga
316 767 52 22 cirk.
383 767 33 21 br.
432 767 42 21 den
488 768 28 21 20
531 767 121 21 November
661 767 61 26 1829,
731 768 32 19 att
771 767 52 26 inga
832 766 68 21 andra
908 766 62 27 inhy-

220 803 81 26 singar,
317 801 203 27 spanmålstorpare,
533 801 138 26 statdrängar
680 801 40 21 och
730 801 174 26 backstuguhjon
912 799 57 28 finge

221 837 89 26 åläggas
325 836 96 26 lagmans
437 835 40 22 och
497 835 183 26 häradshöfdinge
695 834 273 27 tingsgästningsspanmå-

219 870 49 21 lens
290 869 122 27 utgörande
427 871 27 19 än
477 869 33 23 de,
533 875 46 15 som
600 868 107 22 innehade
723 868 119 27 ordentligt
854 868 114 27 jordbruk.

219 904 86 21 Genom
327 903 60 21 detta
409 902 80 28 nådiga
510 902 49 22 bref
573 902 132 28 godkändes,
729 903 68 21 under
812 902 120 27 inflytande
947 902 23 21 af

223 938 41 20 den
284 937 164 26 förutsättning,
464 938 33 19 att
519 936 190 27 tingsgästningen
727 937 7 20 i
749 936 61 22 äldre
825 937 58 21 tider
898 936 71 22 skulle

220 972 59 20 varit
301 977 27 15 en
351 970 12 21 å
375 971 79 27 jorden
469 970 101 21 hvilande
586 971 65 25 skatt,
668 976 27 15 en
709 970 91 27 princip,
816 970 89 21 hvilken
921 971 48 20 der-

220 1006 103 20 förinnan
345 1005 48 21 icke
415 1004 72 22 blifvit
502 1005 7 20 i
524 1004 182 27 författningarne
723 1005 91 21 uttalad.
845 1005 61 21 Dock
924 1004 47 22 blef

223 1040 70 20 denna
315 1039 118 27 grundsats
455 1038 48 22 icke
526 1038 139 27 fullständigt
688 1039 134 26 genomförd,
844 1040 53 20 utan
920 1039 49 27 äläg

221 1073 202 27 tingsgästningens
439 1073 121 26 utgörande
574 1072 135 22 fortfarande
725 1072 62 22 äfven
800 1079 26 15 en
834 1073 80 27 mängd
922 1079 48 20 per-

223 1113 64 15 soner
309 1108 53 19 utan
379 1106 116 27 jordbruk;
513 1107 39 21 och
567 1108 8 20 i
589 1107 123 27 Kejserliga
727 1106 65 27 kung.
809 1107 40 21 den
866 1108 27 20 12
908 1107 62 27 April

223 1141 62 26 1858,
301 1146 46 15 som
363 1141 75 26 gjorde
453 1141 165 26 inhysingarnes
633 1141 41 20 och
689 1141 62 20 deras
767 1141 134 21 vederlikars
912 1141 58 26 skyl-

223 1174 76 27 dighet
322 1176 32 19 att
377 1174 87 27 erlägga
479 1175 160 26 tingsgästning
655 1174 109 21 beroende
779 1174 23 21 af
817 1175 41 20 den
875 1176 94 20 omstän-

224 1209 81 26 dighet,
326 1207 108 22 huruvida
449 1209 26 21 de
491 1209 68 26 enligt
574 1209 123 26 Kejserliga
711 1209 164 27 Förordningen
891 1209 23 21 af
928 1209 42 21 den

223 1243 27 20 14
273 1242 90 21 Januari
379 1242 56 21 1852
449 1249 52 14 voro
517 1243 99 26 skyldige
631 1245 33 18 att
679 1243 57 20 förse
751 1243 34 26 sig
799 1243 49 21 med
862 1244 50 25 laga
927 1243 43 20 för-

223 1281 50 15 svar
288 1274 59 22 'eller
369 1275 54 26 icke,
446 1275 111 26 frångicks
572 1276 113 25 principen
700 1276 45 20 helt
760 1276 40 21 och
815 1276 75 21 hållet.
920 1276 50 21 Med

222 1308 139 27 tillämpning
383 1308 24 22 af
421 1309 41 21 den
478 1309 124 26 grundsats,
618 1311 33 19 att
665 1309 77 22 endast
754 1309 47 26 den,
818 1315 46 16 som
879 1311 24 20 är
919 1310 50 21 obe-

223 1342 81 22 roende
320 1341 23 22 af
356 1348 70 16 annan
442 1343 85 21 enskild
541 1349 90 22 persons
647 1343 90 27 försvar,
752 1344 43 21 kan
810 1350 63 15 anses
889 1351 40 20 ega
938 1345 33 21 ett

224 1376 149 28 sjelfständigt
395 1377 92 27 husbåll,
510 1377 141 22 förordnades
667 1379 107 26 nemligen
789 1379 8 21 i
812 1379 92 21 berörde
920 1379 51 28 Kej-

225 1411 79 26 serlige
326 1411 136 27 kungörelse,
479 1413 32 20 att
533 1412 200 27 tingsgästningens
756 1414 121 26 utgörande
900 1413 70 22 skulle

222 1445 76 27 åligga
319 1445 43 21 alla
384 1445 54 27 dem,
461 1452 45 15 som
529 1446 47 21 icke
591 1452 51 15 vore
658 1446 98 28 skyldige
771 1449 33 19 att
819 1447 103 23 förskaffa
937 1448 34 27 sig

222 1485 84 15 annans
331 1479 89 26 försvar,
443 1479 100 22 hvarföre
558 1480 56 21 ifrån
630 1481 71 20 denna
715 1481 255 28 betalningsskyldighet

295 1523 125 18 Sammansatta
432 1524 37 23 Lag
481 1525 29 17 och
524 1525 83 18 Ekonomi
619 1526 89 17 utskottets
721 1526 105 18 betänkande
838 1527 34 17 N:o
886 1527 16 16 1.
