1070 1711
320 128 31 21 U.
367 128 33 20 B.
418 139 22 3 —
457 127 87 26 Prop.
558 129 50 20 N:o
623 129 49 20 32.
825 129 12 21 7

123 194 71 29 period
218 196 104 20 motsvara
347 202 26 13 en
397 194 31 22 uti
453 195 40 20 den
517 195 75 28 nådiga
613 195 153 29 propositionen
787 196 79 29 jemväl

123 229 106 22 beräknad
243 229 52 28 årlig
309 228 64 29 utgift
388 228 22 21 af
428 229 91 25 450,000
534 230 67 21 Mark.
634 230 114 26 Utskottet,
772 239 44 13 som
835 231 29 21 uti

125 263 34 22 det
174 263 93 27 stigande
283 263 78 21 antalet
375 262 119 26 folkskolor,
510 263 86 22 oaktadt
611 264 144 28 statsanslaget
769 264 32 21 för
815 265 51 21 lära-

123 304 49 14 rene
194 297 39 20 och
254 296 142 22 lärarinnorna
418 296 104 22 derstädes
540 297 48 21 icke
608 302 22 16 är
648 298 64 26 högre
730 302 27 17 än
771 298 42 21 600
827 298 39 20 och

123 331 42 21 400
180 330 67 26 Mark,
263 338 33 14 ser
311 332 30 20 ett
354 329 110 29 glädjande
479 330 68 22 tidens
562 331 81 25 tecken,
659 331 38 21 har
712 332 33 21 väl
756 331 46 21 icke
814 331 51 21 kun-

123 367 36 19 nat
173 364 70 29 undgå
258 366 30 20 att
302 365 56 21 finna
373 364 217 22 folksskolelärarenes
605 365 38 21 och
653 364 153 23 lärarinnornas
816 365 50 21 kon-

124 401 57 20 tanta
199 399 96 28 aflöning,
314 399 7 21 i
340 398 99 26 händdgåse
457 399 121 21 densamma
598 402 22 17 är
634 398 110 23 inskränkt
758 399 33 21 till
806 399 59 21 dessa

123 434 80 28 belopp,
222 441 49 14 vara
293 433 65 21 under
376 432 120 22 nuvarande
511 432 144 22 förhållanden
670 433 130 28 otillräcklig,
816 440 49 14 men

124 468 26 21 då
167 468 108 21 Utskottet
293 466 69 22 tillika
382 471 23 17 är
424 466 130 30 öfvertygadt
573 469 31 19 att
618 467 25 21 de
658 468 124 20 kommuner
797 467 12 21 å
823 468 42 20 lan-

124 502 39 25 det,
179 502 84 22 hvarest
285 500 150 23 folkskoleidén
455 502 63 21 redan
537 501 61 29 slagit
618 504 37 24 rot,
676 502 47 20 icke
742 502 58 21 skola
824 501 42 23 låta

123 536 45 22 sina
188 536 48 22 med
253 535 106 29 betydliga
379 536 141 28 uppoffringar
539 536 138 28 åvägabragta
696 536 113 21 folkskolor
827 535 39 23 för-

123 571 64 21 blifva
202 573 51 19 utan
271 570 83 28 dugliga
373 570 38 21 och
430 570 34 21 väl
482 570 92 21 aflönade
589 570 72 26 lärare,
682 570 62 21 äfven
760 577 33 14 om
808 572 58 20 stats-

123 605 99 28 anslagen
237 604 32 21 för
283 604 59 21 dessa
357 603 69 22 skolor
439 603 47 22 icke
501 603 97 29 förhöjas,
613 606 54 19 samt
681 604 86 21 berörde
783 604 82 28 anslags

123 639 122 28 förhöjande
259 638 100 28 möjligen
373 638 71 21 kunde
458 638 144 21 åstadkomma
616 638 128 28 svårigheter
754 637 111 22 framdeles

124 676 29 19 att
168 673 32 22 för
214 672 133 29 nyinrättade
362 672 113 21 folkskolor
490 672 76 29 bevilja
582 680 35 14 ens
633 680 79 13 samma
726 672 79 29 bidrag,
821 680 45 13 som

123 709 82 25 hittills,
224 708 38 21 har
276 707 108 22 Utskottet
404 709 68 19 ansett
486 706 32 29 sig
537 707 50 22 böra
600 707 38 21 hos
653 707 80 21 landets
748 706 119 29 Högloflige

125 743 90 23 Ständer
229 742 106 23 vördsamt
349 741 75 22 föreslå

261 790 32 19 att
308 783 176 33 Öfverstyrelsens
499 787 39 28 för
553 787 150 22 Skolväsendet
717 787 150 28 ifrågakomna

186 823 164 28 framställning
365 823 44 20 icke
424 823 62 20 måtte
502 823 33 21 till
548 823 70 27 någon
633 822 77 27 åtgärd
719 821 122 28 föranleda.

191 863 102 22 Deremot
314 870 61 15 anser
396 862 108 22 Utskottet
527 863 25 21 de
574 862 64 28 årliga
657 862 98 28 anslagen
769 862 32 21 för
815 861 51 22 folk-

126 898 96 22 skolorna
241 897 65 29 jemte
328 896 163 30 approximativt
510 896 105 22 beräknad
629 896 112 29 tillökning
756 896 22 22 af
790 896 77 26 30,000

125 932 60 22 Mark
201 932 78 28 årligen
298 931 32 22 för
346 931 118 21 inrättande
486 931 22 21 af
526 939 42 20 nya
583 930 113 22 folkskolor
710 931 8 21 i
732 930 71 22 landet
818 938 50 14 vara

126 966 108 28 behöfliga,
250 966 97 22 hvarföre
361 965 109 22 Utskottet
485 966 106 21 vördsamt
605 964 92 22 förordar

261 1012 61 28 bifall
336 1012 33 21 till
383 1011 150 27 ifrågakomna
547 1012 81 26 anslag.

195 1052 44 23 Vid
262 1052 124 29 pröfningen
408 1051 23 21 af
447 1052 35 21 det
502 1052 32 21 uti
554 1052 41 21 den
618 1050 76 29 nådiga
714 1050 155 30 propositionen

127 1087 75 22 eskade
225 1087 93 28 anslaget
338 1086 34 22 till
393 1086 107 21 aflönande
522 1086 23 21 af
564 1085 43 22 åtta
628 1085 239 28 folkskoleinspektorer,

127 1124 38 20 har
185 1122 110 22 Utskottet
316 1121 47 21 icke
385 1121 81 21 kunnat
486 1121 70 20 lemna
577 1121 112 21 obeaktadt
710 1120 55 21 hvad
787 1119 81 22 landets

128 1156 198 28 Skolöfverstyrelse
344 1154 8 22 i
366 1154 37 24 sin
426 1154 140 28 underdåniga
580 1154 125 22 hemställan
723 1154 8 20 i
750 1155 70 20 ämnet
836 1153 34 21 till

127 1192 61 20 Hans
202 1190 120 28 Kejserliga
336 1188 98 28 Majestät
453 1189 71 21 derom
539 1190 72 27 yttrar.
641 1184 176 32 Öfverstyrelsens
831 1187 38 21 ord

127 1226 58 21 lyda:

136 1234 9 20 |
199 1254 80 28 «Äfven
298 1258 40 21 den
355 1258 59 21 bästa
431 1256 201 28 seminariibildning
646 1256 41 21 kan
703 1255 18 28 ej
740 1254 26 29 pä
781 1254 89 22 förhand

128 1295 54 20 sätta
201 1293 40 21 den
258 1291 106 23 blifvande
384 1291 183 21 folkskoleläraren
582 1290 39 21 och
634 1289 121 22 lärarinnan
769 1288 22 21 in
806 1288 8 20 i
829 1288 41 21 alla

128 1328 25 20 de
168 1327 98 27 speciella
281 1326 180 27 omständigheter,
478 1333 44 13 som
536 1324 122 27 isynnerhet
676 1323 8 21 i
699 1323 68 21 denna
781 1322 88 21 folksko-

128 1362 68 20 lornas
218 1359 64 22 första
303 1358 31 22 tid
356 1360 56 20 möta
434 1358 47 21 dem
499 1357 26 29 pä
544 1357 67 21 skilda
629 1358 55 20 orter
703 1356 38 20 och
760 1354 67 22 under
844 1354 26 21 de

129 1394 68 22 skilda
211 1392 149 26 förhällanden,
376 1392 8 21 i
398 1392 73 21 hvilka
486 1392 25 20 de
526 1390 70 22 blifvit
610 1390 82 21 kallade
707 1391 31 19 att
753 1389 64 21 verka
831 1388 40 21 och

129 1430 84 20 hvarest
231 1427 25 22 de
276 1426 42 22 ofta
336 1429 53 20 stöta
404 1426 27 29 pä
445 1434 26 13 en
489 1426 75 28 mängd
580 1425 133 28 svärigheter,
732 1430 46 14 som
791 1423 27 28 pä
832 1422 39 22 för-

130 1463 56 23 hand
203 1463 52 21 blott
272 1461 82 22 kunnat
370 1461 8 21 i
395 1461 32 22 sin
449 1460 113 22 allmänhet
580 1459 32 22 för
629 1459 49 21 dem
699 1456 93 29 antydas.
825 1456 46 22 Och

199 1502 137 19 Sammansatta
349 1501 57 18 Stats-
419 1501 32 18 och
463 1499 186 20 Ekonomiutskottets
661 1497 111 20 betänkande
783 1497 37 18 N:o
831 1497 16 18 2.
