1048 1711
230 146 27 22 10
414 145 29 23 U.
460 146 27 22 B.
503 158 27 3 —
545 146 75 27 Prop.
636 145 45 22 N:o
697 146 36 21 26.

195 209 93 26 passade
307 209 36 21 det
362 215 39 14 ena
418 209 34 20 till
472 209 36 20 det
525 209 73 24 andra,
613 210 32 19 att
660 215 49 14 man
724 209 19 26 ej
758 208 102 21 behöfver
875 208 74 21 befara

197 243 23 20 af
238 243 40 20 den
297 244 84 25 strängt
404 242 110 26 iakttagna
533 242 169 27 hushållningen,
718 243 33 20 att
765 243 41 20 den
821 242 55 21 skall
891 242 59 21 med-

195 277 48 21 föra
261 277 67 25 nägra
347 276 67 21 vädor
433 276 54 21 eller
501 277 7 20 i
523 276 115 21 framtiden
653 276 46 21 visa
713 277 34 25 sig
762 276 70 21 säsom
847 276 102 21 misshus-

198 310 102 26 hållning.
330 310 50 21 Men
395 311 36 20 det
445 310 82 21 tillåter
540 310 47 21 icke
602 310 69 20 heller
685 311 32 20 att
731 310 72 21 afvika
816 310 47 20 från
874 310 26 21 de
910 310 39 21 vil-

197 345 45 26 kor,
261 344 81 27 hvarpä
359 344 49 21 hela
426 344 146 27 anordningen
589 344 76 21 hvilar.
699 344 40 21 Om
759 350 49 16 man
826 346 39 25 gör
883 344 66 26 detta,

197 379 71 21 kunde
286 380 36 20 det
339 379 41 21 lätt
397 379 77 25 hända,
493 380 32 20 att
542 379 143 21 kostnaderna
704 378 33 22 för
752 379 95 21 rörelsen
862 378 7 21 i
884 378 65 22 fram-

197 414 59 22 tiden
272 414 68 21 skulle
355 414 67 21 blifva
436 414 135 26 betungande
582 414 38 21 och
631 413 24 21 sä
666 416 64 24 stora,
742 415 31 20 att
783 414 41 21 den
833 419 117 21 ursprung-

198 449 57 26 ligen
273 448 119 27 besparade
410 448 92 26 utgiften
521 448 19 26 ej
559 448 84 21 komme
659 450 31 19 att
705 448 34 21 stä
753 448 7 20 i
775 448 82 26 rimligt
871 448 79 21 förhäl-

197 483 63 21 lande
279 483 33 21 till
332 483 26 21 de
378 482 157 27 omkostnader,
553 488 46 16 som
614 482 82 27 årligen
710 482 69 22 måste
793 482 108 27 uppofiras
916 482 33 21 för

197 518 105 20 banornes
317 517 119 21 underhäll.

266 552 56 20 Hela
340 553 102 25 systemet
460 552 69 20 hvilar
546 552 28 25 pä
591 552 40 20 den
647 550 158 27 förutsättning,
821 552 32 20 att
867 551 83 21 farhas-

196 585 97 26 tigheten
310 585 48 21 icke
373 585 34 21 får
428 584 134 22 öfverskrida
577 583 39 25 2'/2
631 585 38 21 mil
683 585 8 20 i
705 585 87 21 timmen
815 585 59 26 eller,
890 585 59 20 inbe-

198 619 91 22 räknadt
303 619 129 27 uppehällen
445 619 35 21 vid
491 619 136 26 stationerna,
639 621 32 19 ett
680 619 101 21 medeltal
792 619 33 20 för
835 619 114 21 fortkoms-

195 656 37 19 ten
252 655 8 20 i
278 655 50 20 dess
346 654 73 21 helhet
436 654 23 21 af
476 654 90 27 ungefär
580 655 14 20 2
608 654 38 21 mil
660 654 8 21 i
682 654 99 26 timmen;
797 653 39 22 och
851 653 28 22 dä
894 653 57 22 erfa-

198 688 103 22 renheten
319 689 67 21 redan
404 688 62 27 visat,
485 690 31 19 att
535 688 110 22 enahanda
663 688 106 27 principer
787 688 34 21 för
835 688 114 27 besparing

197 723 8 22 i
221 723 227 27 anläggningskapital,
463 723 138 22 härförinnan
619 723 125 26 tillämpade
754 723 28 27 pä
791 722 158 27 Petersburg—

198 758 116 21 Riihimäki
329 758 76 26 banan,
414 758 47 21 icke
476 758 57 21 burit
547 758 56 27 goda
609 757 90 26 frukter,
715 758 74 21 såvida
801 757 150 22 förutsättnin-

198 799 66 20 garne
283 793 109 26 angående
411 793 180 20 lokomotivernas
605 793 46 26 vigt
665 792 39 21 och
719 792 75 27 tågens
809 791 142 28 farhastighet

198 827 47 21 icke
260 826 71 21 blifvit
345 827 117 26 behörigen
474 827 116 26 iakttagna,
604 827 40 20 har
656 826 109 21 Utskottet
775 828 70 19 ansett
855 827 32 26 sig
897 827 54 21 böra

198 861 88 21 särskilt
304 860 115 22 framhålla
438 861 69 21 denna
526 860 156 27 omständighet
701 860 39 22 och
758 860 87 27 påyrka,
864 862 32 19 att
914 861 36 21 det

198 894 116 22 förutsatta
332 895 92 21 vilkoret
441 895 65 21 måtte
526 902 56 20 noga
599 895 114 26 iakttagas.
746 894 111 22 Utskottet
871 895 40 21 bör
925 895 25 21 så

198 930 84 26 mycket
300 929 68 22 hellre
383 929 56 21 fästa
454 929 213 27 uppmärksamheten
683 929 80 26 dervid,
780 929 27 21 då
822 935 81 15 samma
917 936 34 15 er-

196 964 100 21 farenhet
314 964 125 21 medverkat
458 964 77 26 dertill,
555 966 32 19 att
603 964 112 21 Utskottet
733 964 32 20 uti
780 964 38 21 sitt
832 966 72 19 senast
919 964 31 21 af-

199 999 59 27 gifna
275 998 135 22 betänkande
424 999 8 20 i
446 998 75 27 frågan
537 1000 53 20 trott
605 999 32 26 sig
652 998 53 22 böra
719 998 88 22 förorda
822 1005 25 15 en
863 999 87 21 säkrare

197 1034 41 21 och
254 1034 75 26 dyrare
344 1033 197 27 anläggningsplan.

266 1068 44 21 Det
326 1074 30 15 nu
375 1067 115 22 förordade
509 1069 102 26 systemet
637 1067 42 21 kan
705 1067 127 27 visserligen
852 1067 98 22 medföra

200 1103 41 20 den
256 1102 147 27 olägenheten,
419 1103 32 19 att
466 1102 91 21 trafiken
572 1102 33 21 till
620 1101 55 26 följd
689 1101 23 21 af
726 1101 87 22 svårare
828 1102 53 21 eller
891 1108 60 15 mera

198 1136 124 21 uthållande
337 1136 77 20 snöfall
429 1135 43 21 kan
486 1135 33 21 för
533 1135 70 27 någon
618 1135 42 26 dag
673 1136 52 20 eller
737 1141 69 15 annan
819 1136 88 20 kortare
917 1135 33 21 tid

197 1170 67 21 blifva
283 1170 107 26 afbruten,
409 1169 47 21 ifall
472 1176 48 14 man
535 1170 47 20 icke
597 1169 33 21 för
645 1175 27 15 en
687 1169 114 21 oafbruten
816 1170 81 20 rörelse
913 1175 36 15 an-

198 1204 80 21 vänder
293 1205 96 25 utvägar,
405 1209 45 15 som
465 1203 97 21 medföra
577 1203 73 21 alltför
658 1205 59 19 stora
723 1203 117 21 kostnader
852 1204 39 20 och
903 1204 47 20 der-

198 1238 47 20 före
260 1238 46 21 icke
322 1238 53 20 böra
390 1238 84 25 anlitas,
489 1244 48 14 men
553 1240 51 19 enär
618 1237 27 21 de
663 1238 62 25 tider,
741 1238 27 20 då
783 1237 96 22 rörelsen
895 1236 55 22 skall

196 1272 74 21 kunna
282 1277 60 15 mera
354 1271 141 21 obehindradt
506 1270 114 22 bedrifvas.
632 1270 7 21 i
651 1271 29 21 all
691 1270 104 22 händelse
807 1272 36 19 äro
855 1270 95 22 tillräck-

198 1306 41 26 ligt
257 1306 63 26 långa
340 1305 39 21 och
394 1304 77 30 många
486 1304 33 22 för
534 1306 31 20 att
580 1305 29 21 all
624 1305 65 27 nödig
704 1306 111 26 transport
829 1305 35 21 må
878 1305 73 21 kunna

198 1340 135 26 verkställas,
352 1340 39 20 har
409 1339 111 24 Utskottet
534 1341 52 20 utan
601 1339 101 22 afseende
717 1339 28 27 på
760 1340 69 21 denna
844 1340 39 21 och
898 1339 52 22 flere

199 1374 72 28 dylika
293 1374 84 22 mindre
398 1374 120 26 väsentliga
533 1374 182 27 omständigheter
733 1374 46 22 icke
795 1374 80 22 kunnat
885 1374 65 22 tveka

198 1410 34 20 att
252 1409 88 21 förorda
363 1410 30 20 ett
411 1405 86 31 system,
516 1409 81 21 hvilket
616 1409 101 26 erbjuder
743 1415 26 15 en
788 1409 23 21 så
829 1410 121 27 betydande

200 1444 114 27 besparing
330 1450 45 15 som
391 1444 36 21 det
441 1450 29 15 nu
484 1443 131 22 framstälda.

267 1484 91 21 Jernvägs-
363 1483 86 18 Utskottets
460 1483 104 18 betänkande
576 1483 35 17 N:o
623 1483 18 18 3.
