1045 1714
308 124 25 18 U.
349 124 30 17 B.
394 133 28 3 —
438 125 80 22 Prop.
533 124 46 20 N:o
595 126 37 18 25.
783 124 26 20 19

96 190 73 28 Nägra
193 190 94 27 menliga
311 190 78 27 följder
413 190 23 22 af
458 192 33 20 att
514 190 68 22 under
597 190 158 22 ofvannämnda
768 191 71 22 vilkor

97 224 108 27 medgifva
229 224 113 27 utländing
357 226 45 20 rätt
416 225 34 21 till
466 226 157 26 skeppsrederi,
638 226 62 20 torde
716 225 23 21 sä
753 226 86 26 mycket

98 259 84 21 mindre
204 265 53 15 vara
279 260 32 20 att
325 259 82 26 befara,
424 265 45 15 som
485 261 31 19 ett
530 259 48 21 icke
593 260 120 26 obetydligt
728 260 58 20 antal
801 260 38 20 ak-

96 292 43 22 tier
153 292 32 22 uti
205 292 112 22 inhemska
331 292 158 28 ängbätsbolag
503 293 67 21 redan
585 299 26 15 en
625 293 75 27 längre
715 293 32 21 tid
762 292 76 24 befun-

95 326 33 21 nit
143 326 33 27 sig
190 326 7 21 i
212 326 151 27 utländingars
379 332 46 21 ego,
441 328 52 20 utan
509 328 32 20 att
555 327 119 26 veterligen
689 326 69 28 nägon
767 333 71 15 annan

95 360 116 27 olägenhet
233 360 63 22 deraf
312 360 113 27 försports,
441 362 27 20 än
483 362 32 20 att
531 361 78 21 sädant
624 361 58 21 skett
696 361 8 21 i
719 361 55 21 strid
788 361 49 21 med

95 394 100 28 gällande
210 395 42 27 lag,
267 401 45 15 som
329 394 113 28 förbjuder
453 396 114 26 utländing
581 397 33 19 att
629 396 39 20 här
682 395 8 21 i
704 395 74 21 landet
786 395 53 21 reda

93 429 8 21 i
116 428 74 28 skepp.

162 475 11 21 I
189 475 116 27 anledning
321 475 24 21 af
358 475 58 21 hvad
430 475 8 21 i
452 475 11 28 &
479 476 26 20 11
521 475 123 27 föreslagits
659 481 33 15 om
708 475 55 21 finsk
778 475 58 21 med-
845 474 28 23 Ny
885 475 16 23 $.

93 509 103 27 borgares
216 510 44 20 rätt
275 509 34 21 till
325 509 182 27 gärdfarihandel,
523 510 39 20 har
577 509 107 21 utskottet
699 511 71 19 ansett
777 509 56 21 före-

93 543 90 22 skrifter
198 543 114 28 angående
328 544 41 21 den
385 545 51 25 rätt,
451 544 102 21 utländsk
569 550 48 15 man
632 544 6 21 i
650 543 78 22 sådant
735 544 102 21 afseende

93 577 121 22 tillkomma
236 577 62 26 skall,
321 578 63 21 äfven
399 578 53 21 böra
466 579 8 20 i
488 579 152 26 näringslagen
655 579 122 26 inrymmas.
806 578 31 21 På

94 611 53 27 skäl,
175 618 45 15 som
244 612 7 21 i
273 613 157 26 motiveringen
444 613 34 20 till
493 613 133 21 sistnämnda
642 613 11 26 $
669 612 89 26 anförts,
774 612 40 21 och
828 613 9 20 i

93 646 86 27 analogi
193 646 49 21 med
257 646 58 21 hvad
329 653 35 14 om
378 647 151 26 utländingars
544 646 148 27 näringsrätti
704 646 66 27 öfrigt
778 646 58 21 stad-

92 682 55 25 gats,
170 686 63 21 synes
255 681 108 26 nemligen
385 681 63 21 äfven
469 681 165 27 ifrågavarande
658 681 48 27 slag
720 681 24 21 af
756 681 80 21 handel

91 714 54 21 böra
159 714 33 21 för
210 715 48 21 dem
273 715 105 26 frigifvas.

159 754 113 27 Sjelffallet
294 756 23 19 är
337 754 54 22 dock
419 756 32 20 att
471 755 70 21 denna
554 755 78 26 näring
647 755 47 20 icke
708 754 40 21 bör
763 754 23 21 af
800 755 35 20 ut-

91 788 89 27 länding
200 788 22 21 få
246 788 86 22 utöfvas
358 790 53 19 utan
434 789 129 26 erläggande
578 788 23 21 af
614 789 71 26 skälig
700 788 69 27 afgift,
785 789 52 20 enär

90 823 43 20 han
156 823 8 20 i
186 824 92 20 motsatt
301 822 38 21 fall
355 823 70 21 skulle
440 823 73 26 undgå
526 823 74 26 hvarje
615 823 146 26 beskattning,
798 823 40 20 Att

90 857 119 21 bestämma
230 857 103 26 beloppet
353 857 64 20 häraf
430 857 61 21 torde
506 857 116 26 lämpligen
636 857 74 20 kunna
724 856 112 21 öfverlem-

90 897 39 15 nas
145 891 22 21 åt
181 891 162 21 vederbörande
359 891 118 26 Guvernör,
493 891 56 21 dock
563 891 49 20 med
619 890 141 27 iakttagande
769 889 68 27 deraf,

91 926 33 20 att
148 925 42 21 den
204 925 8 21 i
226 925 66 26 ingen
307 925 104 21 händelse
426 925 57 27 finge
497 925 119 21 fastställas
631 925 61 26 lägre
707 926 27 19 än
744 924 35 21 till
794 924 41 21 100

90 959 61 21 mark
176 965 33 14 om
234 959 55 20 året.
328 958 42 21 För
395 958 66 27 öfrigt
481 965 64 20 synes
560 960 32 20 ett
606 958 91 21 sålunda
711 957 124 22 meddeladt

91 993 105 26 tillstånd,
211 993 28 26 på
253 992 48 21 skäl
318 999 46 14 som
379 992 67 22 redan
461 993 89 27 anförts,
566 993 19 27 ej
600 993 69 20 heller
679 992 34 21 för
721 992 114 26 utländing

90 1027 55 22 böra
158 1027 22 21 få
195 1027 90 21 omfatta
299 1027 75 27 längre
388 1027 95 27 tidrymd
499 1029 26 19 än
541 1028 32 20 ett
588 1027 24 21 år
626 1027 8 21 i
649 1027 85 21 sender.

158 1067 11 21 I
193 1067 116 27 anledning
333 1067 24 21 af
369 1067 58 21 hvad
442 1067 39 21 här
496 1067 91 21 sålunda
601 1067 97 26 uttalats,
714 1066 40 22 har
769 1066 63 21 emel-

91 1102 36 29 lan
150 1101 12 27 $
177 1102 27 20 14
224 1102 40 20 och
279 1102 26 20 15
321 1101 113 27 inskjutits
450 1107 25 15 en
490 1108 28 20 ny
534 1101 19 27 $,
568 1100 151 22 innehållande
740 1100 7 21 i
763 1100 68 20 öfver-

91 1136 161 21 ensstämmelse
274 1136 49 21 med
348 1136 64 20 ofvan
434 1135 88 27 angifna
543 1135 95 27 grunder
653 1134 101 22 affattade
777 1134 58 21 stad-

92 1170 85 27 ganden
193 1176 34 15 om
241 1170 104 21 utländsk
360 1176 61 15 mans
436 1171 44 19 rätt
494 1170 35 20 till
543 1168 183 28 gärdfarihandel.

159 1210 57 27 Kap.
231 1209 40 27 II.,
287 1210 133 21 omfattande
436 1209 24 27 88
476 1210 89 26 16—23,
574 1208 119 22 innehåller
703 1207 130 22 bestämnin-

92 1250 39 21 gar
142 1250 47 20 ,om
210 1244 58 20 hvad
292 1244 7 20 i
321 1243 111 21 särskilda
446 1243 38 21 fall
500 1243 36 21 vid
551 1242 152 27 näringsyrkes
718 1241 116 21 utöfvande

90 1278 109 27 iakttagas
214 1278 61 20 bör.

159 1317 71 22 Sedan
248 1318 8 20 i
273 1317 26 21 de
307 1316 37 22 två
352 1317 70 21 första
431 1316 24 28 $$
466 1316 23 22 af
495 1317 61 21 detta
563 1316 82 26 kapitel
652 1315 67 27 några
726 1315 108 21 allmänna

91 1351 161 26 bestämningar
267 1351 91 21 lemnats
373 1350 112 26 angående
494 1351 26 20 de
528 1350 147 26 iakttagelser,
686 1355 46 15 som
740 1348 36 21 vid
799 1354 37 14 an-

95 1385 103 27 läggning
216 1385 22 20 af
246 1384 107 22 särskilda
368 1384 137 21 industriella
511 1383 144 26 inrättningar
662 1382 40 22 och
710 1382 126 21 verkstäder

92 1421 55 21 samt
162 1420 62 20 deras
235 1418 142 22 bedrifvande
384 1418 54 21 böra
443 1424 39 19 ega
490 1424 54 20 rum,
552 1417 87 22 beröres
647 1417 7 21 i
663 1416 11 28 $
682 1416 26 21 18
716 1416 76 27 frågan
800 1422 34 14 om

93 1454 104 23 kontroll-
206 1454 39 21 och
253 1452 264 28 tillverkningsstämplar,
532 1452 7 22 i
554 1452 83 22 hvilket
651 1451 122 22 hänseende
781 1450 12 28 $
801 1450 31 21 in-

163 1501 125 17 Sammansatta
299 1500 37 22 Lag
349 1499 30 18 och
391 1499 84 18 Ekonomi
487 1500 89 16 utskottets
589 1498 103 17 betänkande
704 1497 35 18 N:o
751 1497 16 16 3.

852 1426 11 24 $
876 1428 28 17 18.
