1064 1709
237 138 24 20 10
414 140 26 18 U.
456 140 29 18 B.
501 149 26 3 —
543 140 82 23 Prop.
641 140 47 18 N:o
704 141 35 17 23.

206 203 90 21 Hofrätt
310 204 163 27 underlydande
489 205 142 27 domsagorna
646 212 26 14 en
688 205 124 27 minskning
823 204 23 22 af
853 204 100 26 omkring

205 238 41 20 310
261 238 80 20 tunnor
356 238 71 21 skulle
441 238 94 22 inträffa.

274 271 47 21 Den
336 272 125 27 minskning
475 273 8 20 i
498 273 199 28 tingsgästningens
712 274 86 26 belopp,
807 280 45 14 som
861 272 92 22 sälunda

205 305 85 22 komme
312 306 33 20 att
365 311 40 21 ega
419 313 48 15 rum
481 307 8 20 i
504 307 143 28 domsagorna
661 308 58 21 inom
734 307 103 27 Wiborgs
852 306 100 22 Hofrätts

204 339 142 27 jurisdiktion
372 340 40 21 och
424 341 80 26 jemväl
519 341 7 21 i
542 348 25 15 en
583 341 40 22 och
639 348 70 15 annan
725 341 23 22 af
762 342 26 21 de
804 341 69 21 under
886 340 67 21 Wasa

206 373 90 22 Hofrätt
317 374 100 27 lydande,
441 376 24 19 är
480 375 55 21 dock
550 376 24 20 sä
589 375 117 28 obetydlig,
723 377 32 20 att
770 375 66 27 nägot
851 374 102 22 afseende

207 407 67 27 derpä
288 407 48 22 icke
351 408 62 21 torde
428 409 93 21 behöfva
536 409 75 27 fästas,
626 409 58 22 helst
699 409 71 22 denna
778 409 56 21 brist
842 409 111 20 dessutom

206 441 102 27 möjligen
323 442 85 21 komme
423 444 33 19 att
470 443 107 26 utjemnas
593 443 130 27 derigenom,
740 445 32 19 att
787 442 125 27 antagligen
921 443 33 20 ett

205 475 48 21 icke
271 476 63 26 ringa
349 476 59 21 antal
424 476 23 21 af
461 477 26 20 de
501 483 109 20 personer,
626 477 75 20 hvilka
714 483 31 14 nu
760 477 34 20 för
811 475 143 22 medellöshet

207 509 89 27 ätnjutit
318 509 102 22 befrielse
444 510 48 21 från
517 511 196 27 tingsgästningen,
732 511 72 21 blefve
819 511 7 20 i
841 510 65 21 stånd
921 511 33 20 att

206 543 93 27 erlägga]
315 544 124 21 densamma
463 545 34 20 till
522 545 36 21 det
581 545 123 26 föreslagna
728 545 102 21 nedsatta
844 545 109 26 beloppet.

206 577 63 21 Hvad
285 577 47 22 äter
353 578 103 21 beträffar
478 579 41 21 den
534 579 47 21 icke
597 579 125 27 obetydliga
736 579 151 26 tillökningen,
907 585 47 14 som

206 617 51 20 eger
271 617 47 15 rum
333 611 59 22 inom
407 606 47 27 Äbo
470 613 99 21 Hofrätts
583 613 149 27 jurisdiktion,
740 613 84 21 komme
833 613 77 26 denna,
918 613 35 20 till

207 645 41 21 den
257 646 35 21 del
308 646 123 21 densamma
446 647 47 21 icke
508 647 59 26 ingår
578 648 7 20 i
594 646 360 28 lagmanstingsgästningsfonden,

207 680 33 19 att
254 681 79 25 utgöra
347 686 26 15 en
389 681 84 26 verklig
487 681 174 27 löneförhöjning
676 681 34 21 för
720 681 235 26 Häradshöfdingarne

209 714 39 21 och
268 715 118 20 Nämnden.
416 715 67 20 Detta
497 715 136 21 förhållande
648 715 104 21 behöfver
767 715 55 21 dock
836 715 48 21 icke
899 714 54 21 fort-

206 747 47 21 fara
274 748 75 27 längre
374 750 27 19 än
417 749 34 20 till
467 749 48 20 dess
529 750 33 20 att
581 749 42 21 den
637 749 129 26 ifrågasatta
780 749 137 26 regleringen
932 748 23 21 af

208 783 153 26 domsagornas
377 782 87 27 omfång
479 782 77 21 hunnit
571 782 142 27 genomföras,
728 783 85 21 hvilket
819 783 67 21 likväl
894 782 60 21 svår-

206 816 58 26 ligen
279 816 62 21 torde
356 816 74 21 kunna
445 816 38 21 ske
499 816 87 27 sålänge
602 817 26 20 de
643 816 24 21 af
681 817 27 21 de
722 817 125 21 nuvarande
857 816 97 22 Härads-

206 850 149 27 höfdingarne,
370 851 75 20 hvilka
460 851 95 21 tillträdt
569 851 48 21 sina
632 851 114 27 domsagor
761 852 53 21 utan
829 851 126 27 skyldighet

206 885 33 20 att
257 884 133 21 underkasta
413 885 34 26 sig
465 885 68 21 sådan
547 885 116 27 reglering,
680 885 34 21 stå
729 891 53 21 qvar
797 885 36 21 vid
848 885 48 21 sina
910 891 43 15 em-

205 919 71 20 beten.
307 919 50 21 Men
372 919 50 20 med
437 919 64 21 deras
515 919 80 27 afgång
609 919 43 21 kan
668 919 63 21 äfven
749 919 61 21 detta
817 919 136 21 förhållande

206 952 113 27 afhjelpas.
356 953 31 26 Ty
407 953 47 26 just
479 953 70 21 denna
571 953 117 26 tillökning
702 953 8 21 i
725 953 189 27 tingsgästningen
929 955 25 18 är

206 987 44 26 det,
272 993 46 15 som
333 987 8 20 i
355 987 123 26 väsendtlig
493 987 49 20 mån
557 987 115 27 möjliggör
688 987 26 21 de
728 987 126 22 nuvarande
869 987 84 21 domsa-

206 1027 79 20 gornas
306 1020 101 27 klyfning
429 1021 40 20 och
491 1021 7 20 i
518 1021 155 26 sammanhang
689 1021 87 21 dermed
791 1021 125 21 införandet
931 1020 24 21 af

206 1056 70 20 tätare
301 1054 286 22 domstolssammanträden.
625 1055 30 29 Af
673 1055 68 21 sådan
756 1055 117 27 anledning
888 1060 65 22 synes

206 1089 40 21 ock
268 1089 134 26 antagandet
427 1089 22 21 af
473 1095 27 15 en
524 1089 129 27 författning
672 1089 8 21 i
696 1089 37 21 det
748 1089 63 27 syfte,
827 1096 45 15 som
887 1089 8 21 i
910 1089 43 21 den

206 1122 86 27 Nådiga
312 1122 164 27 propositionen
498 1122 97 27 föreslås,
618 1123 60 26 böra,
700 1123 29 27 på
744 1125 44 19 sätt
801 1123 79 27 jemväl
896 1123 56 21 1867

205 1157 36 21 års
260 1156 93 21 Ständer
378 1156 87 27 uttalat,
481 1158 64 25 göras
560 1157 108 21 beroende
685 1157 66 27 deraf,
768 1159 33 20 att
816 1157 42 22 den
872 1157 81 27 ifråga-

206 1192 57 19 satta
278 1190 213 21 domstolsreformen
506 1191 112 27 samtidigt
632 1191 43 20 blir
690 1191 100 22 besluten
805 1191 47 27 och,
860 1191 24 21 sä
891 1192 63 20 snart

206 1224 38 21 ske
259 1224 50 27 kan,
323 1224 97 21 kommer
434 1225 34 20 till
483 1224 122 27 utförande,
620 1225 50 21 med
684 1225 142 27 iakttagande
842 1225 67 26 deraf,
918 1226 35 20 att

205 1258 137 25 regleringen
361 1258 13 20 å
389 1258 27 20 de
431 1258 72 20 skilda
517 1260 87 19 orterna
619 1259 136 25 genomföres
769 1259 121 26 efterhand,
906 1264 47 15 som

206 1291 27 21 de
248 1291 94 21 nämnda
356 1291 93 21 hindren
463 1291 109 22 bortfalla.

272 1325 64 22 Emot
352 1325 37 22 det
404 1325 7 21 i
427 1325 41 22 den
484 1325 85 28 Nådiga
583 1326 163 27 propositionen
761 1327 91 27 intagna
866 1327 87 22 författ-

205 1360 147 27 ningsförslag
366 1359 41 22 har
420 1359 116 28 utskottet,
552 1360 85 22 oafsedt
652 1362 32 20 ett
699 1361 7 21 i
722 1361 11 28 $
748 1361 13 22 1
776 1361 176 22 förekommande

206 1395 96 21 enskildt
321 1394 46 27 ord,
386 1400 46 15 som
451 1394 117 27 lämpligen
587 1395 63 21 torde
668 1395 74 22 kunna
756 1396 89 27 utbytas
860 1397 45 20 mot
920 1397 33 20 ett

204 1431 73 24 annat,
292 1428 34 22 för
348 1428 34 22 sin
404 1428 35 22 del
461 1428 71 22 funnit
551 1428 48 22 skäl
614 1428 132 23 förekomma
760 1430 35 21 till
810 1430 143 28 anmärkning

204 1463 77 21 endast
302 1464 46 20 mot
370 1469 26 15 en
415 1463 8 21 i
442 1464 13 20 3
470 1463 12 27 $
501 1469 64 15 mom.
581 1463 23 26 b)
619 1464 87 27 inryckt
720 1464 143 28 bestämning.
872 1459 11 37 .
892 1464 61 22 Ifrån

268 1508 126 18 Sammansatta
408 1509 36 23 Lag
456 1509 30 17 och
500 1509 83 17 Ekonomi
601 1510 91 17 utskottets
704 1510 106 18 betänkande
822 1510 32 18 N:o
867 1511 16 16 1.
