1048 1709
225 132 12 18 6
387 132 28 19 U.
431 130 34 20 B.
481 141 24 3 —
523 130 86 24 Prop.
625 130 49 20 N:o
691 130 48 20 33.

197 197 96 25 mankön,
309 196 104 20 intilldess
428 196 124 26 lämpligare
567 196 81 19 lokaler
664 196 71 19 kunna
750 196 31 19 för
793 196 46 19 dem
851 196 12 18 ä
874 201 68 14 annan

196 232 32 18 ort
243 230 112 20 anskaffas,
379 230 42 20 Det
436 232 23 17 är
473 230 32 19 för
521 229 58 20 detta
594 230 141 25 provisionela
750 230 98 18 ändamål
864 229 79 26 fängel-

195 267 32 17 set
242 270 59 14 anses
316 264 48 20 icke
381 263 88 21 behöfva
485 270 68 13 annan
565 263 124 26 omändring
707 266 26 16 än
745 265 31 17 att
792 263 30 19 till
838 263 103 20 förekom-

197 298 74 24 mande
294 298 23 20 af
338 297 179 27 rymningsförsök
540 298 66 19 förses
628 298 46 19 med
691 304 25 13 en
733 297 152 26 palissadering
900 304 43 12 om-

197 332 60 26 kring
272 332 213 26 fänglogementerna.

264 366 41 19 Vid
321 366 76 19 sådant
411 365 131 20 förhållande
558 365 39 20 och
614 366 27 18 dä
657 365 98 20 behofvet
770 365 23 19 af
806 365 35 20 det
853 365 91 25 begärda

197 400 95 26 anslaget
307 400 18 26 ej
342 400 40 19 kan
399 400 104 23 förnekas,
519 400 32 19 fär
566 399 107 20 Utskottet
689 399 106 19 vördsamt
810 398 84 20 förorda

329 432 159 28 godkännande
503 433 31 26 af
545 440 25 13 en
585 432 70 28 utgift
670 432 30 27 af
710 433 65 25 8,300
790 432 62 20 mark
863 432 42 26 för
915 438 26 14 eu

260 466 163 28 palissadering
439 466 98 28 omkring
543 466 258 28 fängelsebyggnaderna
811 466 8 20 i
830 466 112 21 Kexholm.

264 501 78 20 Vidare
358 501 86 26 begäres
468 501 73 26 anslag
564 501 32 19 för
611 501 128 25 utvidgande
755 500 23 20 af
791 500 153 26 straffängelset

196 536 6 18 i
219 530 52 30 Äbo,
287 535 82 19 hvilket
383 534 52 20 först
450 541 33 13 om
504 535 73 19 hösten
595 535 53 19 1862
668 535 81 25 uppläts
764 535 32 19 till
812 534 84 20 tukthus
912 534 32 20 för

196 569 77 20 sädane
296 568 135 26 brottslingar
454 568 23 20 af
498 568 98 26 mankön,
617 575 43 13 som
681 571 36 17 äro
738 568 76 20 dömde
829 568 31 19 till
876 568 67 19 straff-

196 604 71 19 arbete
283 603 32 19 för
330 603 48 25 viss,
395 602 93 20 bestämd
505 603 36 19 tid.
572 602 74 20 Denna
662 603 123 26 utvidgning
796 605 23 17 är
833 602 110 20 föranledd

196 637 60 20 deraf
269 639 30 18 att
314 639 30 17 ett
357 639 67 17 större
447 636 85 20 tukthus
555 636 31 20 för
608 636 91 26 manliga
715 636 74 27 fängar
804 640 22 16 är
843 636 100 26 behöfligt

195 671 39 20 och
245 677 60 13 anses
316 671 71 19 kunna
398 671 84 25 bringas
496 671 34 19 till
546 670 60 20 ständ
623 671 88 24 sälunda
726 673 31 17 att
772 671 35 19 det
822 670 121 20 nuvarande

194 705 153 26 straffängelset
363 704 96 26 utvidgas
475 705 88 19 medelst
578 712 25 13 en
626 704 111 27 cellilygel,
752 704 149 21 innehållande
917 705 26 19 75

196 740 49 26 dag-
261 739 39 20 och
317 739 31 19 till
364 745 25 13 en
406 738 72 27 början
496 739 74 20 endast
585 739 43 19 lika
640 739 75 26 många
725 740 116 24 natteeller,
853 741 54 17 samt
917 746 25 12 en

195 773 210 27 direktörsbyggnad,
427 773 137 26 hvarigenom
587 773 130 20 direktörens
741 774 122 19 nuvarande
885 773 58 20 lokal

194 808 68 20 blefve
280 807 117 26 disponibel
420 807 32 20 för
472 808 116 19 tukthusets
611 807 65 20 behof
693 808 39 19 och
748 810 30 17 ett
801 808 85 20 tukthus
909 808 32 19 för

194 841 96 25 omkring
306 841 40 20 450
362 841 73 26 fängar
452 841 23 19 af
488 842 91 20 mankön
595 842 70 19 kunde
680 842 96 20 erhällas.

262 875 79 19 Härvid
357 875 38 19 har
409 875 108 20 Utskottet
540 876 19 26 ej
580 875 45 20 haft
644 876 65 26 nägot
728 878 31 17 att
773 876 69 20 erinra
857 876 40 20 och
912 876 32 19 fär

195 909 81 21 derföre
292 909 107 20 vördsamt
416 909 77 20 föreslä

329 945 34 19 att
379 942 122 22 Ständerna
517 944 51 20 ville
583 943 79 27 bifalla
677 944 36 20 till
727 944 35 20 det
776 944 81 20 äskade
867 944 75 20 ansla-

260 980 35 25 get
310 976 31 28 af
351 977 92 26 450,000
458 978 62 20 mark
537 976 41 28 för
593 978 131 27 utvidgande
739 978 30 26 af
781 977 161 28 strafängelset

261 1011 8 21 i
285 1006 52 26 Åbo.

261 1046 40 20 För
315 1048 30 18 ett
356 1046 65 20 under
435 1046 98 26 byggnad
544 1046 92 19 varande
653 1048 46 24 nytt
714 1046 180 26 tukthusfängelse
911 1047 30 19 in-

193 1080 34 20 vid
242 1080 129 26 Helsingfors
387 1080 47 19 stad
449 1080 87 20 föresläs
552 1082 30 18 ett
596 1080 72 26 anslag
685 1081 23 19 af
723 1081 109 25 1,670,000
849 1081 64 19 mark.

261 1114 41 20 Vid
325 1114 125 26 pröfningen
473 1114 23 19 af
517 1114 69 20 denna
608 1114 58 26 fräga
690 1114 37 20 har
744 1114 109 20 Utskottet
868 1115 74 19 erkänt

193 1148 125 25 riktigheten
331 1148 22 19 af
363 1148 39 19 den
413 1148 7 19 i
431 1148 78 26 nådiga
524 1148 156 26 propositionen
697 1148 125 20 framhällna
838 1149 55 25 äsigt
903 1151 36 23 att,

193 1182 27 19 dä
242 1182 34 18 vid
299 1181 165 20 reformerandet
485 1181 22 19 af
529 1182 194 26 brottmälslagarne
744 1182 39 20 och
799 1182 142 22 straffarterna

193 1215 158 26 lagstiftningen
363 1216 5 18 i
380 1215 86 20 främsta
477 1218 89 18 rummet
582 1216 63 19 afsett
660 1216 61 20 dessa
736 1216 135 25 sistnämnda,
883 1216 61 20 deraf

193 1249 39 19 ock
244 1252 23 15 är
279 1248 110 25 betingadt
399 1251 31 16 att
441 1250 192 24 reorganisationen
646 1249 23 19 af
676 1250 187 19 straffanstalterna
879 1250 61 19 fram-

193 1282 42 19 stär
249 1282 69 18 säsom
333 1288 85 12 snarare
435 1282 90 25 behöflig
536 1285 26 16 än
575 1282 40 19 den
626 1282 24 19 af
662 1282 278 26 ransakningsfängelserna.

192 1315 47 20 Men
250 1314 107 20 Utskottet
372 1314 42 20 kan
430 1314 54 20 dock
500 1315 47 20 icke
563 1315 57 19 finna
631 1317 30 18 att
672 1316 35 19 det
718 1316 84 26 tillföljd
813 1316 62 19 häraf
888 1316 53 20 varit

192 1348 131 25 nödvändigt
334 1350 30 18 att
374 1348 130 20 omedelbart
519 1349 88 26 uppföra
623 1356 25 13 en
664 1349 31 20 för
711 1350 68 20 finska
794 1350 145 20 förhällanden

193 1384 23 20 sä
231 1384 39 25 dyr
285 1382 216 26 fängelseinrättning,
517 1390 43 13 som
577 1384 40 19 den
633 1384 56 19 invid
705 1384 130 27 Helsingfors
845 1384 46 20 stad
902 1385 36 25 pä-

194 1418 97 26 begynta.
321 1417 29 19 Af
364 1420 75 16 tvenne
456 1420 130 18 reservanter
601 1418 6 19 i
623 1418 93 20 komit&n
733 1418 31 20 för
779 1418 158 27 fängelserefor-

194 1458 46 14 men
259 1451 63 20 hafva
345 1451 80 26 ganska
442 1451 169 21 beaktansvärda
630 1452 44 20 skäl
696 1453 79 19 anförts
793 1454 31 19 till
845 1454 46 20 stöd
908 1454 32 20 för

261 1490 139 18 Sammansatta
413 1490 59 18 Stats-
485 1490 31 18 och
529 1491 193 19 Ekonomi-utskottets
735 1490 110 20 betänkande
857 1492 36 18 N:o
905 1494 16 16 3.
