1042 1709
303 126 29 22 U.
348 127 27 22 B.
390 140 28 2 —
433 127 73 29 Prop.
522 127 45 23 N:o
582 128 36 22 26.
780 130 26 19 33

89 202 37 21 ger
141 202 50 14 man
206 196 40 21 den
262 196 56 21 döda
333 197 76 27 vigten,
425 204 46 14 som
485 196 102 22 förhåller
602 198 32 27 sig
644 197 34 21 till
688 198 41 21 den
739 197 97 22 lefvande

88 229 71 21 såsom
174 232 45 24 78,2
233 230 32 21 till
280 232 51 24 21,8,
347 230 23 21 så
386 230 90 22 erhålles
492 232 111 24 9,400,000
614 233 87 19 centner
716 231 36 21 mil
762 231 73 21 brutto

87 271 39 20 per
150 264 80 21 banmil
252 265 40 21 och
314 265 134 27 följaktligen
470 265 118 28 femfaldigt
613 273 51 19 mer,
687 266 28 20 än
738 266 40 21 den
801 265 33 22 till

89 299 112 25 1,800,000
217 299 125 20 centnermil
357 299 123 21 beräknade
495 300 75 21 lasten.

154 332 43 21 För
213 333 122 28 jemförelse
349 333 116 22 antecknas
480 334 39 21 här
534 335 32 20 att
580 334 95 21 rörelsen
690 333 29 28 på
735 335 26 20 de
776 341 59 16 sven-

87 368 39 21 ska
151 368 150 22 statsbanorne
327 368 24 22 år
380 370 53 20 1874
459 369 55 22 varit
541 370 124 25 13,688,569
690 371 87 20 centner
799 369 37 21 mil

87 403 73 21 brutto
175 402 29 28 på
219 403 73 28 hvarje
307 404 77 21 svensk
399 404 86 21 banmil.

155 437 42 22 För
215 440 32 19 att
265 439 63 21 vinna
345 438 124 29 ytterligare
484 439 113 27 utredning
612 439 7 20 i
635 439 69 22 denna
719 437 62 30 fråga
795 439 40 22 har

88 472 109 22 Utskottet
211 472 28 27 på
255 473 69 28 grund
339 473 23 21 af
375 473 130 28 tillgängligt
519 473 81 26 norskt,
616 474 86 21 svenskt
717 474 39 21 och
772 473 64 22 finskt

87 507 98 22 material
200 507 88 22 anställt
302 508 116 27 uträkning
433 507 109 28 angående
557 508 145 21 kostnaderna
716 508 34 21 för
764 509 70 21 trans-

86 544 77 25 porten
177 541 29 28 på
221 542 106 22 särskilda
342 541 59 23 såväl
415 543 62 21 bred-
493 549 44 14 som
553 541 141 29 smalspåriga
709 542 75 27 banor,
796 543 39 21 och

86 577 113 21 resultatet
220 577 40 20 har
278 576 80 22 utfallit
376 576 90 22 sålunda
485 579 32 19 att
535 577 106 21 rörelsens
660 577 129 27 förvaltning
807 577 29 27 på

88 611 26 20 de
128 618 75 14 senare
218 611 107 22 befunnits
341 618 88 15 snarare
445 612 75 27 dyrare
536 613 26 19 än
578 611 105 27 billigare,
698 611 80 22 hvilket
793 611 42 21 kan

86 645 86 28 skönjas
187 645 24 22 af
224 645 40 22 den
279 646 33 21 till
326 646 145 21 betänkandet
485 645 77 28 fogade
576 645 87 28 bilagan
679 646 40 21 N:o
736 647 32 20 14.

154 681 29 20 Af
200 680 35 21 det
253 688 30 14 nu
298 680 68 29 sagda
380 688 62 20 synes
457 681 41 21 den
513 680 87 22 slutsats
615 680 72 22 kunna
703 681 84 28 dragas,
804 682 31 20 att

86 721 26 14 en
131 714 127 29 smalspårig
274 715 90 28 jernväg
383 715 54 22 efter
454 715 65 22 norsk
536 715 79 22 modell
630 715 42 21 kan
687 715 107 28 medgifva
809 722 26 14 en

85 750 116 29 besparing
215 751 7 21 i
237 751 233 28 anläggningskostnad
484 750 25 22 af
520 751 89 28 ungefär
620 751 27 20 20
658 753 95 25 procent,
764 750 71 21 hvilka

86 788 149 24 representera
257 786 81 27 ganska
359 784 78 29 många
455 786 98 27 miljoner
572 786 24 20 af
612 785 49 21 hela
679 785 104 27 kapitalet
802 784 33 22 för

86 818 70 29 öfriga
170 820 7 20 i
192 820 73 22 landet
280 822 58 19 ännu
353 820 107 28 behöfliga
475 820 72 22 banor.
579 820 161 27 Otvifvelaktigt
755 821 25 20 är
795 820 39 20 ock

85 856 33 20 att
133 854 26 22 de
173 855 122 28 nordligare
310 855 139 28 provinserna
463 854 70 23 kunde
548 855 34 21 för
592 862 26 14 en
629 855 75 27 längre
714 855 31 21 tid
756 853 79 23 framåt

86 896 51 15 vara
152 897 75 20 genom
244 889 46 22 dem
307 889 124 28 tillräckligt
446 889 118 28 betjenade.
590 890 43 21 Vid
648 889 88 28 frågans
751 889 83 27 lösning

85 923 68 22 måste
172 925 117 21 emellertid
307 926 62 26 tagas
386 925 8 20 i
409 924 156 28 öfvervägande
581 924 60 21 äfven
658 924 68 21 andra
741 925 93 20 omstän-

86 959 102 27 digheter,
204 959 72 22 hvilka
291 960 53 26 göra
359 959 35 21 det
409 959 6 20 i
431 959 42 27 hög
489 959 53 28 grad
557 958 118 28 betänkligt
690 960 32 19 att
738 959 95 20 härutin-

84 1000 43 14 nan
143 993 68 22 ändra
225 996 78 25 system
319 993 39 22 och
373 993 50 28 vilja
439 994 52 27 göra
507 993 53 21 bruk
575 993 24 21 af
607 999 26 15 en
644 993 57 28 dylik
711 993 122 27 besparing.

154 1027 48 22 Med
217 1027 80 22 fästadt
311 1027 100 23 afseende
425 1027 29 28 på
469 1028 41 21 den
524 1027 121 22 förstorade
660 1027 70 26 trafik,
745 1027 88 22 hvarom

85 1063 58 20 förut
161 1063 55 20 varit
233 1062 69 29 fråga,
321 1063 42 20 kan
382 1062 73 21 landet
473 1062 46 21 icke
535 1061 67 28 ångra
617 1064 32 19 att
664 1061 128 22 åtminstone
807 1062 26 21 de

85 1097 67 22 redan
170 1097 93 27 anlagda
280 1097 96 21 banorne
394 1096 69 22 blifvit
481 1095 147 29 bredspåriga,
644 1097 39 20 och
698 1096 134 27 följaktligen

86 1131 71 22 kunde
172 1131 35 22 det
221 1131 47 22 icke
283 1131 73 26 heller,
372 1138 35 15 om
416 1138 50 14 man
476 1139 29 13 nu
515 1131 48 22 ville
574 1131 68 21 ändra
652 1133 84 26 system,
747 1131 86 20 komma

85 1166 7 20 i
112 1165 61 29 fråga
191 1167 32 20 att
238 1166 35 21 för
290 1165 182 28 likformighetens
491 1165 55 22 skull
561 1166 53 27 göra
629 1165 42 21 alla
686 1165 69 22 banor
770 1165 62 22 smal-

85 1200 92 28 spåriga,
193 1200 89 21 likasom
296 1207 50 15 man
361 1200 7 21 i
383 1200 91 27 Norrige
489 1199 91 28 påyrkat
594 1201 32 19 att
640 1201 52 26 göra
708 1199 46 21 dem
770 1199 62 22 bred-

84 1234 93 29 spåriga.
210 1235 112 22 Hvardera
340 1236 106 26 systemet,
466 1233 24 22 af
505 1234 71 21 hvilka
594 1233 35 21 det
643 1232 141 29 bredspåriga
799 1233 33 22 för

85 1269 138 29 närvarande
239 1270 101 22 omfattar
358 1269 7 21 i
384 1269 65 28 längd
467 1269 97 28 omkring
579 1269 41 21 820
636 1270 62 25 verst,
714 1268 69 22 skulle
798 1268 33 22 så-

85 1304 66 22 lunda
169 1305 84 21 komma
268 1306 32 20 att
314 1304 66 22 blifva
394 1304 179 27 representeradt,
592 1310 48 14 men
656 1310 25 14 en
697 1302 67 22 sådan
780 1303 52 21 dub-

85 1339 71 21 belhet
171 1339 67 21 skulle
259 1339 86 21 medföra
360 1338 50 20 icke
425 1339 62 26 ringa
501 1338 137 27 svårigheter,
649 1338 65 20 bland
724 1337 72 21 hvilka
806 1338 26 20 de

86 1372 24 22 af
129 1373 64 27 nödig
212 1372 129 28 omlastning
360 1372 132 21 härrörande
512 1371 165 28 olägenheterna
695 1370 79 22 kanske
794 1372 37 20 äro

86 1407 26 21 de
130 1408 64 21 minst
212 1406 126 29 betydande.
367 1407 78 27 Hvarje
465 1404 128 30 omlastning
610 1405 84 22 medför
713 1407 30 20 ett
757 1405 75 28 längre

88 1442 50 23 eller
157 1442 86 22 kortare
258 1440 107 30 dröjsmäl,
381 1448 45 14 som
441 1440 125 30 uppehäller
581 1448 27 14 en
624 1440 34 22 del
672 1440 24 22 af
709 1440 123 22 materielen

154 1483 89 23 Jernvägs-
247 1484 86 17 Utskottets
344 1482 108 18 betänkande.

752 1517 12 17 3
