1042 1706
232 120 26 21 72
420 120 29 23 U.
465 120 28 23 B.
508 132 27 5 —
550 121 73 29 Prop.
639 121 44 23 N:o
699 121 37 23 26,

337 183 85 27 vestliga
444 184 122 21 stambanan
583 184 10 20 i
609 183 81 22 trakten
708 183 27 26 af
750 182 144 26 Kärsämäki;
913 182 37 21 och

337 217 109 27 slutligen:

406 253 37 19 6:0
458 251 36 22 En
504 252 53 21 bana
566 252 61 27 ifrån
642 251 101 28 Uleåborg
753 251 32 21 till
797 250 88 23 Torneå.
897 250 52 22 hvil-

337 285 39 22 ken
390 286 64 22 likvål
468 286 42 22 icke
525 287 61 21 borde
600 286 160 28 ifrägakomma,
772 286 78 27 förrän
860 286 90 27 jernväg

336 322 100 20 vesterom
450 321 113 22 Bottnisha
572 321 60 22 viken
641 320 112 22 utsträckts
763 320 32 22 till
805 320 141 28 riksgränsen.

405 355 59 22 Samt
482 356 96 27 derjemte
595 356 84 26 besluta,
700 358 30 19 att
748 356 76 21 arbetet
839 355 35 27 för
889 362 60 21 nyss-

336 390 92 22 nämnde
446 390 73 22 liniers
537 390 132 28 anläggning,
688 391 9 20 i
711 390 40 22 den
766 390 89 28 ordning
870 390 25 22 de
909 389 41 22 här

336 425 62 27 ofvan
420 425 69 27 blifvit
509 425 143 28 uppräknade,
675 425 62 22 borde
759 424 83 29 vidtaga
864 424 86 22 såsnart

337 460 69 21 dertill
424 460 137 27 erforderliga
575 460 65 22 medel
655 459 70 22 kunna
741 459 90 27 beredas,
847 459 51 22 dock
912 459 36 22 så-

337 494 65 22 lunda
420 496 29 20 att
467 495 54 26 först
540 495 99 22 bandelen
661 493 290 28 Tammerfors-Nikolaistad

336 528 66 22 skulle
416 529 157 28 ifrågakomma.

269 582 27 25 C.
314 583 30 24 G.
362 583 160 25 Sannmark.
641 583 30 25 A.
689 584 29 23 O.
736 584 145 24 Snellman.

267 672 35 24 Då
313 674 39 29 jag
366 675 46 22 icke
427 675 83 22 kunnat
525 675 74 22 förena
613 675 44 28 mig
672 683 35 14 om
716 675 26 22 de
752 675 76 27 beslut,
840 675 109 22 Utskottet

200 709 7 22 i
222 708 62 29 fräga
299 717 35 14 om
352 711 30 20 ett
401 710 148 22 stambanenät
567 711 34 22 för
615 710 91 22 Finland
721 711 71 26 fattat,
807 710 90 22 utbeder
911 710 38 28 jag

200 744 44 28 mig
258 744 156 21 vördsammast
428 746 32 20 att
474 745 40 21 här
529 745 172 22 reservationsvis
716 744 22 23 fä
755 745 120 28 framlägga
892 745 57 21 mina

200 779 114 22 afvikande
329 777 79 29 äsigter
423 779 7 20 i
444 780 77 21 ämnet.

268 814 38 21 Att
318 813 143 28 jernvägarne
476 814 39 21 hos
529 821 35 14 oss
579 814 64 22 hafva
653 814 40 21 den
704 814 81 22 dubbla
794 813 112 28 uppgiften
917 815 32 20 att

200 847 106 22 förmedla
326 847 144 23 förbindelsen
493 848 89 22 emellan
603 849 36 21 det
660 849 46 21 inre
727 849 74 21 landet
819 849 40 21 och
877 848 72 22 hafvet

200 884 56 20 samt
269 882 70 22 tillika
352 883 102 22 befordra
469 883 141 22 samfärdseln
621 883 26 22 de
657 883 46 22 inre
713 883 150 22 landsdelarne
873 883 76 28 sjelfva

200 917 96 26 emellan,
319 919 25 19 är
366 925 26 14 en
414 919 96 27 sanning,
533 918 84 22 hvilken
639 918 46 21 icke
703 918 62 22 torde
783 919 72 20 kunna
869 917 78 28 jäfvas.

199 951 49 22 Med
266 952 47 21 skäl
331 952 64 28 yrkas
414 953 90 26 derföre,
523 955 32 20 att
570 953 143 28 jernvägarne
727 953 54 22 böra
796 953 59 22 ledas
870 952 30 27 sä,
916 954 32 20 att

200 986 108 22 desamma
330 985 28 29 pä
380 987 137 28 hbegvämaste
539 989 42 20 sätt
603 988 162 27 sammanknyta
787 987 26 22 de
835 987 46 22 inre
903 989 44 20 vat-

198 1021 168 26 tenbassinerna,
385 1021 73 22 hvilka
475 1023 77 27 utgöra
571 1023 108 27 naturliga
698 1024 74 20 centra
790 1023 33 20 för
845 1022 102 26 rörelsen,

198 1055 19 28 ej
233 1056 83 21 mindre
330 1056 49 21 med
393 1056 122 21 hvarandra
529 1057 28 20 än
572 1057 48 21 med
635 1057 102 27 lämpliga
752 1056 145 28 trafikplatser
912 1057 35 21 vid

198 1089 82 22 kusten.
310 1089 70 22 Ocksä
402 1090 68 22 finner
491 1097 56 20 man,
571 1093 31 20 att
621 1091 26 21 de
661 1091 170 28 jernvägslinier,
850 1091 72 21 hvilka
939 1091 8 20 i

197 1124 73 22 landet
288 1125 66 21 redan
370 1124 120 27 förefinnas,
506 1125 59 22 bilda
579 1125 68 22 första
661 1125 104 22 länkarne
780 1125 24 22 af
817 1127 30 20 ett
861 1127 85 26 system,

197 1166 76 21 genom
292 1159 79 22 hvilket
390 1159 59 22 detta
464 1159 80 22 dubbla
559 1159 100 22 ändamål
673 1159 29 28 pä
717 1161 31 20 ett
763 1160 80 27 ganska
858 1159 89 29 lyckligt

197 1195 43 20 sätt
258 1193 146 28 förverkligas.
434 1194 27 21 Vi
479 1194 64 22 hafva
561 1195 67 22 redan
648 1201 26 15 en
692 1195 64 21 södra
771 1194 112 23 stambana
898 1194 48 21 med

196 1228 136 28 ändpunkter
342 1229 8 20 i
358 1229 31 20 S:t
402 1228 129 29 Petersburg
543 1230 40 21 och
590 1229 120 26 Riihimäki,
726 1229 85 22 hvilken
821 1229 64 22 berör
900 1229 46 21 Sai-

196 1269 60 15 mens
271 1263 40 21 och
321 1263 99 27 Päijänes
438 1264 174 27 vattensystemer
629 1265 56 19 samt
694 1263 70 22 tillika
773 1263 172 22 kommunicerar

196 1295 48 23 med
266 1297 81 28 vigtiga
371 1297 170 28 handelsplatser
563 1297 35 22 vid
623 1297 121 28 sydkusten,
771 1298 40 21 och
837 1297 20 22 vi
882 1297 64 22 hafva

197 1330 102 29 derjemte
321 1338 26 15 en
369 1331 77 28 början
464 1331 33 22 till
516 1339 25 15 en
560 1332 75 28 vestlig
654 1332 113 22 stambana
789 1333 90 22 emellan
902 1333 43 21 Rii-

195 1365 80 23 himäki
294 1367 40 21 och
357 1366 149 27 Tammerfors,
525 1367 84 22 hvilken
627 1366 29 29 pä
677 1369 76 20 tvenne
775 1367 77 22 ställen
874 1368 71 22 anslu-

195 1403 33 21 ter
247 1402 32 28 sig
297 1401 33 22 till
348 1401 117 29 Näsijärvis
480 1402 151 27 vattenbassin,
646 1403 77 22 medan
739 1403 123 22 densamma
876 1403 69 22 tillika

195 1437 109 22 utskickar
315 1444 26 15 en
351 1437 109 28 grenbana
470 1437 32 22 till
512 1437 83 23 landets
603 1438 161 29 sydvestligaste
772 1440 110 27 exportort
891 1432 52 29 Åbo.

262 1479 90 22 Jernvägs-
356 1478 87 18 Utskottets
454 1478 107 19 betänkande.
