1042 1709
303 122 35 24 U.
347 122 27 22 B.
389 135 29 3 —
432 122 74 29 Prop.
522 122 37 23 No
573 123 38 22 26.
778 123 26 20 55

279 397 359 26 Reservationer:

149 493 64 22 Emot
228 493 120 22 Utskottets
362 493 77 26 beslut,
455 495 33 20 att
502 501 45 14 som
561 500 27 15 en
601 493 108 22 blifvande
719 493 113 23 stambana

80 528 88 22 förorda
183 528 152 28 sträckningen
349 527 57 22 ifrån
420 528 72 21 Etsäri
506 527 72 28 kapell
593 527 59 22 öfver
661 527 127 28 Pihtipudas
798 528 33 21 till

80 562 72 29 någon
166 562 69 28 punkt
249 562 36 22 vid
300 561 234 29 Uleåborg-Uleåträsk
548 561 79 28 banan,
643 562 48 21 med
705 562 126 29 förgrening

80 597 33 22 till
124 597 122 22 vestkusten
260 597 8 20 i
282 597 86 21 trakten
383 596 24 21 af
420 596 77 22 Gamla
512 596 96 28 Carleby,
623 595 68 23 måste
705 596 127 22 underteck-

80 632 56 21 nade
158 631 86 28 inlägga
264 631 34 21 sin
320 631 137 22 reservation.
496 631 65 22 Detta
586 630 76 27 beslut,
689 637 46 15 som
756 631 75 21 fattats

81 666 48 21 med
152 673 52 20 svag
225 665 115 28 majoritet,
363 665 41 21 har
422 665 122 28 antagligen
565 665 124 22 motiverats
708 665 25 21 af
749 665 82 22 önskan

75 702 38 19 -att
128 699 91 22 sålunda
233 699 58 22 inom
306 699 108 28 möjligast
428 699 64 22 korta
506 699 31 22 tid
551 698 22 23 få
591 699 117 28 jernvägen
725 699 107 22 utsträckt

78 734 60 21 ända
155 733 33 22 till
206 733 120 28 Uleåborgs
344 733 54 27 stad,
419 734 73 26 ehuru,
511 733 34 22 vid
564 740 27 15 en
609 733 91 22 sednare
714 733 117 22 verkställd

79 768 141 28 omröstning,
234 768 94 21 rörande
342 767 183 28 ordningsföljden
540 767 34 22 för
588 767 107 22 banornes
710 767 120 28 byggande,

80 803 66 22 linien
164 802 220 28 Davidstad-Kuopio,
403 802 49 22 med
469 802 45 22 lika
531 809 52 21 svag
600 802 115 28 majoritet,
731 801 63 22 råkat
809 800 23 23 få

79 837 125 23 företrädet.
233 837 43 22 Det
293 837 41 22 har
348 837 73 22 vidare
436 836 115 23 föreburits
566 838 33 21 att
613 836 147 23 förstnämnde
774 836 57 23 bana

82 873 68 22 skulle
164 872 28 29 gå
207 873 109 28 möjligast
330 872 53 21 midt
398 879 76 21 genom
484 872 73 22 landet
567 872 40 21 och
617 871 92 22 sålunda
718 871 113 28 tillgodose

80 908 45 21 alla
142 908 112 21 intressen.
284 907 42 21 Det
344 907 68 27 ligger
431 907 54 21 dock
500 907 33 21 för
547 907 71 27 öppen
633 906 43 28 dag
690 908 33 19 att
737 906 94 22 hvarken

81 943 69 20 större
166 942 60 22 delen
242 941 24 22 af
278 941 37 22 det
330 936 172 27 Österbottniska
516 941 123 22 kustlandet
652 941 52 21 eller
713 941 50 21 hela
773 942 59 20 östra

80 976 92 21 Finland
190 975 48 22 utaf
254 975 59 22 detta
331 975 80 28 förslag
429 975 72 22 kunna
519 976 64 21 vänta
603 975 40 22 den
661 975 95 28 ringaste
771 977 61 26 nytta

78 1011 42 21 och
136 1012 33 20 att
188 1010 62 22 dessa
267 1010 75 26 banor,
360 1009 29 28 pä
404 1010 49 21 hela
467 1010 33 21 sin
514 1009 65 28 längd
595 1009 24 22 af
631 1009 158 28 sammanlagdt
804 1011 26 20 38

80 1045 44 26 mil,
140 1044 69 23 såvidt
226 1044 150 23 lokaltrafiken
394 1044 137 26 vidkommer,
549 1045 78 20 nästan
645 1043 135 22 uteslutande
795 1043 35 23 be-

80 1080 59 27 tjena
154 1079 27 22 de
196 1079 80 28 glesast
290 1079 114 22 befolkade
419 1079 40 21 och
474 1079 110 28 fattigaste
598 1078 83 22 trakter
695 1078 8 21 i
717 1078 50 22 hela
781 1079 49 21 Fin-

79 1114 58 26 land,
152 1113 49 22 med
215 1113 111 28 undantag
341 1113 24 22 af
377 1113 180 27 Lappmarkerne.
588 1113 46 21 Och
650 1111 27 23 då
690 1113 95 21 hvarken
796 1113 35 22 det

79 1143 174 27 Österbottniska
270 1147 123 22 kustlandet
411 1147 52 22 eller
481 1142 64 27 Östra
559 1146 92 23 Finland
665 1147 118 28 ingalunda
797 1147 34 22 för

78 1183 30 21 all
127 1183 89 22 framtid
233 1182 63 23 torde
313 1182 51 27 vilja
382 1182 75 27 afsäga
474 1182 33 27 sig
524 1180 112 23 förmånen
651 1181 24 22 af
685 1181 146 28 jernvägsför-

78 1217 109 22 bindelser
201 1217 49 22 med
266 1217 36 22 det
316 1217 70 27 öfriga
401 1217 79 26 landet,
496 1215 24 23 så
533 1216 43 21 blir
590 1215 81 28 följden
686 1216 41 21 den
742 1217 39 25 att,
796 1223 35 14 om

79 1251 41 22 den
134 1259 30 14 nu
182 1251 122 28 föreslagna
322 1251 151 27 sträckningen
491 1251 96 21 kommer
601 1249 34 22 till
648 1250 121 26 utförande,
784 1250 47 22 icke

78 1285 37 22 två
132 1287 53 20 utan
205 1287 32 20 tre
255 1285 63 22 linier
335 1284 69 22 måste
422 1285 59 21 ledas
503 1287 82 23 norrut,
608 1284 112 28 nemligen,
736 1284 94 22 förutom

78 1319 140 22 förenämnde
236 1320 41 21 och
294 1319 66 22 linien
378 1317 337 29 Kuopio-Idensalmi-Uleåborg,
731 1320 58 20 ännu
804 1326 26 14 en

79 1361 77 20 genom
174 1353 52 21 eller
244 1352 111 29 långsmed
371 1353 36 20 det
422 1348 173 25 Österbottniska
609 1352 129 22 kustlandet.
754 1365 28 2 —
797 1351 34 22 Då

75 1387 129 26 -emellertid,
228 1387 34 21 för
281 1387 41 21 den
340 1387 109 20 närmaste
470 1385 121 27 framtiden,
615 1385 91 22 allenast
725 1393 26 14 en
773 1386 57 21 bana

78 1423 76 21 norrut
176 1421 42 22 kan
240 1420 162 30 ifrågakomma,
425 1419 25 23 så
472 1419 95 30 framgår
588 1419 57 23 ifrån
663 1428 27 14 en
706 1420 123 28 jemförelse

146 1458 91 31 Jernvägs-
242 1462 86 18 Utskottets
340 1462 108 17 betänkande.
