1089 1759
435 127 29 22 U.
481 127 27 21 B.
787 128 39 20 117

97 202 69 15 annan
188 196 85 27 uppgift
293 198 27 19 än
336 196 26 21 de
377 196 72 27 ryska:
465 198 38 18 när
519 196 48 26 krig
581 196 103 27 utbryter,
700 198 23 18 är
739 196 117 26 Rysslands

97 230 68 22 fiende
184 230 61 22 äfven
261 230 102 21 Finlands
379 230 76 21 fiende.
484 230 50 21 Men
549 230 63 21 häraf
624 230 62 27 följer
701 230 50 26 icke,
768 232 31 19 att
814 230 18 26 ej
850 230 6 20 i

96 265 61 27 fråga
171 271 35 15 om
222 265 26 21 de
263 264 70 22 finska
347 266 130 25 truppernas
488 264 145 28 användning
644 264 105 22 särskilda
761 266 94 20 omstän-

98 299 96 27 digheter
209 299 68 21 borde
292 301 61 25 tagas
369 299 7 21 i
392 298 146 22 betraktande.

166 334 43 20 Det
224 335 23 19 är
264 333 67 27 enligt
345 333 124 21 Utskottets
486 333 63 21 tanke
565 333 126 27 uppenbart,
707 335 32 19 att
754 333 41 21 den
817 332 38 22 fin-

98 368 38 21 ske
159 368 96 21 soldaten
274 367 53 21 skall
342 368 77 26 kämpa
435 368 54 25 bäst,
505 368 26 20 då
546 368 42 20 han
603 368 89 27 kämpar
707 367 33 21 för
756 368 37 20 sitt
808 370 49 24 eget

97 402 62 21 lands
178 402 89 21 försvar.
297 402 39 21 Att
358 402 76 20 hindra
449 401 94 27 fientliga
558 402 170 26 landstigningar
743 402 7 21 i
766 401 90 22 Finland

98 436 57 26 eller,
177 443 35 15 om
235 436 80 22 sådana
330 436 62 26 skett,
407 436 85 21 hämma
507 436 96 21 fiendens
619 436 72 21 vidare
706 436 97 21 framfart
818 436 39 21 och

99 471 81 26 skydda
195 470 140 22 fosterlandet
350 472 45 20 mot
411 470 81 27 krigets
507 470 152 22 hemsökelser.
675 483 26 2 —
719 470 58 22 detta
791 472 24 19 är
830 476 26 15 en

99 504 90 28 uppgift,
197 511 47 15 som
260 504 53 22 skall
330 504 61 22 äfven
407 504 23 22 af
443 505 95 27 ringaste
549 511 48 15 man
610 505 5 20 i
627 505 57 21 ledet
694 504 78 22 förstås
785 505 72 21 såsom

99 546 26 14 en
141 539 57 27 helig
213 539 54 27 pligt
282 539 39 21 och
337 539 47 21 elda
399 545 26 15 en
441 539 52 21 hvar
509 539 32 21 till
558 540 40 20 den
614 539 76 27 högsta
706 539 52 27 grad
773 538 23 22 af
807 539 51 21 mod

99 573 39 21 och
161 574 78 26 energi.
271 573 44 21 Och
339 574 26 20 de
387 573 69 21 finska
471 576 118 24 trupperna
605 574 60 20 skola
681 580 75 20 genom
773 574 32 20 sin
822 573 36 21 be-

99 608 104 26 kantskap
220 608 48 21 med
283 607 249 27 terrängförhållandena
539 608 39 21 här
587 608 60 21 äfven
656 608 69 21 förmå
732 608 48 21 med
789 609 69 20 större

100 642 125 26 skicklighet
246 644 26 19 än
295 644 60 19 utom
371 642 72 21 landet
459 642 51 27 fylla
525 642 38 21 sitt
577 642 48 21 värf
641 642 67 21 under
723 642 134 27 krigsopera-

100 676 103 21 tionerna.

169 711 34 21 Då
221 713 30 19 ett
267 711 76 21 sådant
357 711 48 27 krig
421 711 102 27 utbryter,
540 717 46 15 som
602 711 94 27 påkallar
712 713 31 19 att
758 711 99 27 åtgärder

100 744 32 22 för
155 745 66 21 rikets
244 744 83 22 försvar
351 746 96 26 vidtagas
469 745 62 21 äfven
547 746 6 20 i
569 745 96 26 Finland,
681 746 38 20 bör
735 746 36 20 det
786 744 22 22 af
821 751 37 15 an-

100 778 61 22 förda
183 779 46 21 skäl
251 779 18 27 ej
293 779 72 21 kunna
384 780 85 20 komma
492 780 6 20 i
521 779 60 27 fråga
595 781 32 19 att
642 779 175 21 afkommendera
832 779 26 21 de

100 813 69 21 finska
191 816 118 24 trupperna
332 814 31 20 till
385 814 68 20 andra
476 814 207 26 krigsskådeplatser
707 814 38 20 och
760 814 98 21 använda

101 848 75 21 endast
199 848 63 26 ryska
277 849 90 25 trupper
382 848 31 20 till
429 848 102 21 Finlands
547 848 89 21 försvar.
667 848 32 21 De
714 848 69 21 finska
797 850 60 24 trup-

101 888 66 20 perna
191 882 68 21 skulle
281 882 7 21 i
310 882 76 21 sådant
407 882 37 21 fall
466 882 71 21 lemna
557 883 36 21 sitt
609 883 49 21 land
673 883 48 21 med
737 883 40 21 den
793 882 66 21 bittra

101 916 88 21 känslan
205 918 32 19 att
251 917 62 21 deras
329 916 72 22 trohet
417 919 22 18 är
455 917 128 26 misstänkt;
599 917 36 21 det
645 917 68 21 skulle
727 916 22 22 af
757 917 48 21 dem
816 916 42 21 för-

101 950 91 21 nimmas
213 950 71 22 såsom
308 957 26 14 en
357 950 166 27 förödmjukelse
539 952 32 20 att
593 951 17 27 ej
634 951 21 21 få
677 951 76 27 kämpa
768 950 32 22 för
817 951 41 23 det,

101 991 46 15 som
163 985 68 21 måste
246 985 57 27 ligga
318 985 62 21 deras
395 985 70 27 hjerta
479 987 102 23 närmast,
597 986 36 20 det
648 992 54 20 egna
714 985 144 21 fäderneslan-

101 1019 40 23 det,
158 1019 27 21 då
200 1019 61 21 äfven
277 1020 36 20 det
328 1019 23 21 af
364 1019 81 27 krigets
461 1019 58 21 faror
535 1019 68 21 hotas.

170 1053 31 21 Af
221 1054 62 20 dessa
306 1054 51 25 skäl,
376 1054 72 20 hvilka
460 1054 24 26 ju
501 1053 61 21 äfven
579 1060 24 14 ur
620 1056 48 19 rent
683 1054 111 21 militärisk
810 1060 48 20 syn-

101 1088 68 27 punkt
192 1090 36 19 äro
251 1088 23 21 af
294 1088 96 26 vägande
413 1088 114 27 betydelse,
551 1088 37 21 har
611 1088 111 22 Utskottet
737 1090 71 19 ansett
824 1088 36 21 det

101 1122 52 21 böra
171 1122 7 21 i
193 1122 61 26 lagen
271 1124 94 25 utsägas,
383 1125 32 18 att
430 1122 26 21 de
471 1122 69 22 finska
553 1124 117 25 trupperna
686 1122 67 22 under
768 1122 91 27 krigstid

101 1156 151 22 företrädesvis
275 1157 108 21 användas
403 1157 35 21 vid
457 1156 196 28 försvarsåtgärder
671 1157 6 21 i
692 1157 95 25 Finland,
803 1158 57 20 samt

101 1192 30 19 att
154 1190 180 28 förutsättningen
356 1190 33 22 för
405 1193 31 19 att
452 1191 25 21 de
493 1191 71 21 kunde
579 1191 66 21 kallas
661 1193 32 19 att
705 1191 78 27 jemväl
799 1193 59 19 utom

101 1224 72 22 landet
193 1225 115 21 medverka
327 1225 35 21 vid
377 1225 67 21 rikets
459 1225 84 21 försvar
559 1228 23 18 är
597 1226 47 25 den,
660 1228 31 18 att
706 1226 26 21 de
747 1226 6 20 i
769 1225 91 21 Finland

101 1258 45 21 icke
161 1258 108 27 behöfvas,
286 1260 35 20 det
337 1259 36 21 vill
389 1261 51 25 säga
455 1261 32 19 att
503 1260 36 21 det
553 1260 53 26 krig,
618 1266 46 14 som
675 1259 105 21 föranledt
792 1258 67 22 mobi-

101 1292 120 28 liseringen,
239 1293 16 27 ej
279 1295 23 19 är
318 1294 81 25 sådant,
415 1295 31 19 att
461 1300 96 20 angrepp
574 1294 61 21 äfven
651 1294 27 26 på
692 1294 65 21 finskt
773 1293 87 21 område

102 1329 100 19 emotses.

170 1362 95 20 Alldeles
288 1362 101 21 särskildt
412 1362 39 21 bör
467 1362 58 21 detta
541 1362 55 26 gälla
611 1362 249 27 landtvärnstrupperna,

101 1395 71 21 hvilka
187 1396 67 26 enligt
269 1396 11 27 $
296 1396 27 21 20
339 1396 76 21 endast
430 1396 35 21 vid
482 1396 181 27 utomordentliga
678 1396 97 21 tillfällen
791 1396 69 21 under

101 1429 48 27 krig
170 1430 73 21 kunna
271 1430 125 27 uppställas,
420 1430 38 21 och
484 1430 83 21 hvilkas
592 1430 137 27 användning
753 1431 6 19 i
785 1430 77 26 fälttåg
