1086 1773
427 136 22 22 U.
466 136 22 22 B.
783 137 24 20 11

79 205 119 22 frikallade
213 205 51 21 från
280 205 162 29 skyldigheten
458 207 34 19 att
507 205 115 28 uppställa
637 204 113 29 krigsfolk
766 204 71 28 enligt

80 239 218 29 indelningsvärket,
314 239 25 22 sä
359 240 64 27 länge
445 239 85 22 landets
550 239 136 22 härväsende
701 241 27 20 är
743 239 95 22 ordnadt

77 274 32 27 pä
122 274 139 29 grundvalen
277 275 27 27 af
316 274 82 22 allmän
414 274 129 27 värneplikt.
568 273 125 22 Dessutom
708 273 129 22 bestämdes

80 316 83 21 genom
179 316 29 14 en
223 308 69 28 nådig
306 308 138 29 kungörelse
455 308 23 21 af
488 308 45 21 den
543 310 26 19 27
583 308 120 21 december
716 310 60 24 1878,
781 303 10 39 i
806 307 31 22 öf-

80 342 212 23 verensstämmelse
307 343 53 21 med
375 342 135 22 ständernas
525 342 92 29 förslag,
635 344 33 19 att
680 342 28 21 de
719 342 50 21 frän
780 344 57 19 rust-

80 377 46 22 häll
149 380 58 19 samt
229 377 104 21 roterade
355 377 107 22 hemman
485 377 43 21 och
543 377 164 21 bätsmanshäll
722 376 115 29 utgäende

79 412 96 21 vakans-
191 412 43 21 och
248 411 250 29 passevolans-afgifter
513 411 80 26 skulle,
616 413 75 20 säsom
705 411 83 29 bidrag
802 411 35 21 till

80 446 158 21 bestridandet
261 446 23 21 af
305 446 179 21 militiefondens
507 445 103 29 utgifter,
633 445 36 22 till
690 445 146 22 oförändradt

81 481 83 28 belopp
186 483 94 26 utgöras
302 480 59 21 intill
384 480 52 21 dess
460 481 125 20 ständerna
607 480 90 21 anvisat
713 488 74 14 annan
802 480 36 21 för

81 515 70 28 sagda
167 515 103 21 ändamål
286 515 134 28 erforderlig
435 515 68 21 skatt.

149 549 12 22 I
183 549 66 22 dessa
271 549 169 28 bestämningar
459 549 106 22 inträdde
581 557 29 13 en
626 549 159 22 modifikation
800 556 37 21 ge-

81 591 53 14 nom
156 587 85 19 tvänne
263 584 83 28 nådiga
363 583 161 29 förordningar
540 584 23 21 af
578 583 45 22 den
639 586 12 19 5
668 583 91 29 augusti
775 585 61 23 1886,

81 618 119 21 tillkomna
214 618 74 21 under
302 618 134 21 ständernas
451 618 146 21 medvärkan.

150 653 88 21 Genom
262 653 44 21 den
323 661 43 13 ena
382 653 22 21 af
420 653 52 21 dem
488 653 130 28 stadgades,
635 655 34 18 att
684 653 95 21 vakans-
795 653 42 21 och

81 687 278 29 passevolans-afgifterna
374 687 74 21 skulle
463 687 114 28 upphöra;
593 695 53 13 men
656 689 76 26 någon
740 687 98 27 ändring

81 721 92 29 gjordes
195 721 51 22 icke
268 721 8 21 i
299 722 44 21 den
365 721 177 29 bestämningen
563 721 8 22 i
588 723 11 20 2
615 722 20 28 8,
657 721 72 28 enligt
743 721 95 22 hvilken

81 756 96 21 knektar
206 756 36 21 för
271 755 131 22 infanteriet
432 756 78 21 kunde
538 756 112 21 affordras
681 756 28 21 de
732 755 104 22 roterade

81 791 169 28 lägenheterna,
268 790 75 22 därest
361 791 69 28 lagen
445 798 38 14 om
497 790 132 29 värneplikt
643 790 77 22 blefve
734 790 102 29 upphäfd

81 827 56 19 utan
159 827 34 19 att
213 825 95 21 monark
328 825 41 21 och
393 825 94 21 ständer
510 825 83 21 enades
616 832 37 14 om
673 827 70 26 något
761 827 75 19 annat.

82 859 108 21 Deremot
198 859 127 28 upphäfdes
334 866 83 22 genom
428 859 45 21 den
482 860 70 20 andra
563 860 23 20 af
597 860 66 20 dessa
678 860 160 28 förordningar

82 893 269 22 rusthållsinstitutionen
376 894 154 28 fullständigt,
556 894 129 28 hvarjämte
708 894 128 29 stadgades,

82 931 35 18 att
133 928 28 21 de
176 928 116 21 rusthålls-
308 929 42 21 och
365 931 206 26 augmentsräntor,
589 936 48 14 som
653 929 126 21 rusthållen
795 929 42 20 till-

81 962 132 29 godonjutit
224 965 74 20 såsom
306 963 108 28 vederlag
424 963 37 21 för
471 963 282 28 rustningsprestationen,
764 963 73 22 skulle

82 997 34 21 till
139 997 87 22 kronan
246 997 113 28 indragas,
379 997 59 21 dock
453 997 51 22 icke
519 997 152 28 fullständigt.
702 997 136 22 Rusthällen

81 1031 60 22 hade
163 1031 115 29 nämligen
300 1032 43 21 fått
361 1031 49 22 sina
425 1031 115 22 förmåner
555 1032 36 28 sig
606 1032 138 21 tillerkända
758 1033 36 20 för
810 1032 27 21 de

81 1065 74 22 ökade
170 1066 130 25 kostnader,
317 1066 27 21 de
360 1066 94 21 framför
470 1066 29 21 de
514 1066 105 21 roterade
635 1067 133 28 lägenterna
782 1066 56 21 nöd-

82 1102 51 26 gats
148 1099 126 22 vidkännas
290 1101 7 20 i
312 1100 59 29 följd
387 1101 23 20 af
424 1101 165 28 skyldigheten
607 1103 35 19 att
662 1101 114 28 uppställa
791 1103 46 26 ryt-

81 1137 49 18 tare
145 1134 52 22 med
212 1135 142 28 mundering.
373 1135 35 21 De
424 1135 115 21 förmåner
550 1135 128 21 rusthållen
689 1135 95 21 sålunda
794 1135 43 21 till-

82 1168 131 29 godonjutit
222 1169 131 28 öfverstego
362 1169 129 21 emellertid
498 1169 8 21 i
514 1169 100 22 flertalet
622 1169 40 22 fall
670 1169 95 22 faktiskt
772 1169 65 21 dessa

82 1203 123 22 kostnader
216 1203 42 22 och
269 1203 7 22 i
287 1203 79 28 hvarje
381 1203 111 22 händelse
507 1204 82 21 värdet
602 1204 23 21 af
635 1204 203 21 rusthållsvakans-

82 1237 129 28 afgifterna.
228 1238 54 21 Med
290 1238 124 28 anledning
424 1238 72 26 häraf,
505 1239 43 20 och
557 1238 28 21 då
596 1238 126 21 rusthållen
729 1238 35 21 för
772 1238 66 21 fram-

81 1271 65 22 tiden
157 1273 95 27 ansågos
263 1272 56 21 böra
328 1280 55 14 vara
393 1272 109 21 likstälda
512 1273 53 21 med
575 1273 72 21 andra
657 1273 105 21 hemman
780 1275 57 18 sämt

83 1306 66 21 dessa
163 1306 146 22 betraktades
325 1309 74 19 såsom
414 1307 120 21 eventuelt
543 1309 88 19 utsatta
643 1307 36 21 för
689 1307 149 28 möjligheten

81 1342 35 19 att
123 1340 88 28 nödgas
219 1341 114 28 uppställa
341 1341 97 21 knektar
446 1341 36 21 för
488 1341 133 22 infanteriet
633 1342 43 21 och
684 1343 84 20 tvänne
780 1343 58 19 rust-

81 1375 47 21 håll
143 1377 96 26 ansågos
255 1375 54 21 böra
324 1375 62 22 bilda
402 1383 28 13 en
446 1377 56 24 rote,
520 1375 128 29 stadgades,
665 1378 34 19 att
710 1376 50 21 från
771 1376 66 21 hvart

81 1409 96 21 rusthåll
192 1409 73 22 skulle
280 1409 107 28 indragas
403 1409 28 22 de
447 1410 121 21 rusthållet
590 1410 109 28 anslagna
717 1417 59 21 egna
796 1409 42 22 och

150 1454 140 24 Lagutskottets
304 1455 120 18 betänkande.
