1092 1728
164 206 173 19 Godkänner.

371 258 61 17 Hans
451 257 131 23 Kejserliga
600 256 123 22 Majestäts
742 256 115 22 Högstegen-

303 286 80 22 händiga
401 286 117 22 päteckning,
535 286 53 22 gjord
601 286 5 16 i
619 286 27 17 S:t
663 285 110 23 Petersburg
787 285 34 17 den
835 285 21 17 14

303 316 51 21 April
369 316 48 16 1899.

674 348 19 17 V.
705 347 82 22 Procopé.

302 500 62 26 Hans
389 499 145 34 Kejserliga
556 499 140 34 Majestäts
715 498 77 34 Nädiga
810 505 46 26 pro-

234 546 88 33 position
340 546 32 27 till
390 546 93 26 Finlands
502 546 86 26 Ständer
606 545 103 34 angäende
728 544 128 35 utjemnande

236 591 24 28 af
277 592 37 27 den
341 593 105 32 personela
472 592 203 33 värnepligtstungan
693 591 7 26 i
718 591 83 26 Finland
819 590 37 27 och

236 638 6 27 i
260 638 156 34 Kejsaredömet.

166 723 32 21 En
215 723 35 21 vid
265 723 164 21 Hufvudstaben
445 723 91 27 Nädigst
552 723 88 21 nedsatt
655 722 86 22 Komit6
750 722 40 21 har
801 721 56 22 före-

97 757 65 28 slagit
186 759 34 20 att
242 757 41 22 den
304 757 112 27 personela
431 757 217 28 värnepligtstungan
665 757 7 21 i
687 756 93 22 Finland
795 755 39 22 och
849 755 7 22 i

98 792 164 26 Keisaredömet
286 791 68 22 skulle
377 792 107 27 utjemnas
504 791 99 26 sålunda,
619 793 34 20 att
668 791 23 21 af
704 790 152 27 befolkningen

97 827 7 20 i
119 826 93 21 Finland
234 827 87 26 uttages
344 827 98 26 rekryter
456 827 8 20 i
480 832 81 15 samma
584 825 225 28 procentförhällande
825 824 32 21 till

98 861 84 21 antalet
197 861 132 26 besigtigade
344 867 45 15 som
406 861 6 20 i
423 861 169 27 Kejsaredömet,
604 861 89 20 hvarvid
704 860 40 21 den
754 859 103 27 behöriga

97 895 233 27 rekrytkontingenten
341 895 74 26 skulle,
427 895 66 22 sedan
505 895 25 22 de
542 895 70 21 finska
623 897 121 24 trupperna
752 893 106 28 komplet-

98 931 78 25 terats,
202 929 103 22 anställas
328 929 7 22 i
357 930 67 27 tjenst
446 930 36 21 vid
505 930 48 21 dei
569 929 91 22 Finland
684 929 109 21 äfvensom
808 929 7 20 i
831 928 26 21 de

99 964 73 21 dertill
187 966 97 19 närmast
300 964 90 27 belägna
409 966 156 25 guvernement
581 964 22 21 af
615 964 172 27 Petersburgska
803 962 53 21 mili-

98 999 148 21 tärdistriktet
269 999 98 27 förlagda
390 999 64 27 ryska
470 1001 99 25 trupper.
599 999 67 21 Detta
681 997 140 28 utjemnande
836 995 23 23 af

98 1033 41 21 den
154 1033 114 27 personela
284 1033 214 27 värnepligtstungan
515 1033 68 21 skulle
599 1033 87 27 bringas
701 1034 7 20 i
724 1032 134 26 verkställig-

97 1067 39 21 het
159 1067 119 27 efterhand,
302 1068 68 21 under
392 1067 109 27 förloppet
524 1067 23 21 af
565 1068 30 21 tio
619 1068 30 26 är,
666 1068 39 20 och
719 1067 103 27 beloppet
838 1066 23 21 af

98 1102 42 21 den
158 1102 68 27 ärliga
241 1102 107 27 ökningen
365 1102 21 21 at
402 1102 229 27 rekrytkontingenten
644 1102 47 21 frän
703 1102 92 21 Finland
805 1101 54 21 fast-

98 1136 77 21 ställas
198 1136 54 22 efter
272 1136 188 28 Krigsministerns
476 1137 107 27 pröfning,
600 1137 7 21 i
623 1137 40 21 den
680 1136 91 27 ordning
787 1137 42 20 art.
846 1137 11 19 7

98 1170 34 22 uti
148 1170 104 28 förslaget
267 1171 32 21 till
315 1171 168 27 värnepligtslag
498 1171 33 21 för
546 1171 92 21 Finland
654 1170 144 22 föreskrifver.
825 1170 34 21 Dä

98 1205 72 21 denna
185 1205 61 27 fräga
263 1212 49 21 eger
328 1206 133 27 oskiljaktigt
477 1206 104 22 samband
594 1206 48 21 med
655 1206 203 26 värnepligtslagen,

97 1239 41 21 har
152 1239 62 22 Hans
229 1240 121 27 Kejserliga
366 1240 102 28 Majestät
483 1241 94 27 behagat
592 1241 7 21 i
613 1240 74 22 Näder
702 1240 107 22 anbefalla
822 1240 37 20 det

98 1274 54 21 skall
168 1274 6 20 i
192 1274 41 22 den
249 1274 98 27 ordning,
364 1280 45 16 som
425 1274 68 22 finnes
508 1274 102 22 faststäld
621 1275 7 21 i
639 1275 26 21 de
677 1275 39 21 den
729 1276 13 20 3
753 1274 106 22 Februari

97 1308 148 22 innevarande
260 1309 25 21 är
300 1308 92 28 Nädigst
408 1309 135 22 stadfästade
555 1309 227 27 »Grundstadganden
794 1309 66 27 angä-

98 1342 55 21 ende
176 1343 152 27 utarbetande,
351 1344 135 26 granskning
505 1344 39 20 och
559 1344 180 26 promulgerande
754 1343 23 21 af
791 1344 68 26 lagar,

98 1382 45 15 som
160 1377 98 21 utfärdas
274 1377 34 21 för
323 1378 169 26 Kejsaredömet,
512 1378 122 26 inbegripet
650 1377 209 22 Storfurstendömet

97 1410 115 27 Finlande,
238 1411 32 21 till
293 1411 133 22 Ständernas
449 1412 114 21 utlätande
583 1412 140 21 öfverlemnas
743 1411 94 28 följande
854 1411 7 21 i

98 1444 62 22 detta
176 1447 62 19 ämne
254 1446 129 21 utarbetade
398 1446 90 28 förslag:
