1086 1773
440 136 29 22 U.
486 135 27 22 B.
796 136 27 19 45

97 213 51 19 mar,
170 212 44 14 som
239 205 94 21 medföra
356 205 166 26 nyssomordade
544 204 103 21 befrielse.
685 205 106 20 Utskottet
815 205 39 20 har

96 240 56 26 förty
176 241 69 19 ansett
267 239 80 27 sakliga
368 239 46 20 skäl
430 239 46 20 icke
491 239 132 21 förekomma
638 239 32 20 till
686 239 89 26 ändring
790 238 21 21 af
826 237 26 22 de

98 274 30 20 uti
151 273 160 28 ifrågavarande
333 273 122 20 hänseende
477 273 7 20 i
506 273 97 27 gällande
626 273 35 26 lag
684 273 122 26 begagnade
821 274 32 19 ut-

98 308 66 27 tryck,
187 307 72 21 hvilka
281 307 107 21 dessutom
412 313 77 20 genom
512 307 34 20 två
562 307 122 21 årtiondens
699 307 155 27 tillämpning
843 303 14 36 i

97 342 73 21 landet
185 341 76 21 vunnit
276 341 64 27 nödig
355 341 79 27 stadga.
465 341 32 21 Då
513 341 35 21 det
563 341 47 21 icke
625 341 67 21 heller
707 341 58 21 torde
782 341 71 20 kunna

98 376 70 27 påstås
193 378 29 19 att
250 376 69 27 någon
345 375 81 28 verklig
447 375 79 22 olikhet
547 376 7 20 i
578 376 184 27 bestämningarna
785 375 68 22 skulle

99 411 155 21 åstadkommas
277 417 41 20 om,
341 410 25 27 på
388 412 41 19 sätt
450 410 7 20 i
473 410 40 21 den
530 410 76 27 nådiga
622 410 155 27 propositionen
793 410 61 26 skett,

98 445 87 21 framför
206 445 106 26 uttrycket
335 444 137 27 »oförmögen
488 445 31 20 till
536 445 133 27 krigstjenst>
687 445 92 20 inskötes
794 445 60 22 ordet

101 479 161 27 »fullkomligt>,
285 479 54 21 helst
355 479 85 27 frågans
456 479 135 27 tyngdpunkt
605 479 7 20 i
628 479 41 20 alla
685 479 111 21 händelser
811 479 43 21 helt

99 514 40 21 och
157 513 64 21 hållet
236 513 69 21 hvilar
319 513 26 27 på
361 513 25 21 de
402 513 216 27 specialföreskrifter,
633 520 45 14 som
692 513 125 21 härutinnan
834 513 21 20 af

99 548 26 21 de
150 548 167 20 administrativa
341 547 176 28 myndigheterna
540 548 99 26 utfärdas,
662 548 40 20 och
717 547 25 28 på
758 548 61 21 deras
834 547 21 20 af

99 617 43 26 fall,
164 617 39 20 har
225 616 107 21 Utskottet
355 618 69 19 ansett
446 616 32 27 sig
496 617 50 20 böra
562 617 110 26 tillstyrka,
688 618 30 19 att
732 616 40 21 den
789 623 66 13 nuva-

100 651 64 20 rande
180 650 96 27 lydelsen
292 650 21 21 af
323 650 209 27 Värnepligtslagens
543 651 12 26 $
567 651 26 20 22
600 651 70 25 måtte,
683 650 68 21 såsom
763 650 91 21 varande

100 685 48 21 fullt
170 685 65 21 exakt
257 685 39 21 och
318 684 90 22 ledande
431 685 30 20 till
485 691 80 15 samma
590 685 88 21 resultat
692 691 46 15 som
752 688 37 18 art.
806 685 49 21 30
845 680 14 36 i

101 719 39 21 den
156 719 77 27 nådiga
248 719 163 27 propositionen,
428 719 114 21 bibehållas
558 719 132 21 oförändrad.

169 754 36 21 Uti
218 753 17 28 &
251 753 30 22 23
296 754 21 20 af
332 753 97 27 gällande
444 753 170 28 Värnepligtslag
629 754 84 26 stadgas
728 754 31 20 för
774 753 81 21 inträde

100 788 7 20 i
130 788 56 21 aktiv
203 788 64 26 tjenst
282 794 26 14 en
324 788 147 27 minimilängd
497 788 21 20 af
540 788 42 20 fem
604 788 30 20 fot
656 788 40 20 och
711 794 25 14 en
752 788 102 21 verktum.

101 822 32 21 Då
154 822 118 21 emellertid
295 822 56 20 detta
372 822 54 21 mått
441 822 47 21 med
505 822 89 28 ungefär
608 829 26 14 en
650 822 123 21 centimeter
788 822 68 20 öfver-

101 856 64 27 stiger
187 856 36 21 det
245 856 7 20 i
268 856 110 21 enahanda
394 856 101 21 afseende
511 857 30 20 uti
556 856 161 28 Kejsaredömet
731 856 125 22 föreskrifna

101 891 40 21 och
165 891 6 20 i
194 893 37 18 art.
255 891 25 20 31
297 891 21 20 af
333 891 41 21 den
390 891 76 27 nådiga
482 891 155 27 propositionen
656 894 105 25 upptagna
778 891 56 26 mått,
850 891 5 20 i

102 925 51 27 följd
169 925 74 21 hvaraf
257 925 79 21 antalet
352 925 22 20 af
389 925 26 20 de
431 925 32 20 för
474 925 106 21 bristande
592 925 140 28 kroppslängd
745 925 111 21 kasserade

104 959 149 28 värnepligtige
276 959 133 28 naturligtvis
432 959 41 21 blir
488 961 65 19 större
568 960 38 20 här
621 960 6 19 i
643 959 72 21 landet
729 961 26 19 än
771 960 6 20 i
792 959 65 26 Ryss-

102 993 56 27 land,
180 994 39 20 och
236 993 26 21 då
277 993 60 28 giltig
353 993 116 28 anledning
485 994 46 20 icke
546 1000 65 20 synes
624 993 128 21 förekomma
768 996 30 18 att
813 993 44 21 vid-

103 1027 55 21 hålla
173 1028 40 21 den
229 1028 31 20 uti
275 1028 160 27 ifrågavarande
451 1028 121 21 hänseende
587 1028 107 21 härstädes
710 1028 96 27 gällande
822 1028 35 20 be-

103 1062 139 27 stämningen,
258 1062 38 21 har
309 1062 107 21 Utskottet
426 1064 69 19 ansett
506 1063 31 26 sig
549 1062 50 21 böra
609 1062 84 21 förorda
704 1062 154 27 godkännande

103 1097 21 20 af
139 1097 35 20 det
189 1097 6 20 i
211 1097 156 26 propositionen
384 1097 109 20 faststälda
510 1097 76 20 minsta
603 1097 136 26 längdmåttet
755 1097 49 26 1,534
815 1102 43 15 me-

103 1134 36 17 ter.
168 1130 81 21 Härvid
273 1131 37 20 bör
333 1131 101 26 derjemte
453 1131 121 20 framhållas
590 1133 35 24 att,
641 1131 27 20 då
682 1137 76 20 genom
774 1131 84 26 Kejser-

104 1165 41 27 liga
164 1165 149 26 förordningen
331 1165 40 20 den
388 1165 26 20 16
431 1165 44 20 Juli
493 1165 60 26 1886,
569 1165 109 27 angående
694 1165 52 21 mått
760 1165 40 20 och
816 1165 44 26 vigt

103 1199 7 20 i
133 1199 203 21 Storfurstendömet
359 1199 96 27 Finland,
479 1199 35 21 det
529 1199 99 21 metriska
644 1201 100 25 systemet
758 1199 101 20 faststälts

104 1235 29 19 att
155 1233 135 21 uteslutande
311 1234 108 20 användas
442 1234 7 20 i
464 1233 108 21 allmänna
586 1234 93 21 rörelsen
695 1234 45 20 från
756 1233 38 21 och
810 1233 49 20 med

104 1268 41 21 den
164 1268 12 20 1
191 1268 90 21 Januari
297 1268 61 27 1892,
372 1268 79 21 medan
467 1268 95 21 deremot
576 1268 26 21 de
617 1269 7 19 i
640 1269 166 27 propositionens
822 1269 38 19 art.

105 1303 25 20 31
147 1302 77 27 jemväl
241 1304 107 26 upptagna
362 1302 81 22 måtten
459 1303 84 21 arschin
560 1303 38 21 och
614 1303 101 21 verschok
726 1305 35 19 äro
771 1302 7 20 i
788 1302 73 21 landet

104 1336 89 27 okända,
215 1336 107 22 Utskottet
343 1337 47 21 icke
409 1339 70 19 ansett
495 1337 35 21 det
544 1344 50 14 vara
609 1337 132 27 erforderligt
756 1337 51 21 eller
822 1342 38 15 ens

105 1370 104 28 sakenligt
231 1372 30 19 att
278 1371 7 20 i
300 1371 138 21 förevarande
455 1371 12 27 &
482 1371 33 21 för
530 1371 126 27 angifvande
672 1371 21 21 af
708 1370 153 22 ofvanberörda

105 1405 116 27 längdmätt
236 1407 92 25 upptaga
343 1406 61 20 äfven
420 1408 65 18 annat
499 1408 79 24 system
594 1408 26 18 än
637 1406 35 20 det
687 1406 103 20 metriska.
