1089 1767
825 132 23 20 11

124 200 50 22 eller
195 200 45 22 lida
258 199 23 22 af
294 200 106 27 sjukdom,
416 206 46 15 som
478 200 17 27 ej
513 201 64 25 utgör
593 200 48 21 skäl
656 199 33 21 till
704 199 126 27 fullständig
845 199 36 21 be-

122 235 71 21 frielse
217 234 48 22 frän
290 234 133 28 krigstjenst,
449 234 50 22 eller
526 236 58 19 ännu
612 234 47 21 icke
684 234 125 22 ätervunnit
834 234 48 20 sina

123 269 83 22 krafter
220 269 54 22 efter
284 275 50 21 nyss
346 268 151 22 öfverständen
508 268 105 28 sjukdom.
637 268 102 22 Befinnas
750 268 63 22 dessa
824 270 57 19 ännu

125 303 53 22 efter
193 304 67 27 sagda
275 303 43 21 tids
333 302 85 28 förlopp
433 309 53 15 vara
499 303 33 21 till
543 303 46 21 sina
600 302 83 22 krafter
694 308 72 22 svaga,
779 302 103 22 anställas

125 338 26 22 de
165 338 7 22 i
188 339 67 27 tjenst
270 338 92 27 följande
378 338 31 27 är,
424 338 7 20 i
446 337 102 22 händelse
568 337 25 21 de
610 337 27 21 dä
652 336 71 22 finnas
741 344 52 14 vara
812 336 70 22 dertill

117 373 102 27 ”duglige;
235 373 7 21 i
257 374 92 20 motsatt
367 372 37 22 fall
422 372 114 22 inskrifvas
555 372 27 21 de
597 372 35 21 vid
648 372 146 27 landtvärnet,
811 372 71 21 derest

125 408 26 21 de
170 408 54 21 efter
246 409 58 25 yttre
326 406 114 22 utseendet
464 413 61 15 anses
542 406 124 27 vapenföra,
683 413 48 15 men
747 407 85 26 befrias,
848 412 34 15 om

125 442 26 21 de
166 444 37 19 äro
220 441 71 22 dertill
307 441 129 27 oförmögne,
452 441 48 21 från
516 441 127 27 krigstjenst
658 440 33 22 för
707 441 67 21 alltid.

399 532 63 12 ANDRA
474 531 136 13 AFDELNINGEN.

223 573 36 17 Om
271 573 119 21 eftergifter
401 572 27 22 pä
440 574 67 20 grund
519 573 24 17 af
553 572 232 22 familjeförhällanden.

194 627 50 19 Art.
261 627 41 18 33.
326 624 49 21 Med
391 624 99 22 afseende
496 620 12 36 ä
525 624 228 28 familjeförhällanden
764 624 119 22 fastställas

127 661 34 19 tre
176 659 122 27 kategorier
314 659 22 21 af
350 659 128 27 eftergifter:

194 695 21 19 1.
245 694 80 21 Första
341 694 121 27 kategorin:
479 694 20 27 a)
516 693 33 21 för
565 694 54 21 ende
635 694 120 21 arbetsföre
771 700 66 16 sonen
852 693 32 21 till

127 728 45 21 icke
188 728 107 21 arbetsför
305 727 61 22 fader
376 728 51 21 eller
437 728 32 21 till
486 728 64 26 enka;
567 728 22 27 b)
601 728 33 22 för
644 728 54 22 ende
709 728 119 22 arbetsföre
835 728 49 20 bro-

127 762 52 22 dern
202 762 32 22 till
254 764 31 20 ett
301 762 50 21 eller
366 762 51 21 flere
432 762 70 22 fader-
519 763 38 21 och
573 763 121 21 moderlösa
709 763 91 26 syskon;
817 763 19 26 c)
851 762 33 21 för

127 796 53 22 ende
196 796 118 22 arbetsföre
330 802 48 15 son-
389 796 51 22 eller
452 797 144 25 dottersonen.
610 797 38 21 der
658 796 99 27 farfader,
771 796 113 26 morfader,

126 830 108 22 farmoder
256 830 51 22 eller
330 830 121 22 mormoder
474 831 45 21 icke
542 830 64 22 hafva
624 832 70 26 nägon
711 830 108 22 arbetsför
834 836 50 20 son;

127 865 22 27 d)
165 864 33 22 för
214 865 53 21 ende
282 871 66 15 sonen
364 865 7 21 i
387 871 25 15 en
428 865 73 27 familj,
518 865 61 22 äfven
595 872 34 14 om
645 865 75 22 fadern
737 867 24 19 är
773 865 111 24 arbetsför,

127 900 39 21 och
182 900 20 26 e)
218 900 33 20 för
267 900 65 20 oäkta
348 905 44 21 son,
410 906 45 15 som
470 899 103 28 försörjer
588 900 80 26 moder,
685 900 86 21 hvilken
787 900 45 20 icke
846 899 39 21 har

128 940 72 15 annan
223 933 106 22 arbetsför
352 940 44 20 son,
421 934 51 21 eller
495 936 70 25 syster
588 934 51 21 eller
663 934 38 22 ock
717 934 46 21 icke
779 933 106 22 arbetsför

127 968 84 22 broder.

195 1004 21 20 2.
247 1003 78 21 Andra
341 1002 121 29 kategorin:
478 1002 33 22 för
526 1003 54 21 ende
596 1002 119 22 arbetsföre
731 1009 68 15 sonen
810 1003 38 21 hos
860 1008 25 16 en

128 1037 101 21 likaledes
253 1037 106 21 arbetsför
381 1037 61 22 fader
465 1038 38 20 och
527 1044 26 15 en
573 1038 50 21 eller
639 1037 50 22 flere
705 1038 46 20 icke
768 1036 118 22 arbetsföre

128 1072 85 21 bröder.

197 1108 20 20 3.
251 1106 78 28 Tredje
353 1106 121 28 kategorin:
489 1106 33 21 för
539 1106 47 26 den,
603 1112 46 16 som
665 1106 6 21 i
687 1106 60 22 älder
761 1106 61 27 följer
838 1107 48 19 näst

130 1140 53 22 efter
199 1140 85 25 broder,
300 1140 85 22 hvilken
402 1142 28 26 pä
445 1141 71 27 grund
532 1141 23 21 af
568 1141 88 27 uppbäd
671 1142 47 20 stär
733 1141 6 21 i
752 1141 59 21 aktiv
822 1140 66 27 tjenst

129 1175 50 21 eller
202 1175 95 27 frivilligt
316 1176 100 20 kvarstår
432 1176 6 20 i
455 1175 163 28 öfverärstjenst
641 1176 50 21 eller
708 1176 47 21 dött
771 1176 6 20 i
793 1175 93 27 tjensten

129 1210 51 21 eller
195 1210 94 26 spärlöst
304 1209 122 22 försvunnit
442 1210 7 21 i
464 1210 54 27 krig.

197 1244 49 16 Anm.
263 1244 15 16 1.
304 1244 95 21 Personer,
413 1249 38 13 som
464 1244 75 22 åtnjuta
551 1244 92 22 rättighet
656 1244 29 17 till
699 1244 86 22 eftergift
797 1242 20 18 af
828 1242 59 18 första

128 1272 104 22 kategorin,
246 1272 95 18 bibehälla
354 1272 60 18 denna
426 1272 93 23 rättighet
532 1273 54 17 äfven
599 1273 48 17 efter
660 1273 22 17 de
696 1273 5 17 i
714 1278 51 12 mom.
779 1274 6 15 1
801 1272 20 17 af
828 1271 60 17 denna

129 1300 39 23 (33)
182 1300 68 18 artikel
263 1300 112 21 omnämnda,
389 1300 20 18 af
421 1300 41 18 dem
472 1301 92 22 försörjda
573 1301 142 17 anförvandters
724 1300 93 21 fränfälle,
826 1300 62 17 derest

129 1329 22 17 de
164 1328 58 18 under
234 1329 22 17 de
270 1329 123 18 sistnämndes
406 1329 61 18 lifstid
481 1330 60 22 ingätt
553 1330 104 22 äktenskap
671 1330 34 18 och
716 1330 57 17 hafva
783 1329 50 21 barn,
842 1328 46 18 hvil-

129 1358 33 17 kas
180 1358 82 17 utkomst
282 1359 20 16 är
315 1357 91 18 beroende
420 1358 21 17 af
452 1358 75 18 faderns
540 1358 106 22 personliga
659 1358 70 18 arbete.
753 1358 52 17 Ende
818 1357 70 17 arbets-

130 1386 39 17 före
181 1386 68 17 broder
261 1387 43 21 (art.
318 1387 21 16 33
353 1392 21 11 m.
389 1388 14 19 1,
417 1386 19 23 b)
446 1386 105 18 bibehäller
559 1388 39 16 rätt
607 1387 29 17 till
647 1387 86 22 eftergift
741 1387 21 17 af
769 1386 60 17 första
837 1385 52 17 kate-

129 1414 53 22 gorin
194 1414 54 18 äfven
262 1415 5 16 i
280 1414 34 18 den
328 1415 88 17 händelse
430 1415 47 22 ogift
490 1417 60 20 syster
562 1416 81 22 uppnätt
655 1420 22 12 en
690 1415 52 17 älder
755 1415 20 17 af
783 1414 76 18 aderton
869 1414 20 16 är

129 1443 47 17 eller
187 1448 55 12 mera.
