1086 1753
444 133 29 22 U.
488 133 28 22 B.
787 132 39 20 133

306 201 201 29 tjensteskyldighet,
518 201 68 21 derest
601 201 46 20 han
664 200 19 28 ej
692 199 94 21 kommit
801 199 6 21 i
822 200 32 20 åt-

306 236 104 26 njutande
426 236 27 27 af
464 236 148 27 förenämnda
628 234 98 28 eftergift.

549 309 15 27 $
579 310 34 20 27.

351 362 40 21 Om
414 364 77 19 tvenne
510 362 81 25 bröder,
608 361 64 27 födde
688 360 68 21 under
770 365 86 15 samma

307 397 30 24 år,
354 396 88 27 deltagit
457 396 7 21 i
480 403 86 14 samma
583 395 98 26 lottning,
697 394 39 21 och
748 393 108 22 hvardera

307 430 8 21 i
329 430 48 21 stöd
390 431 28 26 af
428 432 87 25 uttagen
530 431 140 20 lottnummer
682 435 48 14 vore
739 427 120 28 förpligtad

307 466 31 19 att
356 465 88 20 inträda
460 465 8 20 i
482 465 60 20 aktiv
563 465 67 26 tjenst,
646 464 24 20 så
688 463 113 27 inskrifves
817 462 39 20 den

307 499 28 27 af
354 499 54 25 dem,
432 506 47 13 som
502 499 41 27 fått
567 499 67 26 högre
657 499 144 22 lotinummer,
823 495 36 22 vid

308 533 201 21 landtvärnet.

349 568 43 20 För
416 567 67 28 öfrigt
505 569 26 19 är
551 567 34 21 det
607 567 83 20 sädane
710 567 77 20 bröder
802 565 56 21 med-

307 601 66 28 gifvel
394 603 31 19 att
439 602 50 21 med
503 602 128 21 hvarandra
648 601 50 27 byta
714 601 145 20 loitnummer.

519 667 7 6 *
553 675 64 28 828.

351 728 11 19 I
384 727 75 27 hvarje
481 726 74 28 familj
576 727 45 20 kan
644 726 40 20 den
701 726 26 27 af
739 726 46 20 dess
800 726 58 20 med-

310 763 98 23 lemmar,
424 761 88 21 hvilken
528 761 66 27 enligt
610 760 92 27 lottning
718 761 38 20 bör
773 760 86 21 inträda

309 796 7 20 i
339 795 60 21 aktiv
423 796 63 26 tjenst
506 796 49 20 eller
576 795 68 21 redan
663 796 26 20 är
704 794 7 21 i
727 795 66 27 tjensi,
809 794 51 28 efter

308 829 90 28 frivillig
426 830 217 26 öfverenskommelse
668 830 89 20 ersättas
779 829 27 27 af
824 828 34 21 sin

309 864 44 21 hel-
376 864 50 20 eller
441 864 132 27 halfbroder,
592 864 103 27 förutsalt
707 865 30 19 alt
751 864 48 24 den,
812 870 46 14 som

310 898 37 21 vill
362 898 62 21 träda
432 894 12 36 i
463 899 75 25 stället,
555 898 64 20 icke
631 898 116 27 sjelf
724 894 32 36 är
759 898 99 20 under-

309 932 107 22 kastad
432 932 121 28 uppbåd,
570 932 63 21 icke
648 932 51 20 hör
712 932 147 20 tillreser-

311 975 50 13 ven
377 968 40 20 och
434 968 19 26 ej
463 969 27 19 är
505 974 67 20 yngre
588 969 30 19 än
637 968 88 26 tjuguett
740 968 49 20 eller
802 967 59 20 äldre

311 1004 28 19 än
357 1002 100 27 tjugusex
472 1002 32 20 år.
530 1002 64 25 Den,
606 1008 58 14 som
680 1000 179 22 träderiden

310 1036 107 21 andres
441 1037 95 24 ställe,
556 1036 57 26 bör,
630 1037 70 19 utan
722 1035 139 27 afseende

310 1071 13 20 å
340 1071 51 20 den
412 1071 104 26 längre
532 1071 72 20 eller
620 1070 117 21 kortare
752 1069 42 21 tid
808 1070 52 20 den

309 1105 149 26 afgående
474 1104 102 21 variti
591 1105 128 26 tjensten
736 1103 125 25 anstäld,

310 1139 80 27 tjena
406 1139 49 20 vid
467 1138 82 21 aktiv
565 1139 295 27 truppochreserven

310 1174 29 20 så
364 1174 69 26 lång
449 1173 47 25 tid,
512 1180 57 13 som
587 1173 43 20 uti
644 1173 36 27 $$
696 1174 12 19 9
724 1173 47 20 och
787 1173 28 20 32
831 1173 31 20 är

311 1207 128 21 bestämd
452 1207 47 27 för
516 1208 55 25 den,
590 1207 114 21 hvilken
719 1207 144 27 pågrund

311 1242 32 26 af
361 1243 120 26 uttagen
504 1242 54 20 lott
581 1241 7 21 i
611 1242 90 26 tjenst
733 1242 129 26 antages.

312 1276 46 20 Den
375 1275 7 21 i
396 1276 56 26 följd
466 1276 72 27 häraf
549 1276 51 26 från
618 1275 60 21 aktiv
693 1276 61 26 tjenst
769 1274 95 28 befriade

311 1310 79 27 afföres
412 1310 69 26 från
505 1310 33 20 de
558 1310 122 20 stående
699 1311 162 26 trupperna

312 1344 52 21 och
380 1344 168 28 inskrifves
564 1344 49 21 vid
628 1344 199 20 landtvärnet.
