1086 1759
444 131 29 22 U.
489 131 27 22 B.
803 132 25 20 11

101 200 51 26 set,
149 196 12 35 i
162 200 40 20 den
218 200 49 20 män
283 200 61 21 dessa
359 200 141 20 förbindelser
515 200 55 26 ökas,
588 203 97 24 nogsamt
700 207 63 14 mana
764 196 42 35 till
815 200 42 20 för-

101 234 115 21 värfvande
232 234 21 21 af
268 236 66 18 större
349 234 121 20 kännedom
486 234 6 20 i
505 234 91 21 nämnda
612 234 68 28 språk.
696 234 49 21 Men
761 241 35 14 om
808 240 49 14 man

102 268 46 20 icke
164 268 86 21 alldeles
272 268 90 21 förbiser
379 270 31 18 att
424 268 102 20 Finlands
542 268 38 21 och
596 268 118 27 Rysslands
729 268 128 21 innevånare

102 302 82 21 tillhöra
200 302 129 26 fullkomligt
344 302 55 21 olika
415 302 151 24 folkstammar,
583 303 65 20 måste
660 303 35 20 det
710 303 32 20 för
755 303 46 26 alla,
812 309 45 14 som

102 337 67 20 förmå
192 337 95 26 uppfatta
306 336 123 27 betydelsen
446 337 21 20 af
483 343 25 14 en
525 337 64 20 sådan
605 337 127 26 etnografisk
748 337 111 24 åtskilnad,

103 373 54 18 samt
171 373 57 18 ännu
246 377 44 14 mer
305 371 33 20 för
356 371 85 24 enhvar,
454 377 45 14 som
511 371 81 21 känner
602 371 36 21 det
647 371 69 20 finska
728 371 131 27 folklynnets

103 405 120 27 oböjlighet,
246 405 85 20 framstå
346 405 69 20 såsom
432 405 101 27 omöjligt,
549 407 30 19 att
594 405 36 21 det
645 406 63 26 ryska
723 406 83 27 språket
822 405 37 21 här

103 439 102 27 någonsin
222 439 68 21 skulle
305 439 72 20 kunna
393 439 79 21 erhålla
488 446 25 14 en
530 439 77 21 allmän
624 439 133 28 utbredning.
786 439 11 21 I
809 439 50 21 Fin-

103 473 49 20 land
173 473 89 21 likasom
285 474 6 19 i
314 473 41 21 alla
371 474 74 21 länder
460 476 37 25 gör
512 474 31 27 sig
558 474 35 21 det
608 474 131 21 förhållande
755 474 103 27 gällande,

103 510 30 19 att
153 514 82 14 massan
260 508 21 20 af
304 508 150 26 befolkningen
479 508 46 21 icke
544 509 31 20 lär
590 508 32 27 sig
638 508 63 27 något
717 511 64 18 annat
796 509 62 26 språk

103 544 26 18 än
145 542 35 20 sitt
194 542 132 21 modersmål.
348 542 41 21 För
405 543 54 26 dem,
476 549 45 14 som
538 549 53 20 egna
608 543 31 26 sig
655 543 21 20 åt
691 542 106 27 offentliga
813 543 47 20 värf

104 576 52 21 eller
177 576 140 21 öfverhufvud
341 578 46 19 röra
402 577 33 26 sig
449 577 7 20 i
472 577 64 26 något
551 577 150 20 vidsträcktare
721 577 138 24 verksamhet,

104 613 23 18 är
141 611 8 19 i
164 611 56 20 detta
237 610 47 21 land
298 611 148 20 kännedomen
462 611 21 20 af
498 611 26 20 de
540 611 53 20 båda
609 611 184 27 nationalspråken
806 611 52 20 nöd-

105 645 81 26 vändig.
216 645 38 20 Att
277 645 121 20 derutöfver
421 645 65 20 blifva
510 645 106 27 förtrogen
634 645 45 21 med
697 645 62 26 ryska
775 645 85 27 språket

105 681 22 18 är
142 679 32 20 för
188 679 90 20 flertalet
293 679 46 20 icke
355 679 86 26 möjligt.

173 713 66 20 Häraf
253 713 91 26 framgår
359 715 30 18 att
404 713 25 21 de
445 719 51 20 nyss
512 713 97 26 nämnda,
624 714 7 19 i
647 713 99 28 förslaget
761 714 30 20 till
807 713 53 20 Vär-

105 747 125 27 nepligtslag
253 749 106 25 upptagna
382 747 160 26 tvångsmedlen
565 749 33 19 för
619 748 131 21 utbredande
771 748 21 21 af
811 748 49 26 rysk

105 781 159 27 språkkunskap
287 781 6 20 i
316 781 90 21 Finland
428 782 47 20 icke
491 782 67 20 skulle
574 782 48 21 leda
639 782 28 20 till
685 782 68 21 afsedt
767 782 93 21 resultat.

104 815 50 20 Men
170 815 118 21 oberoende
304 815 59 21 deraf
378 818 29 18 att
423 816 26 20 de
465 816 68 21 skulle
548 816 75 21 förfela
638 816 36 21 sitt
685 816 46 26 mål,
743 818 34 19 äro
789 816 73 26 dylika

104 849 70 21 medel
196 849 128 27 förkastliga,
346 850 124 26 isynnerhet
493 850 26 20 då
541 850 26 21 de
583 850 26 27 på
625 853 29 18 ett
669 850 81 27 obilligt
765 852 40 18 sätt
820 850 42 20 för-

105 884 87 27 knippas
216 884 46 20 med
287 884 150 27 värnepligten,
461 885 62 20 hvars
545 884 134 27 fullgörande
695 886 23 19 är
732 891 25 14 en
775 884 87 21 allmänt

105 918 154 27 medborgerlig
282 919 125 26 skyldighet,
431 925 50 14 men
506 919 46 20 icke
575 921 30 18 ett
620 919 53 20 efter
688 919 119 20 individens
822 918 39 21 fria

105 953 34 20 val
161 953 111 20 omfattadt
294 953 57 26 yrke.
386 953 45 20 Och
453 953 70 20 säkert
537 955 23 18 är
575 955 29 19 att
620 960 33 13 om
670 953 78 20 sådana
763 953 99 26 stadgan-

105 987 41 20 den
169 994 45 14 som
238 987 32 26 de,
285 988 71 20 hvilka
374 987 109 21 Utskottet
498 988 36 20 här
550 990 68 18 ansett
633 988 31 26 sig
680 988 50 20 böra
746 987 47 20 med
810 987 52 26 ogil-

105 1021 62 20 lande
185 1021 116 27 framhålla,
320 1021 51 21 eller
387 1022 66 20 andra
469 1022 47 21 med
533 1022 47 20 dem
597 1022 126 27 beslägtade,
738 1021 71 21 hvilka
825 1021 38 20 här

105 1055 46 21 icke
167 1056 97 20 särskildt
280 1056 69 20 blifvit
364 1063 25 14 ur
403 1056 107 26 förslagen
525 1056 124 26 refererade,
666 1056 68 21 blefve
746 1055 70 21 såsom
827 1055 35 27 lag

105 1089 113 28 påbjudna,
241 1090 23 20 så
286 1090 68 21 skulle
376 1090 102 21 Finlands
493 1090 49 24 folk,
558 1097 45 14 som
620 1090 65 21 sedan
701 1091 108 19 urminnes
825 1089 36 24 tid,

106 1124 68 20 under
196 1124 128 21 medverkan
347 1125 7 19 i
369 1124 166 27 lagstiftningen,
551 1126 50 19 vant
616 1125 32 26 sig
664 1124 34 20 vid
714 1126 29 19 att
759 1124 35 20 det
809 1125 53 18 rätta

106 1158 51 20 skall
183 1165 48 14 vara
253 1159 73 26 lagens
341 1159 68 26 grund
426 1159 39 20 och
481 1159 61 26 syfte,
558 1159 45 20 deri
618 1165 23 14 se
657 1161 29 18 ett
702 1158 103 21 våldsamt
820 1157 42 20 för-

105 1193 38 20 sök
159 1195 30 18 att
211 1193 98 20 förändra
324 1193 57 21 detta
397 1193 55 20 folks
468 1193 114 20 nationella
597 1193 124 27 skaplynne,
737 1199 49 14 men
802 1193 59 26 inga-

106 1227 67 20 lunda
195 1227 72 20 kunna
283 1227 44 20 deri
343 1227 74 27 skönja
433 1227 40 20 den
490 1227 147 26 hänsynsfulla
652 1227 98 20 omtanke
767 1233 32 14 om
817 1226 44 21 lan-

106 1261 45 20 dets
168 1261 109 27 intressen,
293 1268 44 14 som
356 1263 36 19 bör
408 1262 146 20 känneteckna
569 1261 143 27 lagstiftarens
727 1261 102 27 åtgärder.

174 1295 10 20 I
200 1296 152 27 sammanhang
371 1296 86 20 härmed
473 1295 38 21 bör
526 1296 61 20 äfven
605 1296 212 27 uppmärksamheten
832 1295 31 20 fä-

107 1332 41 19 stas
164 1329 26 27 på
205 1329 25 21 de
247 1329 82 27 åsigter,
344 1336 45 14 som
406 1330 5 20 i
429 1330 43 20 ofta
487 1330 99 25 nämnda,
601 1330 21 20 af
637 1336 25 14 en
680 1329 35 20 vid
729 1329 64 26 ryska
808 1329 55 20 Huf-

107 1363 117 21 vudstaben
248 1364 82 20 nedsatt
353 1364 78 21 komité
447 1364 122 20 utarbetade
587 1363 172 27 »Förklaringar»
777 1363 86 20 uttalats

107 1397 127 21 beträffande
258 1398 119 27 begreppen
400 1398 147 21 fädernesland
570 1398 40 20 och
632 1398 122 27 patriotism.
792 1397 72 26 Enligt

107 1431 60 20 dessa
190 1431 76 27 åsigter
288 1434 35 18 äro
346 1432 97 21 finnarne
466 1432 52 21 blott
537 1434 30 18 ett
582 1431 57 21 antal
655 1432 62 26 ryska
733 1431 131 26 undersåtar,
