1089 1756
273 125 26 19 68
591 124 22 22 U.
631 124 22 22 B.

244 192 202 26 fredsnumerären,
462 195 56 19 utan
533 193 45 21 den
593 192 84 29 nädiga
692 192 178 29 propositionen,
881 192 67 22 hvars
957 191 45 22 för-

244 227 49 28 slag
309 227 6 21 i
331 226 74 22 denna
420 227 36 21 del
472 227 25 21 af
511 227 122 21 ständerna
644 227 139 28 godkändes.
806 226 42 22 Att
858 226 69 22 äfven
935 226 67 22 däva-

244 261 69 21 rande
335 261 181 28 krigsministern
539 262 80 28 grefve
641 262 101 28 Miljutin
765 261 109 28 granskat
890 260 43 22 och
948 260 54 28 god-

244 296 56 20 känt
319 295 110 28 förslaget
443 296 7 20 i
466 296 151 22 förevarande
640 296 113 25 afseende,
769 296 46 20 kan
831 295 7 21 i
853 295 148 28 förbigående

243 330 105 28 påpekas.

312 364 70 20 Detta
397 364 86 28 förslag
499 372 39 14 var
547 366 47 20 åter
605 364 140 28 fullkomligt
754 364 247 22 öfverensstämmande

243 398 52 21 med
317 398 76 28 gamla
415 399 152 28 grundsatser.
601 399 40 21 Ett
663 401 94 19 motsatt
779 398 58 22 hade
859 398 60 22 varit
940 400 60 19 tvärt

243 432 115 21 stridande
381 435 47 19 mot
450 434 120 20 desamma.
604 434 88 21 Genom
715 433 224 21 knektekontrakten
961 439 41 14 var

242 466 116 28 nämligen
374 466 118 27 bestämdt,
508 467 60 22 huru
584 469 85 26 många
683 467 97 22 knektar
796 467 80 28 hvarje
890 466 110 28 landskap

243 509 40 14 var
299 501 102 28 skyldigt
424 504 33 19 att
475 502 120 29 uppställa,
619 502 44 21 och
685 501 225 22 knektekontrakten
925 501 76 21 kunde

243 536 72 28 enligt
331 538 26 19 18
373 535 14 29 S
402 536 7 21 i
425 536 207 28 regeringsformen
648 536 81 21 ändras
745 536 80 21 endast
840 535 51 22 med
902 535 99 22 ständer-

242 578 41 13 nas
307 571 122 27 samtycke.
459 571 36 21 De
517 571 86 21 indelta
625 571 282 28 kavalleriregementenas
924 577 76 14 nume-

243 607 36 18 rär
294 605 77 20 kunde
387 607 47 19 åter
450 605 25 21 af
489 605 43 21 den
555 605 154 28 anledningen
731 605 50 21 icke
797 605 55 21 ökas
872 606 55 19 utan
942 606 59 19 stän-

243 639 80 21 dernas
346 639 145 25 medvärkan,
515 641 33 19 att
571 647 85 14 samma
680 641 25 19 18
721 639 14 28 8
752 639 60 28 bjöd,
828 641 34 18 att
877 638 124 28 krigsmak-

242 675 39 19 ten
297 673 34 21 till
347 673 51 21 häst
413 673 73 22 skulle
501 673 110 22 förblifva
625 674 40 21 vid
680 674 35 21 sin
725 673 125 28 indelning.
876 673 48 21 Och
933 673 68 21 äfven

243 715 36 14 om
295 715 28 14 en
338 715 32 20 ny
394 708 118 29 indelning
534 708 26 21 af
580 708 195 21 hemmansräntor
791 708 34 21 till
848 707 153 29 upprättande

243 741 25 22 af
289 744 32 19 ett
343 745 72 18 större
437 743 62 20 antal
522 743 96 21 rusthåll
635 743 74 20 skulle
723 743 89 20 kunnat
827 749 43 21 ega
885 749 50 14 rum
950 741 50 22 med

242 777 117 28 samtycke
375 776 26 21 af
420 776 299 28 lägenhetsinnehafvarene
735 776 89 29 själfve,
848 776 58 22 hade
921 776 80 21 sådant

241 811 60 21 varit
316 811 85 28 egnadt
424 813 33 19 att
472 811 89 21 minska
583 811 28 21 de
627 811 103 22 roterade
749 811 175 28 lägenheternas
940 810 61 21 antal

242 847 59 19 samt
316 847 33 19 att
365 845 44 21 öka
423 845 87 22 bördan
525 845 35 22 för
576 846 28 21 de
627 845 80 28 öfriga,
723 845 89 22 hvilket
826 845 33 21 alt
873 845 59 21 hade
947 846 55 19 stått

241 879 8 21 i
265 880 55 21 strid
336 882 47 19 mot
406 879 43 22 den
465 880 114 21 allmänna
602 880 151 28 grundsatsen
770 887 37 14 om
822 879 179 28 indelningsvär-

241 913 51 22 kets
309 913 151 28 orubblighet.
483 914 46 21 Det
545 917 24 18 är
585 917 57 23 sant,
658 916 33 19 att
707 914 123 28 ändringar
844 914 8 20 i
864 913 137 28 indelnings-

241 948 81 21 värket
337 948 95 21 kommit
455 949 34 20 till
504 949 66 20 stånd
593 949 70 21 äfven
678 956 83 20 genom
784 955 79 14 senare
885 948 117 27 ingångna

241 982 202 26 knektekontrakt,
467 982 71 22 likaså
561 985 33 19 att
609 990 16 14 s.
642 983 21 21 k.
680 982 194 28 rotejämkningar
890 982 112 21 förekom-

241 1016 42 21 mit
297 1016 65 22 säväl
377 1016 72 22 under
465 1016 43 22 den
524 1017 98 21 svenska
637 1017 69 26 tiden,
723 1024 48 14 som
787 1016 43 22 ock
846 1024 88 18 senare;
950 1024 51 13 men

241 1050 125 28 ingendera
382 1050 26 22 af
421 1051 65 21 dessa
502 1051 194 28 omständigheter
711 1050 70 22 hafva
797 1050 69 22 afsett
882 1052 32 20 att
930 1050 72 22 rubba

241 1084 28 21 de
285 1084 34 21 till
341 1084 210 29 indelningsvärket
573 1085 102 21 hörande
694 1085 184 29 grundsatserna.
909 1084 45 22 För
970 1084 32 22 öf-

240 1118 47 28 rigt
301 1119 84 21 tilläter
401 1119 36 28 sig
451 1120 118 25 utskottet,
585 1127 49 14 som
649 1120 49 21 icke
709 1120 46 21 kan
763 1120 54 28 ingä
825 1121 31 27 pä
864 1119 137 28 indelnings-

240 1153 92 21 värkets
347 1155 84 26 mänga
454 1154 133 21 invecklade
611 1154 101 28 detaljer,
734 1154 37 20 till
788 1153 175 29 förebyggande
978 1153 26 21 af

240 1186 159 22 missförständ
415 1188 96 28 päpeka,
527 1188 108 22 hurusom
651 1188 69 21 äfven
734 1190 31 26 pä
781 1188 62 21 detta
855 1188 90 21 omräde
956 1187 44 21 för-

240 1220 127 29 fattningar
391 1222 113 21 utfärdats
519 1222 7 20 i
541 1222 166 22 administrativ
730 1225 52 25 väg,
806 1222 26 21 af
853 1222 149 28 anledningar

240 1255 97 28 analoga
351 1256 52 21 med
420 1256 28 21 de
463 1256 62 21 förut
539 1257 26 27 (s.
582 1258 36 26 66)
634 1256 141 22 beträffande
786 1256 116 22 kamerala
912 1255 89 22 författ-

239 1289 82 28 ningar
337 1290 7 20 i
361 1290 96 28 Sverige
472 1290 43 21 och
529 1290 98 22 Finland
642 1291 107 28 antydda.

309 1324 42 20 Att
367 1324 124 21 monarken
507 1324 90 22 utöfver
613 1325 45 21 den
673 1325 86 21 indelta
770 1325 78 21 armén
858 1324 88 22 kunnat
956 1324 46 21 låta

240 1357 115 29 uppställa
370 1358 111 22 värfvade
496 1361 101 26 trupper,
613 1359 74 22 sävidt
703 1360 80 20 sädant
798 1359 59 21 hade
872 1358 59 22 varit
946 1358 56 28 möj-

238 1391 44 29 ligt
305 1394 56 19 utan
383 1392 144 28 päläggande
547 1392 27 22 af
594 1400 47 21 nya
656 1393 92 26 skatter,
772 1396 24 18 är
812 1400 28 14 en
864 1400 75 14 annan
954 1393 46 25 sak,

309 1437 142 23 Lagutskottets
467 1438 120 18 betänkande.
