<?xml version="1.0" encoding="UTF-8"?>
<alto xmlns="http://www.loc.gov/standards/alto/ns-v3#" xmlns:xlink="http://www.w3.org/1999/xlink" xmlns:xsi="http://www.w3.org/2001/XMLSchema-instance" xsi:schemaLocation="http://www.loc.gov/standards/alto/ns-v3# http://www.loc.gov/alto/v3/alto-3-0.xsd">
	<Description>
		<MeasurementUnit>pixel</MeasurementUnit>
		<sourceImageInformation>
			<fileName>/tmp/tess_cdx5wnh4_input.PNG</fileName>
		</sourceImageInformation>
		<OCRProcessing ID="OCR_0">
			<ocrProcessingStep>
				<processingSoftware>
					<softwareName>tesseract 5.3.4</softwareName>
				</processingSoftware>
			</ocrProcessingStep>
		</OCRProcessing>
	</Description>
	<Layout>
		<Page WIDTH="1089" HEIGHT="1781" PHYSICAL_IMG_NR="0" ID="page_0">
			<PrintSpace HPOS="0" VPOS="0" WIDTH="1089" HEIGHT="1781">
				<ComposedBlock ID="cblock_0" HPOS="273" VPOS="128" WIDTH="382" HEIGHT="22">
					<TextBlock ID="block_0" HPOS="273" VPOS="128" WIDTH="382" HEIGHT="22">
						<TextLine ID="line_0" HPOS="273" VPOS="128" WIDTH="382" HEIGHT="22">
							<String ID="string_0" HPOS="273" VPOS="129" WIDTH="27" HEIGHT="19" WC="0.96" CONTENT="38"/><SP WIDTH="294" VPOS="129" HPOS="300"/>
							<String ID="string_1" HPOS="594" VPOS="128" WIDTH="22" HEIGHT="22" WC="0.92" CONTENT="U."/><SP WIDTH="18" VPOS="128" HPOS="616"/>
							<String ID="string_2" HPOS="634" VPOS="128" WIDTH="21" HEIGHT="22" WC="0.92" CONTENT="B."/>
						</TextLine>
					</TextBlock>
				</ComposedBlock>
				<ComposedBlock ID="cblock_1" HPOS="242" VPOS="196" WIDTH="764" HEIGHT="1233">
					<TextBlock ID="block_1" HPOS="244" VPOS="196" WIDTH="762" HEIGHT="959">
						<TextLine ID="line_1" HPOS="247" VPOS="196" WIDTH="758" HEIGHT="29">
							<String ID="string_3" HPOS="247" VPOS="197" WIDTH="74" HEIGHT="20" WC="0.91" CONTENT="säsom"/><SP WIDTH="15" VPOS="197" HPOS="321"/>
							<String ID="string_4" HPOS="336" VPOS="196" WIDTH="71" HEIGHT="22" WC="0.92" CONTENT="lärare"/><SP WIDTH="15" VPOS="196" HPOS="407"/>
							<String ID="string_5" HPOS="422" VPOS="196" WIDTH="7" HEIGHT="21" WC="0.96" CONTENT="i"/><SP WIDTH="15" VPOS="196" HPOS="429"/>
							<String ID="string_6" HPOS="444" VPOS="196" WIDTH="70" HEIGHT="29" WC="0.93" CONTENT="ryska"/><SP WIDTH="16" VPOS="196" HPOS="514"/>
							<String ID="string_7" HPOS="530" VPOS="197" WIDTH="94" HEIGHT="28" WC="0.92" CONTENT="spräket"/><SP WIDTH="15" VPOS="197" HPOS="624"/>
							<String ID="string_8" HPOS="639" VPOS="197" WIDTH="39" HEIGHT="21" WC="0.93" CONTENT="vid"/><SP WIDTH="16" VPOS="197" HPOS="678"/>
							<String ID="string_9" HPOS="694" VPOS="196" WIDTH="258" HEIGHT="22" WC="0.92" CONTENT="elementarlärovärken"/><SP WIDTH="11" VPOS="196" HPOS="952"/>
							<String ID="string_10" HPOS="963" VPOS="196" WIDTH="42" HEIGHT="22" WC="0.95" CONTENT="och"/>
						</TextLine>
						<TextLine ID="line_2" HPOS="246" VPOS="231" WIDTH="759" HEIGHT="28">
							<String ID="string_11" HPOS="246" VPOS="231" WIDTH="160" HEIGHT="28" WC="0.91" CONTENT="gymnasierna"/><SP WIDTH="22" VPOS="231" HPOS="406"/>
							<String ID="string_12" HPOS="428" VPOS="231" WIDTH="7" HEIGHT="21" WC="0.96" CONTENT="i"/><SP WIDTH="19" VPOS="231" HPOS="435"/>
							<String ID="string_13" HPOS="454" VPOS="231" WIDTH="78" HEIGHT="22" WC="0.96" CONTENT="landet"/><SP WIDTH="23" VPOS="231" HPOS="532"/>
							<String ID="string_14" HPOS="555" VPOS="231" WIDTH="71" HEIGHT="22" WC="0.93" CONTENT="borde"/><SP WIDTH="24" VPOS="231" HPOS="626"/>
							<String ID="string_15" HPOS="650" VPOS="231" WIDTH="107" HEIGHT="22" WC="0.92" CONTENT="anställas"/><SP WIDTH="23" VPOS="231" HPOS="757"/>
							<String ID="string_16" HPOS="780" VPOS="231" WIDTH="109" HEIGHT="28" WC="0.92" CONTENT="antingen"/><SP WIDTH="23" VPOS="231" HPOS="889"/>
							<String ID="string_17" HPOS="912" VPOS="231" WIDTH="93" HEIGHT="22" WC="0.91" CONTENT="infödde"/>
						</TextLine>
						<TextLine ID="line_3" HPOS="247" VPOS="265" WIDTH="757" HEIGHT="29">
							<String ID="string_18" HPOS="247" VPOS="272" WIDTH="76" HEIGHT="21" WC="0.95" CONTENT="ryssar"/><SP WIDTH="19" VPOS="272" HPOS="323"/>
							<String ID="string_19" HPOS="342" VPOS="265" WIDTH="54" HEIGHT="22" WC="0.92" CONTENT="eller"/><SP WIDTH="18" VPOS="265" HPOS="396"/>
							<String ID="string_20" HPOS="414" VPOS="265" WIDTH="43" HEIGHT="22" WC="0.96" CONTENT="ock"/><SP WIDTH="14" VPOS="265" HPOS="457"/>
							<String ID="string_21" HPOS="471" VPOS="265" WIDTH="81" HEIGHT="26" WC="0.96" CONTENT="finnar,"/><SP WIDTH="17" VPOS="265" HPOS="552"/>
							<String ID="string_22" HPOS="569" VPOS="273" WIDTH="49" HEIGHT="14" WC="0.93" CONTENT="som"/><SP WIDTH="16" VPOS="273" HPOS="618"/>
							<String ID="string_23" HPOS="634" VPOS="268" WIDTH="134" HEIGHT="26" WC="0.93" CONTENT="genomgått"/><SP WIDTH="15" VPOS="268" HPOS="768"/>
							<String ID="string_24" HPOS="783" VPOS="265" WIDTH="152" HEIGHT="22" WC="0.92" CONTENT="föreskrifven"/><SP WIDTH="17" VPOS="265" HPOS="935"/>
							<String ID="string_25" HPOS="952" VPOS="265" WIDTH="52" HEIGHT="22" WC="0.96" CONTENT="kurs"/>
						</TextLine>
						<TextLine ID="line_4" HPOS="246" VPOS="299" WIDTH="758" HEIGHT="30">
							<String ID="string_26" HPOS="246" VPOS="299" WIDTH="7" HEIGHT="20" WC="0.95" CONTENT="i"/><SP WIDTH="16" VPOS="299" HPOS="253"/>
							<String ID="string_27" HPOS="269" VPOS="299" WIDTH="70" HEIGHT="28" WC="0.93" CONTENT="ryska"/><SP WIDTH="15" VPOS="299" HPOS="339"/>
							<String ID="string_28" HPOS="354" VPOS="300" WIDTH="98" HEIGHT="28" WC="0.91" CONTENT="spräket."/><SP WIDTH="30" VPOS="300" HPOS="452"/>
							<String ID="string_29" HPOS="482" VPOS="300" WIDTH="74" HEIGHT="21" WC="0.93" CONTENT="Dessa"/><SP WIDTH="15" VPOS="300" HPOS="556"/>
							<String ID="string_30" HPOS="571" VPOS="301" WIDTH="144" HEIGHT="28" WC="0.92" CONTENT="stadganden"/><SP WIDTH="10" VPOS="301" HPOS="715"/>
							<String ID="string_31" HPOS="725" VPOS="300" WIDTH="71" HEIGHT="21" WC="0.92" CONTENT="hafva"/><SP WIDTH="10" VPOS="300" HPOS="796"/>
							<String ID="string_32" HPOS="806" VPOS="300" WIDTH="125" HEIGHT="21" WC="0.91" CONTENT="sedermera"/><SP WIDTH="4" VPOS="300" HPOS="931"/>
							<String ID="string_33" HPOS="935" VPOS="295" WIDTH="10" HEIGHT="38" WC="0.96" CONTENT="i"/><SP WIDTH="14" VPOS="295" HPOS="945"/>
							<String ID="string_34" HPOS="959" VPOS="300" WIDTH="45" HEIGHT="21" WC="0.97" CONTENT="viss"/>
						</TextLine>
						<TextLine ID="line_5" HPOS="246" VPOS="334" WIDTH="758" HEIGHT="29">
							<String ID="string_35" HPOS="246" VPOS="335" WIDTH="53" HEIGHT="20" WC="0.93" CONTENT="män"/><SP WIDTH="16" VPOS="335" HPOS="299"/>
							<String ID="string_36" HPOS="315" VPOS="335" WIDTH="171" HEIGHT="27" WC="0.92" CONTENT="generaliserats"/><SP WIDTH="16" VPOS="335" HPOS="486"/>
							<String ID="string_37" HPOS="502" VPOS="342" WIDTH="85" HEIGHT="21" WC="0.93" CONTENT="genom"/><SP WIDTH="16" VPOS="342" HPOS="587"/>
							<String ID="string_38" HPOS="603" VPOS="335" WIDTH="179" HEIGHT="28" WC="0.92" CONTENT="skolordningen"/><SP WIDTH="16" VPOS="335" HPOS="782"/>
							<String ID="string_39" HPOS="798" VPOS="335" WIDTH="26" HEIGHT="20" WC="0.96" CONTENT="af"/><SP WIDTH="13" VPOS="335" HPOS="824"/>
							<String ID="string_40" HPOS="837" VPOS="335" WIDTH="44" HEIGHT="20" WC="0.96" CONTENT="den"/><SP WIDTH="10" VPOS="335" HPOS="881"/>
							<String ID="string_41" HPOS="891" VPOS="337" WIDTH="13" HEIGHT="18" WC="0.93" CONTENT="8"/><SP WIDTH="11" VPOS="337" HPOS="904"/>
							<String ID="string_42" HPOS="915" VPOS="334" WIDTH="89" HEIGHT="28" WC="0.92" CONTENT="augusti"/>
						</TextLine>
						<TextLine ID="line_6" HPOS="249" VPOS="368" WIDTH="754" HEIGHT="29">
							<String ID="string_43" HPOS="249" VPOS="369" WIDTH="61" HEIGHT="24" WC="0.93" CONTENT="1872,"/><SP WIDTH="16" VPOS="369" HPOS="310"/>
							<String ID="string_44" HPOS="326" VPOS="368" WIDTH="94" HEIGHT="22" WC="0.92" CONTENT="hvilken"/><SP WIDTH="14" VPOS="368" HPOS="420"/>
							<String ID="string_45" HPOS="434" VPOS="369" WIDTH="7" HEIGHT="21" WC="0.96" CONTENT="i"/><SP WIDTH="17" VPOS="369" HPOS="441"/>
							<String ID="string_46" HPOS="458" VPOS="371" WIDTH="26" HEIGHT="19" WC="0.93" CONTENT="50"/><SP WIDTH="16" VPOS="371" HPOS="484"/>
							<String ID="string_47" HPOS="500" VPOS="369" WIDTH="14" HEIGHT="28" WC="0.88" CONTENT="&amp;"/><SP WIDTH="16" VPOS="369" HPOS="514"/>
							<String ID="string_48" HPOS="530" VPOS="369" WIDTH="156" HEIGHT="26" WC="0.92" CONTENT="föreskrifver,"/><SP WIDTH="16" VPOS="369" HPOS="686"/>
							<String ID="string_49" HPOS="702" VPOS="371" WIDTH="34" HEIGHT="19" WC="0.95" CONTENT="att"/><SP WIDTH="7" VPOS="371" HPOS="736"/>
							<String ID="string_50" HPOS="743" VPOS="369" WIDTH="166" HEIGHT="28" WC="0.95" CONTENT="undervisning"/><SP WIDTH="10" VPOS="369" HPOS="909"/>
							<String ID="string_51" HPOS="919" VPOS="369" WIDTH="6" HEIGHT="20" WC="0.96" CONTENT="i"/><SP WIDTH="11" VPOS="369" HPOS="925"/>
							<String ID="string_52" HPOS="936" VPOS="368" WIDTH="67" HEIGHT="21" WC="0.96" CONTENT="bland"/>
						</TextLine>
						<TextLine ID="line_7" HPOS="247" VPOS="403" WIDTH="757" HEIGHT="28">
							<String ID="string_53" HPOS="247" VPOS="404" WIDTH="70" HEIGHT="19" WC="0.93" CONTENT="annat"/><SP WIDTH="22" VPOS="404" HPOS="317"/>
							<String ID="string_54" HPOS="339" VPOS="403" WIDTH="107" HEIGHT="22" WC="0.91" CONTENT="moderna"/><SP WIDTH="23" VPOS="403" HPOS="446"/>
							<String ID="string_55" HPOS="469" VPOS="403" WIDTH="69" HEIGHT="28" WC="0.91" CONTENT="spräk"/><SP WIDTH="22" VPOS="403" HPOS="538"/>
							<String ID="string_56" HPOS="560" VPOS="403" WIDTH="97" HEIGHT="28" WC="0.92" CONTENT="(säledes"/><SP WIDTH="23" VPOS="403" HPOS="657"/>
							<String ID="string_57" HPOS="680" VPOS="403" WIDTH="44" HEIGHT="22" WC="0.93" CONTENT="ock"/><SP WIDTH="15" VPOS="403" HPOS="724"/>
							<String ID="string_58" HPOS="739" VPOS="403" WIDTH="38" HEIGHT="21" WC="0.96" CONTENT="det"/><SP WIDTH="15" VPOS="403" HPOS="777"/>
							<String ID="string_59" HPOS="792" VPOS="403" WIDTH="78" HEIGHT="28" WC="0.93" CONTENT="ryska)"/><SP WIDTH="16" VPOS="403" HPOS="870"/>
							<String ID="string_60" HPOS="886" VPOS="403" WIDTH="67" HEIGHT="22" WC="0.92" CONTENT="äfven"/><SP WIDTH="15" VPOS="403" HPOS="953"/>
							<String ID="string_61" HPOS="968" VPOS="404" WIDTH="36" HEIGHT="19" WC="0.96" CONTENT="mä"/>
						</TextLine>
						<TextLine ID="line_8" HPOS="247" VPOS="437" WIDTH="756" HEIGHT="30">
							<String ID="string_62" HPOS="247" VPOS="437" WIDTH="114" HEIGHT="21" WC="0.92" CONTENT="meddelas"/><SP WIDTH="23" VPOS="437" HPOS="361"/>
							<String ID="string_63" HPOS="384" VPOS="437" WIDTH="26" HEIGHT="22" WC="0.96" CONTENT="af"/><SP WIDTH="18" VPOS="437" HPOS="410"/>
							<String ID="string_64" HPOS="428" VPOS="445" WIDTH="116" HEIGHT="22" WC="0.96" CONTENT="personer,"/><SP WIDTH="24" VPOS="445" HPOS="544"/>
							<String ID="string_65" HPOS="568" VPOS="445" WIDTH="49" HEIGHT="15" WC="0.93" CONTENT="som"/><SP WIDTH="23" VPOS="445" HPOS="617"/>
							<String ID="string_66" HPOS="640" VPOS="439" WIDTH="50" HEIGHT="20" WC="0.92" CONTENT="icke"/><SP WIDTH="16" VPOS="439" HPOS="690"/>
							<String ID="string_67" HPOS="706" VPOS="441" WIDTH="38" HEIGHT="18" WC="0.92" CONTENT="äro"/><SP WIDTH="16" VPOS="441" HPOS="744"/>
							<String ID="string_68" HPOS="760" VPOS="438" WIDTH="75" HEIGHT="21" WC="0.96" CONTENT="finska"/><SP WIDTH="15" VPOS="438" HPOS="835"/>
							<String ID="string_69" HPOS="850" VPOS="437" WIDTH="153" HEIGHT="28" WC="0.96" CONTENT="medborgare."/>
						</TextLine>
						<TextLine ID="line_9" HPOS="246" VPOS="471" WIDTH="757" HEIGHT="30">
							<String ID="string_70" HPOS="246" VPOS="471" WIDTH="119" HEIGHT="22" WC="0.92" CONTENT="Likaledes"/><SP WIDTH="23" VPOS="471" HPOS="365"/>
							<String ID="string_71" HPOS="388" VPOS="472" WIDTH="70" HEIGHT="22" WC="0.92" CONTENT="hafva"/><SP WIDTH="21" VPOS="472" HPOS="458"/>
							<String ID="string_72" HPOS="479" VPOS="474" WIDTH="30" HEIGHT="27" WC="0.96" CONTENT="pä"/><SP WIDTH="23" VPOS="474" HPOS="509"/>
							<String ID="string_73" HPOS="532" VPOS="473" WIDTH="76" HEIGHT="28" WC="0.96" CONTENT="grund"/><SP WIDTH="22" VPOS="473" HPOS="608"/>
							<String ID="string_74" HPOS="630" VPOS="473" WIDTH="27" HEIGHT="21" WC="0.93" CONTENT="af"/><SP WIDTH="16" VPOS="473" HPOS="657"/>
							<String ID="string_75" HPOS="673" VPOS="473" WIDTH="62" HEIGHT="21" WC="0.92" CONTENT="äldre"/><SP WIDTH="16" VPOS="473" HPOS="735"/>
							<String ID="string_76" HPOS="751" VPOS="472" WIDTH="148" HEIGHT="28" WC="0.92" CONTENT="stadganden,"/><SP WIDTH="16" VPOS="472" HPOS="899"/>
							<String ID="string_77" HPOS="915" VPOS="471" WIDTH="88" HEIGHT="22" WC="0.92" CONTENT="hvilkas"/>
						</TextLine>
						<TextLine ID="line_10" HPOS="246" VPOS="505" WIDTH="758" HEIGHT="29">
							<String ID="string_78" HPOS="246" VPOS="505" WIDTH="107" HEIGHT="29" WC="0.92" CONTENT="giltighet"/><SP WIDTH="22" VPOS="505" HPOS="353"/>
							<String ID="string_79" HPOS="375" VPOS="506" WIDTH="131" HEIGHT="22" WC="0.92" CONTENT="förutsättes"/><SP WIDTH="16" VPOS="506" HPOS="506"/>
							<String ID="string_80" HPOS="522" VPOS="507" WIDTH="7" HEIGHT="20" WC="0.93" CONTENT="i"/><SP WIDTH="16" VPOS="507" HPOS="529"/>
							<String ID="string_81" HPOS="545" VPOS="509" WIDTH="127" HEIGHT="19" WC="0.91" CONTENT="statuterna"/><SP WIDTH="24" VPOS="509" HPOS="672"/>
							<String ID="string_82" HPOS="696" VPOS="507" WIDTH="35" HEIGHT="21" WC="0.92" CONTENT="för"/><SP WIDTH="19" VPOS="507" HPOS="731"/>
							<String ID="string_83" HPOS="750" VPOS="507" WIDTH="157" HEIGHT="21" WC="0.92" CONTENT="universitetet"/><SP WIDTH="15" VPOS="507" HPOS="907"/>
							<String ID="string_84" HPOS="922" VPOS="506" WIDTH="26" HEIGHT="21" WC="0.96" CONTENT="af"/><SP WIDTH="13" VPOS="506" HPOS="948"/>
							<String ID="string_85" HPOS="961" VPOS="506" WIDTH="43" HEIGHT="21" WC="0.96" CONTENT="den"/>
						</TextLine>
						<TextLine ID="line_11" HPOS="248" VPOS="540" WIDTH="756" HEIGHT="30">
							<String ID="string_86" HPOS="248" VPOS="542" WIDTH="27" HEIGHT="19" WC="0.95" CONTENT="10"/><SP WIDTH="16" VPOS="542" HPOS="275"/>
							<String ID="string_87" HPOS="291" VPOS="540" WIDTH="117" HEIGHT="22" WC="0.96" CONTENT="december"/><SP WIDTH="17" VPOS="540" HPOS="408"/>
							<String ID="string_88" HPOS="425" VPOS="543" WIDTH="54" HEIGHT="20" WC="0.93" CONTENT="1828"/><SP WIDTH="15" VPOS="543" HPOS="479"/>
							<String ID="string_89" HPOS="494" VPOS="542" WIDTH="14" HEIGHT="28" WC="0.93" CONTENT="&amp;"/><SP WIDTH="18" VPOS="542" HPOS="508"/>
							<String ID="string_90" HPOS="526" VPOS="543" WIDTH="25" HEIGHT="19" WC="0.96" CONTENT="17"/><SP WIDTH="17" VPOS="543" HPOS="551"/>
							<String ID="string_91" HPOS="568" VPOS="541" WIDTH="44" HEIGHT="22" WC="0.96" CONTENT="och"/><SP WIDTH="15" VPOS="541" HPOS="612"/>
							<String ID="string_92" HPOS="627" VPOS="541" WIDTH="45" HEIGHT="22" WC="0.96" CONTENT="den"/><SP WIDTH="16" VPOS="541" HPOS="672"/>
							<String ID="string_93" HPOS="688" VPOS="543" WIDTH="11" HEIGHT="19" WC="0.96" CONTENT="1"/><SP WIDTH="17" VPOS="543" HPOS="699"/>
							<String ID="string_94" HPOS="716" VPOS="541" WIDTH="96" HEIGHT="22" WC="0.96" CONTENT="oktober"/><SP WIDTH="17" VPOS="541" HPOS="812"/>
							<String ID="string_95" HPOS="829" VPOS="543" WIDTH="54" HEIGHT="19" WC="0.92" CONTENT="1852"/><SP WIDTH="16" VPOS="543" HPOS="883"/>
							<String ID="string_96" HPOS="899" VPOS="541" WIDTH="13" HEIGHT="28" WC="0.89" CONTENT="$"/><SP WIDTH="16" VPOS="541" HPOS="912"/>
							<String ID="string_97" HPOS="928" VPOS="543" WIDTH="32" HEIGHT="23" WC="0.93" CONTENT="18,"/><SP WIDTH="11" VPOS="543" HPOS="960"/>
							<String ID="string_98" HPOS="971" VPOS="542" WIDTH="33" HEIGHT="20" WC="0.92" CONTENT="ut-"/>
						</TextLine>
						<TextLine ID="line_12" HPOS="247" VPOS="574" WIDTH="757" HEIGHT="29">
							<String ID="string_99" HPOS="247" VPOS="574" WIDTH="121" HEIGHT="29" WC="0.92" CONTENT="ländingar"/><SP WIDTH="15" VPOS="574" HPOS="368"/>
							<String ID="string_100" HPOS="383" VPOS="575" WIDTH="87" HEIGHT="22" WC="0.96" CONTENT="kunnat"/><SP WIDTH="14" VPOS="575" HPOS="470"/>
							<String ID="string_101" HPOS="484" VPOS="576" WIDTH="8" HEIGHT="21" WC="0.95" CONTENT="i"/><SP WIDTH="15" VPOS="576" HPOS="492"/>
							<String ID="string_102" HPOS="507" VPOS="576" WIDTH="61" HEIGHT="21" WC="0.96" CONTENT="vissa"/><SP WIDTH="16" VPOS="576" HPOS="568"/>
							<String ID="string_103" HPOS="584" VPOS="576" WIDTH="41" HEIGHT="21" WC="0.93" CONTENT="fall"/><SP WIDTH="11" VPOS="576" HPOS="625"/>
							<String ID="string_104" HPOS="636" VPOS="576" WIDTH="70" HEIGHT="21" WC="0.93" CONTENT="vinna"/><SP WIDTH="11" VPOS="576" HPOS="706"/>
							<String ID="string_105" HPOS="717" VPOS="575" WIDTH="140" HEIGHT="28" WC="0.92" CONTENT="anställning"/><SP WIDTH="10" VPOS="575" HPOS="857"/>
							<String ID="string_106" HPOS="867" VPOS="575" WIDTH="39" HEIGHT="22" WC="0.93" CONTENT="vid"/><SP WIDTH="10" VPOS="575" HPOS="906"/>
							<String ID="string_107" HPOS="916" VPOS="575" WIDTH="88" HEIGHT="21" WC="0.91" CONTENT="landets"/>
						</TextLine>
						<TextLine ID="line_13" HPOS="246" VPOS="609" WIDTH="758" HEIGHT="29">
							<String ID="string_108" HPOS="246" VPOS="609" WIDTH="140" HEIGHT="26" WC="0.91" CONTENT="universitet,"/><SP WIDTH="23" VPOS="609" HPOS="386"/>
							<String ID="string_109" HPOS="409" VPOS="612" WIDTH="73" HEIGHT="20" WC="0.91" CONTENT="säsom"/><SP WIDTH="20" VPOS="612" HPOS="482"/>
							<String ID="string_110" HPOS="502" VPOS="611" WIDTH="43" HEIGHT="21" WC="0.92" CONTENT="ock"/><SP WIDTH="16" VPOS="611" HPOS="545"/>
							<String ID="string_111" HPOS="561" VPOS="611" WIDTH="7" HEIGHT="20" WC="0.95" CONTENT="i"/><SP WIDTH="16" VPOS="611" HPOS="568"/>
							<String ID="string_112" HPOS="584" VPOS="610" WIDTH="106" HEIGHT="21" WC="0.93" CONTENT="tekniska"/><SP WIDTH="16" VPOS="610" HPOS="690"/>
							<String ID="string_113" HPOS="706" VPOS="609" WIDTH="162" HEIGHT="29" WC="0.90" CONTENT="befattningar,"/><SP WIDTH="16" VPOS="609" HPOS="868"/>
							<String ID="string_114" HPOS="884" VPOS="609" WIDTH="120" HEIGHT="22" WC="0.92" CONTENT="hvarutom"/>
						</TextLine>
						<TextLine ID="line_14" HPOS="245" VPOS="643" WIDTH="759" HEIGHT="30">
							<String ID="string_115" HPOS="245" VPOS="643" WIDTH="70" HEIGHT="22" WC="0.90" CONTENT="äfven"/><SP WIDTH="16" VPOS="643" HPOS="315"/>
							<String ID="string_116" HPOS="331" VPOS="644" WIDTH="38" HEIGHT="21" WC="0.96" CONTENT="det"/><SP WIDTH="15" VPOS="644" HPOS="369"/>
							<String ID="string_117" HPOS="384" VPOS="644" WIDTH="95" HEIGHT="29" WC="0.93" CONTENT="tidigare"/><SP WIDTH="20" VPOS="644" HPOS="479"/>
							<String ID="string_118" HPOS="499" VPOS="645" WIDTH="128" HEIGHT="28" WC="0.91" CONTENT="äberopade"/><SP WIDTH="15" VPOS="645" HPOS="627"/>
							<String ID="string_119" HPOS="642" VPOS="644" WIDTH="268" HEIGHT="28" WC="0.92" CONTENT="undantagsstadgandet"/><SP WIDTH="15" VPOS="644" HPOS="910"/>
							<String ID="string_120" HPOS="925" VPOS="645" WIDTH="6" HEIGHT="20" WC="0.96" CONTENT="i"/><SP WIDTH="18" VPOS="645" HPOS="931"/>
							<String ID="string_121" HPOS="949" VPOS="646" WIDTH="25" HEIGHT="19" WC="0.92" CONTENT="10"/><SP WIDTH="16" VPOS="646" HPOS="974"/>
							<String ID="string_122" HPOS="990" VPOS="644" WIDTH="14" HEIGHT="28" WC="0.91" CONTENT="$"/>
						</TextLine>
						<TextLine ID="line_15" HPOS="245" VPOS="678" WIDTH="759" HEIGHT="29">
							<String ID="string_123" HPOS="245" VPOS="678" WIDTH="7" HEIGHT="20" WC="0.93" CONTENT="i"/><SP WIDTH="15" VPOS="678" HPOS="252"/>
							<String ID="string_124" HPOS="267" VPOS="678" WIDTH="207" HEIGHT="29" WC="0.92" CONTENT="regeringsformen"/><SP WIDTH="23" VPOS="678" HPOS="474"/>
							<String ID="string_125" HPOS="497" VPOS="682" WIDTH="93" HEIGHT="23" WC="0.92" CONTENT="ansetts,"/><SP WIDTH="16" VPOS="682" HPOS="590"/>
							<String ID="string_126" HPOS="606" VPOS="679" WIDTH="129" HEIGHT="22" WC="0.92" CONTENT="oberoende"/><SP WIDTH="16" VPOS="679" HPOS="735"/>
							<String ID="string_127" HPOS="751" VPOS="678" WIDTH="25" HEIGHT="22" WC="0.96" CONTENT="af"/><SP WIDTH="15" VPOS="678" HPOS="776"/>
							<String ID="string_128" HPOS="791" VPOS="681" WIDTH="10" HEIGHT="19" WC="0.96" CONTENT="1"/><SP WIDTH="17" VPOS="681" HPOS="801"/>
							<String ID="string_129" HPOS="818" VPOS="686" WIDTH="22" HEIGHT="21" WC="0.91" CONTENT="p."/><SP WIDTH="16" VPOS="686" HPOS="840"/>
							<String ID="string_130" HPOS="856" VPOS="679" WIDTH="8" HEIGHT="21" WC="0.91" CONTENT="i"/><SP WIDTH="14" VPOS="679" HPOS="864"/>
							<String ID="string_131" HPOS="878" VPOS="678" WIDTH="126" HEIGHT="28" WC="0.93" CONTENT="förenings-"/>
						</TextLine>
						<TextLine ID="line_16" HPOS="245" VPOS="712" WIDTH="759" HEIGHT="30">
							<String ID="string_132" HPOS="245" VPOS="712" WIDTH="44" HEIGHT="21" WC="0.93" CONTENT="och"/><SP WIDTH="15" VPOS="712" HPOS="289"/>
							<String ID="string_133" HPOS="304" VPOS="713" WIDTH="192" HEIGHT="27" WC="0.91" CONTENT="säkerhetsakten,"/><SP WIDTH="16" VPOS="713" HPOS="496"/>
							<String ID="string_134" HPOS="512" VPOS="714" WIDTH="144" HEIGHT="21" WC="0.92" CONTENT="fortfarande"/><SP WIDTH="16" VPOS="714" HPOS="656"/>
							<String ID="string_135" HPOS="672" VPOS="721" WIDTH="43" HEIGHT="21" WC="0.92" CONTENT="ega"/><SP WIDTH="15" VPOS="721" HPOS="715"/>
							<String ID="string_136" HPOS="730" VPOS="713" WIDTH="114" HEIGHT="29" WC="0.92" CONTENT="giltighet."/><SP WIDTH="24" VPOS="713" HPOS="844"/>
							<String ID="string_137" HPOS="868" VPOS="713" WIDTH="87" HEIGHT="21" WC="0.96" CONTENT="Genom"/><SP WIDTH="11" VPOS="713" HPOS="955"/>
							<String ID="string_138" HPOS="966" VPOS="713" WIDTH="38" HEIGHT="21" WC="0.96" CONTENT="det"/>
						</TextLine>
						<TextLine ID="line_17" HPOS="244" VPOS="746" WIDTH="762" HEIGHT="30">
							<String ID="string_139" HPOS="244" VPOS="746" WIDTH="139" HEIGHT="30" WC="0.96" CONTENT="föregående"/><SP WIDTH="22" VPOS="746" HPOS="383"/>
							<String ID="string_140" HPOS="405" VPOS="748" WIDTH="111" HEIGHT="22" WC="0.96" CONTENT="förklaras"/><SP WIDTH="24" VPOS="748" HPOS="516"/>
							<String ID="string_141" HPOS="540" VPOS="748" WIDTH="126" HEIGHT="22" WC="0.95" CONTENT="innehållet"/><SP WIDTH="18" VPOS="748" HPOS="666"/>
							<String ID="string_142" HPOS="684" VPOS="748" WIDTH="26" HEIGHT="22" WC="0.96" CONTENT="af"/><SP WIDTH="14" VPOS="748" HPOS="710"/>
							<String ID="string_143" HPOS="724" VPOS="748" WIDTH="38" HEIGHT="21" WC="0.93" CONTENT="det"/><SP WIDTH="15" VPOS="748" HPOS="762"/>
							<String ID="string_144" HPOS="777" VPOS="748" WIDTH="84" HEIGHT="28" WC="0.92" CONTENT="nådiga"/><SP WIDTH="15" VPOS="748" HPOS="861"/>
							<String ID="string_145" HPOS="876" VPOS="747" WIDTH="89" HEIGHT="22" WC="0.92" CONTENT="brefvet"/><SP WIDTH="15" VPOS="747" HPOS="965"/>
							<String ID="string_146" HPOS="980" VPOS="747" WIDTH="26" HEIGHT="21" WC="0.96" CONTENT="af"/>
						</TextLine>
						<TextLine ID="line_18" HPOS="246" VPOS="781" WIDTH="757" HEIGHT="28">
							<String ID="string_147" HPOS="246" VPOS="781" WIDTH="44" HEIGHT="21" WC="0.96" CONTENT="den"/><SP WIDTH="17" VPOS="781" HPOS="290"/>
							<String ID="string_148" HPOS="307" VPOS="784" WIDTH="10" HEIGHT="18" WC="0.96" CONTENT="1"/><SP WIDTH="18" VPOS="784" HPOS="317"/>
							<String ID="string_149" HPOS="335" VPOS="790" WIDTH="58" HEIGHT="14" WC="0.96" CONTENT="mars"/><SP WIDTH="22" VPOS="790" HPOS="393"/>
							<String ID="string_150" HPOS="415" VPOS="785" WIDTH="61" HEIGHT="24" WC="0.93" CONTENT="1852,"/><SP WIDTH="16" VPOS="785" HPOS="476"/>
							<String ID="string_151" HPOS="492" VPOS="783" WIDTH="89" HEIGHT="21" WC="0.91" CONTENT="hvilket"/><SP WIDTH="15" VPOS="783" HPOS="581"/>
							<String ID="string_152" HPOS="596" VPOS="783" WIDTH="42" HEIGHT="21" WC="0.93" CONTENT="här"/><SP WIDTH="15" VPOS="783" HPOS="638"/>
							<String ID="string_153" HPOS="653" VPOS="782" WIDTH="91" HEIGHT="22" WC="0.93" CONTENT="anföres"/><SP WIDTH="16" VPOS="782" HPOS="744"/>
							<String ID="string_154" HPOS="760" VPOS="782" WIDTH="86" HEIGHT="26" WC="0.93" CONTENT="endast,"/><SP WIDTH="17" VPOS="782" HPOS="846"/>
							<String ID="string_155" HPOS="863" VPOS="782" WIDTH="93" HEIGHT="21" WC="0.92" CONTENT="emedan"/><SP WIDTH="16" VPOS="782" HPOS="956"/>
							<String ID="string_156" HPOS="972" VPOS="781" WIDTH="31" HEIGHT="21" WC="0.92" CONTENT="äf-"/>
						</TextLine>
						<TextLine ID="line_19" HPOS="244" VPOS="816" WIDTH="762" HEIGHT="30">
							<String ID="string_157" HPOS="244" VPOS="823" WIDTH="45" HEIGHT="13" WC="0.96" CONTENT="ven"/><SP WIDTH="23" VPOS="823" HPOS="289"/>
							<String ID="string_158" HPOS="312" VPOS="816" WIDTH="38" HEIGHT="22" WC="0.96" CONTENT="det"/><SP WIDTH="19" VPOS="816" HPOS="350"/>
							<String ID="string_159" HPOS="369" VPOS="817" WIDTH="59" HEIGHT="21" WC="0.93" CONTENT="varit"/><SP WIDTH="15" VPOS="817" HPOS="428"/>
							<String ID="string_160" HPOS="443" VPOS="817" WIDTH="95" HEIGHT="22" WC="0.96" CONTENT="föremål"/><SP WIDTH="16" VPOS="817" HPOS="538"/>
							<String ID="string_161" HPOS="554" VPOS="817" WIDTH="36" HEIGHT="22" WC="0.93" CONTENT="för"/><SP WIDTH="16" VPOS="817" HPOS="590"/>
							<String ID="string_162" HPOS="606" VPOS="818" WIDTH="85" HEIGHT="28" WC="0.93" CONTENT="oriktig"/><SP WIDTH="15" VPOS="818" HPOS="691"/>
							<String ID="string_163" HPOS="706" VPOS="816" WIDTH="105" HEIGHT="29" WC="0.90" CONTENT="tydning."/><SP WIDTH="31" VPOS="816" HPOS="811"/>
							<String ID="string_164" HPOS="842" VPOS="816" WIDTH="12" HEIGHT="21" WC="0.93" CONTENT="I"/><SP WIDTH="14" VPOS="816" HPOS="854"/>
							<String ID="string_165" HPOS="868" VPOS="816" WIDTH="71" HEIGHT="28" WC="0.96" CONTENT="sagda"/><SP WIDTH="14" VPOS="816" HPOS="939"/>
							<String ID="string_166" HPOS="953" VPOS="816" WIDTH="53" HEIGHT="21" WC="0.95" CONTENT="bref"/>
						</TextLine>
						<TextLine ID="line_20" HPOS="244" VPOS="850" WIDTH="759" HEIGHT="30">
							<String ID="string_167" HPOS="244" VPOS="850" WIDTH="98" HEIGHT="28" WC="0.96" CONTENT="stadgas,"/><SP WIDTH="24" VPOS="850" HPOS="342"/>
							<String ID="string_168" HPOS="366" VPOS="854" WIDTH="33" HEIGHT="18" WC="0.96" CONTENT="att"/><SP WIDTH="21" VPOS="854" HPOS="399"/>
							<String ID="string_169" HPOS="420" VPOS="852" WIDTH="36" HEIGHT="21" WC="0.95" CONTENT="till"/><SP WIDTH="22" VPOS="852" HPOS="456"/>
							<String ID="string_170" HPOS="478" VPOS="852" WIDTH="60" HEIGHT="21" WC="0.93" CONTENT="finsk"/><SP WIDTH="16" VPOS="852" HPOS="538"/>
							<String ID="string_171" HPOS="554" VPOS="852" WIDTH="124" HEIGHT="28" WC="0.93" CONTENT="civiltjänst"/><SP WIDTH="16" VPOS="852" HPOS="678"/>
							<String ID="string_172" HPOS="694" VPOS="851" WIDTH="135" HEIGHT="21" WC="0.96" CONTENT="hädanefter"/><SP WIDTH="16" VPOS="851" HPOS="829"/>
							<String ID="string_173" HPOS="845" VPOS="851" WIDTH="57" HEIGHT="21" WC="0.96" CONTENT="skall"/><SP WIDTH="15" VPOS="851" HPOS="902"/>
							<String ID="string_174" HPOS="917" VPOS="851" WIDTH="86" HEIGHT="21" WC="0.96" CONTENT="lämnas"/>
						</TextLine>
						<TextLine ID="line_21" HPOS="244" VPOS="884" WIDTH="759" HEIGHT="30">
							<String ID="string_175" HPOS="244" VPOS="884" WIDTH="99" HEIGHT="22" WC="0.96" CONTENT="tillträde"/><SP WIDTH="23" VPOS="884" HPOS="343"/>
							<String ID="string_176" HPOS="366" VPOS="886" WIDTH="80" HEIGHT="21" WC="0.96" CONTENT="endast"/><SP WIDTH="19" VPOS="886" HPOS="446"/>
							<String ID="string_177" HPOS="465" VPOS="888" WIDTH="23" HEIGHT="19" WC="0.93" CONTENT="ät"/><SP WIDTH="15" VPOS="888" HPOS="488"/>
							<String ID="string_178" HPOS="503" VPOS="886" WIDTH="84" HEIGHT="22" WC="0.93" CONTENT="sädane"/><SP WIDTH="15" VPOS="886" HPOS="587"/>
							<String ID="string_179" HPOS="602" VPOS="886" WIDTH="7" HEIGHT="21" WC="0.96" CONTENT="i"/><SP WIDTH="17" VPOS="886" HPOS="609"/>
							<String ID="string_180" HPOS="626" VPOS="886" WIDTH="28" HEIGHT="21" WC="0.96" CONTENT="de"/><SP WIDTH="15" VPOS="886" HPOS="654"/>
							<String ID="string_181" HPOS="669" VPOS="886" WIDTH="70" HEIGHT="28" WC="0.93" CONTENT="ryska"/><SP WIDTH="23" VPOS="886" HPOS="739"/>
							<String ID="string_182" HPOS="762" VPOS="887" WIDTH="194" HEIGHT="27" WC="0.93" CONTENT="guvernementen"/><SP WIDTH="14" VPOS="887" HPOS="956"/>
							<String ID="string_183" HPOS="970" VPOS="885" WIDTH="33" HEIGHT="20" WC="0.92" CONTENT="in-"/>
						</TextLine>
						<TextLine ID="line_22" HPOS="244" VPOS="918" WIDTH="760" HEIGHT="30">
							<String ID="string_184" HPOS="244" VPOS="918" WIDTH="87" HEIGHT="22" WC="0.92" CONTENT="skrifne"/><SP WIDTH="22" VPOS="918" HPOS="331"/>
							<String ID="string_185" HPOS="353" VPOS="920" WIDTH="139" HEIGHT="26" WC="0.91" CONTENT="undersätar,"/><SP WIDTH="24" VPOS="920" HPOS="492"/>
							<String ID="string_186" HPOS="516" VPOS="920" WIDTH="80" HEIGHT="22" WC="0.89" CONTENT="hvilka"/><SP WIDTH="22" VPOS="920" HPOS="596"/>
							<String ID="string_187" HPOS="618" VPOS="920" WIDTH="58" HEIGHT="28" WC="0.92" CONTENT="egde"/><SP WIDTH="22" VPOS="920" HPOS="676"/>
							<String ID="string_188" HPOS="698" VPOS="922" WIDTH="46" HEIGHT="19" WC="0.96" CONTENT="rätt"/><SP WIDTH="23" VPOS="922" HPOS="744"/>
							<String ID="string_189" HPOS="767" VPOS="922" WIDTH="33" HEIGHT="18" WC="0.93" CONTENT="att"/><SP WIDTH="23" VPOS="922" HPOS="800"/>
							<String ID="string_190" HPOS="823" VPOS="919" WIDTH="89" HEIGHT="21" WC="0.93" CONTENT="inträda"/><SP WIDTH="16" VPOS="919" HPOS="912"/>
							<String ID="string_191" HPOS="928" VPOS="919" WIDTH="8" HEIGHT="21" WC="0.92" CONTENT="i"/><SP WIDTH="16" VPOS="919" HPOS="936"/>
							<String ID="string_192" HPOS="952" VPOS="919" WIDTH="52" HEIGHT="21" WC="0.91" CONTENT="civil"/>
						</TextLine>
						<TextLine ID="line_23" HPOS="244" VPOS="952" WIDTH="759" HEIGHT="31">
							<String ID="string_193" HPOS="244" VPOS="952" WIDTH="71" HEIGHT="29" WC="0.96" CONTENT="tjänst"/><SP WIDTH="16" VPOS="952" HPOS="315"/>
							<String ID="string_194" HPOS="331" VPOS="956" WIDTH="29" HEIGHT="26" WC="0.96" CONTENT="pä"/><SP WIDTH="15" VPOS="956" HPOS="360"/>
							<String ID="string_195" HPOS="375" VPOS="955" WIDTH="74" HEIGHT="27" WC="0.96" CONTENT="grund"/><SP WIDTH="16" VPOS="955" HPOS="449"/>
							<String ID="string_196" HPOS="465" VPOS="954" WIDTH="26" HEIGHT="22" WC="0.96" CONTENT="af"/><SP WIDTH="13" VPOS="954" HPOS="491"/>
							<String ID="string_197" HPOS="504" VPOS="955" WIDTH="28" HEIGHT="21" WC="0.95" CONTENT="de"/><SP WIDTH="15" VPOS="955" HPOS="532"/>
							<String ID="string_198" HPOS="547" VPOS="955" WIDTH="7" HEIGHT="21" WC="0.93" CONTENT="i"/><SP WIDTH="16" VPOS="955" HPOS="554"/>
							<String ID="string_199" HPOS="570" VPOS="954" WIDTH="153" HEIGHT="29" WC="0.92" CONTENT="kejsardömet"/><SP WIDTH="16" VPOS="954" HPOS="723"/>
							<String ID="string_200" HPOS="739" VPOS="954" WIDTH="107" HEIGHT="28" WC="0.96" CONTENT="gällande"/><SP WIDTH="15" VPOS="954" HPOS="846"/>
							<String ID="string_201" HPOS="861" VPOS="954" WIDTH="69" HEIGHT="28" WC="0.96" CONTENT="lagar."/><SP WIDTH="28" VPOS="954" HPOS="930"/>
							<String ID="string_202" HPOS="958" VPOS="953" WIDTH="45" HEIGHT="21" WC="0.96" CONTENT="Det"/>
						</TextLine>
						<TextLine ID="line_24" HPOS="244" VPOS="988" WIDTH="759" HEIGHT="29">
							<String ID="string_203" HPOS="244" VPOS="994" WIDTH="68" HEIGHT="22" WC="0.92" CONTENT="synes"/><SP WIDTH="16" VPOS="994" HPOS="312"/>
							<String ID="string_204" HPOS="328" VPOS="996" WIDTH="55" HEIGHT="14" WC="0.96" CONTENT="vara"/><SP WIDTH="15" VPOS="996" HPOS="383"/>
							<String ID="string_205" HPOS="398" VPOS="989" WIDTH="65" HEIGHT="27" WC="0.96" CONTENT="klart,"/><SP WIDTH="17" VPOS="989" HPOS="463"/>
							<String ID="string_206" HPOS="480" VPOS="991" WIDTH="32" HEIGHT="19" WC="0.96" CONTENT="att"/><SP WIDTH="16" VPOS="991" HPOS="512"/>
							<String ID="string_207" HPOS="528" VPOS="989" WIDTH="63" HEIGHT="21" WC="0.93" CONTENT="detta"/><SP WIDTH="15" VPOS="989" HPOS="591"/>
							<String ID="string_208" HPOS="606" VPOS="988" WIDTH="127" HEIGHT="29" WC="0.92" CONTENT="stadgande"/><SP WIDTH="17" VPOS="988" HPOS="733"/>
							<String ID="string_209" HPOS="750" VPOS="988" WIDTH="80" HEIGHT="21" WC="0.96" CONTENT="endast"/><SP WIDTH="15" VPOS="988" HPOS="830"/>
							<String ID="string_210" HPOS="845" VPOS="988" WIDTH="41" HEIGHT="21" WC="0.93" CONTENT="vill"/><SP WIDTH="12" VPOS="988" HPOS="886"/>
							<String ID="string_211" HPOS="898" VPOS="991" WIDTH="62" HEIGHT="25" WC="0.93" CONTENT="säga,"/><SP WIDTH="10" VPOS="991" HPOS="960"/>
							<String ID="string_212" HPOS="970" VPOS="990" WIDTH="33" HEIGHT="18" WC="0.97" CONTENT="att"/>
						</TextLine>
						<TextLine ID="line_25" HPOS="244" VPOS="1022" WIDTH="759" HEIGHT="30">
							<String ID="string_213" HPOS="244" VPOS="1022" WIDTH="6" HEIGHT="20" WC="0.96" CONTENT="i"/><SP WIDTH="17" VPOS="1022" HPOS="250"/>
							<String ID="string_214" HPOS="267" VPOS="1022" WIDTH="28" HEIGHT="22" WC="0.96" CONTENT="de"/><SP WIDTH="15" VPOS="1022" HPOS="295"/>
							<String ID="string_215" HPOS="310" VPOS="1023" WIDTH="47" HEIGHT="26" WC="0.96" CONTENT="fall,"/><SP WIDTH="16" VPOS="1023" HPOS="357"/>
							<String ID="string_216" HPOS="373" VPOS="1024" WIDTH="7" HEIGHT="20" WC="0.93" CONTENT="i"/><SP WIDTH="15" VPOS="1024" HPOS="380"/>
							<String ID="string_217" HPOS="395" VPOS="1024" WIDTH="78" HEIGHT="21" WC="0.96" CONTENT="hvilka"/><SP WIDTH="15" VPOS="1024" HPOS="473"/>
							<String ID="string_218" HPOS="488" VPOS="1024" WIDTH="100" HEIGHT="21" WC="0.96" CONTENT="tillträde"/><SP WIDTH="15" VPOS="1024" HPOS="588"/>
							<String ID="string_219" HPOS="603" VPOS="1024" WIDTH="35" HEIGHT="20" WC="0.95" CONTENT="till"/><SP WIDTH="16" VPOS="1024" HPOS="638"/>
							<String ID="string_220" HPOS="654" VPOS="1023" WIDTH="96" HEIGHT="29" WC="0.96" CONTENT="tjänster"/><SP WIDTH="15" VPOS="1023" HPOS="750"/>
							<String ID="string_221" HPOS="765" VPOS="1023" WIDTH="8" HEIGHT="21" WC="0.96" CONTENT="i"/><SP WIDTH="15" VPOS="1023" HPOS="773"/>
							<String ID="string_222" HPOS="788" VPOS="1023" WIDTH="99" HEIGHT="21" WC="0.96" CONTENT="Finland"/><SP WIDTH="15" VPOS="1023" HPOS="887"/>
							<String ID="string_223" HPOS="902" VPOS="1022" WIDTH="51" HEIGHT="25" WC="0.93" CONTENT="kan,"/><SP WIDTH="13" VPOS="1022" HPOS="953"/>
							<String ID="string_224" HPOS="966" VPOS="1030" WIDTH="37" HEIGHT="13" WC="0.93" CONTENT="en-"/>
						</TextLine>
						<TextLine ID="line_26" HPOS="244" VPOS="1056" WIDTH="758" HEIGHT="30">
							<String ID="string_225" HPOS="244" VPOS="1056" WIDTH="43" HEIGHT="28" WC="0.89" CONTENT="ligt"/><SP WIDTH="19" VPOS="1056" HPOS="287"/>
							<String ID="string_226" HPOS="306" VPOS="1057" WIDTH="120" HEIGHT="22" WC="0.92" CONTENT="utfärdade"/><SP WIDTH="20" VPOS="1057" HPOS="426"/>
							<String ID="string_227" HPOS="446" VPOS="1058" WIDTH="171" HEIGHT="28" WC="0.92" CONTENT="författningar,"/><SP WIDTH="21" VPOS="1058" HPOS="617"/>
							<String ID="string_228" HPOS="638" VPOS="1058" WIDTH="87" HEIGHT="21" WC="0.96" CONTENT="lämnas"/><SP WIDTH="16" VPOS="1058" HPOS="725"/>
							<String ID="string_229" HPOS="741" VPOS="1059" WIDTH="23" HEIGHT="19" WC="0.93" CONTENT="ät"/><SP WIDTH="16" VPOS="1059" HPOS="764"/>
							<String ID="string_230" HPOS="780" VPOS="1057" WIDTH="68" HEIGHT="28" WC="0.92" CONTENT="ryske"/><SP WIDTH="15" VPOS="1057" HPOS="848"/>
							<String ID="string_231" HPOS="863" VPOS="1056" WIDTH="139" HEIGHT="25" WC="0.93" CONTENT="undersätar,"/>
						</TextLine>
						<TextLine ID="line_27" HPOS="244" VPOS="1090" WIDTH="759" HEIGHT="30">
							<String ID="string_232" HPOS="244" VPOS="1091" WIDTH="63" HEIGHT="21" WC="0.93" CONTENT="detta"/><SP WIDTH="16" VPOS="1091" HPOS="307"/>
							<String ID="string_233" HPOS="323" VPOS="1091" WIDTH="19" HEIGHT="29" WC="0.92" CONTENT="ej"/><SP WIDTH="17" VPOS="1091" HPOS="342"/>
							<String ID="string_234" HPOS="359" VPOS="1092" WIDTH="36" HEIGHT="21" WC="0.92" CONTENT="fär"/><SP WIDTH="14" VPOS="1092" HPOS="395"/>
							<String ID="string_235" HPOS="409" VPOS="1092" WIDTH="86" HEIGHT="22" WC="0.96" CONTENT="lämnas"/><SP WIDTH="16" VPOS="1092" HPOS="495"/>
							<String ID="string_236" HPOS="511" VPOS="1094" WIDTH="23" HEIGHT="20" WC="0.93" CONTENT="ät"/><SP WIDTH="15" VPOS="1094" HPOS="534"/>
							<String ID="string_237" HPOS="549" VPOS="1092" WIDTH="91" HEIGHT="26" WC="0.92" CONTENT="sädane,"/><SP WIDTH="16" VPOS="1092" HPOS="640"/>
							<String ID="string_238" HPOS="656" VPOS="1099" WIDTH="49" HEIGHT="15" WC="0.93" CONTENT="som"/><SP WIDTH="15" VPOS="1099" HPOS="705"/>
							<String ID="string_239" HPOS="720" VPOS="1092" WIDTH="51" HEIGHT="20" WC="0.91" CONTENT="icke"/><SP WIDTH="15" VPOS="1092" HPOS="771"/>
							<String ID="string_240" HPOS="786" VPOS="1092" WIDTH="8" HEIGHT="20" WC="0.96" CONTENT="i"/><SP WIDTH="10" VPOS="1092" HPOS="794"/>
							<String ID="string_241" HPOS="804" VPOS="1091" WIDTH="115" HEIGHT="28" WC="0.96" CONTENT="Ryssland"/><SP WIDTH="11" VPOS="1091" HPOS="919"/>
							<String ID="string_242" HPOS="930" VPOS="1090" WIDTH="73" HEIGHT="22" WC="0.97" CONTENT="skulle"/>
						</TextLine>
						<TextLine ID="line_28" HPOS="244" VPOS="1126" WIDTH="339" HEIGHT="29">
							<String ID="string_243" HPOS="244" VPOS="1126" WIDTH="78" HEIGHT="21" WC="0.93" CONTENT="kunna"/><SP WIDTH="16" VPOS="1126" HPOS="322"/>
							<String ID="string_244" HPOS="338" VPOS="1127" WIDTH="84" HEIGHT="21" WC="0.92" CONTENT="erhälla"/><SP WIDTH="16" VPOS="1127" HPOS="422"/>
							<String ID="string_245" HPOS="438" VPOS="1127" WIDTH="52" HEIGHT="21" WC="0.93" CONTENT="civil"/><SP WIDTH="15" VPOS="1127" HPOS="490"/>
							<String ID="string_246" HPOS="505" VPOS="1127" WIDTH="78" HEIGHT="28" WC="0.96" CONTENT="tjänst."/>
						</TextLine>
					</TextBlock>
					<TextBlock ID="block_2" HPOS="242" VPOS="1160" WIDTH="763" HEIGHT="269">
						<TextLine ID="line_29" HPOS="313" VPOS="1160" WIDTH="689" HEIGHT="29">
							<String ID="string_247" HPOS="313" VPOS="1161" WIDTH="83" HEIGHT="21" WC="0.95" CONTENT="Medan"/><SP WIDTH="23" VPOS="1161" HPOS="396"/>
							<String ID="string_248" HPOS="419" VPOS="1161" WIDTH="28" HEIGHT="22" WC="0.93" CONTENT="de"/><SP WIDTH="23" VPOS="1161" HPOS="447"/>
							<String ID="string_249" HPOS="470" VPOS="1161" WIDTH="308" HEIGHT="28" WC="0.91" CONTENT="undantagsbestämningar,"/><SP WIDTH="21" VPOS="1161" HPOS="778"/>
							<String ID="string_250" HPOS="799" VPOS="1168" WIDTH="49" HEIGHT="14" WC="0.96" CONTENT="som"/><SP WIDTH="14" VPOS="1168" HPOS="848"/>
							<String ID="string_251" HPOS="862" VPOS="1167" WIDTH="32" HEIGHT="14" WC="0.93" CONTENT="nu"/><SP WIDTH="14" VPOS="1167" HPOS="894"/>
							<String ID="string_252" HPOS="908" VPOS="1160" WIDTH="94" HEIGHT="25" WC="0.92" CONTENT="berörts,"/>
						</TextLine>
						<TextLine ID="line_30" HPOS="244" VPOS="1194" WIDTH="759" HEIGHT="30">
							<String ID="string_253" HPOS="244" VPOS="1194" WIDTH="51" HEIGHT="22" WC="0.92" CONTENT="icke"/><SP WIDTH="16" VPOS="1194" HPOS="295"/>
							<String ID="string_254" HPOS="311" VPOS="1203" WIDTH="68" HEIGHT="20" WC="0.91" CONTENT="synas"/><SP WIDTH="16" VPOS="1203" HPOS="379"/>
							<String ID="string_255" HPOS="395" VPOS="1196" WIDTH="69" HEIGHT="21" WC="0.92" CONTENT="hafva"/><SP WIDTH="15" VPOS="1196" HPOS="464"/>
							<String ID="string_256" HPOS="479" VPOS="1196" WIDTH="7" HEIGHT="21" WC="0.93" CONTENT="i"/><SP WIDTH="16" VPOS="1196" HPOS="486"/>
							<String ID="string_257" HPOS="502" VPOS="1196" WIDTH="74" HEIGHT="21" WC="0.93" CONTENT="äldrer"/><SP WIDTH="15" VPOS="1196" HPOS="576"/>
							<String ID="string_258" HPOS="591" VPOS="1196" WIDTH="59" HEIGHT="21" WC="0.93" CONTENT="tider"/><SP WIDTH="14" VPOS="1196" HPOS="650"/>
							<String ID="string_259" HPOS="664" VPOS="1195" WIDTH="129" HEIGHT="29" WC="0.91" CONTENT="uppfattats"/><SP WIDTH="11" VPOS="1195" HPOS="793"/>
							<String ID="string_260" HPOS="804" VPOS="1197" WIDTH="74" HEIGHT="19" WC="0.92" CONTENT="säsom"/><SP WIDTH="11" VPOS="1197" HPOS="878"/>
							<String ID="string_261" HPOS="889" VPOS="1194" WIDTH="114" HEIGHT="29" WC="0.96" CONTENT="egentliga"/>
						</TextLine>
						<TextLine ID="line_31" HPOS="244" VPOS="1228" WIDTH="761" HEIGHT="30">
							<String ID="string_262" HPOS="244" VPOS="1228" WIDTH="123" HEIGHT="23" WC="0.92" CONTENT="afvikelser"/><SP WIDTH="15" VPOS="1228" HPOS="367"/>
							<String ID="string_263" HPOS="382" VPOS="1230" WIDTH="52" HEIGHT="21" WC="0.92" CONTENT="frän"/><SP WIDTH="15" VPOS="1230" HPOS="434"/>
							<String ID="string_264" HPOS="449" VPOS="1230" WIDTH="121" HEIGHT="28" WC="0.93" CONTENT="grundlag,"/><SP WIDTH="16" VPOS="1230" HPOS="570"/>
							<String ID="string_265" HPOS="586" VPOS="1230" WIDTH="101" HEIGHT="22" WC="0.92" CONTENT="infördes"/><SP WIDTH="15" VPOS="1230" HPOS="687"/>
							<String ID="string_266" HPOS="702" VPOS="1237" WIDTH="85" HEIGHT="21" WC="0.96" CONTENT="genom"/><SP WIDTH="14" VPOS="1237" HPOS="787"/>
							<String ID="string_267" HPOS="801" VPOS="1229" WIDTH="164" HEIGHT="27" WC="0.96" CONTENT="förordningen"/><SP WIDTH="15" VPOS="1229" HPOS="965"/>
							<String ID="string_268" HPOS="980" VPOS="1228" WIDTH="25" HEIGHT="21" WC="0.97" CONTENT="af"/>
						</TextLine>
						<TextLine ID="line_32" HPOS="243" VPOS="1263" WIDTH="760" HEIGHT="30">
							<String ID="string_269" HPOS="243" VPOS="1263" WIDTH="45" HEIGHT="21" WC="0.94" CONTENT="den"/><SP WIDTH="17" VPOS="1263" HPOS="288"/>
							<String ID="string_270" HPOS="305" VPOS="1266" WIDTH="10" HEIGHT="19" WC="0.93" CONTENT="1"/><SP WIDTH="18" VPOS="1266" HPOS="315"/>
							<String ID="string_271" HPOS="333" VPOS="1265" WIDTH="91" HEIGHT="28" WC="0.90" CONTENT="augusti"/><SP WIDTH="18" VPOS="1265" HPOS="424"/>
							<String ID="string_272" HPOS="442" VPOS="1266" WIDTH="53" HEIGHT="19" WC="0.95" CONTENT="1891"/><SP WIDTH="17" VPOS="1266" HPOS="495"/>
							<String ID="string_273" HPOS="512" VPOS="1272" WIDTH="28" HEIGHT="13" WC="0.93" CONTENT="en"/><SP WIDTH="16" VPOS="1272" HPOS="540"/>
							<String ID="string_274" HPOS="556" VPOS="1265" WIDTH="117" HEIGHT="25" WC="0.92" CONTENT="afvikelse,"/><SP WIDTH="17" VPOS="1265" HPOS="673"/>
							<String ID="string_275" HPOS="690" VPOS="1271" WIDTH="48" HEIGHT="14" WC="0.93" CONTENT="som"/><SP WIDTH="16" VPOS="1271" HPOS="738"/>
							<String ID="string_276" HPOS="754" VPOS="1264" WIDTH="50" HEIGHT="21" WC="0.92" CONTENT="icke"/><SP WIDTH="16" VPOS="1264" HPOS="804"/>
							<String ID="string_277" HPOS="820" VPOS="1263" WIDTH="41" HEIGHT="22" WC="0.93" CONTENT="har"/><SP WIDTH="10" VPOS="1263" HPOS="861"/>
							<String ID="string_278" HPOS="871" VPOS="1265" WIDTH="71" HEIGHT="26" WC="0.93" CONTENT="nägot"/><SP WIDTH="10" VPOS="1265" HPOS="942"/>
							<String ID="string_279" HPOS="952" VPOS="1263" WIDTH="51" HEIGHT="21" WC="0.96" CONTENT="stöd"/>
						</TextLine>
						<TextLine ID="line_33" HPOS="243" VPOS="1297" WIDTH="759" HEIGHT="30">
							<String ID="string_280" HPOS="243" VPOS="1297" WIDTH="7" HEIGHT="20" WC="0.93" CONTENT="i"/><SP WIDTH="17" VPOS="1297" HPOS="250"/>
							<String ID="string_281" HPOS="267" VPOS="1297" WIDTH="72" HEIGHT="22" WC="0.96" CONTENT="hittils"/><SP WIDTH="16" VPOS="1297" HPOS="339"/>
							<String ID="string_282" HPOS="355" VPOS="1299" WIDTH="99" HEIGHT="21" WC="0.96" CONTENT="rådande"/><SP WIDTH="16" VPOS="1299" HPOS="454"/>
							<String ID="string_283" HPOS="470" VPOS="1299" WIDTH="156" HEIGHT="28" WC="0.85" CONTENT="uppfattning."/><SP WIDTH="30" VPOS="1299" HPOS="626"/>
							<String ID="string_284" HPOS="656" VPOS="1299" WIDTH="12" HEIGHT="20" WC="0.95" CONTENT="I"/><SP WIDTH="15" VPOS="1299" HPOS="668"/>
							<String ID="string_285" HPOS="683" VPOS="1299" WIDTH="71" HEIGHT="28" WC="0.96" CONTENT="sagda"/><SP WIDTH="12" VPOS="1299" HPOS="754"/>
							<String ID="string_286" HPOS="766" VPOS="1297" WIDTH="135" HEIGHT="28" WC="0.96" CONTENT="förordning"/><SP WIDTH="11" VPOS="1297" HPOS="901"/>
							<String ID="string_287" HPOS="912" VPOS="1298" WIDTH="90" HEIGHT="27" WC="0.96" CONTENT="stadgas"/>
						</TextLine>
						<TextLine ID="line_34" HPOS="243" VPOS="1330" WIDTH="760" HEIGHT="31">
							<String ID="string_288" HPOS="243" VPOS="1333" WIDTH="75" HEIGHT="20" WC="0.96" CONTENT="såsom"/><SP WIDTH="17" VPOS="1333" HPOS="318"/>
							<String ID="string_289" HPOS="335" VPOS="1332" WIDTH="91" HEIGHT="27" WC="0.94" CONTENT="bekant,"/><SP WIDTH="16" VPOS="1332" HPOS="426"/>
							<String ID="string_290" HPOS="442" VPOS="1335" WIDTH="33" HEIGHT="19" WC="0.96" CONTENT="att"/><SP WIDTH="15" VPOS="1335" HPOS="475"/>
							<String ID="string_291" HPOS="490" VPOS="1333" WIDTH="35" HEIGHT="21" WC="0.96" CONTENT="till"/><SP WIDTH="15" VPOS="1333" HPOS="525"/>
							<String ID="string_292" HPOS="540" VPOS="1333" WIDTH="138" HEIGHT="28" WC="0.96" CONTENT="tjänstemän"/><SP WIDTH="16" VPOS="1333" HPOS="678"/>
							<String ID="string_293" HPOS="694" VPOS="1333" WIDTH="39" HEIGHT="21" WC="0.93" CONTENT="vid"/><SP WIDTH="11" VPOS="1333" HPOS="733"/>
							<String ID="string_294" HPOS="744" VPOS="1331" WIDTH="213" HEIGHT="22" WC="0.92" CONTENT="statssekretariatet"/><SP WIDTH="10" VPOS="1331" HPOS="957"/>
							<String ID="string_295" HPOS="967" VPOS="1330" WIDTH="36" HEIGHT="22" WC="0.96" CONTENT="för"/>
						</TextLine>
						<TextLine ID="line_35" HPOS="243" VPOS="1365" WIDTH="759" HEIGHT="30">
							<String ID="string_296" HPOS="243" VPOS="1365" WIDTH="98" HEIGHT="22" WC="0.96" CONTENT="Finland"/><SP WIDTH="24" VPOS="1365" HPOS="341"/>
							<String ID="string_297" HPOS="365" VPOS="1367" WIDTH="43" HEIGHT="21" WC="0.92" CONTENT="och"/><SP WIDTH="23" VPOS="1367" HPOS="408"/>
							<String ID="string_298" HPOS="431" VPOS="1367" WIDTH="319" HEIGHT="28" WC="0.90" CONTENT="generalguvernörskansliet"/><SP WIDTH="25" VPOS="1367" HPOS="750"/>
							<String ID="string_299" HPOS="775" VPOS="1367" WIDTH="37" HEIGHT="20" WC="0.95" CONTENT="må"/><SP WIDTH="23" VPOS="1367" HPOS="812"/>
							<String ID="string_300" HPOS="835" VPOS="1368" WIDTH="61" HEIGHT="19" WC="0.96" CONTENT="utses"/><SP WIDTH="20" VPOS="1368" HPOS="896"/>
							<String ID="string_301" HPOS="916" VPOS="1365" WIDTH="86" HEIGHT="28" WC="0.96" CONTENT="jämväl"/>
						</TextLine>
						<TextLine ID="line_36" HPOS="242" VPOS="1399" WIDTH="760" HEIGHT="30">
							<String ID="string_302" HPOS="242" VPOS="1407" WIDTH="109" HEIGHT="20" WC="0.96" CONTENT="personer"/><SP WIDTH="23" VPOS="1407" HPOS="351"/>
							<String ID="string_303" HPOS="374" VPOS="1401" WIDTH="69" HEIGHT="22" WC="0.96" CONTENT="bland"/><SP WIDTH="23" VPOS="1401" HPOS="443"/>
							<String ID="string_304" HPOS="466" VPOS="1401" WIDTH="68" HEIGHT="28" WC="0.96" CONTENT="ryske"/><SP WIDTH="22" VPOS="1401" HPOS="534"/>
							<String ID="string_305" HPOS="556" VPOS="1401" WIDTH="145" HEIGHT="28" WC="0.95" CONTENT="tjänstemän,"/><SP WIDTH="23" VPOS="1401" HPOS="701"/>
							<String ID="string_306" HPOS="724" VPOS="1401" WIDTH="80" HEIGHT="21" WC="0.96" CONTENT="hvilka"/><SP WIDTH="23" VPOS="1401" HPOS="804"/>
							<String ID="string_307" HPOS="827" VPOS="1399" WIDTH="106" HEIGHT="29" WC="0.96" CONTENT="uppfylla"/><SP WIDTH="20" VPOS="1399" HPOS="933"/>
							<String ID="string_308" HPOS="953" VPOS="1399" WIDTH="49" HEIGHT="22" WC="0.87" CONTENT="dei"/>
						</TextLine>
					</TextBlock>
				</ComposedBlock>
				<ComposedBlock ID="cblock_2" HPOS="311" VPOS="1446" WIDTH="277" HEIGHT="23">
					<TextBlock ID="block_3" HPOS="311" VPOS="1446" WIDTH="277" HEIGHT="23">
						<TextLine ID="line_37" HPOS="311" VPOS="1446" WIDTH="277" HEIGHT="23">
							<String ID="string_309" HPOS="311" VPOS="1446" WIDTH="141" HEIGHT="23" WC="0.89" CONTENT="Lagutskottets"/><SP WIDTH="13" VPOS="1446" HPOS="452"/>
							<String ID="string_310" HPOS="465" VPOS="1447" WIDTH="123" HEIGHT="18" WC="0.95" CONTENT="betänkande."/>
						</TextLine>
					</TextBlock>
				</ComposedBlock>
			</PrintSpace>
		</Page>
	</Layout>
</alto>
