1086 1756
414 121 85 23 Ständ.
516 122 38 22 Sv.
807 122 25 21 11

107 194 34 20 att
168 193 30 21 de
227 193 89 26 medel,
345 193 87 22 hvilka
460 193 101 22 utöfver
588 193 32 22 de
645 193 126 22 ordinarie
791 194 71 21 stats-

105 227 171 23 inkomsterna
304 228 128 22 erfordras
459 227 38 22 till
524 227 156 23 betäokande
700 227 25 22 af
744 229 118 20 statsver-

106 262 54 22 kets
186 262 111 28 utgifter,
326 262 70 26 böra,
420 262 84 22 såsom
522 262 46 22 ock
592 262 14 28 &
627 262 33 22 36
680 262 6 22 i
705 262 156 28 Landtdags-

106 296 141 29 ordningen
266 296 82 29 gifver
371 296 42 22 vid
439 296 109 26 handen,
569 296 131 22 anskaffas
718 303 91 22 genom
828 296 34 22 ät-

107 330 63 29 gärd
190 331 25 21 af
229 330 150 27 Ständerna,
395 332 65 21 samt
473 334 36 19 att
522 331 78 29 enligt
612 331 49 21 den
674 330 83 29 gamla
769 330 93 30 grund-

107 366 83 21 satsen
209 366 8 21 i
236 365 98 22 landets
345 366 57 26 rätt,
413 365 105 22 hvilken
528 365 82 22 finnes
621 365 148 29 upptagen
762 361 14 37 i
785 365 76 29 Rege-

107 399 181 29 ringsformens
316 400 14 28 &
358 400 41 26 45,
429 406 51 22 nya
509 400 59 22 eller
592 400 83 22 ökade
694 400 95 22 skatter
808 399 53 22 icke

107 434 85 21 kunna
215 447 26 2 —
263 436 68 20 utom
350 434 8 22 i
377 434 81 29 nägra
477 434 32 28 pä
529 434 41 29 lag
590 434 60 22 eller
663 434 60 21 häfd
743 434 118 21 hvilande

107 468 189 29 undantagsfall
314 482 34 3 —
359 470 127 27 upptagas
500 470 61 21 utan
576 468 156 23 Ständernas
746 468 114 28 vetskap,

107 503 48 22 fria
174 503 60 29 vilja
253 503 46 22 och
318 503 135 28 samtycke.
493 503 42 22 Att
554 503 138 22 emellertid
712 509 28 16 en
766 502 96 29 ökning

108 537 25 22 af
160 537 119 22 Finlands
307 537 194 30 utgiftsbudget,
531 537 78 22 sädan
638 544 53 15 som
720 537 47 22 den
787 537 7 22 i
813 537 49 22 den

108 572 93 29 nädiga
220 573 189 28 propositionen
429 579 40 15 om
489 572 163 29 utjemnande
672 572 26 21 af
716 571 47 22 den
783 571 79 22 finan-

108 607 70 21 siella
200 607 255 28 värnepligtstungan
485 607 123 28 äsyftade,
632 606 80 22 skulle
731 607 62 28 göra
811 613 50 21 nya

108 641 105 29 pälagor
240 641 170 29 nödvändiga,
438 642 29 21 är
494 641 72 26 klart,
588 641 82 22 säsom
690 641 45 22 ock
755 642 36 21 att
809 641 53 21 der-

108 675 55 22 med
186 676 100 28 inträng
313 676 98 21 komme
431 677 36 20 att
496 676 44 22 ske
567 676 7 21 i
598 675 155 22 Ständernas
772 675 90 22 skatte-

108 710 206 29 bevillningsrätt,
332 710 104 22 hvilken
454 710 83 22 finnes
556 711 135 28 yttermera
710 709 152 30 garanterad

108 744 8 22 i
134 745 42 22 det
193 745 7 22 i
220 745 14 22 5
254 745 112 28 punkten
387 745 25 22 af
427 745 148 28 Förenings-
588 745 46 21 och
649 744 213 22 Säkerhetsakten

107 779 206 22 förekommande
341 779 151 29 stadgandet
520 786 39 15 om
578 779 91 22 folkets
688 780 50 21 rätt
756 780 36 20 att
810 778 53 22 fritt

109 813 68 28 gifva
204 813 68 23 hvad
300 813 36 22 till
362 813 98 23 landets
488 814 77 22 behof
591 814 28 21 är
646 813 86 29 nödigt
758 813 46 22 och
827 814 36 20 att

110 848 85 21 derom
223 848 56 22 med
306 848 139 22 Monarken
474 848 92 26 rädslä,
597 848 92 29 jemka,
723 848 63 22 afslä
816 847 45 22 och

109 882 224 23 öfverenskomma.
367 883 89 22 Ehuru
477 889 30 16 en
525 882 183 23 rättshistorisk
728 882 135 28 utredning

110 917 71 22 säväl
209 917 25 22 af
260 917 74 22 dessa
357 923 53 16 som
433 917 26 22 af
477 917 78 29 nägra
575 917 79 22 andra
674 917 163 28 grundsatser
856 916 6 21 i

110 951 97 22 landets
226 952 50 21 rätt
294 958 61 15 vore
374 952 145 28 ytterligare
539 951 81 29 egnad
640 953 36 19 att
694 951 87 28 belysa
800 951 63 21 före-

110 986 112 22 varande
250 986 78 28 fräga,
358 992 60 16 anse
448 986 143 22 Ständerna
614 986 42 21 det
675 985 127 22 allaredan
823 991 40 15 an-

109 1020 73 22 förda
210 1027 62 15 vara
295 1027 51 22 nog
371 1020 40 22 för
440 1022 37 20 att
505 1020 162 29 ädagalägga,
691 1020 119 22 hurusom
830 1020 34 21 ett

110 1054 146 29 stadgande,
277 1054 91 22 sädant
386 1061 53 15 som
459 1055 42 22 det
519 1055 8 22 i
545 1054 48 23 den
611 1054 93 29 nädiga
717 1054 147 28 propositio-

110 1095 48 15 nen
179 1089 122 29 äsyftade,
321 1089 107 29 lagligen
447 1090 22 28 ej
490 1090 51 22 kan
554 1090 99 21 komma
667 1089 35 22 till
716 1088 73 23 ständ
803 1089 61 21 utan

112 1122 153 24 Ständernas
285 1124 135 28 samtycke.

179 1192 38 22 Då
236 1199 34 15 nu
288 1192 170 22 förevarande
477 1192 125 22 ärendens
621 1192 153 28 behandling
792 1192 8 22 i
817 1191 48 22 den

111 1227 114 29 ordning,
254 1233 53 16 som
336 1227 8 21 i
365 1227 38 22 .de
431 1227 93 29 nädiga
546 1227 219 28 propositionerna
785 1227 79 27 säges,

111 1261 80 22 skulle
210 1261 128 26 innebära,
358 1262 35 21 att
411 1261 48 29 lag,
469 1262 39 21 för
521 1261 76 22 hvars
617 1261 118 22 stiftande
749 1260 117 23 Ständer-

111 1302 46 16 nas
176 1296 155 22 medverkan
349 1296 217 28 grundlagsenligt
582 1296 136 26 erfordras,
732 1295 85 22 kunde
831 1296 35 20 ut-

111 1330 86 22 färdas
225 1330 56 22 med
310 1337 84 15 annan
422 1330 124 22 innebörd
578 1330 46 22 och
651 1330 96 28 lydelse
767 1330 31 21 än
817 1329 49 22 den

113 1364 142 22 Ständerna
274 1364 118 29 godkänt,
419 1367 66 19 samt
512 1364 72 22 såväl
612 1364 144 28 derigenom
785 1370 52 16 som
859 1363 8 21 i

111 1398 75 29 öfrigt
214 1399 79 22 skulle
321 1399 79 21 strida
426 1400 52 21 mot
505 1398 120 23 Finlands
649 1398 153 29 grundlagar
821 1398 46 22 och
