1089 1773
446 133 29 22 U.
491 133 28 22 B.
803 135 26 19 47

99 201 90 21 trollera.
212 201 75 27 Någon
301 201 118 28 tillförlitlig
431 201 101 21 statistisk
548 201 115 27 utredning
673 201 130 21 beträffande
811 202 48 20 kas-

99 235 194 21 sationsorsakerna
301 237 23 19 är
339 236 95 20 deremot
449 235 46 21 icke
511 236 74 27 möjlig
600 235 32 28 då,
647 236 26 27 på
689 237 40 20 sätt
745 236 5 20 i
760 236 99 27 Kejsare-

99 269 71 22 dömet
185 276 64 20 synes
267 276 48 14 vara
330 269 65 27 fallet,
409 269 52 21 blott
476 276 26 14 en
519 270 33 21 del
568 269 21 21 af
605 270 26 20 de
646 269 125 28 uppbådade
783 270 75 21 under-

99 303 26 28 gå
148 310 26 15 en
196 305 109 26 strängare
327 304 126 27 besigtning,
475 304 78 21 medan
568 304 95 21 deremot
678 304 120 21 återstoden
814 303 45 22 dels

99 338 39 21 alls
158 339 46 20 icke
228 338 136 27 undersökes,
387 338 45 21 dels
451 338 75 21 endast
542 338 25 28 på
583 338 69 27 grund
668 339 21 20 af
704 340 55 25 yttre
775 340 84 19 utseen-

100 372 35 21 det
160 372 123 27 godkännes
308 372 51 21 eller
384 372 100 21 kasseras.
519 373 38 20 Att
582 373 69 20 under
677 373 78 20 sådana
782 372 77 21 förhäl-

100 406 76 21 landen
201 407 232 26 kassationsprocenten
457 407 33 20 vid
515 407 108 27 uppbädet
645 407 66 20 måste
727 407 64 21 blifva
806 407 53 27 jem-

99 441 110 20 förelsevis
232 441 33 26 låg
285 443 23 18 är
329 440 111 27 sjelffallet.
470 440 49 21 Men
542 441 35 20 det
600 441 101 20 skenbart
719 441 139 28 fördelaktiga

100 475 93 27 resultat,
209 481 44 14 som
270 475 89 20 sålunda
375 475 95 26 erhålles,
486 476 109 25 motväges
610 475 21 20 af
647 475 39 20 den
703 475 156 27 omständighe-

99 512 34 17 ten
151 511 29 18 att
195 515 26 15 en
233 509 46 20 icke
295 509 60 27 ringa
370 509 34 20 del
419 509 21 20 af
457 509 50 26 dem,
520 515 33 14 som
572 509 18 27 ej
608 509 113 27 undergätt
735 509 125 26 fullständig

100 543 121 27 besigtning
246 543 33 20 vid
301 543 112 27 uppbådet,
436 543 121 21 sedermera
580 543 26 21 då
629 543 26 21 de
668 543 89 21 inkallas
773 544 5 20 i
796 544 63 27 tjenst

101 577 66 21 måste
182 578 97 20 kasseras
295 577 68 21 såsom
379 577 32 21 till
426 577 122 28 krigstjenst
563 578 46 20 icke
625 577 141 21 användbara.

168 611 43 22 Det
234 614 23 18 är
279 611 82 22 således
384 614 93 18 närmast
499 619 76 20 genom
594 619 27 14 en
636 612 120 27 jemförelse
773 613 20 20 af
809 612 25 21 de
851 612 6 20 i

100 645 89 21 Finland
211 646 38 21 och
269 645 105 28 Ryssland
392 646 109 21 faststälda
517 646 231 21 kassationsorsakerna
763 653 45 14 som
825 648 33 19 ut-

100 679 90 28 redning
202 681 41 20 kan
254 681 74 20 vinnas
337 680 78 27 derom,
423 681 105 20 huruvida
536 681 7 20 i
552 687 39 14 ena
599 681 72 20 landet
679 683 66 18 större
753 681 106 21 lättnader

101 714 120 27 medgifvits
237 716 26 19 än
279 715 6 20 i
297 714 36 21 det
341 715 71 20 andra.
435 715 10 20 I
461 715 56 21 detta
526 715 100 20 afseende
635 715 72 27 intyga
715 715 97 20 fackmän
822 717 36 24 att,

101 755 34 14 om
151 749 39 20 ock
206 749 74 20 härvid
297 749 20 20 af
332 749 26 20 de
374 749 69 20 lokala
458 749 161 21 förhållandena
631 749 112 27 betingade
754 749 102 20 olikheter

100 783 138 27 förekomma,
262 784 91 20 nämnda
375 784 130 20 föreskrifter
528 784 141 21 öfverhufvud
693 785 35 19 äro
749 783 109 21 likartade.

102 817 49 21 Men
169 818 55 20 huru
239 820 44 18 stor
303 818 235 20 öfverensstämmelsen
554 818 48 20 med
618 818 99 20 afseende
733 818 11 20 å
759 818 26 20 de
801 817 59 27 gifna

102 852 159 20 föreskrifterna
279 854 26 18 än
322 854 28 24 är,
366 852 65 21 måste
447 852 116 21 resultaten
579 852 54 20 dock
649 852 88 27 gestalta
752 852 32 26 sig
799 852 62 20 olika.

103 886 27 21 Sä
146 888 13 19 t.
183 893 32 14 ex.
235 888 24 19 är
279 886 115 28 skörbjugg
417 893 26 14 en
461 886 33 21 för
509 889 56 18 stora
581 886 58 21 delar
655 886 20 21 af
690 886 105 27 Ryssland
811 893 50 20 syn-

104 920 94 27 nerligen
221 921 79 20 allmän
316 921 185 27 kassationsorsak,
517 921 76 21 medan
610 927 81 14 samma
706 921 96 26 sjukdom
824 920 39 21 alls

103 954 46 21 icke
171 955 143 20 förekommer
336 955 6 20 i
363 955 96 20 Finland.
491 955 85 20 Allmän
593 955 107 27 kroppslig
715 955 87 27 svaghet
817 955 46 20 åter

104 991 23 18 är
142 989 65 20 bland
230 989 68 20 finske
319 989 150 27 värnepligtige
493 995 27 15 en
543 989 23 20 så
589 989 71 27 vanlig
676 989 186 26 kassationsorsak,

104 1025 29 18 att
155 1023 7 20 i
191 1023 36 21 det
250 1025 105 19 närmaste
380 1023 131 27 fjerdedelen
538 1024 21 20 af
583 1023 97 27 samtliga
705 1023 156 21 kassationsfall

104 1057 98 21 hänföres
225 1058 68 20 under
316 1058 69 21 denna
404 1058 82 26 rubrik;
503 1065 48 14 men
568 1060 30 19 att
613 1058 51 21 söka
679 1064 77 21 genom
771 1057 91 26 ändring

104 1092 21 20 af
147 1099 30 13 nu
202 1092 65 27 följda
290 1093 93 26 grunder
406 1093 32 20 för
453 1092 98 21 befrielse
567 1092 46 21 från
630 1092 155 27 värnepligtens
801 1093 61 25 utgö-

103 1126 66 21 rande
185 1126 84 21 minska
284 1127 25 20 de
325 1127 20 20 af
361 1133 50 20 nyss
421 1127 79 20 nämnd
511 1127 60 20 orsak
588 1127 105 20 beroende
704 1127 159 20 kassationerna

105 1167 48 14 vore
169 1161 19 26 ej
206 1161 53 20 blott
274 1161 87 27 obilligt,
377 1163 51 18 utan
444 1161 40 20 ock
500 1161 101 27 omöjligt.

172 1195 30 20 Af
225 1195 31 20 till
279 1195 54 20 buds
349 1195 86 21 stående
451 1195 244 27 fackmannautredning
707 1201 63 20 synes
786 1194 75 20 nämli-

104 1235 41 21 gen
163 1229 88 27 framgå,
267 1231 29 19 att
308 1229 35 21 det
353 1229 46 21 icke
410 1229 42 21 läte
463 1229 32 27 sig
504 1231 49 25 göra
564 1231 30 19 att
604 1235 76 21 genom
695 1228 167 21 administrativa

104 1263 133 21 föreskrifter
255 1264 63 20 vinna
332 1263 65 27 något
412 1263 75 21 sådant
502 1263 93 21 resultat.
626 1263 75 21 Under
715 1263 23 20 år
754 1263 54 20 1898
825 1269 37 14 an-

104 1297 67 21 stälda
201 1304 124 21 noggranna
350 1298 189 27 undersökningar,
564 1298 82 21 hvilkas
676 1298 87 21 resultat
791 1297 72 20 finnas

104 1331 135 28 publicerade
249 1332 26 27 *),
298 1333 69 20 utvisa
388 1334 29 19 att
440 1332 42 21 den
502 1333 34 20 vid
553 1333 149 26 besigtningen
717 1333 20 20 af
752 1332 26 21 de
793 1331 70 21 finske

174 1388 17 23 >)
204 1388 31 18 D:r
251 1388 17 18 O.
281 1388 22 17 F.
319 1388 96 23 Wahlberg
427 1389 33 17 och
473 1389 32 17 D:r
520 1389 21 17 U.
555 1388 96 23 Lojander,
664 1389 35 17 Det
711 1388 75 18 militära
798 1387 66 18 besikt-

104 1416 137 22 ningsväsendet
253 1419 46 15 samt
311 1417 65 18 Hälso-
389 1417 32 18 och
434 1417 106 22 sjukvården
553 1417 29 17 vid
594 1417 55 18 finska
662 1417 90 18 militären.
777 1416 87 18 Arsredo-

104 1445 69 23 görelse
185 1446 28 17 för
226 1446 49 18 1898.
