1092 1786
261 129 13 20 6
470 128 84 23 Ständ.
572 128 38 23 Sv.
628 141 27 3 —
670 129 49 22 Bil.
735 128 20 23 I.

232 197 86 21 medels
342 197 118 28 Kejserligt
483 198 99 27 reskript
600 198 33 21 till
654 198 241 27 Generalguvernören
911 197 58 22 skall
985 197 7 20 i

232 232 45 21 den
301 232 6 20 i
330 239 89 14 samma
443 233 109 27 paragraf
573 233 120 20 bestämda
716 233 99 26 ordning
838 233 99 20 inkallas
959 232 32 21 till

232 266 154 27 tjenstgöring.

303 300 60 21 Från
380 301 66 21 dessa
462 300 173 28 bestämningar
645 301 110 21 innefatta
767 301 157 27 stadgandena
934 300 4 21 i
949 300 43 20 för-

232 336 72 26 slaget
318 335 34 21 till
368 336 134 26 förordning
518 336 118 26 angående
652 336 27 21 de
695 336 77 21 finska
782 338 137 25 truppernas
930 340 63 21 orga-

232 369 101 21 nisation
354 370 44 20 och
414 370 139 26 förvaltning
569 370 125 26 väsentliga
711 370 128 26 afvikelser,
855 370 7 20 i
878 370 37 20 det
929 376 64 21 nyss-

232 403 104 21 nämnda
360 404 118 26 åliggande
501 404 48 21 deri
573 404 149 28 öfverflyttats
743 404 201 26 hufvudsakligast
963 404 30 27 på

233 438 70 26 ryska
319 438 164 26 myndigheter.
516 438 102 21 Sålunda
633 440 65 25 säges
714 438 6 20 i
737 440 40 19 art.
794 439 34 25 75,
839 440 32 19 att
881 438 112 20 inkallan-

232 472 39 20 det
286 472 6 20 i
309 472 62 20 aktiv
393 472 68 27 tjenst
483 472 38 21 vid
543 472 28 21 de
587 473 76 21 finska
678 475 126 25 trupperna
820 472 25 21 af
858 472 134 21 underbefäl

232 506 46 20 och
301 506 114 28 manskap
438 506 38 21 vid
492 513 105 15 reserven
613 512 52 22 eger
680 514 51 13 rum
747 507 30 27 på
794 507 199 26 Krigsministerns

234 540 168 27 framställning
422 546 82 21 genom
521 541 70 27 nådig
606 542 59 20 ukas
680 542 33 20 till
730 541 149 30 Dirigerande
895 541 97 21 Senaten

232 575 46 20 och
298 580 82 21 genom
397 576 246 20 Kommenderandens
659 576 25 20 af
697 578 126 24 trupperna
839 575 6 21 i
861 575 131 21 finländska

233 609 199 21 militärdistriktet
454 610 43 20 och
514 609 124 28 Keiserliga
654 609 111 21 Senatens
781 609 35 21 för
832 609 99 21 Finland
949 609 43 21 för-

233 643 121 27 foganden.

303 678 49 21 Den
369 678 6 20 i
390 680 14 25 8
421 680 39 19 123
476 679 7 20 i
498 679 106 26 gällande
627 679 182 27 Värnepligtslag
830 678 110 27 ingående
956 678 36 20 be-

233 712 145 27 stämningen
399 720 38 14 om
458 714 154 26 uppsättande
629 713 25 21 af
667 713 170 27 depottrupper,
854 713 29 27 på
899 713 92 20 hvilken

233 746 83 28 nådiga
339 747 163 27 förordningen
528 748 26 20 af
573 748 44 20 den
640 748 14 20 4
676 747 95 27 Augusti
797 748 54 20 1882
875 747 117 27 angående

233 781 186 27 organisationen
440 782 26 20 af
478 782 165 27 depottrupper
659 783 25 19 är
699 782 105 26 baserad,
820 782 74 20 blefve
910 787 81 21 genom

233 818 40 18 art.
290 816 84 20 33—37
390 816 7 20 i
413 816 106 27 förslaget
540 816 33 21 till
590 816 135 27 förordning
740 816 118 27 angående
873 816 28 20 de
917 816 75 20 finska

232 852 138 25 truppernas
386 850 156 27 organisation
559 851 43 20 och
619 850 138 27 förvaltning
773 850 6 21 i
793 850 132 21 hufvudsak
936 857 56 20 upp-

233 884 61 21 häfd.
320 884 8 20 I
345 884 70 27 sagda
430 885 123 26 paragraf
546 880 12 36 i
565 885 211 27 Värnepligtslagen
788 885 129 20 förutsättes
929 886 63 19 näm-

232 918 67 27 ligen,
315 919 77 20 såsom
408 919 66 21 äfven
490 919 82 27 tydligt
588 919 99 26 framgår
699 926 26 13 ur
737 919 159 27 nyssnämnda
906 918 86 21 förord-

233 953 55 26 ning
304 953 25 20 af
342 953 26 20 år
384 954 61 25 1882,
462 955 31 19 att
508 953 28 21 de
552 953 35 21 för
597 953 176 28 depottruppers
784 953 153 28 uppsättande
948 953 44 20 och

232 987 157 26 organisation
405 987 146 27 erforderliga
567 988 135 26 åtgärderna
719 987 65 21 skola
800 987 103 27 vidtagas
919 987 24 20 af
952 987 40 20 fin-

233 1021 42 20 ska
298 1021 164 27 myndigheter.
494 1022 32 21 De
550 1022 103 21 nämnda
672 1022 137 21 artiklarnas
825 1022 56 27 syfte
898 1021 47 21 åter
960 1023 31 22 är,

232 1057 33 18 att
275 1055 195 28 depottrupperna
481 1056 6 20 i
498 1056 53 21 hela
562 1056 58 21 riket
631 1057 65 20 skola
708 1056 143 27 organiseras
862 1056 30 27 på
903 1062 88 14 samma

233 1091 50 24 sätt,
306 1089 94 21 hvarför
420 1090 44 21 ock
485 1090 6 20 i
508 1093 40 18 art.
565 1091 26 20 37
609 1091 151 26 uttryckligen
776 1092 71 25 säges,
864 1092 32 19 att
911 1090 38 20 vid
964 1090 28 21 de

232 1123 76 21 finska
324 1123 206 28 depottruppernas
547 1125 150 26 uppsättning
710 1125 44 20 och
765 1125 155 26 organisation
931 1124 61 21 vissa

232 1158 95 20 artiklar
348 1158 7 20 i
375 1159 69 26 ryska
465 1159 361 26 militärförfattningssamlingen
843 1159 70 20 borde
928 1159 7 20 i
951 1159 41 20 till-

233 1192 108 27 lämpliga
357 1192 63 21 delar
435 1192 69 21 lända
520 1193 34 21 till
571 1193 151 21 efterrättelse.

301 1225 31 28 SS
348 1227 27 19 19
393 1227 40 20 och
458 1227 28 20 20
504 1227 7 20 i
528 1227 213 27 Värnepligtslagen.
773 1227 33 21 De
823 1227 6 20 i
846 1227 66 20 dessa
928 1232 64 21 para-

232 1260 74 26 grafer
329 1260 111 27 ingående
462 1261 205 27 bestämningarna
683 1268 38 14 om
738 1261 145 21 landtvärnet
899 1261 92 20 komme

232 1300 84 20 genom
335 1295 27 20 de
384 1295 5 20 i
406 1295 28 21 de
458 1296 83 26 nådiga
565 1296 202 27 propositionerna
778 1296 129 26 föreslagna
918 1295 75 20 förän-

231 1329 125 27 dringarna
369 1332 32 18 att
412 1330 6 20 i
432 1330 50 21 sina
495 1330 192 27 hufvudpunkter
700 1330 137 27 upphäfvas.
855 1329 8 21 I
878 1336 114 14 samman-

232 1363 63 27 hang
313 1363 52 21 med
385 1364 171 26 behandlingen
573 1364 25 20 af
612 1364 26 26 $$
654 1365 19 25 3,
689 1364 20 26 4,
727 1365 26 19 13
769 1364 44 20 och
831 1364 40 20 123
887 1363 6 21 i
909 1364 83 20 Värne-

231 1397 143 28 pligtslagen,
396 1398 35 21 för
453 1398 25 21 så
497 1398 47 21 vidt
567 1398 67 22 dessa
658 1398 131 28 paragrafer
805 1398 59 27 angå
880 1404 111 16 reserven,

231 1431 44 21 har
297 1432 70 21 redan
390 1433 137 20 framhållits
551 1433 44 20 den
617 1432 195 27 genomgripande
836 1432 156 27 förändring
980 1427 15 36 i
