1086 1756
245 127 25 20 10
556 126 28 23 U.
602 127 28 22 B.

282 196 18 20 2.
330 195 10 21 I
361 195 122 27 anslutning
505 196 32 20 till
552 195 123 21 förberörda
694 195 113 21 tendenser
822 196 91 26 upptaga
929 194 40 20 för-

212 229 206 28 fattningsförslagen
442 229 104 27 ätskilliga
569 229 138 27 stadganden,
723 229 82 21 hvilkas
828 229 54 26 syfte
904 230 22 19 är
941 230 29 18 att

212 263 28 28 pä
263 264 188 20 militärväsendets
472 264 85 20 område
580 264 58 20 såväl
660 264 7 20 i
690 263 89 27 rättsligt
801 270 45 13 som
870 262 100 21 nationelt

214 298 120 20 hänseende
356 298 105 27 upphäfva
483 298 28 20 all
533 298 104 20 ätskilnad
654 298 75 20 mellan
747 297 105 27 Ryssland
869 297 38 20 och
922 296 48 20 Fin-

213 332 57 20 land.
299 331 32 21 De
349 332 68 20 finska
432 334 112 25 trupperna
560 332 60 20 skola
635 332 63 20 äfven
714 332 67 20 under
797 331 87 21 fredstid
901 330 69 20 kunna

214 366 104 26 förflyttas
333 366 29 22 till
380 366 71 21 hvilka
466 369 56 18 orter
537 373 44 14 som
597 366 55 21 helst
666 366 7 20 i
689 366 111 27 Ryssland.
831 366 71 26 Ryska
916 364 54 21 infö-

213 400 77 26 dingar
307 400 59 21 skola
384 400 21 21 få
419 401 91 27 fullgöra
525 401 32 20 sin
575 401 117 27 värnepligt
708 401 6 20 i
729 400 69 21 finska
813 402 95 25 trupper;
924 398 46 22 offi-

213 434 153 27 cersplatserna
388 435 35 20 vid
439 435 60 20 dessa
515 435 59 20 skola
586 435 92 20 besättas
692 435 61 20 äfven
770 434 47 21 med
835 440 99 21 personer
949 433 21 20 af

214 468 51 27 rysk
281 468 111 22 härkomst.
422 469 47 21 Den
485 469 67 21 finska
568 469 116 21 militärens
695 469 182 27 angelägenheter,
887 468 29 20 till
932 468 38 20 och

215 503 48 20 med
287 503 25 21 de
335 503 142 26 ekonomiska,
500 504 58 20 skola
581 504 100 20 förvaltas
702 504 20 20 af
737 504 64 26 ryska
817 503 153 26 distriktsmyn-

214 537 97 27 digheter
326 544 17 14 o.
360 544 15 14 s.
391 545 18 13 v.

284 571 119 21 Rättvisans
419 572 38 21 och
473 572 133 27 billighetens
621 572 106 27 principer
741 572 22 20 fä
778 572 47 20 vika
841 572 32 20 för
889 572 25 20 de
930 578 41 20 nya

215 606 98 26 politiska
334 606 131 26 syftemälen.
496 606 72 21 Säsom
584 606 59 21 bevis
660 606 63 28 härpä
739 606 38 21 bör
792 606 99 20 särskildt
909 606 62 20 fram-

215 640 73 25 hällas,
304 642 29 18 att
348 640 40 21 den
404 641 132 27 förkortning
550 641 21 21 af
587 641 41 21 den
644 641 70 21 aktiva
729 641 194 27 tjenstetiden,
886 636 36 36 som
935 640 37 21 bör

216 674 118 20 tillkomma
356 674 25 21 de
405 675 157 27 värnepligtige,
578 675 81 21 hvilkas
681 675 158 27 bildningsgrad
856 677 116 19 motsvarar

215 708 66 21 första
296 708 115 28 kategorin,
426 710 47 20 icke
488 710 51 20 skall
556 710 118 26 medgifvas
689 710 47 20 dem
753 709 26 27 pä
794 711 63 19 annat
868 709 66 21 vilkor
944 711 25 18 än

216 745 30 18 att
263 743 31 26 de,
310 745 57 19 utom
383 744 67 26 öfriga
466 744 69 27 betyg,
550 744 66 20 förete
631 744 61 26 intyg
707 744 58 20 öfver
781 744 96 26 kunskap
890 744 6 20 i
909 743 63 27 ryska

215 776 90 28 språket.
328 777 150 28 Värnepligten
490 778 52 20 skall
554 778 89 20 sälunda
652 778 105 27 begagnas
769 778 67 20 såsom
849 780 30 18 ett
889 778 83 26 tvängs-

216 811 70 21 medel
308 811 33 21 för
362 812 131 20 utbredande
509 812 21 20 af
544 812 49 26 rysk
610 812 160 27 spräkkunskap
786 812 6 20 i
808 812 96 20 Finland.
935 812 36 20 Att

214 845 43 21 den
280 845 83 21 bildade
387 846 120 26 ungdomen
523 846 7 20 i
546 846 202 20 Storfurstendömet
763 846 7 20 i
785 845 60 27 fräga
861 852 34 14 om
910 846 60 20 efter-

215 880 64 26 gifter
300 880 6 20 i
330 880 166 26 militärtjensten
519 880 122 27 derigenom
664 880 67 21 skulle
747 880 97 20 försättas
859 880 7 20 i
882 886 25 14 en
923 880 48 20 vida

214 920 164 20 ogynsammare
401 914 100 28 ställning
516 916 26 19 än
558 915 40 20 den
614 914 84 21 bildade
716 914 120 27 ungdomen
852 914 7 20 i
875 914 95 26 Kejsare-

215 948 78 25 dömet,
309 950 22 18 är
346 954 26 14 en
389 949 159 26 omständighet,
573 949 33 20 vid
626 949 85 20 hvilken
727 949 6 19 i
749 948 100 27 förslaget
865 948 18 27 ej
899 948 71 20 fästats

215 982 65 26 något
296 982 103 21 afseende.
429 982 11 21 I
459 983 82 27 analogi
557 983 47 21 med
622 983 35 20 det
672 983 87 20 anförda
775 982 89 21 vilkoret
880 982 90 27 uppstäl-

214 1016 32 20 les
269 1016 7 20 i
298 1016 99 26 förslaget
420 1017 110 21 enahanda
552 1018 84 20 fordran
661 1018 32 20 för
717 1017 123 27 rättigheten
857 1018 30 19 att
902 1016 67 20 säsom

214 1050 88 26 frivillig
317 1050 90 27 fullgöra
423 1051 149 27 värnepligten.
595 1048 69 24 Äfven
681 1052 76 25 denna,
774 1051 31 20 för
821 1051 26 20 de
858 1051 63 25 högre
933 1050 37 20 bil-

214 1084 55 21 dade
291 1085 86 20 afsedda
401 1086 87 25 förmän,
511 1086 61 19 hvars
592 1086 120 26 beviljande
727 1085 68 20 tillika
810 1085 67 26 ligger
892 1085 7 19 i
914 1087 56 24 trup-

214 1125 77 20 pernas
313 1119 95 25 intresse,
430 1119 68 20 skulle
520 1119 60 20 alltsä
599 1120 6 19 i
627 1119 88 21 Finland
738 1119 135 26 kringskäras
894 1125 76 20 genom

214 1152 86 21 fordran
324 1153 26 26 pä
365 1159 26 14 en
413 1153 102 27 kunskap,
538 1154 32 20 för
590 1153 62 20 hvars
674 1153 137 21 inhemtande
827 1153 120 26 ungdomen
964 1153 5 18 i

214 1186 106 27 Ryssland
336 1187 46 20 icke
399 1187 100 21 behöfver
513 1189 113 25 anstränga
641 1187 37 27 sig.

284 1221 107 21 Utskottet
417 1222 147 20 underskattar
588 1221 116 27 ingalunda
727 1221 124 26 betydelsen
878 1220 21 21 af
920 1221 49 26 rysk

214 1255 160 27 spräkkunskap
389 1255 8 20 i
412 1255 95 21 Finland.
529 1255 49 21 Alla
593 1257 36 19 äro
646 1262 50 14 ense
712 1255 79 26 derom,
807 1257 30 18 att
850 1254 76 21 befälet
936 1254 33 20 vid

214 1289 84 20 landets
321 1289 76 21 militär
420 1289 37 21 bör
473 1296 38 21 ega
527 1290 125 26 skicklighet
666 1290 7 20 i
689 1290 56 21 detta
761 1289 68 28 språk;
846 1289 39 20 och
908 1288 26 21 dä
950 1288 20 21 af

214 1323 107 27 praktiska
344 1324 45 20 skäl
412 1324 97 27 kunskap
531 1324 6 20 i
560 1324 78 25 ryskan
654 1326 24 18 är
692 1323 92 27 behöflig
799 1323 78 27 jemväl
893 1323 34 20 vid
943 1329 25 14 en

212 1357 37 20 del
274 1357 167 22 administrativa
467 1359 92 26 tjenster,
575 1358 72 21 kunna
669 1359 33 20 för
724 1358 61 21 dessa
803 1357 53 21 båda
871 1357 96 20 ändamål

213 1391 91 27 positiva
326 1392 120 27 fordringar
461 1392 46 21 frän
523 1394 79 19 statens
617 1392 45 20 sida
678 1392 122 27 uppställas.
830 1391 41 20 För
887 1391 26 20 de
927 1391 42 28 pri-

213 1427 49 19 vata
278 1432 105 21 personer,
399 1433 45 13 som
461 1427 32 20 stä
507 1427 7 19 i
529 1426 203 21 affärsförbindelser
747 1426 53 21 eller
815 1425 66 20 andra
890 1425 80 20 direkta

212 1459 115 21 relationer
337 1460 47 21 med
393 1460 128 21 innevånare
530 1461 7 19 i
545 1460 165 27 Kejsaredömet,
722 1460 54 21 skall
789 1459 36 21 det
833 1465 54 21 egna
896 1459 73 20 intres-
