1089 1745
243 133 42 20 104
522 131 85 24 Ständ.
624 132 39 23 Sv.

549 203 14 29 s
585 203 56 22 121.

284 254 86 23 Under
394 254 106 23 fredstid
519 255 139 28 uppställer
678 254 242 23 Storfurstendömet
939 260 32 16 en

214 288 70 23 aktiv
303 289 164 29 truppstyrka
488 289 24 22 af
530 289 76 29 högst
619 289 117 22 tolftusen
750 295 58 16 man
820 288 151 23 underbefäl

214 323 46 22 och
278 323 132 29 manskap,
429 323 131 22 fördelade
578 323 33 29 på
631 324 66 21 olika
716 330 83 22 vapen
818 323 63 22 efter
893 322 79 23 behof

214 357 46 22 och
278 357 117 30 förlagda
414 358 7 22 i
439 358 75 22 länen
532 358 68 22 inom
619 358 92 22 landet.

283 391 206 30 Truppstyrkans
517 393 226 28 sammansättning
762 392 46 22 och
826 392 144 29 fördelning

213 426 33 28 på
266 426 67 22 olika
351 433 84 22 vapen
454 427 130 21 äfvensom
598 427 57 21 dess
669 427 151 22 dislokation
832 426 138 22 fastställes

214 460 26 22 af
268 460 122 29 Kejsaren
418 461 46 22 och
491 461 157 23 Storfursten
675 461 32 29 pä
735 461 184 29 framställning
946 460 25 22 af

213 494 215 30 Krigsministern,
458 496 77 22 sedan
566 495 109 23 Senaten
696 495 99 29 afgifvit
813 495 131 22 utlätande
963 495 8 21 i

214 529 112 23 ärendet.

547 605 15 29 8
584 605 59 32 122.

283 661 205 23 Bestämmandet
519 662 26 22 af
571 664 152 27 truppernas
750 662 145 28 utrustning
922 661 46 22 och

212 695 135 22 underhåll
375 697 144 22 ankommer
546 697 33 28 pä
603 697 124 28 Kejsaren
745 697 46 22 och
812 696 156 23 Storfursten

213 729 90 23 allena.
332 730 175 23 Kostnaderna
526 731 87 22 härför
629 731 61 29 utgä
703 731 88 22 främst
805 731 25 22 af
842 730 126 23 allmänna

212 764 195 23 militiefondens
427 765 144 30 tillgängar;
591 765 68 23 hvad
673 765 145 22 derutöfver
831 765 135 26 erfordras,

212 798 119 23 betäckes
356 799 36 22 till
411 799 49 22 den
479 800 45 26 del,
543 806 53 16 som
615 801 21 28 ej
657 800 51 22 kan
726 800 57 21 frän
802 799 166 22 statsverkets

212 833 128 22 ordinarie
367 834 136 22 inkomster
530 834 131 27 bestridas,
683 835 57 22 med
759 834 31 22 de
809 834 86 26 medel,
914 840 52 15 som

212 867 40 21 för
272 867 142 23 ändamälet
432 868 83 22 blifvit
535 869 25 21 af
579 868 142 22 Ständerna
741 868 128 22 anvisade.

547 971 15 29 8
585 972 56 22 123.

282 1027 85 23 Under
395 1028 106 29 krigstid
528 1028 131 23 användas
679 1028 31 23 de
728 1028 84 22 finska
830 1029 141 28 trupperna

210 1061 183 24 företrädesvis
421 1063 43 22 vid
488 1063 235 29 försvarsätgärder
749 1063 8 22 i
776 1062 115 27 Finland,
914 1069 57 15 men

210 1096 95 26 kunna,
335 1097 8 21 i
372 1097 48 22 den
448 1097 57 22 män
533 1097 87 29 dylika
647 1097 120 29 ätgärder
793 1097 55 22 icke
866 1097 104 28 päkalla

210 1132 119 27 truppers
356 1131 184 22 kvarhällande
567 1132 8 21 i
602 1132 93 26 landet,
721 1131 80 22 kallas
822 1132 35 21 att
875 1131 96 28 jemväl

210 1166 70 21 utom
307 1165 87 22 landet
421 1166 136 22 medverka
585 1166 43 22 vid
656 1166 78 22 rikets
752 1165 108 23 försvar.
900 1165 70 22 Dock

210 1199 41 22 må
278 1199 257 30 landtvärnstrupper
561 1200 55 22 icke
642 1201 69 22 föras
738 1201 69 21 utom
834 1200 109 21 Finland
963 1200 7 21 i

211 1235 78 20 annat
307 1233 50 27 fall,
374 1235 32 21 än
419 1235 37 22 att
468 1235 125 22 försvaret
606 1235 25 22 af
644 1235 203 28 Kejsaredömets
860 1233 110 23 hufvud-

210 1267 58 23 stad
287 1267 91 24 sådant
396 1268 108 23 fordrar.

280 1302 38 22 Då
338 1302 31 22 de
389 1303 86 21 aktiva
493 1304 139 27 trupperna
651 1303 86 22 ställas
755 1303 33 28 på
801 1303 108 28 krigsfot
922 1303 47 21 och

209 1336 84 22 dertill
319 1336 113 30 behöflig
452 1337 39 22 del
512 1337 25 22 af
555 1344 118 15 reserven
692 1337 108 22 inkallas
818 1337 8 21 i
845 1336 49 22 den
913 1336 57 22 ord-

208 1370 64 29 ning
300 1370 14 29 $
344 1370 32 23 13
405 1371 110 29 stadgar,
545 1372 132 28 uppsättas
697 1371 26 22 af
740 1371 49 23 den
809 1370 160 23 återstående

208 1410 121 16 reserven
357 1405 8 22 i
391 1405 59 22 mån
469 1406 25 22 af
513 1405 119 23 behofvet
650 1406 184 28 depottrupper
851 1405 56 22 med
926 1405 44 22 be-

208 1439 146 22 stämmelse
374 1440 36 22 att
428 1440 60 28 fylla
507 1440 31 22 de
557 1440 94 26 luckor,
672 1446 53 16 som
744 1440 81 22 under
838 1439 131 29 krigsope-
