1089 1764
248 147 27 20 74
528 147 84 22 Ständ.
629 147 38 22 Sv.

289 217 39 22 Då
353 220 35 20 ett
409 218 91 23 sådant
518 219 57 28 krig
594 219 121 28 utbryter,
734 225 53 16 som
805 218 115 28 påkallar
940 219 35 21 att

220 251 120 30 åtgärder
367 253 38 22 för
432 253 77 22 rikets
536 253 102 22 försvar
662 253 118 29 vidtagas
799 253 75 22 äfven
893 253 8 21 i
920 252 55 22 Fin-

219 286 68 26 land,
316 287 47 22 bör
387 287 92 22 det:'af
501 287 107 22 anförda
628 287 55 23 skäl
702 288 21 28 ej
745 287 85 22 kunna
849 287 99 22 komma
967 287 7 21 i

218 320 75 29 fråga
321 322 36 21 att
385 321 204 23 afkommendera
618 322 30 22 de
673 322 83 22 finska
781 323 138 26 trupperna
939 321 36 21 till

220 355 81 22 andra
323 355 245 30 krigsskådeplatser
587 357 46 21 och
653 356 118 22 använda
790 356 89 22 endast
896 355 78 29 ryska

219 390 105 28 trupper
343 390 35 22 till
397 391 119 22 Finlands
536 391 107 22 försvar.
681 391 37 21 De
736 390 84 22 finska
836 392 138 27 trupperna

219 423 81 23 skulle
319 424 8 22 i
346 425 90 22 sådant
454 425 44 22 fall
516 425 82 22 lemna
617 425 42 22 sitt
677 425 59 22 land
755 425 56 22 med
830 425 50 22 den
898 425 76 21 bittra

217 458 109 22 känslan
354 460 35 21 att
416 460 74 21 deras
518 460 82 21 trohet
625 461 28 20 är
671 459 143 27 misstänkt;
834 459 42 22 det
895 459 79 22 skulle

219 493 26 21 af
271 493 56 22 dem
354 493 146 23 förnimmas
525 494 83 22 såsom
631 501 30 15 en
679 493 198 29 förödmjukelse
897 495 35 20 att
950 494 22 27 ej

217 527 26 22 få
271 527 92 29 kämpa
391 528 39 22 för
455 528 49 27 det,
528 535 52 15 som
604 529 78 22 måste
704 529 69 28 ligga
795 528 73 22 deras
892 528 82 29 hjerta

219 562 121 26 närmast,
366 563 41 22 det
426 569 65 22 egna
509 563 213 26 fäderneslandet,
742 563 32 22 då
794 562 76 22 äfven
888 563 42 21 det
950 562 25 22 af

217 595 97 30 krigets
333 597 68 22 faror
420 597 80 22 hotas.

288 630 33 22 Af
350 631 74 22 dessa
455 632 62 26 skäl,
546 632 86 21 hvilka
664 632 75 22 äfven
770 638 30 15 ur
829 632 56 21 rent
914 630 60 22 mili-

217 664 80 22 tärisk
325 666 129 28 synpunkt
482 667 43 21 äro
550 666 26 22 af
597 666 117 29 vägande
739 666 137 28 betydelse,
896 665 78 22 hafva

219 698 144 23 Ständerna
389 702 81 20 ansett
494 700 42 22 det
559 700 61 22 böra
639 701 8 21 i
665 700 75 29 lagen
758 701 111 27 utsägas,
889 701 35 20 att
942 700 32 21 de

217 733 84 22 finska
329 735 138 27 trupperna
494 734 81 22 under
599 735 107 29 krigstid
730 734 180 22 företrädesvis
933 740 41 16 an-

217 768 99 22 vändas
336 768 42 22 vid
398 769 234 29 försvarsåtgärder
650 770 8 21 i
676 769 114 22 Finland.
826 768 46 22 Till
890 768 83 22 denna

216 802 162 30 bestämning
402 803 8 22 i
431 810 73 15 mom.
526 804 11 21 1
560 804 25 21 af
603 802 18 33 &
639 800 51 27 123
710 804 46 22 har
775 803 71 26 dock,
867 803 7 21 i
893 802 80 22 öfver-

217 837 188 22 ensstämmelse
424 838 56 22 med
500 838 154 22 Ständernas
671 838 129 22 uttalande
812 837 160 22 beträffande

217 871 142 29 ändringen
389 872 24 22 af
441 872 14 28 $
482 873 11 21 1
520 872 7 22 i
552 872 244 29 Värnepligtslagen,
822 872 84 28 fogats
930 872 42 22 det

217 905 96 29 tillägg,
340 907 35 21 att
398 906 30 22 de
447 906 83 22 finska
550 908 138 27 trupperna
706 906 94 26 kunna,
819 906 8 22 i
846 906 49 22 den
914 906 58 22 män

217 939 235 30 försvarsätgärder
482 941 32 28 pä
544 941 79 22 finskt
653 941 103 22 omräde
785 941 55 21 icke
870 940 101 29 päkalla

217 975 118 27 truppers
360 975 182 22 kvarhällande
561 975 8 21 i
588 975 114 27 Finland,
726 975 80 22 kallas
826 976 35 21 att
879 975 93 29 jemväl

216 1009 70 21 utom
305 1008 86 23 landet
408 1010 137 21 medverka
564 1010 43 21 vid
625 1010 77 22 rikets
722 1010 106 22 försvar.

287 1042 165 24 Beträffande
460 1044 120 22 särskildt
586 1043 385 29 landtvärnstrupperna,hvilka

216 1076 79 29 enligt
309 1077 14 28 $
335 1078 34 22 20
382 1078 89 22 endast
484 1078 42 22 vid
540 1078 212 29 utomordentliga
765 1078 113 22 tillfällen
891 1078 81 22 under

217 1110 108 29 krigstid
344 1112 87 22 kunna
450 1112 147 28 uppställas,
618 1113 46 21 och
682 1112 101 22 hvilkas
807 1112 164 29 användning

215 1145 8 21 i
251 1145 90 29 fälttåg
363 1146 71 29 långt
457 1148 68 20 utom
545 1148 56 28 eget
619 1147 59 22 land
697 1146 202 29 uppenbarligen
917 1146 53 23 icke

215 1179 79 22 heller
322 1180 80 22 skulle
430 1188 61 15 vara
516 1181 174 29 krigföringen
713 1181 37 22 till
774 1181 98 29 verklig
890 1182 79 27 nytta,

215 1213 78 23 hafva
317 1214 141 23 Ständerna
477 1215 120 29 derjemte
617 1217 81 21 ansett
716 1216 43 22 det
776 1215 64 22 böra
859 1215 111 29 stadgas,

215 1249 36 21 att
270 1248 75 22 dessa
365 1250 103 28 trupper
486 1250 54 22 icke
558 1250 40 22 må
615 1250 68 22 föras
702 1251 68 21 utom
789 1249 107 23 Finland
908 1249 8 22 i
930 1256 41 15 an-

214 1283 45 21 nat
286 1282 44 22 fall
358 1284 32 21 än
418 1290 39 16 om
482 1284 30 22 de
536 1284 86 22 kunde
640 1284 125 22 behöfvas
783 1284 44 22 vid
845 1284 126 22 försvaret

215 1316 26 22 af
259 1316 204 29 Kejsaredömets
481 1318 165 23 hufvudstad.

284 1350 38 23 De
342 1352 138 29 ändringar
500 1352 142 22 Ständerna
660 1352 77 23 infört
755 1352 8 22 i
783 1352 15 29 $
813 1352 11 22 1
840 1352 46 22 och
896 1358 73 16 mom.

215 1384 12 21 1
250 1384 26 22 af
295 1385 14 28 $
331 1385 48 23 123
399 1386 38 22 stä
456 1387 7 21 i
482 1386 123 23 samband
626 1387 57 22 med
702 1387 31 22 de
752 1386 108 22 ledande
878 1385 93 30 grund-

214 1419 89 26 satser,
332 1419 88 23 hvilka
438 1421 8 21 i
464 1421 76 28 öfrigt
567 1421 128 22 vidhällits
716 1421 44 22 vid
779 1420 191 29 granskningen

215 1452 26 22 af
266 1453 31 22 de
319 1454 95 30 nädiga
432 1455 232 28 propositionernas
682 1455 103 29 förslag.
822 1454 149 23 Erkännan-
