1089 1756
594 432 57 28 HII.

243 493 132 22 Ständernas
394 494 43 21 rätt
455 494 32 21 att
505 493 85 28 deltaga
605 493 5 22 i
627 493 158 28 lagstiftningen
802 499 33 17 om
851 493 150 28 värneplikten.

613 553 18 19 1.

311 603 36 21 Af
360 603 27 21 de
402 603 35 21 till
447 603 28 21 de
486 603 83 28 nådiga
579 603 198 28 propositionerna
787 603 101 22 hörande
898 603 102 28 aktstyk-

243 637 50 25 ken,
317 637 78 22 hvilka
417 637 114 22 innehålla
553 637 72 22 motiv
642 637 35 21 till
691 637 173 22 vederbörande
879 637 121 22 komitéers

243 671 92 28 förslag,
351 671 106 29 framgår,
474 674 33 19 att
522 679 53 14 man
590 672 61 21 velat
666 672 135 28 ifrågasätta
816 672 109 21 Finlands
941 674 59 19 stän-

243 705 50 22 ders
316 708 45 19 rätt
377 708 33 19 att
425 706 7 21 i
447 706 44 21 den
506 706 72 21 hittils
593 705 74 29 följda
682 707 127 27 ordningen
826 706 91 29 deltaga
932 706 7 21 i
954 706 46 28 lag-

241 739 137 29 stiftningen
401 748 37 14 om
459 741 159 28 värneplikten
638 740 196 29 hufvudsakligen
854 742 30 27 på
899 739 101 29 följande

242 775 109 27 grunder:

309 809 30 26 A)
355 811 33 19 att
400 811 54 19 1772
466 811 35 20 års
509 809 178 28 regeringsform
696 812 58 19 samt
764 811 55 19 1789
829 811 35 20 års
873 809 126 28 förenings-

240 843 43 22 och
293 843 157 22 säkerhetsakt
460 844 50 21 icke
521 851 54 14 vore
586 843 111 22 stadfästa
708 846 75 19 såsom
794 844 110 21 Finlands
916 844 83 28 grund-

239 878 73 27 lagar;

308 913 29 28 B)
353 915 34 18 att
409 913 121 20 ständerna
553 913 77 21 därför
650 913 39 21 vid
706 915 115 19 1877—78
838 915 35 19 års
888 913 111 28 landtdag

239 946 81 21 saknat
330 949 45 18 rätt
385 947 35 20 till
431 947 136 27 deltagande
578 947 7 20 i
596 947 178 28 lagstiftningen
785 954 37 14 om
833 947 165 27 värneplikten;

309 980 24 26 C)
349 983 34 19 att
398 980 122 22 ständerna
535 981 126 21 emellertid
676 980 44 22 fått
736 981 37 21 del
789 981 7 21 i
809 981 189 28 värnepliktslag-

239 1014 136 29 stiftningen
391 1015 138 28 därigenom,
545 1018 33 18 att
594 1017 25 19 71
636 1016 14 28 &
666 1015 7 21 i
689 1015 251 28 landtdagsordningen
956 1015 42 28 gif-

237 1056 41 14 ver
293 1049 122 21 ständerna
430 1052 45 18 rätt
490 1052 33 18 att
538 1050 91 28 deltaga
646 1050 6 20 i
663 1049 120 21 stiftandet
795 1049 26 21 af
831 1050 113 28 grundlag
955 1049 42 21 och

237 1083 122 21 ständerna
381 1084 89 28 lyckats
489 1084 162 27 åstadkomma,
668 1086 33 19 att
716 1086 73 26 några
805 1084 170 28 bestämningar
991 1084 7 20 i

236 1117 210 29 värnepliktslagen
461 1118 121 21 förklarats
598 1118 37 21 för
650 1118 282 28 grundlagsstadganden;

303 1152 31 28 D)
351 1154 33 19 att
400 1152 62 21 detta
473 1152 104 21 ändamål
588 1152 58 22 hade
657 1152 94 22 vunnits
763 1154 32 27 på
806 1152 130 28 lagstridigt
946 1154 51 23 sätt,

235 1189 54 18 enär
312 1186 122 22 ständerna
457 1186 81 22 saknat
560 1187 146 21 motionsrätt
726 1186 44 22 och
785 1186 147 29 följaktligen
947 1186 49 21 icke

234 1220 60 21 varit
316 1220 141 29 berättigade
480 1223 33 19 att
535 1220 133 28 framställa;
684 1220 88 29 förslag
788 1221 7 20 i
810 1220 134 28 nyssnämdt
965 1220 31 21 af-

236 1255 93 26 seende;

303 1290 30 28 E)
349 1292 33 18 att
405 1290 121 21 ständerna
548 1291 25 19 så
592 1290 92 28 mycket
699 1289 90 21 mindre
806 1288 51 22 haft
872 1288 124 28 anledning

233 1326 34 18 att
289 1326 56 25 göra
360 1331 29 14 en
404 1324 37 21 del
456 1324 26 21 af
494 1324 210 28 värnepliktslagen
730 1324 37 20 till
782 1323 120 28 grundlag,
919 1330 48 14 som
983 1325 13 18 2

233 1358 14 28 8
263 1358 7 20 i
286 1364 85 15 samma
390 1358 39 28 lag
448 1358 101 21 affattats
565 1360 30 24 sä,
611 1360 34 19 att
660 1358 68 28 lagen
745 1357 91 22 erhållit
852 1364 28 14 en
895 1358 101 27 proviso-

234 1392 47 21 risk
296 1392 117 26 karaktär;
430 1394 58 20 samt

303 1438 141 23 Lagutskottets
457 1438 122 18 betänkande.
