1086 1778
256 119 38 20 136
570 119 19 20 U.
607 118 20 21 B.

223 186 41 21 det
286 186 130 23 önskvärdt,
440 189 33 18 att
494 194 27 13 en
549 186 102 21 bestämd
667 186 43 21 och
726 185 66 22 säker
808 185 58 28 årlig
882 185 97 21 inkomst

224 220 142 22 öfverfördes
382 221 35 21 till
432 220 167 21 militiefonden
615 220 56 21 eller
687 220 41 21 ock
744 221 29 26 på
785 225 70 16 annat
866 222 46 19 sätt
921 219 59 28 gjor-

224 255 39 20 des
287 255 34 21 för
344 255 128 21 ändamålet
495 254 136 29 disponibel,
655 255 117 20 äfvensom
798 257 33 18 att
855 253 124 28 stadgande

225 289 79 21 härom
320 289 76 22 bletve
413 289 86 21 infördt
515 289 6 20 i
537 289 44 28 lag.

295 462 100 21 Hvilken
411 462 48 21 vikt
476 462 38 21 det
530 462 73 28 ligger
619 464 28 26 på
663 464 34 19 att
713 462 170 28 krigsstyrkans
900 461 78 27 högsta

226 496 167 21 fredsnumerär
416 500 24 18 är
463 496 6 21 i
491 497 38 27 lag
544 496 104 28 staagad,
665 496 40 21 har
721 497 25 20 at
760 496 113 21 utskottet
888 496 6 20 i
911 501 67 15 annat

223 530 165 28 sammanhang
404 531 141 21 framhållits.
565 531 36 21 En
617 530 173 28 lagtörändring
801 530 6 21 i
819 530 38 21 det
868 531 66 27 syfte,
947 533 30 17 att

224 565 44 21 den
291 564 81 29 högsta
394 564 197 22 fredsnumerären
614 565 76 21 kunde
713 565 124 21 fastställas
860 564 6 21 i
888 564 92 21 admini-

224 599 81 21 strativ
320 602 51 26 väg,
387 600 45 21 kan
448 600 76 21 därför
540 600 72 28 enligt
630 600 124 21 utskottets
766 599 68 21 tanke
846 599 71 21 under
928 599 52 27 inga

223 633 157 22 törhällanden
398 635 25 20 at
436 634 109 22 Finlands
561 634 92 21 ständer
668 634 140 28 godkännas.

290 668 59 21 Lika
371 668 50 21 litet
442 669 45 21 kan
510 668 113 22 utskottet
646 668 113 28 tillstyrka
774 668 167 27 godkännande
958 670 19 18 at

222 702 111 28 förslaget
349 705 33 18 att
397 703 27 20 de
438 703 73 20 finska
523 706 123 25 trupperna
657 703 73 20 skulle
742 703 77 20 kunna
830 702 72 21 under
912 702 68 21 freds-

222 737 33 20 tid
279 737 133 21 stationeras
435 740 63 18 utom
521 737 104 21 Finland.
657 737 42 21 Att
721 737 27 21 de
767 737 74 20 finska
857 739 121 26 trupperna

222 771 57 21 böra
294 779 54 13 vara
364 771 6 21 i
386 772 78 21 landet
480 771 109 28 förlagda,
606 772 73 27 ligger
697 774 24 19 sä
736 772 7 21 i
760 771 81 22 sakens
857 775 74 22 natur,
947 776 30 17 att

223 806 113 21 utskottet
351 806 19 27 ej
390 807 107 21 behötver
513 807 78 21 härom
602 807 78 20 vidare
690 809 63 26 yttra
764 806 41 28 sig,
817 806 60 21 hälst
888 806 47 21 skäl
946 806 34 21 för

222 843 34 18 ett
280 843 93 18 motsatt
390 841 141 21 förhållande
547 841 19 27 ej
585 841 87 20 kunnat
688 849 26 13 ur
730 840 120 22 militärisk
862 841 113 27 synpunkt

222 875 115 28 uppvisas.
368 875 239 28 Anmärkningsvärdt
629 878 24 18 är
676 875 47 25 ock,
749 878 33 18 att
798 874 181 29 krigsministern

222 909 80 28 grefve
321 909 107 28 Miljutin,
449 911 73 20 såsom
544 910 113 21 utskottet
673 917 26 14 ur
713 910 43 21 den
773 909 107 22 officiella
897 909 82 21 korres-

222 943 133 28 pondensen
378 944 7 20 i
408 944 79 28 frågan
511 951 36 14 om
570 944 182 28 värnepliktslag
772 944 36 21 för
828 943 98 22 Finland
950 943 30 21 in-

222 978 94 25 hämtat,
332 978 49 21 icke
398 979 75 20 funnit
488 978 80 21 hinder
583 981 69 23 möta,
670 981 47 23 ,att
729 986 85 21 genom
830 979 38 27 lag
882 978 97 28 stadgas.

222 1015 34 18 att
272 1013 27 20 de
315 1013 73 20 finska
404 1018 123 23 trupperna
542 1013 7 20 i
566 1013 94 21 fredstid
677 1013 115 28 förläggas
804 1013 6 20 i
821 1013 159 20 ståndkvarter

221 1044 63 24 inom
304 1047 225 21 storfurstendömets
544 1050 114 25 gränser".
689 1047 73 21 Också
779 1055 41 13 var
835 1047 37 21 det
889 1047 68 21 redan
973 1047 5 20 i

222 1081 43 21 den
282 1081 83 28 nådiga
380 1082 171 28 propositionen
567 1082 35 21 till
621 1083 109 21 1877—78
748 1084 34 18 års
798 1081 111 28 landtdag
925 1081 55 22 före-

222 1116 80 28 slaget,
326 1119 33 18 att
382 1116 28 21 de
432 1116 74 21 finska
528 1119 125 25 trupperna
675 1116 73 21 skulle
769 1124 55 13 vara
841 1133 5 9 ,
847 1116 131 28 förlagda
967 1112 14 36 i

221 1150 69 21 länen
304 1151 62 20 inom
381 1151 99 21 landet".

292 1185 11 20 I
333 1185 234 22 ötverensstämmelse
592 1185 51 21 med
670 1185 27 21 de
722 1185 155 28 grundsatser,
904 1185 75 20 hvilka

220 1219 62 27 gälla
306 1219 167 28 behandlingen
496 1220 26 21 af
541 1220 99 21 ärenden
662 1219 97 22 rörande
782 1219 28 21 de
831 1219 74 21 finska
920 1221 60 26 trup-

220 1260 78 21 perna,
325 1254 41 21 och
389 1254 90 21 hvilkas
503 1254 158 21 bibehållande
685 1254 26 21 af
730 1253 113 22 utskottet
860 1253 118 21 förordats.

220 1287 43 22 bör
286 1288 106 28 slutligen
415 1289 73 28 enligt
509 1289 124 20 utskottets
657 1289 67 20 tanke
748 1288 44 21 den
815 1288 74 21 finska
904 1290 76 25 trupp-

220 1322 107 27 styrkans
351 1324 204 27 sammansättning
575 1323 42 21 och
639 1323 131 27 tördelning
785 1324 28 26 på
830 1322 60 21 olika
906 1329 72 20 vapen

221 1356 118 21 äfvensom
357 1357 49 21 dess
423 1357 137 22 dislokation
576 1357 141 21 fortfarande
733 1356 125 21 fastställas
870 1357 25 20 at
903 1356 76 27 Kejsa-

220 1398 39 13 ren
277 1391 42 20 och
335 1391 141 22 Storfursten
492 1394 28 26 pä
537 1391 169 28 framställning
722 1392 26 20 af
762 1393 100 18 senaten.

294 1437 132 22 Lagutskottets
439 1437 113 17 betänkande.
