<?xml version="1.0" encoding="UTF-8"?>
<alto xmlns="http://www.loc.gov/standards/alto/ns-v3#" xmlns:xlink="http://www.w3.org/1999/xlink" xmlns:xsi="http://www.w3.org/2001/XMLSchema-instance" xsi:schemaLocation="http://www.loc.gov/standards/alto/ns-v3# http://www.loc.gov/alto/v3/alto-3-0.xsd">
	<Description>
		<MeasurementUnit>pixel</MeasurementUnit>
		<sourceImageInformation>
			<fileName>/tmp/tess_g5yjdq1p_input.PNG</fileName>
		</sourceImageInformation>
		<OCRProcessing ID="OCR_0">
			<ocrProcessingStep>
				<processingSoftware>
					<softwareName>tesseract 5.3.4</softwareName>
				</processingSoftware>
			</ocrProcessingStep>
		</OCRProcessing>
	</Description>
	<Layout>
		<Page WIDTH="1092" HEIGHT="1759" PHYSICAL_IMG_NR="0" ID="page_0">
			<PrintSpace HPOS="0" VPOS="0" WIDTH="1092" HEIGHT="1759">
				<GraphicalElement ID="cblock_0" HPOS="620" VPOS="146" WIDTH="28" HEIGHT="2"></GraphicalElement >
				<ComposedBlock ID="cblock_1" HPOS="230" VPOS="132" WIDTH="762" HEIGHT="1059">
					<TextBlock ID="block_0" HPOS="261" VPOS="132" WIDTH="487" HEIGHT="23">
						<TextLine ID="line_0" HPOS="261" VPOS="132" WIDTH="487" HEIGHT="23">
							<String ID="string_0" HPOS="261" VPOS="133" WIDTH="27" HEIGHT="20" WC="0.96" CONTENT="32"/><SP WIDTH="174" VPOS="133" HPOS="288"/>
							<String ID="string_1" HPOS="462" VPOS="132" WIDTH="86" HEIGHT="23" WC="0.91" CONTENT="Ständ."/><SP WIDTH="17" VPOS="132" HPOS="548"/>
							<String ID="string_2" HPOS="565" VPOS="132" WIDTH="39" HEIGHT="23" WC="0.92" CONTENT="Sv."/><SP WIDTH="25" VPOS="132" HPOS="604"/>
							<String ID="string_3" HPOS="629" VPOS="128" WIDTH="17" HEIGHT="38" WC="0.91" CONTENT="—"/><SP WIDTH="17" VPOS="128" HPOS="646"/>
							<String ID="string_4" HPOS="663" VPOS="132" WIDTH="47" HEIGHT="23" WC="0.92" CONTENT="Bil."/><SP WIDTH="18" VPOS="132" HPOS="710"/>
							<String ID="string_5" HPOS="728" VPOS="132" WIDTH="20" HEIGHT="22" WC="0.94" CONTENT="I."/>
						</TextLine>
					</TextBlock>
					<TextBlock ID="block_1" HPOS="231" VPOS="200" WIDTH="761" HEIGHT="233">
						<TextLine ID="line_1" HPOS="231" VPOS="200" WIDTH="761" HEIGHT="29">
							<String ID="string_6" HPOS="231" VPOS="200" WIDTH="67" HEIGHT="27" WC="0.96" CONTENT="dock,"/><SP WIDTH="23" VPOS="200" HPOS="298"/>
							<String ID="string_7" HPOS="321" VPOS="202" WIDTH="96" HEIGHT="20" WC="0.96" CONTENT="emedan"/><SP WIDTH="23" VPOS="202" HPOS="417"/>
							<String ID="string_8" HPOS="440" VPOS="202" WIDTH="28" HEIGHT="21" WC="0.96" CONTENT="de"/><SP WIDTH="23" VPOS="202" HPOS="468"/>
							<String ID="string_9" HPOS="491" VPOS="202" WIDTH="76" HEIGHT="21" WC="0.94" CONTENT="finska"/><SP WIDTH="22" VPOS="202" HPOS="567"/>
							<String ID="string_10" HPOS="589" VPOS="204" WIDTH="126" HEIGHT="25" WC="0.95" CONTENT="trupperna"/><SP WIDTH="23" VPOS="204" HPOS="715"/>
							<String ID="string_11" HPOS="738" VPOS="202" WIDTH="97" HEIGHT="20" WC="0.96" CONTENT="rörande"/><SP WIDTH="16" VPOS="202" HPOS="835"/>
							<String ID="string_12" HPOS="851" VPOS="201" WIDTH="100" HEIGHT="21" WC="0.96" CONTENT="ärenden"/><SP WIDTH="16" VPOS="201" HPOS="951"/>
							<String ID="string_13" HPOS="967" VPOS="201" WIDTH="25" HEIGHT="21" WC="0.96" CONTENT="af"/>
						</TextLine>
						<TextLine ID="line_2" HPOS="232" VPOS="235" WIDTH="757" HEIGHT="28">
							<String ID="string_14" HPOS="232" VPOS="235" WIDTH="212" HEIGHT="22" WC="0.92" CONTENT="kommandonatur"/><SP WIDTH="22" VPOS="235" HPOS="444"/>
							<String ID="string_15" HPOS="466" VPOS="236" WIDTH="7" HEIGHT="20" WC="0.96" CONTENT="i"/><SP WIDTH="23" VPOS="236" HPOS="473"/>
							<String ID="string_16" HPOS="496" VPOS="236" WIDTH="81" HEIGHT="27" WC="0.96" CONTENT="högsta"/><SP WIDTH="24" VPOS="236" HPOS="577"/>
							<String ID="string_17" HPOS="601" VPOS="236" WIDTH="88" HEIGHT="21" WC="0.96" CONTENT="instans"/><SP WIDTH="24" VPOS="236" HPOS="689"/>
							<String ID="string_18" HPOS="713" VPOS="236" WIDTH="142" HEIGHT="26" WC="0.96" CONTENT="handläggas"/><SP WIDTH="20" VPOS="236" HPOS="855"/>
							<String ID="string_19" HPOS="875" VPOS="236" WIDTH="44" HEIGHT="20" WC="0.92" CONTENT="och"/><SP WIDTH="16" VPOS="236" HPOS="919"/>
							<String ID="string_20" HPOS="935" VPOS="236" WIDTH="54" HEIGHT="20" WC="0.89" CONTENT="före-"/>
						</TextLine>
						<TextLine ID="line_3" HPOS="231" VPOS="269" WIDTH="758" HEIGHT="28">
							<String ID="string_21" HPOS="231" VPOS="269" WIDTH="83" HEIGHT="26" WC="0.92" CONTENT="dragas"/><SP WIDTH="22" VPOS="269" HPOS="314"/>
							<String ID="string_22" HPOS="336" VPOS="270" WIDTH="26" HEIGHT="20" WC="0.93" CONTENT="af"/><SP WIDTH="14" VPOS="270" HPOS="362"/>
							<String ID="string_23" HPOS="376" VPOS="270" WIDTH="187" HEIGHT="27" WC="0.92" CONTENT="Krigsministern"/><SP WIDTH="17" VPOS="270" HPOS="563"/>
							<String ID="string_24" HPOS="580" VPOS="273" WIDTH="60" HEIGHT="18" WC="0.96" CONTENT="samt"/><SP WIDTH="15" VPOS="273" HPOS="640"/>
							<String ID="string_25" HPOS="655" VPOS="271" WIDTH="66" HEIGHT="20" WC="0.93" CONTENT="äfven"/><SP WIDTH="17" VPOS="271" HPOS="721"/>
							<String ID="string_26" HPOS="738" VPOS="270" WIDTH="251" HEIGHT="26" WC="0.92" CONTENT="Generalguvernörens"/>
						</TextLine>
						<TextLine ID="line_4" HPOS="232" VPOS="303" WIDTH="757" HEIGHT="29">
							<String ID="string_27" HPOS="232" VPOS="303" WIDTH="158" HEIGHT="28" WC="0.91" CONTENT="embetsspråk"/><SP WIDTH="16" VPOS="303" HPOS="390"/>
							<String ID="string_28" HPOS="406" VPOS="306" WIDTH="26" HEIGHT="19" WC="0.96" CONTENT="är"/><SP WIDTH="15" VPOS="306" HPOS="432"/>
							<String ID="string_29" HPOS="447" VPOS="305" WIDTH="77" HEIGHT="27" WC="0.96" CONTENT="ryska,"/><SP WIDTH="16" VPOS="305" HPOS="524"/>
							<String ID="string_30" HPOS="540" VPOS="305" WIDTH="119" HEIGHT="26" WC="0.96" CONTENT="undantag"/><SP WIDTH="15" VPOS="305" HPOS="659"/>
							<String ID="string_31" HPOS="674" VPOS="306" WIDTH="66" HEIGHT="25" WC="0.96" CONTENT="göras"/><SP WIDTH="15" VPOS="306" HPOS="740"/>
							<String ID="string_32" HPOS="755" VPOS="305" WIDTH="36" HEIGHT="20" WC="0.93" CONTENT="för"/><SP WIDTH="13" VPOS="305" HPOS="791"/>
							<String ID="string_33" HPOS="804" VPOS="304" WIDTH="185" HEIGHT="26" WC="0.92" CONTENT="skriftvexlingen"/>
						</TextLine>
						<TextLine ID="line_5" HPOS="232" VPOS="338" WIDTH="757" HEIGHT="28">
							<String ID="string_34" HPOS="232" VPOS="338" WIDTH="53" HEIGHT="20" WC="0.96" CONTENT="med"/><SP WIDTH="15" VPOS="338" HPOS="285"/>
							<String ID="string_35" HPOS="300" VPOS="339" WIDTH="102" HEIGHT="20" WC="0.96" CONTENT="nämnda"/><SP WIDTH="13" VPOS="339" HPOS="402"/>
							<String ID="string_36" HPOS="415" VPOS="339" WIDTH="164" HEIGHT="27" WC="0.93" CONTENT="myndigheter."/><SP WIDTH="22" VPOS="339" HPOS="579"/>
							<String ID="string_37" HPOS="601" VPOS="339" WIDTH="52" HEIGHT="20" WC="0.96" CONTENT="Men"/><SP WIDTH="17" VPOS="339" HPOS="653"/>
							<String ID="string_38" HPOS="670" VPOS="339" WIDTH="6" HEIGHT="20" WC="0.96" CONTENT="i"/><SP WIDTH="16" VPOS="339" HPOS="676"/>
							<String ID="string_39" HPOS="692" VPOS="339" WIDTH="67" HEIGHT="26" WC="0.96" CONTENT="öfrigt"/><SP WIDTH="15" VPOS="339" HPOS="759"/>
							<String ID="string_40" HPOS="774" VPOS="338" WIDTH="103" HEIGHT="27" WC="0.96" CONTENT="betingar"/><SP WIDTH="15" VPOS="338" HPOS="877"/>
							<String ID="string_41" HPOS="892" VPOS="338" WIDTH="44" HEIGHT="21" WC="0.93" CONTENT="den"/><SP WIDTH="16" VPOS="338" HPOS="936"/>
							<String ID="string_42" HPOS="952" VPOS="345" WIDTH="37" HEIGHT="14" WC="0.92" CONTENT="an-"/>
						</TextLine>
						<TextLine ID="line_6" HPOS="232" VPOS="372" WIDTH="757" HEIGHT="28">
							<String ID="string_43" HPOS="232" VPOS="372" WIDTH="65" HEIGHT="21" WC="0.93" CONTENT="förda"/><SP WIDTH="16" VPOS="372" HPOS="297"/>
							<String ID="string_44" HPOS="313" VPOS="373" WIDTH="157" HEIGHT="26" WC="0.92" CONTENT="grundsatsen,"/><SP WIDTH="16" VPOS="373" HPOS="470"/>
							<String ID="string_45" HPOS="486" VPOS="375" WIDTH="32" HEIGHT="18" WC="0.96" CONTENT="att"/><SP WIDTH="16" VPOS="375" HPOS="518"/>
							<String ID="string_46" HPOS="534" VPOS="373" WIDTH="81" HEIGHT="20" WC="0.96" CONTENT="endast"/><SP WIDTH="16" VPOS="373" HPOS="615"/>
							<String ID="string_47" HPOS="631" VPOS="373" WIDTH="27" HEIGHT="21" WC="0.96" CONTENT="de"/><SP WIDTH="17" VPOS="373" HPOS="658"/>
							<String ID="string_48" HPOS="675" VPOS="373" WIDTH="121" HEIGHT="21" WC="0.96" CONTENT="inhemska"/><SP WIDTH="17" VPOS="373" HPOS="796"/>
							<String ID="string_49" HPOS="813" VPOS="373" WIDTH="98" HEIGHT="27" WC="0.96" CONTENT="språken"/><SP WIDTH="14" VPOS="373" HPOS="911"/>
							<String ID="string_50" HPOS="925" VPOS="372" WIDTH="64" HEIGHT="21" WC="0.96" CONTENT="skola"/>
						</TextLine>
						<TextLine ID="line_7" HPOS="232" VPOS="406" WIDTH="314" HEIGHT="27">
							<String ID="string_51" HPOS="232" VPOS="406" WIDTH="95" HEIGHT="21" WC="0.96" CONTENT="komma"/><SP WIDTH="15" VPOS="406" HPOS="327"/>
							<String ID="string_52" HPOS="342" VPOS="406" WIDTH="33" HEIGHT="21" WC="0.96" CONTENT="till"/><SP WIDTH="16" VPOS="406" HPOS="375"/>
							<String ID="string_53" HPOS="391" VPOS="407" WIDTH="155" HEIGHT="26" WC="0.96" CONTENT="användning."/>
						</TextLine>
					</TextBlock>
					<TextBlock ID="block_2" HPOS="232" VPOS="441" WIDTH="758" HEIGHT="200">
						<TextLine ID="line_8" HPOS="304" VPOS="441" WIDTH="686" HEIGHT="28">
							<String ID="string_54" HPOS="304" VPOS="441" WIDTH="104" HEIGHT="21" WC="0.96" CONTENT="Nämnas"/><SP WIDTH="21" VPOS="441" HPOS="408"/>
							<String ID="string_55" HPOS="429" VPOS="441" WIDTH="38" HEIGHT="21" WC="0.96" CONTENT="må"/><SP WIDTH="16" VPOS="441" HPOS="467"/>
							<String ID="string_56" HPOS="483" VPOS="442" WIDTH="44" HEIGHT="21" WC="0.96" CONTENT="ock"/><SP WIDTH="16" VPOS="442" HPOS="527"/>
							<String ID="string_57" HPOS="543" VPOS="444" WIDTH="32" HEIGHT="19" WC="0.93" CONTENT="att"/><SP WIDTH="15" VPOS="444" HPOS="575"/>
							<String ID="string_58" HPOS="590" VPOS="442" WIDTH="215" HEIGHT="27" WC="0.91" CONTENT="korrespondensen"/><SP WIDTH="16" VPOS="442" HPOS="805"/>
							<String ID="string_59" HPOS="821" VPOS="441" WIDTH="84" HEIGHT="21" WC="0.93" CONTENT="mellan"/><SP WIDTH="16" VPOS="441" HPOS="905"/>
							<String ID="string_60" HPOS="921" VPOS="441" WIDTH="69" HEIGHT="21" WC="0.90" CONTENT="Gene-"/>
						</TextLine>
						<TextLine ID="line_9" HPOS="233" VPOS="475" WIDTH="757" HEIGHT="28">
							<String ID="string_61" HPOS="233" VPOS="475" WIDTH="177" HEIGHT="27" WC="0.90" CONTENT="ralguvernören"/><SP WIDTH="20" VPOS="475" HPOS="410"/>
							<String ID="string_62" HPOS="430" VPOS="477" WIDTH="43" HEIGHT="20" WC="0.92" CONTENT="och"/><SP WIDTH="22" VPOS="477" HPOS="473"/>
							<String ID="string_63" HPOS="495" VPOS="476" WIDTH="182" HEIGHT="27" WC="0.91" CONTENT="föredraganden"/><SP WIDTH="16" VPOS="476" HPOS="677"/>
							<String ID="string_64" HPOS="693" VPOS="477" WIDTH="42" HEIGHT="20" WC="0.93" CONTENT="hos"/><SP WIDTH="18" VPOS="477" HPOS="735"/>
							<String ID="string_65" HPOS="753" VPOS="476" WIDTH="186" HEIGHT="27" WC="0.91" CONTENT="Krigsministern"/><SP WIDTH="16" VPOS="476" HPOS="939"/>
							<String ID="string_66" HPOS="955" VPOS="476" WIDTH="35" HEIGHT="20" WC="0.96" CONTENT="för"/>
						</TextLine>
						<TextLine ID="line_10" HPOS="233" VPOS="510" WIDTH="756" HEIGHT="21">
							<String ID="string_67" HPOS="233" VPOS="510" WIDTH="76" HEIGHT="21" WC="0.96" CONTENT="finska"/><SP WIDTH="23" VPOS="510" HPOS="309"/>
							<String ID="string_68" HPOS="332" VPOS="511" WIDTH="100" HEIGHT="20" WC="0.96" CONTENT="ärenden"/><SP WIDTH="23" VPOS="511" HPOS="432"/>
							<String ID="string_69" HPOS="455" VPOS="511" WIDTH="139" HEIGHT="20" WC="0.96" CONTENT="åtminstone"/><SP WIDTH="24" VPOS="511" HPOS="594"/>
							<String ID="string_70" HPOS="618" VPOS="511" WIDTH="84" HEIGHT="20" WC="0.96" CONTENT="mellan"/><SP WIDTH="23" VPOS="511" HPOS="702"/>
							<String ID="string_71" HPOS="725" VPOS="511" WIDTH="55" HEIGHT="20" WC="0.96" CONTENT="åren"/><SP WIDTH="25" VPOS="511" HPOS="780"/>
							<String ID="string_72" HPOS="805" VPOS="511" WIDTH="53" HEIGHT="20" WC="0.96" CONTENT="1817"/><SP WIDTH="17" VPOS="511" HPOS="858"/>
							<String ID="string_73" HPOS="875" VPOS="511" WIDTH="44" HEIGHT="20" WC="0.96" CONTENT="och"/><SP WIDTH="17" VPOS="511" HPOS="919"/>
							<String ID="string_74" HPOS="936" VPOS="511" WIDTH="53" HEIGHT="20" WC="0.95" CONTENT="1823"/>
						</TextLine>
						<TextLine ID="line_11" HPOS="232" VPOS="544" WIDTH="757" HEIGHT="29">
							<String ID="string_75" HPOS="232" VPOS="544" WIDTH="76" HEIGHT="21" WC="0.96" CONTENT="fördes"/><SP WIDTH="22" VPOS="544" HPOS="308"/>
							<String ID="string_76" HPOS="330" VPOS="545" WIDTH="29" HEIGHT="27" WC="0.96" CONTENT="på"/><SP WIDTH="22" VPOS="545" HPOS="359"/>
							<String ID="string_77" HPOS="381" VPOS="545" WIDTH="93" HEIGHT="21" WC="0.96" CONTENT="franska"/><SP WIDTH="17" VPOS="545" HPOS="474"/>
							<String ID="string_78" HPOS="491" VPOS="545" WIDTH="98" HEIGHT="28" WC="0.96" CONTENT="språket,"/><SP WIDTH="16" VPOS="545" HPOS="589"/>
							<String ID="string_79" HPOS="605" VPOS="545" WIDTH="44" HEIGHT="21" WC="0.96" CONTENT="och"/><SP WIDTH="16" VPOS="545" HPOS="649"/>
							<String ID="string_80" HPOS="665" VPOS="548" WIDTH="31" HEIGHT="18" WC="0.92" CONTENT="att"/><SP WIDTH="16" VPOS="548" HPOS="696"/>
							<String ID="string_81" HPOS="712" VPOS="545" WIDTH="160" HEIGHT="21" WC="0.90" CONTENT="skrifvelserna"/><SP WIDTH="20" VPOS="545" HPOS="872"/>
							<String ID="string_82" HPOS="892" VPOS="545" WIDTH="50" HEIGHT="20" WC="0.92" CONTENT="från"/><SP WIDTH="15" VPOS="545" HPOS="942"/>
							<String ID="string_83" HPOS="957" VPOS="545" WIDTH="32" HEIGHT="20" WC="0.91" CONTENT="in-"/>
						</TextLine>
						<TextLine ID="line_12" HPOS="233" VPOS="579" WIDTH="756" HEIGHT="27">
							<String ID="string_84" HPOS="233" VPOS="579" WIDTH="122" HEIGHT="27" WC="0.91" CONTENT="spektören"/><SP WIDTH="16" VPOS="579" HPOS="355"/>
							<String ID="string_85" HPOS="371" VPOS="579" WIDTH="35" HEIGHT="21" WC="0.96" CONTENT="för"/><SP WIDTH="15" VPOS="579" HPOS="406"/>
							<String ID="string_86" HPOS="421" VPOS="580" WIDTH="75" HEIGHT="20" WC="0.96" CONTENT="finska"/><SP WIDTH="17" VPOS="580" HPOS="496"/>
							<String ID="string_87" HPOS="513" VPOS="579" WIDTH="113" HEIGHT="21" WC="0.95" CONTENT="militären"/><SP WIDTH="15" VPOS="579" HPOS="626"/>
							<String ID="string_88" HPOS="641" VPOS="580" WIDTH="34" HEIGHT="20" WC="0.93" CONTENT="till"/><SP WIDTH="11" VPOS="580" HPOS="675"/>
							<String ID="string_89" HPOS="686" VPOS="579" WIDTH="239" HEIGHT="26" WC="0.91" CONTENT="Generalguvernören"/><SP WIDTH="12" VPOS="579" HPOS="925"/>
							<String ID="string_90" HPOS="937" VPOS="579" WIDTH="52" HEIGHT="20" WC="0.92" CONTENT="mel-"/>
						</TextLine>
						<TextLine ID="line_13" HPOS="232" VPOS="613" WIDTH="671" HEIGHT="28">
							<String ID="string_91" HPOS="232" VPOS="613" WIDTH="39" HEIGHT="20" WC="0.96" CONTENT="lan"/><SP WIDTH="17" VPOS="613" HPOS="271"/>
							<String ID="string_92" HPOS="288" VPOS="613" WIDTH="52" HEIGHT="21" WC="0.95" CONTENT="åren"/><SP WIDTH="19" VPOS="613" HPOS="340"/>
							<String ID="string_93" HPOS="359" VPOS="614" WIDTH="53" HEIGHT="20" WC="0.95" CONTENT="1812"/><SP WIDTH="17" VPOS="614" HPOS="412"/>
							<String ID="string_94" HPOS="429" VPOS="614" WIDTH="43" HEIGHT="21" WC="0.96" CONTENT="och"/><SP WIDTH="18" VPOS="614" HPOS="472"/>
							<String ID="string_95" HPOS="490" VPOS="615" WIDTH="54" HEIGHT="20" WC="0.96" CONTENT="1826"/><SP WIDTH="16" VPOS="615" HPOS="544"/>
							<String ID="string_96" HPOS="560" VPOS="621" WIDTH="55" HEIGHT="14" WC="0.93" CONTENT="voro"/><SP WIDTH="16" VPOS="621" HPOS="615"/>
							<String ID="string_97" HPOS="631" VPOS="614" WIDTH="107" HEIGHT="21" WC="0.91" CONTENT="affattade"/><SP WIDTH="16" VPOS="614" HPOS="738"/>
							<String ID="string_98" HPOS="754" VPOS="614" WIDTH="29" HEIGHT="27" WC="0.96" CONTENT="på"/><SP WIDTH="16" VPOS="614" HPOS="783"/>
							<String ID="string_99" HPOS="799" VPOS="614" WIDTH="104" HEIGHT="20" WC="0.96" CONTENT="svenska."/>
						</TextLine>
					</TextBlock>
					<TextBlock ID="block_3" HPOS="230" VPOS="648" WIDTH="759" HEIGHT="543">
						<TextLine ID="line_14" HPOS="302" VPOS="648" WIDTH="687" HEIGHT="26">
							<String ID="string_100" HPOS="302" VPOS="648" WIDTH="42" HEIGHT="21" WC="0.96" CONTENT="Det"/><SP WIDTH="15" VPOS="648" HPOS="344"/>
							<String ID="string_101" HPOS="359" VPOS="648" WIDTH="97" HEIGHT="21" WC="0.96" CONTENT="anförda"/><SP WIDTH="16" VPOS="648" HPOS="456"/>
							<String ID="string_102" HPOS="472" VPOS="649" WIDTH="45" HEIGHT="20" WC="0.96" CONTENT="kan"/><SP WIDTH="14" VPOS="649" HPOS="517"/>
							<String ID="string_103" HPOS="531" VPOS="649" WIDTH="174" HEIGHT="20" WC="0.93" CONTENT="sammanfattas"/><SP WIDTH="13" VPOS="649" HPOS="705"/>
							<String ID="string_104" HPOS="718" VPOS="649" WIDTH="95" HEIGHT="25" WC="0.92" CONTENT="derhän,"/><SP WIDTH="12" VPOS="649" HPOS="813"/>
							<String ID="string_105" HPOS="825" VPOS="650" WIDTH="31" HEIGHT="19" WC="0.96" CONTENT="att"/><SP WIDTH="10" VPOS="650" HPOS="856"/>
							<String ID="string_106" HPOS="866" VPOS="648" WIDTH="27" HEIGHT="21" WC="0.96" CONTENT="de"/><SP WIDTH="14" VPOS="648" HPOS="893"/>
							<String ID="string_107" HPOS="907" VPOS="648" WIDTH="82" HEIGHT="26" WC="0.96" CONTENT="nådiga"/>
						</TextLine>
						<TextLine ID="line_15" HPOS="232" VPOS="682" WIDTH="757" HEIGHT="27">
							<String ID="string_108" HPOS="232" VPOS="682" WIDTH="175" HEIGHT="27" WC="0.96" CONTENT="propositioner,"/><SP WIDTH="17" VPOS="682" HPOS="407"/>
							<String ID="string_109" HPOS="424" VPOS="690" WIDTH="50" HEIGHT="13" WC="0.96" CONTENT="som"/><SP WIDTH="15" VPOS="690" HPOS="474"/>
							<String ID="string_110" HPOS="489" VPOS="683" WIDTH="34" HEIGHT="20" WC="0.91" CONTENT="till"/><SP WIDTH="16" VPOS="683" HPOS="523"/>
							<String ID="string_111" HPOS="539" VPOS="683" WIDTH="128" HEIGHT="20" WC="0.91" CONTENT="Ständerna"/><SP WIDTH="16" VPOS="683" HPOS="667"/>
							<String ID="string_112" HPOS="683" VPOS="683" WIDTH="168" HEIGHT="23" WC="0.91" CONTENT="öfverlemnats,"/><SP WIDTH="16" VPOS="683" HPOS="851"/>
							<String ID="string_113" HPOS="867" VPOS="683" WIDTH="29" HEIGHT="26" WC="0.93" CONTENT="på"/><SP WIDTH="17" VPOS="683" HPOS="896"/>
							<String ID="string_114" HPOS="913" VPOS="682" WIDTH="76" HEIGHT="26" WC="0.91" CONTENT="mång-"/>
						</TextLine>
						<TextLine ID="line_16" HPOS="232" VPOS="716" WIDTH="757" HEIGHT="29">
							<String ID="string_115" HPOS="232" VPOS="716" WIDTH="81" HEIGHT="27" WC="0.91" CONTENT="faldigt"/><SP WIDTH="15" VPOS="716" HPOS="313"/>
							<String ID="string_116" HPOS="328" VPOS="717" WIDTH="44" HEIGHT="20" WC="0.96" CONTENT="och"/><SP WIDTH="16" VPOS="717" HPOS="372"/>
							<String ID="string_117" HPOS="388" VPOS="717" WIDTH="65" HEIGHT="28" WC="0.96" CONTENT="djupt"/><SP WIDTH="16" VPOS="717" HPOS="453"/>
							<String ID="string_118" HPOS="469" VPOS="717" WIDTH="134" HEIGHT="28" WC="0.95" CONTENT="ingripande"/><SP WIDTH="17" VPOS="717" HPOS="603"/>
							<String ID="string_119" HPOS="620" VPOS="719" WIDTH="43" HEIGHT="19" WC="0.95" CONTENT="sätt"/><SP WIDTH="16" VPOS="719" HPOS="663"/>
							<String ID="string_120" HPOS="679" VPOS="717" WIDTH="34" HEIGHT="21" WC="0.96" CONTENT="stå"/><SP WIDTH="16" VPOS="717" HPOS="713"/>
							<String ID="string_121" HPOS="729" VPOS="717" WIDTH="6" HEIGHT="20" WC="0.96" CONTENT="i"/><SP WIDTH="16" VPOS="717" HPOS="735"/>
							<String ID="string_122" HPOS="751" VPOS="717" WIDTH="56" HEIGHT="21" WC="0.96" CONTENT="strid"/><SP WIDTH="16" VPOS="717" HPOS="807"/>
							<String ID="string_123" HPOS="823" VPOS="717" WIDTH="52" HEIGHT="20" WC="0.95" CONTENT="med"/><SP WIDTH="16" VPOS="717" HPOS="875"/>
							<String ID="string_124" HPOS="891" VPOS="717" WIDTH="43" HEIGHT="20" WC="0.95" CONTENT="den"/><SP WIDTH="12" VPOS="717" HPOS="934"/>
							<String ID="string_125" HPOS="946" VPOS="717" WIDTH="43" HEIGHT="20" WC="0.96" CONTENT="rätt"/>
						</TextLine>
						<TextLine ID="line_17" HPOS="231" VPOS="751" WIDTH="758" HEIGHT="28">
							<String ID="string_126" HPOS="231" VPOS="751" WIDTH="34" HEIGHT="20" WC="0.96" CONTENT="till"/><SP WIDTH="18" VPOS="751" HPOS="265"/>
							<String ID="string_127" HPOS="283" VPOS="751" WIDTH="138" HEIGHT="27" WC="0.96" CONTENT="förvaltning"/><SP WIDTH="15" VPOS="751" HPOS="421"/>
							<String ID="string_128" HPOS="436" VPOS="757" WIDTH="83" HEIGHT="21" WC="0.96" CONTENT="genom"/><SP WIDTH="16" VPOS="757" HPOS="519"/>
							<String ID="string_129" HPOS="535" VPOS="752" WIDTH="122" HEIGHT="20" WC="0.96" CONTENT="inhemska"/><SP WIDTH="16" VPOS="752" HPOS="657"/>
							<String ID="string_130" HPOS="673" VPOS="751" WIDTH="165" HEIGHT="28" WC="0.96" CONTENT="myndigheter,"/><SP WIDTH="16" VPOS="751" HPOS="838"/>
							<String ID="string_131" HPOS="854" VPOS="757" WIDTH="50" HEIGHT="15" WC="0.96" CONTENT="som"/><SP WIDTH="17" VPOS="757" HPOS="904"/>
							<String ID="string_132" HPOS="921" VPOS="751" WIDTH="68" HEIGHT="26" WC="0.96" CONTENT="enligt"/>
						</TextLine>
						<TextLine ID="line_18" HPOS="233" VPOS="785" WIDTH="756" HEIGHT="28">
							<String ID="string_133" HPOS="233" VPOS="785" WIDTH="112" HEIGHT="21" WC="0.96" CONTENT="Finlands"/><SP WIDTH="15" VPOS="785" HPOS="345"/>
							<String ID="string_134" HPOS="360" VPOS="786" WIDTH="139" HEIGHT="27" WC="0.96" CONTENT="grundlagar"/><SP WIDTH="14" VPOS="786" HPOS="499"/>
							<String ID="string_135" HPOS="513" VPOS="786" WIDTH="141" HEIGHT="21" WC="0.96" CONTENT="tillkommer"/><SP WIDTH="15" VPOS="786" HPOS="654"/>
							<String ID="string_136" HPOS="669" VPOS="786" WIDTH="60" HEIGHT="21" WC="0.96" CONTENT="detta"/><SP WIDTH="12" VPOS="786" HPOS="729"/>
							<String ID="string_137" HPOS="741" VPOS="785" WIDTH="60" HEIGHT="21" WC="0.93" CONTENT="land."/><SP WIDTH="24" VPOS="785" HPOS="801"/>
							<String ID="string_138" HPOS="825" VPOS="785" WIDTH="111" HEIGHT="21" WC="0.92" CONTENT="Särskildt"/><SP WIDTH="12" VPOS="785" HPOS="936"/>
							<String ID="string_139" HPOS="948" VPOS="785" WIDTH="41" HEIGHT="20" WC="0.96" CONTENT="bör"/>
						</TextLine>
						<TextLine ID="line_19" HPOS="232" VPOS="819" WIDTH="757" HEIGHT="28">
							<String ID="string_140" HPOS="232" VPOS="819" WIDTH="39" HEIGHT="21" WC="0.96" CONTENT="det"/><SP WIDTH="16" VPOS="819" HPOS="271"/>
							<String ID="string_141" HPOS="287" VPOS="819" WIDTH="141" HEIGHT="27" WC="0.93" CONTENT="framhållas,"/><SP WIDTH="16" VPOS="819" HPOS="428"/>
							<String ID="string_142" HPOS="444" VPOS="821" WIDTH="123" HEIGHT="20" WC="0.91" CONTENT="huruledes"/><SP WIDTH="16" VPOS="821" HPOS="567"/>
							<String ID="string_143" HPOS="583" VPOS="820" WIDTH="27" HEIGHT="21" WC="0.93" CONTENT="de"/><SP WIDTH="18" VPOS="820" HPOS="610"/>
							<String ID="string_144" HPOS="628" VPOS="820" WIDTH="214" HEIGHT="27" WC="0.92" CONTENT="»grundprinciper»"/><SP WIDTH="18" VPOS="820" HPOS="842"/>
							<String ID="string_145" HPOS="860" VPOS="819" WIDTH="35" HEIGHT="21" WC="0.96" CONTENT="för"/><SP WIDTH="15" VPOS="819" HPOS="895"/>
							<String ID="string_146" HPOS="910" VPOS="819" WIDTH="27" HEIGHT="21" WC="0.93" CONTENT="de"/><SP WIDTH="12" VPOS="819" HPOS="937"/>
							<String ID="string_147" HPOS="949" VPOS="819" WIDTH="40" HEIGHT="20" WC="0.90" CONTENT="fin-"/>
						</TextLine>
						<TextLine ID="line_20" HPOS="232" VPOS="853" WIDTH="757" HEIGHT="28">
							<String ID="string_148" HPOS="232" VPOS="853" WIDTH="43" HEIGHT="21" WC="0.95" CONTENT="ska"/><SP WIDTH="15" VPOS="853" HPOS="275"/>
							<String ID="string_149" HPOS="290" VPOS="856" WIDTH="136" HEIGHT="25" WC="0.95" CONTENT="truppernas"/><SP WIDTH="16" VPOS="856" HPOS="426"/>
							<String ID="string_150" HPOS="442" VPOS="855" WIDTH="155" HEIGHT="26" WC="0.96" CONTENT="organisation"/><SP WIDTH="17" VPOS="855" HPOS="597"/>
							<String ID="string_151" HPOS="614" VPOS="855" WIDTH="44" HEIGHT="20" WC="0.96" CONTENT="och"/><SP WIDTH="16" VPOS="855" HPOS="658"/>
							<String ID="string_152" HPOS="674" VPOS="854" WIDTH="144" HEIGHT="27" WC="0.96" CONTENT="förvaltning,"/><SP WIDTH="16" VPOS="854" HPOS="818"/>
							<String ID="string_153" HPOS="834" VPOS="854" WIDTH="78" HEIGHT="21" WC="0.93" CONTENT="hvilka"/><SP WIDTH="16" VPOS="854" HPOS="912"/>
							<String ID="string_154" HPOS="928" VPOS="853" WIDTH="61" HEIGHT="21" WC="0.92" CONTENT="med-"/>
						</TextLine>
						<TextLine ID="line_21" HPOS="232" VPOS="887" WIDTH="755" HEIGHT="29">
							<String ID="string_155" HPOS="232" VPOS="887" WIDTH="64" HEIGHT="22" WC="0.96" CONTENT="delas"/><SP WIDTH="15" VPOS="887" HPOS="296"/>
							<String ID="string_156" HPOS="311" VPOS="888" WIDTH="6" HEIGHT="20" WC="0.96" CONTENT="i"/><SP WIDTH="17" VPOS="888" HPOS="317"/>
							<String ID="string_157" HPOS="334" VPOS="889" WIDTH="172" HEIGHT="27" WC="0.96" CONTENT="propositionen"/><SP WIDTH="16" VPOS="889" HPOS="506"/>
							<String ID="string_158" HPOS="522" VPOS="889" WIDTH="7" HEIGHT="20" WC="0.96" CONTENT="i"/><SP WIDTH="16" VPOS="889" HPOS="529"/>
							<String ID="string_159" HPOS="545" VPOS="889" WIDTH="60" HEIGHT="21" WC="0.96" CONTENT="detta"/><SP WIDTH="16" VPOS="889" HPOS="605"/>
							<String ID="string_160" HPOS="621" VPOS="891" WIDTH="68" HEIGHT="19" WC="0.96" CONTENT="ämne"/><SP WIDTH="16" VPOS="891" HPOS="689"/>
							<String ID="string_161" HPOS="705" VPOS="889" WIDTH="138" HEIGHT="27" WC="0.95" CONTENT="(punkterna"/><SP WIDTH="13" VPOS="889" HPOS="843"/>
							<String ID="string_162" HPOS="856" VPOS="889" WIDTH="17" HEIGHT="23" WC="0.95" CONTENT="1,"/><SP WIDTH="12" VPOS="889" HPOS="873"/>
							<String ID="string_163" HPOS="885" VPOS="889" WIDTH="19" HEIGHT="25" WC="0.94" CONTENT="2,"/><SP WIDTH="12" VPOS="889" HPOS="904"/>
							<String ID="string_164" HPOS="916" VPOS="889" WIDTH="19" HEIGHT="24" WC="0.94" CONTENT="3,"/><SP WIDTH="12" VPOS="889" HPOS="935"/>
							<String ID="string_165" HPOS="947" VPOS="889" WIDTH="40" HEIGHT="25" WC="0.94" CONTENT="4,5"/>
						</TextLine>
						<TextLine ID="line_22" HPOS="232" VPOS="922" WIDTH="757" HEIGHT="28">
							<String ID="string_166" HPOS="232" VPOS="923" WIDTH="44" HEIGHT="20" WC="0.96" CONTENT="och"/><SP WIDTH="17" VPOS="923" HPOS="276"/>
							<String ID="string_167" HPOS="293" VPOS="923" WIDTH="20" HEIGHT="26" WC="0.96" CONTENT="7)"/><SP WIDTH="16" VPOS="923" HPOS="313"/>
							<String ID="string_168" HPOS="329" VPOS="925" WIDTH="59" HEIGHT="18" WC="0.96" CONTENT="samt"/><SP WIDTH="22" VPOS="925" HPOS="388"/>
							<String ID="string_169" HPOS="410" VPOS="925" WIDTH="105" HEIGHT="19" WC="0.95" CONTENT="närmare"/><SP WIDTH="21" VPOS="925" HPOS="515"/>
							<String ID="string_170" HPOS="536" VPOS="924" WIDTH="87" HEIGHT="20" WC="0.96" CONTENT="utföras"/><SP WIDTH="15" VPOS="924" HPOS="623"/>
							<String ID="string_171" HPOS="638" VPOS="923" WIDTH="7" HEIGHT="20" WC="0.96" CONTENT="i"/><SP WIDTH="16" VPOS="923" HPOS="645"/>
							<String ID="string_172" HPOS="661" VPOS="923" WIDTH="37" HEIGHT="21" WC="0.96" CONTENT="det"/><SP WIDTH="15" VPOS="923" HPOS="698"/>
							<String ID="string_173" HPOS="713" VPOS="923" WIDTH="71" HEIGHT="26" WC="0.96" CONTENT="sagda"/><SP WIDTH="16" VPOS="923" HPOS="784"/>
							<String ID="string_174" HPOS="800" VPOS="922" WIDTH="142" HEIGHT="28" WC="0.93" CONTENT="proposition"/><SP WIDTH="16" VPOS="922" HPOS="942"/>
							<String ID="string_175" HPOS="958" VPOS="922" WIDTH="31" HEIGHT="21" WC="0.93" CONTENT="åt-"/>
						</TextLine>
						<TextLine ID="line_23" HPOS="231" VPOS="956" WIDTH="757" HEIGHT="28">
							<String ID="string_176" HPOS="231" VPOS="956" WIDTH="101" HEIGHT="27" WC="0.96" CONTENT="följande"/><SP WIDTH="23" VPOS="956" HPOS="332"/>
							<String ID="string_177" HPOS="355" VPOS="957" WIDTH="107" HEIGHT="27" WC="0.95" CONTENT="förslaget"/><SP WIDTH="19" VPOS="957" HPOS="462"/>
							<String ID="string_178" HPOS="481" VPOS="957" WIDTH="33" HEIGHT="21" WC="0.95" CONTENT="till"/><SP WIDTH="18" VPOS="957" HPOS="514"/>
							<String ID="string_179" HPOS="532" VPOS="957" WIDTH="139" HEIGHT="27" WC="0.96" CONTENT="förordning,"/><SP WIDTH="17" VPOS="957" HPOS="671"/>
							<String ID="string_180" HPOS="688" VPOS="959" WIDTH="39" HEIGHT="19" WC="0.96" CONTENT="äro"/><SP WIDTH="16" VPOS="959" HPOS="727"/>
							<String ID="string_181" HPOS="743" VPOS="957" WIDTH="86" HEIGHT="26" WC="0.96" CONTENT="egnade"/><SP WIDTH="16" VPOS="957" HPOS="829"/>
							<String ID="string_182" HPOS="845" VPOS="959" WIDTH="32" HEIGHT="18" WC="0.96" CONTENT="att"/><SP WIDTH="15" VPOS="959" HPOS="877"/>
							<String ID="string_183" HPOS="892" VPOS="957" WIDTH="29" HEIGHT="26" WC="0.95" CONTENT="på"/><SP WIDTH="16" VPOS="957" HPOS="921"/>
							<String ID="string_184" HPOS="937" VPOS="957" WIDTH="51" HEIGHT="20" WC="0.95" CONTENT="hela"/>
						</TextLine>
						<TextLine ID="line_24" HPOS="231" VPOS="990" WIDTH="758" HEIGHT="28">
							<String ID="string_185" HPOS="231" VPOS="990" WIDTH="39" HEIGHT="21" WC="0.96" CONTENT="det"/><SP WIDTH="22" VPOS="990" HPOS="270"/>
							<String ID="string_186" HPOS="292" VPOS="991" WIDTH="101" HEIGHT="26" WC="0.95" CONTENT="område,"/><SP WIDTH="23" VPOS="991" HPOS="393"/>
							<String ID="string_187" HPOS="416" VPOS="992" WIDTH="32" HEIGHT="20" WC="0.95" CONTENT="till"/><SP WIDTH="23" VPOS="992" HPOS="448"/>
							<String ID="string_188" HPOS="471" VPOS="992" WIDTH="86" HEIGHT="21" WC="0.96" CONTENT="hvilket"/><SP WIDTH="20" VPOS="992" HPOS="557"/>
							<String ID="string_189" HPOS="577" VPOS="992" WIDTH="27" HEIGHT="21" WC="0.97" CONTENT="de"/><SP WIDTH="16" VPOS="992" HPOS="604"/>
							<String ID="string_190" HPOS="620" VPOS="992" WIDTH="97" HEIGHT="20" WC="0.96" CONTENT="hänföra"/><SP WIDTH="16" VPOS="992" HPOS="717"/>
							<String ID="string_191" HPOS="733" VPOS="991" WIDTH="40" HEIGHT="27" WC="0.95" CONTENT="sig,"/><SP WIDTH="17" VPOS="991" HPOS="773"/>
							<String ID="string_192" HPOS="790" VPOS="993" WIDTH="80" HEIGHT="19" WC="0.92" CONTENT="nästan"/><SP WIDTH="17" VPOS="993" HPOS="870"/>
							<String ID="string_193" HPOS="887" VPOS="991" WIDTH="102" HEIGHT="20" WC="0.91" CONTENT="fullstän-"/>
						</TextLine>
						<TextLine ID="line_25" HPOS="231" VPOS="1025" WIDTH="757" HEIGHT="28">
							<String ID="string_194" HPOS="231" VPOS="1025" WIDTH="49" HEIGHT="26" WC="0.93" CONTENT="digt"/><SP WIDTH="15" VPOS="1025" HPOS="280"/>
							<String ID="string_195" HPOS="295" VPOS="1026" WIDTH="119" HEIGHT="27" WC="0.92" CONTENT="upphäfva"/><SP WIDTH="15" VPOS="1026" HPOS="414"/>
							<String ID="string_196" HPOS="429" VPOS="1026" WIDTH="75" HEIGHT="21" WC="0.96" CONTENT="denna"/><SP WIDTH="17" VPOS="1026" HPOS="504"/>
							<String ID="string_197" HPOS="521" VPOS="1027" WIDTH="98" HEIGHT="26" WC="0.96" CONTENT="dyrbara"/><SP WIDTH="16" VPOS="1027" HPOS="619"/>
							<String ID="string_198" HPOS="635" VPOS="1026" WIDTH="112" HEIGHT="27" WC="0.96" CONTENT="rättighet,"/><SP WIDTH="16" VPOS="1026" HPOS="747"/>
							<String ID="string_199" HPOS="763" VPOS="1027" WIDTH="69" HEIGHT="19" WC="0.92" CONTENT="hvars"/><SP WIDTH="16" VPOS="1027" HPOS="832"/>
							<String ID="string_200" HPOS="848" VPOS="1025" WIDTH="140" HEIGHT="28" WC="0.92" CONTENT="upprätthål-"/>
						</TextLine>
						<TextLine ID="line_26" HPOS="231" VPOS="1059" WIDTH="757" HEIGHT="28">
							<String ID="string_201" HPOS="231" VPOS="1059" WIDTH="69" HEIGHT="21" WC="0.95" CONTENT="lande"/><SP WIDTH="22" VPOS="1059" HPOS="300"/>
							<String ID="string_202" HPOS="322" VPOS="1060" WIDTH="67" HEIGHT="21" WC="0.95" CONTENT="äfven"/><SP WIDTH="17" VPOS="1060" HPOS="389"/>
							<String ID="string_203" HPOS="406" VPOS="1060" WIDTH="6" HEIGHT="21" WC="0.96" CONTENT="i"/><SP WIDTH="17" VPOS="1060" HPOS="412"/>
							<String ID="string_204" HPOS="429" VPOS="1061" WIDTH="62" HEIGHT="26" WC="0.96" CONTENT="fråga"/><SP WIDTH="23" VPOS="1061" HPOS="491"/>
							<String ID="string_205" HPOS="514" VPOS="1067" WIDTH="38" HEIGHT="14" WC="0.96" CONTENT="om"/><SP WIDTH="24" VPOS="1067" HPOS="552"/>
							<String ID="string_206" HPOS="576" VPOS="1061" WIDTH="44" HEIGHT="20" WC="0.94" CONTENT="den"/><SP WIDTH="24" VPOS="1061" HPOS="620"/>
							<String ID="string_207" HPOS="644" VPOS="1061" WIDTH="75" HEIGHT="20" WC="0.94" CONTENT="finska"/><SP WIDTH="22" VPOS="1061" HPOS="719"/>
							<String ID="string_208" HPOS="741" VPOS="1060" WIDTH="114" HEIGHT="21" WC="0.96" CONTENT="militären"/><SP WIDTH="23" VPOS="1060" HPOS="855"/>
							<String ID="string_209" HPOS="878" VPOS="1061" WIDTH="65" HEIGHT="24" WC="0.96" CONTENT="utgör"/><SP WIDTH="15" VPOS="1061" HPOS="943"/>
							<String ID="string_210" HPOS="958" VPOS="1061" WIDTH="30" HEIGHT="18" WC="0.96" CONTENT="ett"/>
						</TextLine>
						<TextLine ID="line_27" HPOS="230" VPOS="1093" WIDTH="757" HEIGHT="27">
							<String ID="string_211" HPOS="230" VPOS="1093" WIDTH="143" HEIGHT="27" WC="0.91" CONTENT="oeftergifligt"/><SP WIDTH="18" VPOS="1093" HPOS="373"/>
							<String ID="string_212" HPOS="391" VPOS="1095" WIDTH="75" HEIGHT="20" WC="0.96" CONTENT="vilkor"/><SP WIDTH="15" VPOS="1095" HPOS="466"/>
							<String ID="string_213" HPOS="481" VPOS="1095" WIDTH="35" HEIGHT="20" WC="0.96" CONTENT="för"/><SP WIDTH="15" VPOS="1095" HPOS="516"/>
							<String ID="string_214" HPOS="531" VPOS="1097" WIDTH="31" HEIGHT="18" WC="0.96" CONTENT="att"/><SP WIDTH="16" VPOS="1097" HPOS="562"/>
							<String ID="string_215" HPOS="578" VPOS="1095" WIDTH="88" HEIGHT="20" WC="0.96" CONTENT="landets"/><SP WIDTH="16" VPOS="1095" HPOS="666"/>
							<String ID="string_216" HPOS="682" VPOS="1096" WIDTH="67" HEIGHT="19" WC="0.96" CONTENT="söner"/><SP WIDTH="15" VPOS="1096" HPOS="749"/>
							<String ID="string_217" HPOS="764" VPOS="1097" WIDTH="56" HEIGHT="18" WC="0.96" CONTENT="utan"/><SP WIDTH="16" VPOS="1097" HPOS="820"/>
							<String ID="string_218" HPOS="836" VPOS="1094" WIDTH="92" HEIGHT="21" WC="0.95" CONTENT="fruktan"/><SP WIDTH="16" VPOS="1094" HPOS="928"/>
							<String ID="string_219" HPOS="944" VPOS="1093" WIDTH="43" HEIGHT="21" WC="0.96" CONTENT="och"/>
						</TextLine>
						<TextLine ID="line_28" HPOS="232" VPOS="1128" WIDTH="756" HEIGHT="28">
							<String ID="string_220" HPOS="232" VPOS="1128" WIDTH="104" HEIGHT="27" WC="0.95" CONTENT="motvilja"/><SP WIDTH="16" VPOS="1128" HPOS="336"/>
							<String ID="string_221" HPOS="352" VPOS="1128" WIDTH="65" HEIGHT="21" WC="0.96" CONTENT="skola"/><SP WIDTH="17" VPOS="1128" HPOS="417"/>
							<String ID="string_222" HPOS="434" VPOS="1129" WIDTH="79" HEIGHT="20" WC="0.96" CONTENT="kunna"/><SP WIDTH="17" VPOS="1129" HPOS="513"/>
							<String ID="string_223" HPOS="530" VPOS="1129" WIDTH="96" HEIGHT="26" WC="0.96" CONTENT="fullgöra"/><SP WIDTH="16" VPOS="1129" HPOS="626"/>
							<String ID="string_224" HPOS="642" VPOS="1129" WIDTH="35" HEIGHT="21" WC="0.93" CONTENT="sin"/><SP WIDTH="16" VPOS="1129" HPOS="677"/>
							<String ID="string_225" HPOS="693" VPOS="1129" WIDTH="127" HEIGHT="27" WC="0.91" CONTENT="värnepligt"/><SP WIDTH="15" VPOS="1129" HPOS="820"/>
							<String ID="string_226" HPOS="835" VPOS="1130" WIDTH="59" HEIGHT="19" WC="0.96" CONTENT="samt"/><SP WIDTH="15" VPOS="1130" HPOS="894"/>
							<String ID="string_227" HPOS="909" VPOS="1128" WIDTH="28" HEIGHT="21" WC="0.92" CONTENT="de"/><SP WIDTH="11" VPOS="1128" HPOS="937"/>
							<String ID="string_228" HPOS="948" VPOS="1128" WIDTH="40" HEIGHT="20" WC="0.92" CONTENT="fin-"/>
						</TextLine>
						<TextLine ID="line_29" HPOS="231" VPOS="1162" WIDTH="536" HEIGHT="29">
							<String ID="string_229" HPOS="231" VPOS="1162" WIDTH="42" HEIGHT="20" WC="0.96" CONTENT="ska"/><SP WIDTH="17" VPOS="1162" HPOS="273"/>
							<String ID="string_230" HPOS="290" VPOS="1164" WIDTH="124" HEIGHT="26" WC="0.96" CONTENT="trupperna"/><SP WIDTH="17" VPOS="1164" HPOS="414"/>
							<String ID="string_231" HPOS="431" VPOS="1163" WIDTH="103" HEIGHT="28" WC="0.96" CONTENT="uppfylla"/><SP WIDTH="16" VPOS="1163" HPOS="534"/>
							<String ID="string_232" HPOS="550" VPOS="1163" WIDTH="35" HEIGHT="21" WC="0.96" CONTENT="sin"/><SP WIDTH="17" VPOS="1163" HPOS="585"/>
							<String ID="string_233" HPOS="602" VPOS="1163" WIDTH="165" HEIGHT="21" WC="0.95" CONTENT="bestämmelse."/>
						</TextLine>
					</TextBlock>
				</ComposedBlock>
				<ComposedBlock ID="cblock_2" HPOS="605" VPOS="1249" WIDTH="18" HEIGHT="20">
					<TextBlock ID="block_4" HPOS="605" VPOS="1249" WIDTH="18" HEIGHT="20">
						<TextLine ID="line_30" HPOS="605" VPOS="1249" WIDTH="18" HEIGHT="20">
							<String ID="string_234" HPOS="605" VPOS="1249" WIDTH="18" HEIGHT="20" WC="0.93" CONTENT="3."/>
						</TextLine>
					</TextBlock>
				</ComposedBlock>
				<ComposedBlock ID="cblock_3" HPOS="230" VPOS="1299" WIDTH="758" HEIGHT="165">
					<TextBlock ID="block_5" HPOS="230" VPOS="1299" WIDTH="758" HEIGHT="165">
						<TextLine ID="line_31" HPOS="301" VPOS="1299" WIDTH="686" HEIGHT="27">
							<String ID="string_235" HPOS="301" VPOS="1299" WIDTH="74" HEIGHT="20" WC="0.93" CONTENT="Bland"/><SP WIDTH="15" VPOS="1299" HPOS="375"/>
							<String ID="string_236" HPOS="390" VPOS="1300" WIDTH="156" HEIGHT="26" WC="0.91" CONTENT="stadgandena"/><SP WIDTH="16" VPOS="1300" HPOS="546"/>
							<String ID="string_237" HPOS="562" VPOS="1300" WIDTH="7" HEIGHT="20" WC="0.97" CONTENT="i"/><SP WIDTH="16" VPOS="1300" HPOS="569"/>
							<String ID="string_238" HPOS="585" VPOS="1300" WIDTH="27" HEIGHT="21" WC="0.95" CONTENT="de"/><SP WIDTH="15" VPOS="1300" HPOS="612"/>
							<String ID="string_239" HPOS="627" VPOS="1300" WIDTH="34" HEIGHT="21" WC="0.92" CONTENT="till"/><SP WIDTH="16" VPOS="1300" HPOS="661"/>
							<String ID="string_240" HPOS="677" VPOS="1300" WIDTH="127" HEIGHT="21" WC="0.91" CONTENT="Ständerna"/><SP WIDTH="16" VPOS="1300" HPOS="804"/>
							<String ID="string_241" HPOS="820" VPOS="1299" WIDTH="167" HEIGHT="21" WC="0.90" CONTENT="öfverlemnade"/>
						</TextLine>
						<TextLine ID="line_32" HPOS="230" VPOS="1333" WIDTH="758" HEIGHT="28">
							<String ID="string_242" HPOS="230" VPOS="1333" WIDTH="261" HEIGHT="28" WC="0.92" CONTENT="författningsförslagen"/><SP WIDTH="23" VPOS="1333" HPOS="491"/>
							<String ID="string_243" HPOS="514" VPOS="1334" WIDTH="64" HEIGHT="27" WC="0.93" CONTENT="ingår"/><SP WIDTH="19" VPOS="1334" HPOS="578"/>
							<String ID="string_244" HPOS="597" VPOS="1334" WIDTH="86" HEIGHT="27" WC="0.92" CONTENT="jemväl"/><SP WIDTH="16" VPOS="1334" HPOS="683"/>
							<String ID="string_245" HPOS="699" VPOS="1341" WIDTH="28" HEIGHT="14" WC="0.95" CONTENT="en"/><SP WIDTH="16" VPOS="1341" HPOS="727"/>
							<String ID="string_246" HPOS="743" VPOS="1340" WIDTH="81" HEIGHT="21" WC="0.95" CONTENT="grupp,"/><SP WIDTH="16" VPOS="1340" HPOS="824"/>
							<String ID="string_247" HPOS="840" VPOS="1340" WIDTH="50" HEIGHT="14" WC="0.96" CONTENT="som"/><SP WIDTH="16" VPOS="1340" HPOS="890"/>
							<String ID="string_248" HPOS="906" VPOS="1333" WIDTH="82" HEIGHT="21" WC="0.96" CONTENT="hänför"/>
						</TextLine>
						<TextLine ID="line_33" HPOS="231" VPOS="1367" WIDTH="757" HEIGHT="28">
							<String ID="string_249" HPOS="231" VPOS="1367" WIDTH="35" HEIGHT="27" WC="0.96" CONTENT="sig"/><SP WIDTH="21" VPOS="1367" HPOS="266"/>
							<String ID="string_250" HPOS="287" VPOS="1367" WIDTH="31" HEIGHT="21" WC="0.96" CONTENT="till"/><SP WIDTH="22" VPOS="1367" HPOS="318"/>
							<String ID="string_251" HPOS="340" VPOS="1367" WIDTH="165" HEIGHT="28" WC="0.96" CONTENT="beteckningen"/><SP WIDTH="16" VPOS="1367" HPOS="505"/>
							<String ID="string_252" HPOS="521" VPOS="1369" WIDTH="25" HEIGHT="20" WC="0.96" CONTENT="af"/><SP WIDTH="13" VPOS="1369" HPOS="546"/>
							<String ID="string_253" HPOS="559" VPOS="1368" WIDTH="60" HEIGHT="21" WC="0.96" CONTENT="vissa"/><SP WIDTH="16" VPOS="1368" HPOS="619"/>
							<String ID="string_254" HPOS="635" VPOS="1368" WIDTH="53" HEIGHT="21" WC="0.96" CONTENT="med"/><SP WIDTH="16" VPOS="1368" HPOS="688"/>
							<String ID="string_255" HPOS="704" VPOS="1367" WIDTH="217" HEIGHT="22" WC="0.93" CONTENT="Storfurstendömet"/><SP WIDTH="16" VPOS="1367" HPOS="921"/>
							<String ID="string_256" HPOS="937" VPOS="1367" WIDTH="51" HEIGHT="20" WC="0.93" CONTENT="Fin-"/>
						</TextLine>
						<TextLine ID="line_34" HPOS="230" VPOS="1402" WIDTH="758" HEIGHT="24">
							<String ID="string_257" HPOS="230" VPOS="1402" WIDTH="68" HEIGHT="21" WC="0.93" CONTENT="lands"/><SP WIDTH="21" VPOS="1402" HPOS="298"/>
							<String ID="string_258" HPOS="319" VPOS="1402" WIDTH="183" HEIGHT="21" WC="0.89" CONTENT="konstitutionelt"/><SP WIDTH="22" VPOS="1402" HPOS="502"/>
							<String ID="string_259" HPOS="524" VPOS="1403" WIDTH="148" HEIGHT="20" WC="0.90" CONTENT="monarkiska"/><SP WIDTH="16" VPOS="1403" HPOS="672"/>
							<String ID="string_260" HPOS="688" VPOS="1402" WIDTH="122" HEIGHT="24" WC="0.90" CONTENT="rättsskick"/><SP WIDTH="17" VPOS="1402" HPOS="810"/>
							<String ID="string_261" HPOS="827" VPOS="1402" WIDTH="161" HEIGHT="21" WC="0.91" CONTENT="sammanhän-"/>
						</TextLine>
						<TextLine ID="line_35" HPOS="232" VPOS="1436" WIDTH="755" HEIGHT="28">
							<String ID="string_262" HPOS="232" VPOS="1436" WIDTH="75" HEIGHT="27" WC="0.96" CONTENT="gande"/><SP WIDTH="23" VPOS="1436" HPOS="307"/>
							<String ID="string_263" HPOS="330" VPOS="1436" WIDTH="99" HEIGHT="28" WC="0.96" CONTENT="begrepp"/><SP WIDTH="23" VPOS="1436" HPOS="429"/>
							<String ID="string_264" HPOS="452" VPOS="1437" WIDTH="44" HEIGHT="21" WC="0.93" CONTENT="och"/><SP WIDTH="23" VPOS="1437" HPOS="496"/>
							<String ID="string_265" HPOS="519" VPOS="1437" WIDTH="59" HEIGHT="27" WC="0.93" CONTENT="förty"/><SP WIDTH="24" VPOS="1437" HPOS="578"/>
							<String ID="string_266" HPOS="602" VPOS="1437" WIDTH="66" HEIGHT="20" WC="0.96" CONTENT="berör"/><SP WIDTH="23" VPOS="1437" HPOS="668"/>
							<String ID="string_267" HPOS="691" VPOS="1437" WIDTH="117" HEIGHT="26" WC="0.91" CONTENT="grundlag."/><SP WIDTH="41" VPOS="1437" HPOS="808"/>
							<String ID="string_268" HPOS="849" VPOS="1436" WIDTH="7" HEIGHT="20" WC="0.92" CONTENT="I"/><SP WIDTH="24" VPOS="1436" HPOS="856"/>
							<String ID="string_269" HPOS="880" VPOS="1436" WIDTH="107" HEIGHT="21" WC="0.91" CONTENT="afvikelse"/>
						</TextLine>
					</TextBlock>
				</ComposedBlock>
			</PrintSpace>
		</Page>
	</Layout>
</alto>
