1092 1781
258 132 40 21 122
538 132 85 22 Ständ.
641 132 40 23 Sv.

300 202 87 24 Säsom
406 204 46 22 här
471 203 83 23 nedan
568 203 64 22 skall
646 203 180 29 ädagaläggas,
840 209 61 16 voro
916 202 70 24 Stän-

228 238 79 22 derna
335 238 158 29 berättigade
521 239 36 21 att
585 238 28 22 sä
635 238 104 22 förfara.
776 238 57 22 Men
853 237 75 23 äfven
947 244 37 16 om

230 272 144 22 Ständerna
392 272 53 22 icke
465 274 42 27 egt
526 272 84 22 denna
629 273 57 25 rätt,
706 272 79 22 mäste
805 272 63 22 dock
883 272 32 22 all
927 272 59 22 tvist

227 313 43 15 om
291 306 196 29 ifrägavarande
505 307 164 29 paragrafers
688 306 217 30 grundlagshelgd
925 312 61 16 vara

229 340 121 23 afskuren
374 341 152 29 derigenom,
546 343 36 20 att
603 342 146 25 Monarken,
768 342 8 21 i
795 341 191 22 öfverensstäm-

228 375 77 22 melse
330 375 56 23 med
408 376 48 22 alla
478 376 57 28 fyra
558 376 120 22 ständens
697 376 90 26 beslut,
807 375 122 23 förklarat
947 375 40 23 de-

229 416 96 16 samma
347 416 47 23 ega
416 410 121 22 karaktär
557 410 26 22 af
601 410 134 30 grundlag.
773 410 37 29 Ty
829 416 89 23 genom
938 410 48 22 Mo-

229 444 111 22 narkens
370 444 117 23 sanktion
516 444 25 23 af
568 445 121 22 ständens
717 444 269 23 sammanstämmande

229 478 83 23 beslut
339 479 87 22 härom
454 479 52 23 blef
534 486 30 15 en
592 479 219 29 lagstiftningsakt
835 479 150 25 fullbordad,

228 513 79 23 hvars
335 514 115 29 giltighet
477 514 54 22 icke
559 520 69 16 mera
656 514 51 22 kan
725 514 170 28 ifrågasättas.
933 514 54 22 Den

227 554 93 22 genom
333 548 94 29 nådiga
440 548 143 22 manifestet
597 548 25 22 af
635 548 48 22 den
697 548 58 28 6/18
769 548 137 22 December
921 548 65 22 1878

228 582 196 23 sanktionerade
443 583 46 22 och
508 583 84 22 såsom
611 583 42 29 lag
672 583 194 29 promulgerade
882 583 105 22 bestäm-

229 617 102 28 ningen,
363 618 35 21 att
425 617 92 29 fjorton
546 617 151 29 paragrafer
724 618 7 21 i
751 618 235 28 Värnepligtslagen

228 651 73 22 skola
328 651 78 22 hafva
434 651 226 30 grundlagshelgd,
690 651 51 23 kan
761 651 98 23 således
883 652 54 22 icke
955 651 32 29 på

231 685 107 22 anförda
356 686 84 29 grund
459 686 125 22 förklaras
604 686 95 29 ogiltig.

299 720 145 23 Emellertid
458 721 113 22 saknade
587 720 143 23 Ständerna
743 721 115 22 hvarken
872 721 115 28 vägande

228 754 57 22 skäl
303 754 61 23 eller
381 755 99 29 rättslig
498 755 84 29 grund
601 755 35 22 till
655 755 42 22 sitt
715 755 102 29 förslag.

299 789 39 22 Då
357 789 133 23 införande
510 789 25 22 af
554 789 91 22 allmän
662 790 145 29 värnepligt
819 789 167 30 ifrågasattes,

231 823 66 22 hade
325 825 119 26 systemet
472 824 25 22 af
525 826 114 27 tvungen
663 824 150 29 krigstjenst
832 824 77 22 sedan
928 825 60 21 flere

229 858 177 28 generationer
431 859 65 22 varit
520 859 8 22 i
550 859 86 22 landet
655 859 103 22 okändt.
796 858 47 23 Väl
861 859 126 26 inseende,

230 891 104 23 hvilken
355 892 103 23 fruktan
482 893 121 22 Finlands
622 893 129 26 invånare,
772 893 119 22 särskildt
908 893 81 22 under

228 926 34 22 de
281 933 49 22 nya
344 927 182 26 förhållanden,
536 927 8 22 i
554 927 86 22 hvilka
649 927 86 22 landet
749 927 28 22 år
789 927 65 22 1809
867 927 122 26 inträdde,

230 961 80 22 måste
332 961 64 29 hysa
418 961 39 23 för
481 962 161 29 utskrifning,
661 962 92 22 aktade
773 962 90 29 Kejsar
883 962 106 22 Alexan-

229 995 47 22 der
294 995 12 22 I
325 995 89 30 nödigt
431 996 51 23 låta
501 997 7 21 i
528 996 48 22 den
596 997 36 21 till
651 996 86 29 Borgå
756 997 124 28 landtdag
893 996 95 29 afgifna

229 1030 191 27 propositionen
450 1037 40 15 om
520 1031 173 28 inrättningen
721 1031 26 22 af
773 1031 99 22 landets
899 1031 90 22 militär

229 1064 122 22 särskildt
369 1064 87 30 intaga
474 1065 49 22 den
539 1065 142 26 försäkran,
695 1066 36 21 att
743 1065 86 29 någon
842 1065 55 22 med
911 1065 78 29 tvång

230 1098 106 23 förenad
355 1099 160 29 rekrytering
534 1099 61 22 eller
613 1099 155 29 utskrifning
786 1099 54 22 icke
858 1099 8 22 i
882 1099 107 22 Finland

229 1132 83 23 skulle
330 1139 47 23 ega
396 1140 54 15 rum
470 1133 101 30 (Bilaga
591 1134 28 28 I).

301 1167 39 22 Nu
368 1167 108 23 innebar
503 1168 123 29 förslaget
650 1175 40 15 om
713 1168 92 22 allmän
825 1168 164 29 värnepligts-

230 1201 51 28 lag,
305 1203 35 20 att
368 1208 31 16 en
428 1202 40 22 del
496 1202 26 22 af
548 1203 99 22 landets
671 1203 112 28 ungdom
803 1202 62 22 efter
883 1202 106 29 lottning

230 1235 99 22 komme
350 1237 35 21 att
403 1238 102 27 uttagas
524 1237 37 22 till
581 1238 112 28 tvungen
712 1237 155 29 krigstjenst,
885 1236 47 22 och
947 1236 42 22 det

229 1269 81 23 borde
329 1271 21 28 ej
372 1271 87 22 kunna
477 1271 81 22 väcka
577 1271 144 29 förvåning,
742 1273 36 20 att
793 1271 77 22 saken
882 1271 26 22 af
919 1270 70 23 Stän-

229 1304 81 22 derna
321 1305 43 22 vid
376 1305 174 23 1877—1878
564 1306 41 21 års
618 1306 123 29 landtdag
755 1305 162 22 betraktades
933 1305 56 22 med

229 1337 155 30 bekymmer,
403 1346 53 15 som
476 1340 95 22 ökades
591 1346 90 23 genom
701 1340 49 22 den
764 1339 225 29 omständigheten,

230 1373 38 22 att
286 1373 84 22 finska
388 1373 80 23 folket
485 1374 54 22 icke
559 1374 50 22 kan
628 1375 103 28 begära,
753 1375 36 21 att
802 1374 57 22 dess
873 1373 116 22 önsknin-

228 1413 50 21 gar
306 1407 60 22 eller
388 1408 125 22 intressen
535 1408 72 22 skola
626 1415 63 15 vara
707 1408 190 22 bestämmande
916 1408 7 22 i
942 1408 47 22 frå-

229 1447 51 22 gor
307 1448 40 15 om
366 1442 58 29 krig
445 1442 47 22 och
513 1442 64 22 fred.
606 1442 48 23 Det
673 1444 28 20 är
721 1442 98 22 således
839 1442 148 29 förklarligt,
