1089 1750
418 114 28 23 U.
463 115 27 21 B.
795 116 39 20 121

105 184 180 26 lagsstadganden
308 184 109 21 betraktas
442 186 56 19 samt
520 186 31 19 att
574 184 58 21 detta
648 184 131 21 Ständernas
796 184 70 21 beslut

105 217 69 21 blifvit
189 217 23 21 af
224 218 303 21 Ministerstatssekreteraren
542 218 122 27 afsigtligen
683 218 137 21 undanhållet
830 218 36 21 då-

106 252 93 21 varande
222 252 179 27 Krigsministern
423 252 39 21 och
478 253 75 21 endast
568 252 32 22 till
615 252 52 27 följd
682 252 22 21 af
718 252 77 22 sådant
810 252 55 22 orik-

106 287 41 26 tigt
168 286 159 27 förfaringssätt
342 287 82 21 kunnat
439 287 65 21 vinna
519 287 98 21 sanktion
634 287 80 21 medels
730 287 78 27 nådiga
822 293 43 14 ma-

106 320 89 22 nifestet
209 320 23 22 af
245 320 40 22 den
301 321 51 27 6/18
368 321 118 21 December
503 322 61 20 1878.
593 322 11 20 I
623 321 115 27 anledning
752 320 63 22 häraf
828 321 38 21 har

106 355 151 27 Lagutskottet
281 361 76 21 genom
380 356 115 26 utredning
517 355 23 21 af
560 356 126 21 hithörande
702 355 72 27 frågor
792 355 73 21 veder-

106 390 45 26 lagt
171 390 66 26 sagda
256 390 141 26 påståenden;
416 390 38 20 och
470 389 32 22 får
518 390 244 27 Värnepligtsutskottet
778 390 88 20 hänvisa

107 424 30 20 till
153 424 70 21 denna
238 424 115 27 utredning
369 424 171 27 (Lagutskottets
558 424 134 22 betänkande
707 424 76 21 afdeln.
799 424 34 20 III
849 430 16 14 s.

107 458 100 27 82—-96).

175 493 72 21 Jemte
266 492 35 21 det
317 492 111 22 Utskottet
450 492 32 22 för
504 492 64 27 öfrigt
584 494 22 19 är
622 498 51 16 ense
688 498 34 15 om
738 492 128 27 Lagutskot-

107 528 42 20 tets
157 527 99 27 yttrande
265 526 86 28 (afdeln.
359 527 30 21 IV
399 533 16 15 s.
425 527 49 26 137)
482 529 32 19 att
522 527 26 21 de
556 526 80 27 fjorton
648 526 123 27 paragrafer
784 526 22 22 af
813 527 52 21 Vär-

107 561 162 28 nepligtslagen,
279 568 46 14 som
333 561 114 21 förklarats
455 561 63 21 hafva
527 561 135 28 egenskapen
675 561 23 21 af
706 561 111 27 grundlag,
828 563 37 19 äro

108 596 132 27 stadganden
263 595 23 22 af
307 596 76 21 sådant
405 596 99 25 innehåll,
519 598 31 19 att
566 596 26 21 de
607 595 45 22 icke
668 596 72 21 kunna
754 595 63 22 hafva
833 596 32 21 sin

107 631 56 26 plats
189 633 59 19 utom
275 631 163 26 grundlagarne,
463 631 39 21 har
527 631 112 21 Utskottet
664 633 72 18 ansett
759 631 33 26 sig
814 631 52 20 böra

107 664 112 21 framhålla
233 667 37 24 att,
286 665 71 21 derest
373 665 123 21 Utskottets
512 665 81 26 förslag
608 665 58 21 leder
676 665 75 25 dertill,
759 666 32 19 att
799 665 67 26 några

108 699 50 21 eller
174 699 52 21 flere
241 699 23 21 af
277 699 26 21 de
319 699 6 21 i
340 699 201 27 Värnepligtslagen
557 699 104 27 ingående
674 699 132 26 stadganden
817 699 48 20 med

109 733 181 27 grundlagshelgd
315 734 66 21 varda
405 740 76 20 genom
508 733 230 22 sammanstämmande
759 733 71 21 beslut
845 733 23 21 af

108 767 41 22 alla
172 767 67 22 Ständ
261 768 100 25 ändrade,
379 769 51 20 utan
452 770 31 19 att
506 769 6 20 i
531 768 31 21 sin
579 775 41 20 nya
634 768 79 27 lydelse
729 767 55 27 gälla
799 767 67 21 andra

107 803 83 24 ämnen,
213 804 27 19 än
263 802 62 21 deras
348 802 57 21 förra
423 803 93 20 innehäll
536 802 68 25 afsett,
621 802 39 21 och
675 802 43 21 ifall
735 802 129 21 Ständernas

108 836 71 21 beslut
200 837 75 20 vinner
297 836 65 27 nådig
382 837 104 25 sanktion,
503 837 40 21 den
559 836 130 21 fortfarande
706 836 123 27 giltigheten
845 835 23 22 af

108 870 143 26 merberörda,
270 871 40 20 den
331 871 51 26 6/18
398 871 118 21 December
533 871 54 21 1878
603 871 111 21 utfärdade
730 871 77 26 nädiga
822 877 42 14 ma-

107 904 65 22 nifest
187 905 123 27 derigenom
326 905 46 21 icke
387 905 127 27 upphäfves.

177 1031 30 20 Pä
229 1031 69 26 grund
319 1030 23 22 af
355 1031 36 21 det
405 1031 89 22 anförda
508 1031 32 22 fär
557 1031 111 22 Utskottet
684 1032 110 20 vördsamt
809 1031 57 21 hem-

109 1065 71 20 ställa:

384 1123 34 20 det
428 1123 51 20 ville
491 1123 125 21 Ständerna
627 1123 9 20 i
646 1123 138 27 underdänig
794 1129 73 14 svars-

315 1157 111 27 skrifvelse
442 1157 36 21 till
494 1157 64 21 Hans
573 1157 122 28 Kejserliga
708 1157 103 28 Majestät
822 1164 42 14 an-

315 1192 66 25 mäla,

383 1250 33 19 att
436 1249 34 21 det
496 1249 49 21 med
570 1248 66 28 nådig
665 1249 137 27 proposition
833 1249 34 21 till

316 1282 124 21 Ständerna
456 1283 161 27 öfverlemnade
632 1283 82 27 förslag
731 1283 35 21 till
787 1283 80 21 Värne-

311 1317 105 27 pligtslag
432 1317 36 27 för
485 1317 209 27 Storfurstendömet
708 1317 102 21 Finland
821 1317 47 21 icke

315 1351 87 21 kunnat
416 1351 29 27 af
458 1351 126 21 Ständerna
596 1354 98 25 antagas,
710 1353 59 19 samt
781 1353 33 19 att
825 1352 42 20 den

314 1385 84 27 nådiga
416 1386 166 26 propositionen
605 1386 111 27 angående
738 1386 128 27 grunderna

313 1419 37 27 för
370 1420 25 20 de
417 1420 74 26 finska
514 1422 132 25 truppernas
661 1420 152 27 organisation
828 1420 39 20 och
