1086 1753
259 133 26 20 26
564 133 29 22 U.
609 133 27 22 B.

229 201 79 27 länder,
319 201 37 21 der
371 202 157 20 naturalisation
546 202 87 27 beviljas
649 204 50 18 utan
714 202 59 26 intyg
790 208 34 14 om
840 201 58 27 dylik
913 200 70 21 frikal-

230 235 58 27 lelse,
310 238 54 18 samt
386 236 76 27 vidare,
485 238 30 18 att
537 236 218 26 straffbestämningen
772 236 6 20 i
795 236 11 27 $
825 236 39 20 112
886 236 47 20 med
949 235 35 21 det

230 269 79 28 tillägg,
324 270 106 21 Utskottet
445 270 7 20 i
467 271 35 26 S:n
518 270 69 26 infört,
604 270 6 20 i
626 271 40 20 och
681 271 32 20 för
723 271 31 26 sig
766 272 60 26 utgör
838 272 28 19 ett
878 270 104 20 korrektiv

231 306 44 18 mot
291 304 122 28 utflyttning
428 305 33 21 för
476 305 126 27 undgäende
618 305 21 20 af
655 305 149 27 värnepligten.

554 522 60 28 Kap.
631 521 33 22 II.

302 579 15 28 S
334 579 23 22 9.
390 579 47 21 Den
460 581 75 19 största
557 579 119 28 personliga
700 579 118 28 uppoffring
840 579 144 26 värnepligten

233 613 84 21 kräfver
332 615 85 25 utgöres
430 614 21 20 af
465 614 214 27 tjenstskyldigheten
694 613 37 22 vid
740 614 25 20 de
774 613 74 21 aktiva
857 615 126 25 trupperna.

233 647 73 21 Redan
329 648 138 21 1877—1878
486 648 33 21 ärs
535 648 89 21 Ständer
640 648 88 21 tvekade
744 648 70 21 derför
830 649 30 19 att
874 647 111 28 godkänna

232 682 42 20 den
291 682 5 20 i
313 683 155 26 propositionen
480 683 119 26 föreslagna
607 683 133 27 tjenstetiden
751 683 21 20 af
780 684 31 19 tre
822 682 22 21 är
853 682 34 20 vid
896 682 90 26 aktiven,

233 722 49 14 men
306 716 72 26 gjorde
402 716 35 21 det
459 716 71 25 likväl,
546 716 44 21 dels
607 716 89 21 emedan
719 716 147 28 tjenstetidens
881 716 63 26 längd
960 716 25 20 dä

232 752 60 18 ännu
307 750 75 21 endast
397 751 6 20 i
418 751 21 20 fä
454 750 74 22 länder
544 751 114 27 understeg
673 751 64 27 sagda
752 750 58 21 antal
826 750 28 26 är,
871 750 44 20 dels
931 756 56 14 eme-

233 784 42 20 dan
292 790 26 15 en
335 784 81 22 kortare
432 785 106 27 tjenstetid
554 785 104 21 måhända
673 785 71 21 kunde
758 784 95 21 befinnas
862 784 124 28 otillräcklig

230 818 34 20 för
286 818 26 21 de
336 819 161 27 värnepligtiges
519 819 90 21 militära
633 819 124 27 utbildning.
788 818 34 22 Nu
840 818 143 27 föreliggande

231 852 78 28 nädiga
329 854 129 26 proposition
480 853 88 21 föreslär
588 853 118 21 emellertid
728 854 6 20 i
756 855 36 19 art.
810 854 25 20 13
851 853 133 27 förlängning

230 887 23 20 af
268 887 134 27 tjenstetiden
419 888 34 20 vid
469 888 69 20 aktiva
554 890 114 25 trupperna
684 888 30 20 till
730 888 42 20 fem
789 888 27 20 är.

300 921 11 20 I
327 923 86 19 motsats
429 924 42 18 mot
486 922 168 27 propositionens
664 922 159 27 ifrägavarande
835 922 78 26 förslag
923 928 62 20 synes

230 955 55 20 dock
309 955 40 21 den
368 956 107 20 allmänna
491 956 116 21 tendensen
623 963 88 14 numera
726 956 26 28 gä
768 959 23 17 ut
807 956 25 27 pä
851 956 134 26 nedsättning

230 989 23 20 af
276 990 133 26 tjenstetiden
433 990 35 20 vid
491 990 25 21 de
532 990 70 21 aktiva
618 992 113 25 trupperna
746 991 7 19 i
769 990 93 21 fredstid.
893 989 92 21 Sälunda

231 1024 125 26 Taststäldes,
372 1024 32 20 för
419 1026 29 19 att
463 1024 73 21 anföra
551 1025 65 27 några
632 1025 96 27 exempel
743 1024 47 21 från
806 1024 96 27 Europas
911 1026 73 18 största

231 1057 166 27 militärmakter,
420 1058 69 21 denna
514 1059 106 26 tjenstetid
643 1059 6 20 i
671 1059 111 26 Ryssland,
799 1058 26 20 dä
842 1058 142 27 värnepligten

231 1091 24 20 är
280 1092 54 20 1874
355 1092 93 21 infördes
471 1093 112 26 derstädes,
606 1093 30 20 till
664 1093 12 20 6
693 1093 27 26 är,
736 1099 48 14 men
800 1092 131 21 förkortades
947 1098 38 14 un-

231 1125 39 21 der
291 1126 115 21 1880-talet
427 1127 31 20 till
480 1127 11 20 5
513 1126 29 27 är,
558 1127 38 20 och
617 1129 62 25 utgör
699 1127 32 20 för
750 1126 131 21 närvarande
895 1126 90 26 faktiskt,

231 1159 6 20 i
254 1159 51 28 följd
329 1160 21 21 af
365 1160 40 21 den
421 1161 173 27 Krigsministern
612 1161 107 27 medgifna
734 1161 39 21 och
789 1161 21 20 af
826 1161 77 20 honom
919 1161 6 20 i
942 1161 43 20 vid-

229 1193 80 21 sträckt
332 1194 48 21 män
400 1195 92 20 anlitade
515 1197 40 19 rätt
576 1197 30 19 att
628 1195 65 21 innan
716 1195 106 27 utgången
838 1194 21 21 af
875 1195 40 20 den
932 1195 53 20 före-

229 1228 82 20 skrifna
334 1228 135 27 tjenstetiden
491 1229 32 20 till
545 1236 99 14 reserven
668 1229 118 27 öfverflytta
806 1228 124 21 underbefäl
947 1229 37 20 och

230 1262 109 27 manskap,
361 1262 75 21 endast
457 1264 12 19 3
485 1263 23 20 är
523 1264 38 20 och
577 1264 13 20 8
606 1265 12 19 ä
633 1264 12 20 9
661 1263 105 21 månader.
796 1262 114 22 Dessutom
927 1262 58 21 torde

230 1302 89 14 numera
342 1296 7 20 i
371 1296 160 28 Kejsaredömet
546 1298 78 24 förslag
645 1298 62 20 hafva
723 1297 71 21 väckts
810 1303 34 14 om
860 1299 31 18 att
905 1296 80 27 ytterli-

229 1336 52 20 gare
297 1330 113 21 inskränka
429 1331 40 21 den
486 1332 30 20 uti
531 1331 33 27 lag
582 1331 108 21 bestämda
706 1331 134 27 tjenstetiden
857 1331 35 20 vid
908 1330 26 21 de
950 1331 35 20 ak-

229 1363 44 21 tiva
292 1366 119 25 trupperna.
441 1365 10 21 I
467 1365 113 21 Frankrike
596 1365 120 21 faststäldes
730 1365 137 27 tjenstetiden
884 1364 33 20 vid
934 1365 51 20 akti-

231 1403 40 14 ven
293 1397 24 20 är
337 1398 55 20 1872
415 1398 30 21 till
469 1400 12 19 5
503 1399 28 27 är,
546 1405 48 14 men
611 1399 107 20 nedsattes
733 1399 23 20 är
772 1399 54 20 1890
842 1398 32 21 till
890 1399 12 20 3
918 1398 27 21 är.
976 1398 9 21 1

228 1430 109 27 Tyskland
353 1439 37 13 var
405 1433 134 26 tjenstetiden
555 1433 54 20 intill
625 1433 23 20 är
664 1433 54 21 1893
734 1433 12 20 3
762 1432 28 26 &r,
807 1439 49 14 men
865 1432 120 21 minskades
