1092 1761
273 139 39 21 126
550 138 85 22 Ständ.
652 137 39 23 Sv.

312 207 47 25 Att
377 210 137 22 emellertid
534 210 49 22 den
603 210 108 28 ändring
729 209 8 22 i
759 209 241 29 indelningsverket,

247 250 53 16 som
318 244 147 29 härigenom
492 244 58 22 kom
579 244 37 22 till
635 244 82 26 stånd,
737 250 48 16 var
805 244 25 22 af
848 244 51 22 helt
918 250 83 16 annan

244 278 176 23 beskaffenhet
439 280 33 20 än
490 279 32 22 de
541 278 126 29 åtgärder,
681 278 35 22 till
728 278 86 22 hvilka
825 278 86 29 Borgå
923 278 78 21 landt-

245 313 51 28 dag
314 312 156 27 föranledde,
490 313 75 22 beror
584 313 33 28 på
636 313 113 28 följande
777 312 222 29 omständigheter.

244 347 88 29 Borgå
350 347 123 29 landtdag
491 347 116 22 lemnade
621 347 236 29 indelningsverket
869 346 132 26 orubbadt,

246 381 83 22 såsom
357 381 46 23 ock
430 381 170 29 uttryckligen
625 382 73 29 säges
721 382 7 21 i
747 381 144 22 manifestet
909 381 25 22 af
952 380 48 23 den

245 416 76 29 15/27
346 416 67 22 Mars
438 416 72 23 1810.
546 416 36 22 På
603 415 157 23 Ständernas
778 415 114 30 begäran
910 415 91 22 förkla-

243 451 62 22 rade
324 451 39 28 sig
381 451 139 22 Monarken
538 450 65 23 blott
621 451 54 22 icke
694 451 61 28 vilja
775 450 118 29 begagna
915 450 38 29 sig
976 450 25 21 af

243 485 50 22 den
320 486 50 21 rätt
397 485 51 22 han
476 485 63 29 egde
563 486 36 21 att
617 485 87 22 fordra
723 484 234 29 upprätthållandet
976 485 25 21 af

243 526 31 15 en
303 519 79 23 indelt
410 521 76 25 armé,
513 526 58 16 men
598 519 51 22 han
677 519 80 22 skulle
782 520 48 21 när
857 525 52 16 som
937 519 64 22 helst

243 554 98 22 kunnat
368 555 63 28 göra
458 554 48 26 det,
534 555 46 21 och
607 555 69 22 detta
698 553 159 23 förhållande
877 553 122 28 åberopas

242 588 106 22 faktiskt
366 589 8 21 i
392 588 93 29 nådiga
504 588 145 23 manifestet
667 588 26 22 af
711 588 49 22 den
775 588 76 24 11/23
862 588 60 22 Juni
933 588 67 22 1854

244 623 132 29 angående
407 623 236 29 återupprättandet
674 622 26 23 af
729 622 79 22 indelt
841 622 98 22 militär.
978 616 20 28 Ä

244 658 80 21 andra
343 657 72 22 sidan
428 658 139 22 kvarstodo
579 658 48 22 alla
639 658 31 21 de
681 657 191 29 bestämningar
882 657 7 21 i
899 656 101 22 knekte-

243 692 160 26 kontrakten,
435 692 77 29 enligt
542 692 88 22 hvilka
661 698 85 16 annan
776 691 172 29 militärtunga
976 691 21 28 ej

243 726 80 22 skulle
354 726 25 22 få
406 726 90 30 läggas
522 727 34 28 på
583 727 84 26 folket,
691 726 152 28 fullkomligt
867 725 130 23 orubbade

244 760 78 27 deraf,
341 762 35 21 att
395 761 138 22 Monarken
551 762 36 21 lät
606 762 49 21 den
671 760 97 23 indelta
782 761 85 21 armén
880 759 119 22 förblifva

243 795 108 28 upplöst.
369 795 39 22 Då
426 795 176 30 värnepligten
621 795 120 26 infördes,
767 794 158 23 förklarades
947 793 52 22 der-

243 831 66 21 emot
327 836 90 23 genom
436 830 50 29 lag,
507 831 35 21 att
561 829 124 30 krigsfolk
704 829 78 29 enligt
800 829 197 28 indelningsver-

242 864 44 22 ket
313 865 21 27 ej
363 864 69 28 finge
458 864 80 22 äskas.
565 865 58 21 Men
648 864 53 22 icke
724 870 51 22 nog
793 863 112 22 härmed.
934 863 63 21 Dei

243 898 247 22 knektekontrakten
508 898 207 23 förekommande
732 897 198 29 bestämningar,
945 903 52 15 som

242 932 115 23 befriade
386 933 124 29 allmogen
528 933 57 22 från
604 935 113 27 tvungen
736 932 157 28 krigstjenst,
913 931 84 22 blefvo

242 968 94 21 ersatta
361 974 90 22 genom
474 968 160 28 stadganden
653 967 7 22 i
679 966 246 29 Värnepligtslagen,
945 972 52 15 som

243 1001 73 23 ålade
340 1001 199 29 medborgarene
567 1002 150 28 krigstjenst
744 1001 78 29 enligt
845 1000 83 22 denna
949 1000 48 28 lag,

242 1036 98 22 således
359 1037 113 28 tvungen
490 1036 155 29 krigstjenst,
663 1036 46 22 och
725 1036 70 22 detta
809 1035 75 22 äfven
897 1034 7 22 i
919 1034 78 22 andra

244 1070 44 22 fall
307 1071 32 21 än
359 1070 30 22 de
408 1070 7 22 i
434 1070 15 29 $
470 1071 14 21 7
498 1071 26 22 af
537 1071 146 28 Allmogens
696 1070 150 28 Privilegier
858 1069 139 22 förutsatta.

310 1105 38 21 Dä
359 1112 34 14 nu
403 1105 243 29 Värnepligtslagen,
665 1104 76 22 äfven
761 1104 84 22 derest
863 1104 76 28 ingen
958 1103 39 22 del

242 1139 26 21 af
295 1139 145 22 densamma
468 1140 65 22 hade
560 1139 137 23 förklarats
721 1139 40 22 för
779 1138 134 29 grundlag,
934 1138 63 22 dock

240 1179 48 16 var
307 1173 89 22 afsedd
416 1175 35 20 att
469 1174 36 22 till
524 1174 49 21 alla
592 1174 71 21 delar
681 1173 80 22 blifva
779 1179 32 15 en
829 1173 49 28 lag,
902 1178 52 16 som
974 1172 21 28 ej

240 1207 86 22 kunde
354 1207 94 23 ändras
468 1208 158 22 annorlunda
645 1208 32 21 än
696 1213 92 24 genom
806 1207 191 22 öfverensstäm-

240 1242 92 22 mande
358 1242 84 22 beslut
470 1242 24 22 af
516 1242 107 23 Monark
644 1242 46 22 och
711 1241 116 26 Ständer,
846 1241 27 22 sä
892 1240 106 22 innebar

242 1276 16 29 $
277 1276 15 21 2
311 1276 8 22 i
338 1276 90 29 sjelfva
447 1277 94 26 verket,
561 1278 36 21 att
615 1277 31 21 de
665 1276 198 28 bestämningar,
884 1281 53 16 som
957 1281 40 16 an-

241 1311 79 28 gingo
348 1311 177 29 skyldigheten
553 1313 36 20 att
618 1311 128 28 uppställa
773 1309 124 30 krigsfolk
921 1309 76 28 enligt

240 1345 241 29 indelningsverket,
510 1352 90 22 genom
628 1345 43 29 lag
689 1344 144 29 upphäfdes
852 1344 46 22 och
916 1343 80 22 likasä

241 1379 50 22 den
309 1379 117 23 befrielse
444 1380 57 22 frän
519 1380 156 29 krigstjenst,
693 1386 53 15 som
760 1379 141 22 tillerkänts
915 1378 82 22 allmo-

240 1420 50 22 gen
318 1420 90 22 genom
435 1414 255 26 knektekontrakten,
719 1413 66 23 dock
813 1412 107 22 sålunda
957 1414 40 24 att,

242 1454 41 15 om
307 1448 106 22 Monark
441 1448 46 22 och
516 1448 108 22 Ständer
649 1448 83 22 blifvit
751 1454 60 15 ense
830 1454 39 15 om
889 1448 36 21 att
942 1447 55 21 här-
