1086 1753
242 118 27 20 74

282 188 51 19 Art.
354 188 60 19 259.
444 186 180 22 Länenämderna
639 192 41 21 ega
696 186 46 21 föra
757 186 106 21 särskilda
879 186 91 21 förteck-

213 219 77 28 ningar
306 221 58 21 öfver
380 221 42 21 alla
438 221 35 21 vid
483 221 138 21 landtvärnet
631 221 106 21 inskrifna
749 221 38 21 och
798 221 8 20 i
816 221 59 21 länet
885 221 85 21 bosatte

212 261 113 20 personer:
351 255 19 26 1)
388 261 44 16 som
455 255 68 22 under
545 255 142 27 tjenstgöring
711 255 34 21 vid
764 255 26 21 de
806 255 90 22 stående
911 257 59 25 trup-

211 295 68 21 perna
302 289 115 22 förvärfvat
440 289 148 28 officersgrad;
615 290 22 27 2)
657 296 52 19 som,
726 289 67 22 ehuru
809 289 26 22 de
851 289 45 22 icke
911 289 58 22 inne-

212 324 65 21 hafva
308 324 65 21 sådan
398 325 59 26 grad,
483 325 72 21 kunna
580 324 113 21 förordnas
718 326 32 19 att
775 324 35 21 vid
835 324 135 21 landtvärns-

212 360 64 25 trupp
303 358 94 22 bestrida
420 358 318 27 subalternofficersbefattning
760 358 50 28 (art.
834 358 48 26 245,
905 364 63 15 mom.

212 394 20 25 2,
248 392 21 26 b,
286 399 10 15 c
312 392 37 21 och
366 392 28 27 d),
411 395 57 19 samt
484 392 21 28 3)
517 399 45 15 som
574 392 115 22 innehafva
700 392 82 22 läkare-
793 392 54 22 eller
858 392 111 22 fältskärs-

212 426 112 28 värdighet
340 426 50 28 (art.
406 428 57 26 247).
485 427 47 21 Den
547 427 148 21 förstnämnda
706 427 23 21 af
738 427 61 21 dessa
810 426 159 27 förteckningar

211 461 101 21 insändes
329 460 80 28 årligen
425 462 33 21 till
474 462 93 21 Senaten
583 461 28 27 på
626 462 38 26 tid,
681 468 45 15 som
742 461 22 21 af
772 461 94 21 Senaten
878 461 90 21 bestäm-

212 502 53 20 mes,
278 496 67 26 jemte
361 496 103 27 behöriga
479 496 152 27 anteckningar
646 496 110 27 angående
767 496 25 21 de
803 502 108 21 personer,
923 502 46 15 som

212 530 74 21 kunna
302 530 184 22 rekommenderas
502 531 34 21 till
551 530 79 22 befäls-
641 530 52 22 eller
703 530 206 27 stabsbefattningar
919 531 50 26 (art.

213 564 63 28 244);
288 564 76 27 utdrag
376 571 25 15 ur
412 565 40 21 den
464 565 66 21 andra
541 565 158 27 förteckningen
709 564 150 22 öfversändas
850 560 12 36 i
869 564 100 22 afseende

214 600 12 19 å
242 598 120 22 kännedom
373 599 32 21 till
416 599 192 21 kommendörerne
619 598 33 22 för
664 598 160 22 vederbörande
834 598 135 22 landtvärns-

212 636 96 25 trupper,
328 634 76 21 medan
420 634 167 27 uppsättningen
603 633 78 28 pågår;
698 633 39 22 den
754 633 69 27 tredje
838 633 131 22 förtecknin-

212 674 40 20 gen
276 669 47 20 åter
340 668 68 27 tjenar
424 669 32 21 till
472 669 88 26 ledning
575 669 34 21 för
624 668 92 21 nämden
732 667 49 28 sjelf
795 668 35 21 vid
845 667 124 22 förordnan-

213 702 36 21 det
272 702 28 27 på
323 702 91 22 förhand
437 703 23 21 af
482 704 39 20 den
544 703 131 21 medicinska
698 702 127 27 personalen
847 702 33 22 till
899 702 70 21 landt-

212 738 186 26 värnstrupperna.
429 738 48 21 Alla
496 738 62 21 dessa
580 737 160 27 förteckningar
762 737 110 21 tillställas
895 737 73 26 Krigs-

212 771 119 21 ministern.

282 814 50 18 Art.
353 814 62 18 260.
446 812 177 21 Länenämderna
645 814 102 24 upprätta
770 812 39 20 och
825 811 58 21 hålla
898 811 71 21 städse

211 846 7 20 i
242 845 120 27 beredskap
392 846 78 21 allmän
500 846 50 27 plan
575 846 33 21 för
633 846 224 26 landtvärnstruppers
882 848 86 24 uppsät-

212 880 64 21 tande
292 880 7 20 i
315 880 57 22 länet
390 881 67 26 enligt
480 881 91 26 schema,
595 886 46 16 som
665 880 117 22 fastställes
801 880 23 21 af
837 880 131 21 Hufvudsta-

212 914 40 21 ben
269 915 7 20 i
291 915 196 26 Krigsministeriet,
504 916 94 20 börande
614 916 7 20 i
634 916 69 20 denna
718 916 49 26 plan
783 914 95 28 angifvas
895 915 25 21 de
937 916 31 20 åt-

211 948 85 26 gärder,
320 949 71 21 hvilka
413 950 48 21 med
484 950 82 26 hänsyn
589 950 33 20 till
646 950 72 20 lokala
738 949 149 21 förhållanden
903 949 65 21 borde

211 982 98 28 vidtagas
331 983 33 21 för
387 984 119 27 tryggande
529 984 23 21 af
573 984 92 21 berörda
685 987 98 24 truppers
799 984 102 26 behöriga
916 990 52 20 upp-

212 1018 94 26 sättning
329 1018 38 20 och
392 1018 110 22 förseende
525 1018 27 27 på
575 1019 90 26 behörig
687 1019 31 21 tid
741 1019 47 21 med
812 1018 99 27 samtliga
927 1018 42 21 för-

212 1051 175 28 fattningsenliga
410 1052 171 22 förnödenheter.
612 1053 77 20 Denna
712 1053 47 26 plan
779 1052 98 21 insändes
892 1058 76 21 genom

212 1085 172 22 distriktsstaben
404 1087 32 20 till
455 1087 164 20 Hufvudstaben
638 1087 35 20 vid
689 1087 62 26 tider,
767 1093 45 15 som
828 1087 22 20 af
865 1087 39 20 den
920 1087 48 20 sist-

210 1120 94 21 nämnda
320 1120 134 22 bestämmas.

483 1223 66 11 SJETTE
561 1222 138 13 AFDELNINGEN.

327 1268 36 17 Om
375 1269 143 17 kostnaderna
530 1269 33 17 för
575 1269 146 18 landtvärnets
732 1269 126 18 inkallande.

280 1321 50 18 Art.
343 1321 49 19 261.
416 1320 49 21 Alla
476 1320 48 21 med
535 1321 109 26 uppbådet
655 1321 39 21 och
706 1321 154 26 uppsättandet
868 1321 24 20 af
898 1321 69 21 landt-

210 1355 75 19 värnet
300 1353 101 22 förenade
416 1355 153 21 omkostnader
583 1355 110 21 äfvensom
710 1355 48 21 dess
771 1355 141 27 förplägning,
923 1355 44 20 för-

209 1388 79 21 seende
304 1389 48 20 med
367 1389 145 22 beklädnads-
528 1390 40 21 och
584 1390 237 27 utredningspersedlar
836 1392 56 19 samt
906 1390 7 20 i
929 1390 38 20 all-

209 1422 87 22 mänhet
316 1422 48 22 hela
384 1423 48 22 dess
452 1424 113 21 underhåll
585 1424 108 21 bestridas
710 1425 22 20 af
747 1424 68 21 finska
831 1424 136 21 statsverket.
