1086 1775
807 120 26 20 25

106 188 51 21 eller
173 188 48 22 dess
241 188 102 21 invånare
359 190 37 19 äro
413 188 75 21 delade
506 188 76 21 mellan
599 187 53 22 flera
667 188 156 27 församlingar.
854 188 9 21 I

105 222 103 27 utdraget
227 222 80 21 införas
323 222 26 21 de
364 222 7 21 i
387 223 40 20 art.
445 223 26 20 70
488 222 86 27 angifna
590 222 116 27 uppgifter.
737 222 126 27 Värneplig-

105 257 50 27 tige,
178 256 71 22 hvilka
271 256 69 22 under
363 256 36 21 det
418 256 144 22 sistförflutna
578 256 47 21 året
641 256 74 27 aflidit,
731 256 61 23 skola
807 256 7 21 i
829 258 34 20 ut-

106 291 76 27 draget
197 291 118 22 antecknas
328 291 66 27 jemte
404 291 80 21 månad
495 291 39 21 och
545 291 42 27 dag
597 290 34 21 för
642 290 120 22 dödsfallet.
784 291 79 21 Likaså

106 326 60 21 skola
181 326 7 21 i
203 326 102 27 utdraget
320 325 81 22 införas
417 325 26 22 de
458 325 161 28 värnepligtige,
632 331 45 16 som
688 326 69 21 under
767 325 36 22 det
815 325 48 22 sist-

105 361 104 22 förflutna
232 362 47 21 året
297 360 47 21 från
363 360 152 27 församlingen
538 359 132 28 öfverflyttat
686 360 32 21 till
734 367 71 15 annan
821 360 42 21 för-

106 395 96 28 samling,
227 395 48 22 med
297 394 85 28 uppgift
401 394 107 21 huruvida
524 395 25 21 de
565 394 69 21 blifvit
649 395 7 20 i
671 395 135 22 sistnämnda
821 395 43 21 för-

107 430 101 27 samlings
224 429 147 27 kyrkoböcker
386 429 52 21 eller
453 429 161 26 förteckningar
629 429 91 21 införda.
751 430 112 27 Utdragen

105 465 62 21 skola
182 464 23 21 af
217 463 161 22 vederbörande
400 465 84 26 prester
508 463 50 22 eller
577 463 286 28 församlingsföreståndare

106 499 103 21 insändas
224 498 32 21 till
271 498 223 21 Distriktsnämderna
510 498 45 21 före
571 498 41 21 den
629 499 26 20 27
672 499 46 26 (15)
733 499 97 22 Januari.

176 533 40 21 Till
241 539 80 15 samma
344 532 32 21 tid
397 532 40 21 bör
450 532 79 27 jemväl
551 532 198 22 häradsskrifvaren
773 533 32 21 till
827 533 37 21 Di-

106 567 170 22 striktsnämden
291 567 91 21 insända
397 567 135 27 förteckning
547 566 59 22 öfver
622 567 42 21 alla
679 567 112 27 ynglingar
806 568 58 21 inom

107 602 97 26 häradet,
227 602 72 21 hvilka
322 602 33 20 till
378 602 39 21 den
443 602 25 20 13
492 602 31 27 (1)
547 602 97 21 Oktober
664 602 36 21 det
715 602 24 21 år
753 602 111 28 uppbådet

107 636 106 28 försiggår
231 636 51 27 fylla
297 636 95 27 tjuguett
416 636 30 26 år,
470 636 119 27 upprättad
610 636 28 28 på
655 636 70 28 grund
741 636 23 22 af
777 636 87 22 anteck-

107 672 83 26 ningar,
207 677 45 15 som
267 670 199 22 häradsskrifvaren
483 677 49 21 eger
547 671 34 21 för
599 671 79 21 sådant
698 671 98 21 ändamål
812 672 52 26 göra

108 706 35 21 vid
157 704 233 28 mantalsskrifningen.

176 740 49 17 Anm.
249 739 89 18 Personer
350 739 20 17 af
382 740 84 21 mankön,
479 744 38 12 som
530 739 73 23 pröfvas
617 739 56 17 hafva
685 738 78 24 uppnått
772 739 92 23 uppbåds-

108 768 69 21 åldern,
195 773 41 13 men
254 770 49 15 ännu
321 768 39 17 icke
372 768 62 17 blifvit
447 767 108 23 uppbådade
568 768 33 17 och
615 768 51 17 öfver
678 768 71 17 hvilkas
761 768 52 17 ålder
827 768 37 21 lag-

108 797 49 22 gilda
179 798 51 21 intyg
254 796 17 22 ej
290 798 31 16 äro
340 798 28 15 att
386 796 58 22 tillgå,
463 796 45 18 böra
525 796 66 22 jemväl
612 796 27 17 uti
657 798 104 21 presternes
781 796 33 18 och
832 796 32 17 hä-

108 825 166 18 radsskrifvarenes
293 825 53 18 ofvan
364 825 79 18 nämnda
455 825 138 22 förteckningar
605 825 77 22 införas,
701 825 39 18 med
753 825 111 21 anteckning

108 860 28 12 om
149 854 125 17 förhållandet
285 855 56 21 jemte
354 854 58 21 öfriga
425 853 113 18 föreskrifna
551 854 100 22 uppgifter.

177 891 50 18 Art.
244 891 40 17 74.
308 888 10 21 I
331 888 218 27 uppbådslängderna
565 888 54 21 skall
636 888 74 21 åldern
726 888 95 27 angifvas
836 888 29 26 på

109 923 70 27 grund
194 923 23 21 af
231 923 105 26 utdragen
352 929 26 14 ur
393 922 183 27 kyrkoböckerna.
599 923 35 21 Då
643 923 96 27 laggiltig
749 923 116 26 utredning

109 963 34 15 om
159 957 73 21 åldern
248 957 78 21 saknas
343 957 65 27 (anm.
424 957 33 21 till
473 959 40 19 art.
531 957 42 26 73),
585 957 57 21 skall
652 957 40 21 den
704 957 129 21 bestämmas
845 955 22 22 af

108 991 203 27 Distriktsnämden,
328 991 66 27 enligt
410 993 40 20 art.
468 992 26 21 98
511 991 38 21 och
565 993 26 20 99
603 991 6 21 i
621 991 71 22 denna
704 991 41 27 lag,
756 992 29 26 på
795 991 70 27 grund

109 1025 23 22 af
145 1026 40 21 den
202 1025 141 28 uppbådades
358 1027 58 26 yttre
431 1025 111 22 utseende.

179 1061 48 16 Anm.
251 1060 89 17 Personer
352 1061 20 16 af
384 1060 43 22 rysk
446 1059 95 18 härkomst
559 1062 57 21 (anm,
634 1060 30 17 till
677 1061 34 16 art.
725 1060 23 23 1),
761 1065 38 12 som
813 1060 53 17 skola

111 1089 71 18 erhålla
194 1089 50 17 bevis
257 1089 50 17 öfver
318 1090 29 17 att
359 1089 22 17 de
390 1088 104 18 inskrifvits
507 1089 1 17 i
517 1088 159 23 uppbådsområde
684 1089 55 22 (anm.
748 1089 29 17 till
786 1090 33 16 art.
829 1088 37 23 67),

111 1123 40 12 men
169 1117 30 18 vid
212 1117 86 18 anhållan
311 1122 28 13 om
351 1117 66 18 sådant
429 1117 50 18 bevis
492 1117 40 18 icke
544 1117 59 18 förete
616 1117 100 22 prestbevis
729 1117 44 18 eller
785 1117 82 18 deremot

111 1146 88 18 svarande
214 1146 97 23 utredning
324 1147 47 17 samt
383 1146 63 18 dervid
459 1146 87 23 uppgifva
558 1148 29 16 att
599 1146 53 18 deras
666 1146 52 18 ålder
729 1146 40 17 icke
783 1145 84 18 öfversti-

109 1180 32 18 ger
159 1175 61 18 nitton
239 1175 26 22 år,
280 1181 33 17 ega
325 1175 116 18 utbekomma
454 1175 56 23 sagda
523 1175 49 18 bevis
584 1175 42 18 med
639 1175 106 19 utsättande
757 1175 21 18 af
789 1174 77 18 sålunda

112 1204 98 23 uppgifven
228 1204 55 18 ålder.
308 1204 62 18 Skulle
389 1204 63 18 åldern
470 1204 66 18 härvid
553 1204 85 22 angifvas
650 1210 44 12 vara
706 1204 50 18 öfver
767 1204 61 17 nitton
840 1204 26 20 år,

111 1232 84 18 utfärdas
208 1234 101 21 temporärt
321 1232 49 18 bevis
383 1232 50 18 öfver
445 1232 140 23 inskrifningen,
598 1234 45 16 utan
656 1232 105 18 utsättande
770 1232 21 18 af
797 1232 69 20 åldern,

109 1266 39 13 som
161 1261 101 18 sedermera
275 1262 99 17 antecknas
387 1262 27 16 uti
427 1261 69 18 beviset
509 1261 20 17 af
537 1261 169 18 Distriktsnämden
715 1261 39 18 med
764 1260 74 23 ledning
847 1260 20 18 af

109 1292 48 21 yttre
170 1290 96 18 utseendet
278 1290 42 24 (art.
333 1291 22 17 98
368 1291 33 17 och
414 1290 36 23 99).

177 1328 51 18 Art.
252 1328 40 18 75.
323 1326 32 21 De
370 1325 154 28 myndigheter,
540 1332 45 15 som
602 1325 63 22 hafva
680 1325 32 28 sig
723 1324 73 28 ålagdt
811 1331 55 20 upp-

109 1360 112 21 rättandet
243 1360 22 21 af
283 1360 219 27 uppbådslängderna
525 1361 50 26 (art.
600 1361 43 26 68),
660 1360 60 21 skola
735 1359 47 22 föra
797 1359 70 21 skilda

109 1394 160 27 förteckningar
285 1394 59 21 öfver
359 1395 26 20 de
400 1401 110 20 personer,
521 1394 82 21 hvilkas
616 1395 60 20 ålder
686 1395 39 20 bör
735 1394 131 21 bestämmas

110 1429 29 26 på
153 1429 71 26 grund
240 1429 23 21 af
275 1431 58 24 yttre
349 1429 113 20 utseendet
478 1431 51 24 (art.
547 1430 26 19 74
586 1429 66 26 jemte
669 1430 72 21 anm.).
