1092 1773
416 130 85 23 Ständ.
518 130 39 22 Sv.
825 132 12 20 3

108 202 107 22 förande
242 202 128 22 erfordrar
399 202 156 22 Ständernas
580 202 137 28 samtycke,
735 202 130 22 öfverlem-

109 239 57 20 nats
185 237 36 22 till
238 237 168 28 landtdagens
425 236 200 29 handläggning.

178 272 48 22 Det
245 272 28 21 är
294 271 138 22 emellertid
451 270 152 30 uppenbart,
624 272 36 20 att
679 270 49 22 den
747 270 119 29 befogen-

110 306 49 26 het,
186 306 57 22 med
266 306 103 22 hvilken
395 306 143 22 Ständerna
557 312 48 22 ega
623 305 102 29 deltaga
744 305 8 22 i
771 304 95 23 stiftan-

110 341 41 21 det
170 340 25 22 af
212 340 42 29 lag
274 340 132 28 angående
425 340 184 29 värnepligten,
621 340 164 22 uteslutande
796 340 71 21 beror

111 374 32 23 af
157 375 179 29 stadgandena
355 375 11 21 i
384 375 102 22 landets
504 374 170 29 grundlagar.
703 374 76 22 Hvad
793 374 73 22 dessa

112 409 157 29 stadganden
296 409 131 27 innebära,
458 409 64 22 skall
549 409 8 22 i
579 409 61 22 sista
660 408 162 29 afdelningen
842 408 25 22 af

112 444 82 22 denna
212 444 176 29 underdåniga
408 444 134 22 skrifvelse
561 444 117 22 närmare
697 443 126 29 utläggas.
855 442 11 22 I

112 479 68 21 detta
208 478 182 29 sammanhang
414 478 42 22 må
475 478 90 22 endast
583 478 112 29 följande
714 477 152 23 framhållas.

112 513 39 22 Då
170 513 91 22 allmän
280 513 144 29 värnepligt
443 513 81 22 skulle
542 513 8 22 i
569 512 108 22 Finland
689 512 103 26 införas,
805 512 62 22 före-

113 548 63 26 fans,
197 548 77 28 enligt
292 548 68 22 hvad
380 548 31 22 de
430 548 8 22 i
455 548 105 22 ärendet
573 547 130 22 tillkomna
715 546 152 29 handlingar

113 582 89 26 utvisa,
229 582 53 22 icke
310 582 85 28 någon
423 582 77 22 tanke
528 582 86 28 derpå,
640 583 35 21 att
696 581 49 23 den
763 580 105 30 lagstift-

113 616 125 30 ningsakt,
265 623 53 15 som
345 616 40 22 för
408 616 144 23 ändamålet
571 616 160 23 erfordrades
751 616 45 22 och
815 622 53 15 som

113 651 79 22 måste
228 651 121 22 innefatta
380 651 143 29 väsentliga
555 651 139 29 ändringar
723 650 25 22 af
776 650 91 30 grund-

113 686 43 28 lag
183 686 46 21 och
254 686 90 22 allmän
371 686 51 28 lag,
450 686 78 22 skulle
556 686 86 22 kunna
669 685 115 23 utfärdas
808 686 61 21 utan

116 720 153 22 Ständernas
288 720 78 22 bifall.
400 720 238 29 Värnepligtslagen
660 720 25 22 af
703 720 49 22 den
771 720 32 22 27
823 720 48 21 De-

114 754 99 22 cember
233 754 65 22 1878
319 755 27 21 är
365 761 31 15 en
415 754 49 29 lag,
484 761 52 16 som
555 755 84 21 blifvit
651 754 26 22 af
690 754 123 30 Kejsaren
823 754 47 22 och

116 788 153 23 Storfursten
288 789 182 22 sanktionerad
489 790 8 21 i
516 790 146 28 ordagrann
678 789 192 22 öfverensstäm-

114 824 76 21 melse
213 824 56 22 med
293 823 48 22 den
360 823 104 29 lydelse,
483 830 53 16 som
555 824 98 22 landets
674 823 115 27 Ständer,
808 824 62 22 efter

114 858 158 29 granskning
291 858 25 22 af
334 858 79 29 nådig
431 858 158 29 proposition
608 858 7 22 i
631 859 90 25 ämnet,
735 858 40 22 för
787 858 83 22 denna

113 893 42 29 lag
174 893 104 28 antagit.
306 893 94 22 Derför
418 893 54 22 kan
490 893 115 28 ändring
624 893 33 22 af
671 893 86 22 denna
777 893 43 28 lag
831 899 40 16 en-

114 927 59 22 dast
199 934 89 22 genom
316 927 138 28 Kejsarens
484 928 46 21 och
555 927 158 23 Ständernas
740 934 130 15 samman-

114 962 161 22 stämmande
295 961 80 22 beslut
394 961 203 30 ävägabringas.
629 962 75 22 Detta
722 962 148 29 förfarings-

114 997 49 21 sätt
181 996 47 22 har
247 996 74 22 äfven
340 996 88 22 hittills
448 997 130 28 iakttagits
597 997 90 28 hvarje
706 997 69 28 gäng
785 997 84 28 nägon

113 1031 99 28 partiell
223 1031 108 28 ändring
345 1031 25 21 af
382 1031 240 28 Värnepligtslagen
635 1031 96 22 funnits
744 1031 126 28 päkallad.

115 1060 38 27 Än
172 1065 96 22 mindre
293 1065 50 22 kan
366 1066 35 21 ett
420 1065 138 22 afvikande
576 1065 147 22 förfarande
743 1072 47 23 ega
809 1072 62 19 rum,

114 1100 32 21 dä
164 1106 36 15 nu
218 1101 28 20 är
264 1100 74 28 fräga
356 1106 41 15 om
410 1106 32 15 en
457 1100 27 21 sä
495 1100 215 28 genomgripande
721 1099 149 29 förändring

114 1134 26 22 af
157 1134 108 22 berörda
284 1134 49 28 lag,
355 1135 35 21 att
409 1134 50 22 den
478 1134 80 22 skulle
577 1140 90 23 genom
687 1140 31 16 en
737 1141 34 21 ny
790 1134 42 28 lag
845 1134 26 22 af

113 1168 158 29 väsentligen
282 1169 77 21 annat
368 1168 113 22 innehäll
492 1169 113 22 ersättas.
624 1168 147 23 Ständerna
782 1168 88 22 kunna

114 1202 78 22 alltså
211 1203 53 22 icke
283 1202 142 23 inskränka
444 1203 42 22 sin
504 1203 155 22 medverkan
668 1203 97 22 härvid
778 1203 41 22 till
833 1204 37 21 att

114 1237 62 22 blott
193 1244 90 22 genom
302 1238 32 21 ett
352 1236 137 23 utlåtande
507 1237 108 23 anmäla
634 1238 59 22 sina
715 1237 96 29 åsigter
829 1244 41 15 om

114 1272 30 22 de
164 1272 147 28 föreslagna
331 1272 233 28 förändringarna.
601 1272 75 22 Detta
700 1272 80 29 gäller
799 1272 71 22 såväl

112 1306 122 28 förslaget
262 1306 36 22 till
324 1312 34 22 ny
380 1306 211 29 värnepligtslag,
611 1313 53 15 som
683 1306 46 22 ock
749 1306 121 29 förslaget

113 1340 36 22 till
176 1340 150 28 förordning
354 1340 134 29 angående
510 1341 31 22 de
560 1340 83 22 finska
663 1342 151 27 truppernas
833 1347 37 15 or-

113 1375 143 28 ganisation
284 1375 46 22 och
356 1374 164 30 förvaltning,
538 1376 61 21 enär
619 1375 75 22 äfven
713 1375 158 23 sistnämnda

113 1409 95 29 förslag
235 1409 140 22 innehåller
403 1409 127 29 åtskilliga
558 1409 197 29 bestämningar,
779 1416 90 22 genom

113 1443 86 22 hvilka
226 1444 54 22 icke
305 1444 63 22 blott
396 1450 32 15 en
457 1444 40 22 del
524 1444 159 28 stadganden
711 1444 7 22 i
743 1444 66 22 1878
829 1444 42 22 års
