1086 1781
300 154 6 7 ,
438 127 18 20 v.
474 127 20 20 B.
794 126 40 20 139

104 194 72 28 lagen.
206 195 36 20 En
258 194 83 22 allmän
356 194 139 28 hänvisning
511 195 34 20 till
561 198 33 18 ett
610 194 150 21 edstormulär
776 197 24 17 är
815 194 48 20 här-

105 229 38 21 vid
166 229 50 21 icke
239 236 51 20 nog.
321 229 140 27 Visserligen
483 231 72 19 måste
578 229 176 21 edsformuläret
775 228 63 21 såväl
856 228 7 20 i

105 264 105 21 atseende
226 266 12 18 ä
254 263 212 29 begynnelseorden
481 264 42 20 och
541 263 201 21 slutbekräftelsen
754 270 47 14 som
812 262 52 21 med

105 298 87 28 hänsyn
204 298 35 21 till
250 298 38 21 sitt
298 298 178 28 hutvudsakliga
483 298 101 21 innehåll
592 301 97 18 stämma
699 298 105 21 öfverens
812 296 52 21 med

106 332 88 22 landets
211 332 136 28 författning
362 332 43 21 och
421 332 73 28 lagar;
511 340 52 14 men
579 332 28 21 dä
623 332 39 21 det
677 335 85 18 ansetts
773 331 91 22 tillhöra

105 367 135 28 regeringen
256 367 73 21 allena
345 370 33 18 att
402 367 126 21 bestämma
543 368 65 21 ötver
619 366 83 28 själtva
713 366 152 27 affattningen

106 402 25 20 at
144 402 63 24 eden,
224 408 53 14 vore
293 401 121 21 ständerna
431 402 64 23 dock,
512 409 37 13 om
565 402 26 21 88
605 403 14 27 &
635 402 6 20 i
655 400 210 29 värnepliktslagen

107 436 95 20 allenast
223 436 114 20 innehölle
359 443 27 13 en
406 436 139 28 hänvisning
564 436 34 20 till
615 436 180 24 edsformuläret,
811 434 54 22 nöd-

106 470 82 21 sakade
206 473 33 18 att
254 473 54 25 göra
324 470 111 21 törbehäll
453 478 36 14 om
506 474 34 18 att
555 470 62 21 detta
633 470 50 21 icke
699 470 61 28 finge
772 470 24 20 af
805 476 61 21 rege-

107 505 79 27 ringen
210 512 76 14 ensam
310 505 81 21 ändras
414 518 28 2 —
465 513 27 13 en
514 508 77 25 utväg,
609 512 46 14 som
674 504 125 22 emellertid
815 504 51 21 icke

107 543 63 24 synts
185 539 113 21 utskottet
313 539 101 29 lämplig.

176 574 67 21 Hvad
263 576 47 19 åter
329 574 107 21 beträffar
453 574 39 21 det
507 574 121 21 ständerna
644 581 31 14 nu
691 573 116 29 förelagda
823 573 43 21 for-

108 608 103 25 muläret,
227 611 23 18 så
266 608 65 21 faller
347 608 37 21 det
400 611 82 25 genast
497 608 7 21 i
520 611 96 25 ögonen,
629 611 34 18 att
674 608 124 21 detsamma
809 607 57 25 icke,

107 642 6 21 i
125 642 73 22 likhet
207 643 51 21 med
270 643 36 21 det
316 644 35 20 för
359 643 142 21 närvarande
510 643 106 27 brukliga
624 643 179 25 edsformuläret,
812 650 55 20 upp-

108 681 64 24 tager
187 678 67 20 löttet
270 680 32 18 att
314 677 52 29 lyda
378 678 42 20 och
432 677 151 21 efterkomma
594 678 27 20 de
633 678 6 20 i
651 678 97 20 Finland
759 676 108 30 gällande

108 712 63 27 lagar
181 712 42 21 och
234 712 168 28 förtattningar,
410 712 46 21 lika
467 712 51 21 litet
528 720 48 13 som
587 712 120 21 försäkran
718 715 33 18 att
761 711 106 29 uppfylla

109 747 26 20 de
152 746 152 28 förpliktelser
320 746 140 28 anställning
478 746 19 26 ,i
509 746 88 21 landets
609 746 84 28 tjänst"
706 746 92 28 ålägger
808 745 59 21 finsk

108 781 155 27 medborgare,
282 788 51 14 men
349 781 38 21 väl
404 781 68 21 löftet
489 784 33 18 att
540 784 71 18 värna
629 780 153 28 kejsardömet
800 780 67 28 Ryss-

109 816 65 20 lands
190 815 177 21 samhällsskick.
388 815 83 28 Någon
487 815 88 29 hänsyn
591 816 41 20 har
643 815 87 21 således
738 815 50 21 icke
798 814 70 28 tagits

110 850 34 21 till
159 850 109 21 Finlands
285 850 109 21 särskilda
410 852 66 19 rätts-
492 850 42 22 och
549 850 206 27 samhällsordning
780 848 41 22 och
840 848 27 21 de

112 884 152 28 förpliktelser
286 888 118 24 gentemot
426 884 40 21 dei
488 892 59 20 egna
565 885 78 21 landet
659 884 42 21 och
724 884 50 21 dess
797 884 71 26 lagar,

109 926 48 14 som
180 919 76 28 äligga
278 926 28 14 en
328 919 62 25 hvar,
415 919 44 21 den
483 919 39 21 där
544 919 101 21 inträder
663 919 7 20 i
686 919 88 21 landets
790 918 78 27 tjänst,

110 954 19 27 ej
155 954 69 20 minst
246 954 49 20 dess
316 953 90 26 militär,
430 954 43 20 och
497 954 134 28 afläggande
648 954 25 20 at
693 952 175 28 krigsmannaed

110 988 72 28 enligt
212 988 172 28 ifrägavarande
408 988 116 26 formulär,
551 988 89 21 hvilket
663 988 48 20 helt
733 987 42 21 och
798 986 71 22 hället

109 1023 97 27 lämpats
229 1023 57 20 efter
310 1022 164 28 kejsardömets
498 1023 69 28 lagar,
591 1030 54 14 vore
667 1022 145 28 följaktligen
828 1021 40 20 lik-

111 1057 77 28 tydigt
212 1057 51 21 med
286 1060 32 18 ett
341 1056 195 22 underkännande
561 1058 25 20 at
609 1057 39 21 det
673 1064 58 20 egna
756 1056 112 21 fädernes-

109 1092 85 25 landet,
218 1092 66 20 hvars
307 1091 101 28 begrepp
425 1092 58 20 dock
500 1092 94 22 innebär
610 1091 171 28 värnepliktens
797 1090 74 21 etiska

109 1126 81 28 grund,
211 1129 33 17 ett
258 1125 194 22 underkännande
469 1127 26 20 af
509 1126 87 21 landets
613 1126 38 28 lag
667 1129 58 17 samt
736 1125 83 21 folkets
830 1124 40 21 sed

110 1161 42 21 och
169 1160 213 22 rättsmedvetande.
402 1160 126 28 Lydnaden
544 1160 35 21 för
595 1160 41 21 och
649 1159 221 22 vidmakthällandet

109 1196 26 20 at
149 1195 89 21 landets
254 1195 62 27 lagar
331 1197 71 19 måste
419 1195 152 28 ovilkorligen
581 1202 65 14 anses
655 1202 54 14 vara
717 1202 28 13 en
754 1193 116 29 bjudande

109 1230 59 28 plikt
190 1230 36 20 för
246 1230 88 20 landets
350 1230 169 28 värnepliktiga
534 1229 107 29 ungdom,
658 1229 95 21 likasom
769 1228 35 22 för
820 1228 51 20 dess

109 1264 149 27 medborgare
281 1264 6 20 i
311 1264 131 25 allmänhet,
459 1264 43 20 och
519 1272 26 12 en
562 1264 59 28 plikt
637 1263 18 28 ej
674 1263 59 21 blott
748 1266 61 18 emot
824 1262 46 21 lan-

109 1298 45 26 det,
169 1301 56 18 utan
241 1298 42 21 ock
298 1302 48 17 mot
361 1298 136 27 monarken;
513 1298 72 21 finske
601 1298 117 28 krigsmän
728 1300 59 23 veta,
799 1300 34 18 att
843 1297 28 21 de

109 1333 99 27 fullgöra
224 1340 28 13 en
268 1332 57 28 plikt
341 1336 49 18 mot
405 1332 40 22 sitt
460 1332 169 26 fädernesland,
646 1332 29 21 då
690 1332 27 21 de
733 1332 51 21 med
796 1331 76 21 trohet

110 1367 104 28 uppfylla
231 1367 115 27 krigarens
361 1367 85 28 plikter
461 1370 49 18 mot
521 1367 125 21 monarken
657 1366 43 22 och
711 1366 64 22 riket.
788 1379 26 3 —
825 1366 46 20 Det

109 1409 41 13 var
173 1402 76 20 därför
273 1401 139 28 fullkomligt
431 1402 82 27 riktigt
529 1402 41 21 och
586 1402 52 20 med
654 1401 39 21 det
708 1403 23 19 år
748 1402 53 20 1817
819 1400 53 21 fast-

180 1447 131 23 Lagutskottets
323 1447 116 17 betänkande.
