1089 1753
448 133 26 22 U.
491 133 25 22 B.
816 133 13 20 5

100 203 69 19 ansett
185 201 65 27 något
272 201 178 27 ändringsförslag
472 201 7 21 i
501 201 117 27 anledning
634 201 21 21 af
669 200 189 28 Borgareständets

100 235 139 21 omförmälda
255 235 70 21 beslut
339 236 47 20 icke
401 236 51 20 böra
467 236 131 20 framställas.

449 334 13 26 8
478 334 32 20 90.

169 390 154 27 Ridderskapet
339 391 38 20 och
393 390 69 21 Adeln
476 392 54 19 samt
542 389 178 28 Borgareståndet
731 389 63 22 hafva
806 389 53 22 åter-

101 425 116 20 remitterat
233 425 34 27 $:n
283 425 32 20 för
330 427 30 19 att
375 425 149 27 kompletteras
540 424 48 21 med
604 426 30 19 ett
648 425 117 27 stadgande
781 424 79 26 derom,

102 459 37 21 hos
154 459 87 21 hvilken
257 459 124 27 myndighet
396 459 118 28 ansökning
530 465 34 15 om
580 459 149 27 emottagande
744 459 68 20 såsom
824 459 36 20 fri-

102 493 59 27 villig
176 493 65 21 borde
257 495 66 26 göras.

170 528 83 21 Preste-
279 527 39 22 och
342 527 165 22 Bondestånden
532 528 62 21 hafva
619 527 93 28 godkänt
743 527 117 21 Utskottets

102 561 83 28 förslag.

171 597 108 21 Utskottet
299 596 88 21 föreslår
402 598 30 19 att
446 596 32 21 till
494 596 138 21 förevarande
648 596 12 27 $
677 596 64 21 måtte
756 596 60 27 fogas
831 597 29 19 ett

103 633 94 19 moment
212 631 22 21 af
248 631 93 27 följande
357 631 90 27 lydelse:

379 692 118 28 Åstundan
515 701 33 19 att
566 699 91 21 inträda
675 699 72 21 såsom
764 698 96 28 frivillig

311 734 99 20 anmäles
426 733 38 21 hos
478 733 158 21 vederbörande
650 733 211 27 truppkommendör.

445 832 12 26 $
475 832 46 20 121.

169 888 154 28 Ridderskapet
343 889 40 20 och
400 888 70 21 Adeln
487 890 55 19 samt
557 888 83 21 Preste-
654 888 40 20 och
709 887 151 28 Borgarestån-

102 923 41 21 den
159 923 62 21 hafva
237 923 92 27 godkänt
345 922 117 22 Utskottets
478 922 83 28 förslag.

170 957 159 21 Bondeståndet
350 958 39 20 har
408 957 86 21 beslutit
512 959 30 19 att
557 963 63 14 mom.
637 957 10 20 1
665 956 21 21 af
700 956 160 28 ifrågavarande

103 992 12 26 8
137 992 65 20 borde
225 991 76 21 ändras
323 991 85 27 derhän,
430 993 29 19 att
474 991 41 21 den
532 991 70 21 aktiva
617 991 163 27 truppstyrkans
794 991 66 21 freds-

103 1028 99 18 numerär
216 1026 69 20 skulle
301 1028 74 25 utgöra
391 1026 61 27 högst
466 1026 105 21 åttatusen
587 1032 55 14 man.

170 1059 34 22 En
221 1060 120 27 betydande
357 1060 79 27 ökning
451 1060 21 21 af
488 1059 40 21 den
540 1059 70 21 aktiva
621 1059 161 28 truppstyrkans
793 1059 66 22 freds-

103 1096 100 19 numerär
224 1096 61 25 utgör
305 1101 27 14 en
355 1094 104 27 väsentlig
479 1093 136 22 beståndsdel
638 1094 21 21 af
682 1093 35 22 det
734 1094 79 27 förslag
827 1093 32 22 till

103 1135 48 14 svar
165 1128 13 21 å
193 1129 26 20 de
235 1129 76 27 nådiga
327 1129 187 28 propositionerna,
530 1135 45 14 som
591 1128 118 21 Utskottets
725 1128 133 21 betänkande

103 1163 124 21 innehåller.
257 1163 81 21 Endast
353 1169 76 22 genom
446 1169 25 15 en
488 1163 64 21 sådan
570 1163 80 27 ökning
665 1163 79 21 erhålla
760 1163 99 21 Ständer-

104 1203 37 14 nas
156 1197 124 21 uttalanden
297 1198 39 20 och
352 1197 70 21 beslut
436 1197 62 21 äfven
514 1198 7 20 i
536 1197 67 27 öfriga
618 1197 59 21 delar
692 1197 32 21 sin
735 1199 55 19 rätta
802 1197 59 27 bety-

104 1231 66 21 delse.

171 1264 43 22 Det
235 1267 23 19 är
273 1267 98 25 nogsamt
385 1266 124 27 förklarligt,
526 1268 29 18 att
570 1265 160 21 Bondeståndet
746 1266 70 21 tvekat
831 1267 30 19 att

103 1299 110 27 samtycka
229 1299 31 21 till
275 1299 198 22 fredsnumerärens
488 1300 120 27 förhöjning
623 1300 31 20 till
670 1302 30 18 ett
714 1300 118 20 maximum
840 1299 22 21 af

105 1334 76 26 12,000
203 1340 56 14 man.
287 1334 30 27 Ty
341 1336 52 18 utan
414 1334 74 21 tvifvel
504 1336 23 19 är
542 1334 36 21 det
592 1334 124 27 isynnerhet
730 1334 130 27 jordbruket,

103 1374 46 14 som
164 1368 6 20 i
187 1368 131 21 närvarande
334 1368 30 22 tid
379 1368 39 21 fått
432 1370 53 19 röna
500 1368 124 28 tilltagande
638 1368 130 27 svårigheter
784 1374 77 21 genom

104 1401 52 21 brist
179 1402 26 27 på
219 1402 102 21 arbetare.
351 1402 49 21 Men
416 1402 106 21 måhända
537 1402 37 21 har
590 1402 35 21 vid
640 1402 127 27 pröfningen
784 1402 20 21 af
820 1402 41 20 frå-

106 1441 40 21 gan
163 1442 36 15 om
214 1435 196 22 fredsnumerärens
426 1436 80 27 ökning
521 1436 47 21 icke
584 1437 62 26 tagits
656 1437 7 20 i
674 1436 144 26 betraktande,
831 1437 30 19 att
