1086 1770
280 132 28 19 34
599 131 22 22 U.
638 131 22 22 B.

251 199 104 28 kejsaren
369 199 136 29 föredragits
520 200 26 21 af
557 200 68 29 ryske
635 200 189 29 krigsministern,
835 199 93 22 hvilken
939 200 69 21 äfven

250 234 7 20 i
273 233 70 29 öfrigt
358 234 7 21 i
383 234 65 29 fråga
471 242 37 14 om
530 235 193 28 angelägenheter
745 234 26 21 af
791 234 87 29 antydd
901 237 35 18 art
958 235 50 21 haft

250 275 84 15 samma
356 268 138 29 befogenhet
516 269 143 21 beträffande
681 269 28 21 de
730 269 75 21 finska
819 271 125 26 trupperna
959 276 49 14 som

252 302 138 22 beträffande
413 303 44 21 den
479 303 70 28 ryska
571 303 84 21 armén.
672 316 27 3 —
714 296 33 28 Är
764 305 53 19 1817
841 303 103 21 tillsattes
967 303 39 22 vid

250 337 169 21 hufvudstaben
434 345 28 14 en
477 337 96 22 särskild
589 337 166 29 föredragande
770 337 36 22 för
821 337 74 22 finska
911 337 96 22 militära

249 371 105 25 ärenden,
370 371 43 22 och
434 371 102 29 följande
559 373 24 20 är
598 371 51 29 gafs
665 371 84 22 honom
765 371 35 22 till
815 371 87 22 biträde
925 379 28 13 en
968 372 38 21 ad-

247 405 65 28 joint.
343 405 51 22 Den
414 406 94 21 sälunda
523 406 90 21 bildade
637 423 5 9 ,
643 406 126 26 sektionen
784 406 36 21 för
835 406 74 21 finska
924 406 81 21 militä-

248 442 53 18 ren*
317 439 93 29 indrogs
426 440 123 22 emellertid
565 442 24 19 är
606 443 61 18 1828.

316 474 52 20 Den
383 474 145 28 befogenhet,
551 474 92 22 hvilken
659 474 95 22 sälunda
774 474 89 22 tillkom
879 474 126 28 krigsmini-

248 511 61 18 stern
325 511 33 18 att
368 508 130 29 handlägga
506 509 28 21 de
541 509 75 21 finska
623 512 125 26 trupperna
757 509 96 21 rörande
860 509 145 22 kommando-

248 543 105 25 ärenden,
362 543 146 21 tillerkännes
515 544 84 21 honom
608 544 69 21 äfven
685 544 8 20 i
701 544 207 28 värnepliktslagen
916 544 22 28 ($
949 544 55 28 119).

248 577 52 21 Men
316 577 84 22 sådana
422 578 163 28 befogenheter
608 578 78 21 kunna
709 578 71 28 enligt
795 578 209 28 värnepliktslagen

246 612 50 21 icke
312 612 90 22 utöfvas
425 612 25 22 af
464 620 74 13 annan
561 612 56 28 rysk
636 620 59 18 man,
712 612 43 22 och
770 612 50 22 med
839 612 94 22 anförda
948 612 56 22 afvi-

247 647 61 21 kelse
324 647 70 28 gäller
410 647 92 25 säledes,
514 650 34 18 att
558 647 44 21 den
610 647 76 21 finska
694 647 160 28 krigsstyrkan
862 647 95 21 rörande
966 654 37 14 an-

245 681 162 28 gelägenheter
422 682 77 20 kunna
514 681 143 22 handhafvas
665 682 80 21 endast
755 681 26 21 af
787 681 74 21 finska
869 681 133 29 myndighe-

245 718 40 18 ter.
308 715 214 29 Värnepliktslagen
530 716 109 21 utesluter
649 716 76 21 därför
733 716 85 21 sådana
826 716 117 28 undantag
950 716 52 21 från

244 750 44 20 den
312 750 112 21 allmänna
446 750 84 28 regeln,
553 757 48 14 som
623 750 141 22 förekommo
786 750 72 22 under
873 750 62 21 tiden
950 750 50 21 före

245 784 51 21 dess
311 784 115 22 tillkomst.
456 785 12 21 I
483 784 234 22 öfverensstämmelse
740 784 93 22 härmed
849 784 97 22 biträdes
962 792 39 20 ge-

243 818 206 29 neralguvernören
464 820 7 20 i
486 820 49 20 sina
557 819 137 28 åligganden
717 821 74 19 såsom
809 819 54 21 chef
875 819 36 21 för
926 819 73 21 finska

243 853 77 21 armén
336 853 25 21 af
374 861 28 13 en
417 854 96 20 särskild
535 853 60 21 finsk
615 854 56 24 stab,
687 854 82 20 liksom
785 856 100 18 närmast
901 854 99 28 general-

242 889 144 26 guvernören
400 888 122 28 uppsikten
538 887 64 22 öfver
618 887 27 22 de
661 887 74 22 finska
750 891 125 24 trupperna
891 891 23 18 är
924 887 74 22 anför-

242 921 66 22 trodd
324 923 23 19 åt
362 929 28 14 en
406 922 59 21 finsk
481 922 156 21 befälhafvare
657 922 43 21 och
716 929 28 14 en
759 922 60 21 finsk
835 921 164 22 befälhafvare-

242 956 101 27 styrelse.
370 956 150 29 Naturligtvis
536 957 77 20 kunna
629 956 58 21 dock
702 956 143 21 fortfarande
855 956 74 21 finska
937 959 61 25 trup-

240 997 41 20 per
297 990 54 21 eller
366 991 219 28 truppafdelningar,
601 998 49 14 som
672 991 7 20 i
695 991 52 28 krig
765 991 54 20 eller
834 991 71 20 under
920 993 76 19 manö-

240 1031 40 14 ver
296 1031 92 22 operera
403 1025 147 21 tillsammans
565 1025 51 22 med
631 1025 56 28 rysk
703 1025 90 26 militär,
809 1027 34 19 stå
851 1025 71 21 under
932 1025 66 28 ryskt

240 1058 133 22 öfverbefäl.

309 1093 11 21 I
335 1093 189 29 befordringsmål
534 1094 39 21 vid
581 1094 74 21 finska
662 1094 113 21 militären
783 1093 70 22 hafva
862 1094 136 21 åtminstone

240 1127 70 22 sedan
334 1127 119 22 1820-talet
475 1128 7 21 i
504 1128 130 21 hufvudsak
657 1128 119 21 enahanda
799 1128 99 28 grunder
920 1128 77 21 blifvit

239 1161 79 28 följda,
341 1169 48 14 som
404 1162 8 21 i
426 1161 157 29 kejsardömet,
598 1162 87 22 hvilket
700 1162 112 21 förklaras
829 1161 26 22 af
868 1164 33 19 att
916 1162 78 28 dylika

240 1196 99 21 ärenden
361 1196 133 21 behandlats
510 1197 7 20 i
532 1196 188 29 kommandoväg.
751 1196 67 22 Dock
839 1196 60 28 gälla
914 1197 38 20 vid
968 1197 28 20 de

239 1230 168 29 värnepliktiga
421 1233 123 26 trupperna
559 1231 74 21 finska
648 1230 161 29 förordningar
820 1231 53 20 eller
885 1231 109 21 särskilda

239 1263 36 22 för
290 1265 97 21 Finland
410 1265 63 28 gifna
495 1265 169 28 bestämningar
687 1265 127 28 angående:
837 1265 120 21 befordran
972 1265 27 21 af

238 1299 109 28 manskap
370 1299 35 21 till
427 1299 134 22 underbefäl
575 1299 43 22 och
637 1299 180 28 officersgrad”);
833 1299 140 21 anställande
989 1300 5 20 i

308 1350 18 21 +)
339 1350 154 22 Tidsterminerna,
506 1350 46 18 inom
565 1350 61 18 hvilka
638 1350 93 18 befordran
744 1351 35 17 kan
793 1350 68 22 vinnas,
873 1352 30 16 äro
914 1350 80 22 lämpade

237 1377 47 18 efter
296 1378 34 17 den
343 1378 27 18 för
382 1378 57 18 finske
452 1379 130 23 värnepliktige
593 1380 86 22 stadgade
691 1380 70 16 kortare
774 1379 118 23 tjänstetiden
905 1378 29 18 vid
946 1378 49 18 aktiv

238 1409 58 19 trupp.
321 1407 35 17 För
368 1407 84 23 frivillige
465 1408 56 22 gäller
532 1408 6 17 i
550 1408 49 17 detta
615 1408 84 17 afseende
711 1408 22 17 96
746 1408 11 22 &
769 1408 6 17 i
788 1407 162 23 värnepliktslagen
962 1408 32 17 och

305 1446 143 23 Lagutskottets
462 1447 120 18 betänkande.
