1089 1748
249 125 42 21 104
566 125 30 23 U.
611 126 29 22 B.

219 195 39 20 hos
273 194 180 28 Krigsministern,
469 195 85 21 komme
570 197 30 19 att
614 195 179 27 hufvudsakligen
805 195 66 21 riktas
878 194 26 28 på
912 194 69 22 åstad-

220 229 127 21 kommande
369 229 20 21 af
409 229 144 28 likformighet
575 229 48 21 med
647 229 41 22 den
704 229 64 28 ryska
783 229 92 21 militära
890 229 90 27 lagstift-

220 263 86 28 ningen,
324 265 50 19 utan
393 263 133 28 erforderligt
541 264 119 21 beaktande
676 264 21 21 af
712 263 26 21 de
753 263 59 21 olika
827 263 154 26 förhållanden,

220 298 33 20 för
275 297 70 22 hvilka
367 297 67 22 finska
456 298 148 27 författningar
625 298 51 21 böra
699 305 49 14 vara
770 297 103 28 lämpade.
903 297 76 21 Denna

219 332 87 27 farhåga
327 332 38 21 har
384 332 45 21 stöd
452 333 8 20 i
482 332 172 21 beskaffenheten
670 333 22 20 af
707 332 25 21 de
748 332 121 27 lagförslag,
884 338 46 15 som
947 338 29 14 nu

220 366 32 21 till
274 366 128 21 Ständernas
424 367 131 27 granskning
578 367 102 27 föreligga
696 367 38 20 och
751 366 73 21 hvilka
839 366 69 21 blifvit
924 368 56 19 utar-

220 400 75 21 betade
318 401 27 27 på
359 401 186 27 Krigsministerns
560 401 166 21 föranstaltande
742 403 56 18 samt
812 401 7 20 i
834 397 64 31 öfrigt
912 400 66 21 hand-

219 435 62 27 lagda
297 435 26 27 på
338 435 74 21 sådant
432 437 46 24 sätt,
492 438 30 19 att
538 435 102 22 Senatens
655 435 119 27 inflytande
789 435 27 28 på
832 435 145 27 beredningen

219 469 22 21 af
262 469 160 28 ifrågavarande
442 470 222 27 lagstiftningsärende
686 470 53 21 varit
755 471 76 20 nästan
846 470 58 21 intet.
934 469 43 21 Det

219 503 67 22 måste
302 503 82 22 befaras
399 506 35 24 att,
449 511 34 14 om
499 507 29 18 ett
543 505 76 20 sådant
638 504 154 27 förfaringssätt
808 511 45 14 som
869 504 41 27 det,
925 503 53 21 hvil-

219 538 36 21 ket
277 545 30 14 nu
331 540 35 25 egt
386 545 53 20 rum,
457 541 50 19 utan
526 539 81 27 hänsyn
624 539 33 21 för
672 539 41 20 den
729 540 54 19 rätta
799 539 113 27 meningen
928 538 50 21 med

219 572 126 27 stadgandet
359 573 7 20 i
381 573 13 26 $
410 573 40 20 119
466 573 20 21 af
502 573 204 28 Värnepligtslagen,
719 573 70 21 blefve
800 579 78 21 genom
889 573 91 26 ändring

220 607 21 20 af
262 607 69 21 denna
347 607 11 28 $
374 607 40 21 den
436 607 33 21 för
489 607 113 22 framtiden
618 607 98 28 gällande
732 607 124 28 ordningen,
872 607 107 21 bristande

219 641 120 21 kännedom
355 641 21 21 af
390 641 100 21 Finlands
506 642 60 27 lagar
581 642 39 21 och
636 641 193 28 samhällsordning
841 641 62 21 äfven
915 641 64 20 fram-

219 675 58 21 deles
300 675 69 22 skulle
391 677 44 26 röja
458 677 31 26 sig
504 677 5 20 i
526 677 120 26 lagförslag,
669 677 76 26 hvilka,
768 676 71 21 såsom
859 676 26 21 de
900 682 30 14 nu
946 676 32 21 till

219 709 118 22 Ständerna
353 710 163 28 öfverlemnade,
526 711 85 21 komme
624 713 30 19 att
667 711 107 21 utarbetas
784 711 22 20 af
817 710 64 27 ryska
892 709 87 22 militär-

219 744 108 21 komitéer.

288 779 107 21 Utskottet
418 779 40 22 kan
482 780 72 21 derför
568 780 47 21 icke
631 780 105 27 tillstyrka
752 785 27 16 en
795 779 145 27 utsträckning
957 779 22 20 af

218 812 186 28 Krigsministern$
434 814 128 27 befogenhet
591 814 32 21 till
648 814 92 21 ärenden
768 814 91 21 rörande
886 813 90 28 lagstift-

219 847 85 28 ningen.

288 882 62 21 Hvad
373 883 44 21 åter
440 883 132 21 vidkommer
590 884 26 20 de
632 884 31 20 till
679 884 40 20 den
736 884 140 20 ekonomiska
891 883 86 21 förvalt-

219 916 78 28 ningen
320 917 93 21 hörande
437 918 211 27 angelägenheterna,
671 918 32 21 stå
728 918 110 21 desamma
858 918 7 20 i
888 918 23 20 så
926 919 50 19 nära

218 951 104 21 samband
343 952 48 20 med
416 952 212 21 Storfurstendömets
650 952 67 28 öfriga
732 952 131 28 förvaltning
878 952 39 21 och
934 954 43 18 sär-

218 984 65 22 skildt
297 985 177 28 finansväsendet,
490 988 29 19 att
534 986 69 28 nägon
619 986 69 28 grund
704 986 32 21 för
751 986 62 21 deras
828 986 149 21 öfverförande

218 1019 32 21 till
259 1019 184 27 Krigsministerns
451 1022 78 20 ressort
538 1021 48 21 icke
596 1021 117 27 föreligger.
736 1020 48 22 Den
793 1021 111 27 vigtigaste
914 1027 62 21 grup-

218 1059 40 21 pen
275 1054 21 20 af
311 1054 124 21 hithörande
450 1055 100 26 ärenden,
564 1062 46 14 som
627 1055 140 21 underställes
782 1055 62 21 Hans
859 1054 119 28 Kejserliga

217 1087 110 28 Majestäts
342 1089 54 27 höga
411 1089 121 27 afgörande,
547 1092 23 18 är
585 1090 157 27 propositionen
758 1090 32 20 till
806 1089 118 21 Ständerna
940 1096 36 14 an-

217 1122 83 27 gäende
316 1123 181 28 militiebudgeten
512 1124 65 27 jemte
593 1124 129 21 Ständernas
732 1124 51 21 derä
793 1124 125 21 meddelade
929 1130 49 14 svar

217 1157 40 20 och
269 1157 26 21 de
305 1157 65 27 härpä
380 1158 109 27 grundade
500 1158 66 28 ärliga
572 1158 240 27 militiestatsförslagen.
834 1158 68 21 Dessa
909 1158 68 20 finan-

217 1191 61 21 siella
300 1192 94 20 ärenden
417 1192 73 21 kunna
507 1192 47 22 icke
569 1192 114 28 lämpligen
699 1192 23 22 sä
737 1192 95 27 afskiljas
848 1192 47 21 frän
910 1192 68 28 öfriga

217 1224 157 29 budgetfrägor,
389 1233 45 14 som
450 1226 59 22 fallet
524 1227 75 28 blefve,
616 1234 34 14 om
666 1227 27 28 de
708 1227 65 21 borde
786 1226 61 22 Hans
858 1226 119 28 Kejserliga

216 1259 99 28 Majestät
330 1261 120 27 föredragas
466 1261 21 21 af
502 1261 179 28 Krigsministern.
712 1258 72 30 Öfriga
799 1261 27 28 pä
841 1261 65 27 nådig
921 1261 56 28 pröf-

217 1293 52 28 ning
291 1295 157 21 ankommande
471 1295 138 22 ekonomiska
632 1295 94 22 ärenden
748 1295 91 22 rörande
863 1298 114 25 trupperna

216 1328 57 27 gälla
291 1329 98 27 vanligen
406 1330 99 27 speciella
520 1330 57 21 sidor
592 1330 22 21 af
628 1330 106 27 budgeten
750 1330 41 21 och
802 1330 87 21 mäste
878 1324 13 37 i
904 1330 73 27 hvarje

216 1362 38 21 fall
269 1363 22 20 af
306 1362 93 22 Senaten
414 1364 39 21 och
468 1364 48 21 dess
531 1364 199 27 Militieexpedition
746 1364 95 21 beredas.

288 1396 109 22 Utskottet
418 1397 38 21 har
477 1398 57 27 förty
556 1399 47 20 icke
625 1399 72 20 funnit
711 1405 71 14 annan
798 1399 91 26 ändring
904 1398 22 21 af
941 1398 36 21 be-

215 1431 162 28 stämningarna
392 1438 35 15 om
442 1431 187 28 Krigsministerns
644 1433 128 27 befogenhet
786 1433 105 27 päkallad,
906 1435 26 18 än
947 1435 31 19 att
