1086 1778
417 118 21 22 U.
456 118 21 22 B.
770 121 26 18 59

68 187 149 28 ningsvärket
240 194 82 21 genom
343 187 210 28 värnepliktslagen
575 187 50 21 icke
640 187 114 21 definitivt
769 194 56 21 upp-

69 221 68 26 häfts,
153 223 54 19 utan
223 221 80 22 endast
318 221 158 29 suspenderats
492 221 43 22 och
548 221 84 28 jämvä]
650 221 63 21 detta
723 221 58 22 blott
789 220 36 21 för

70 257 25 20 sä
110 255 49 22 vidt
175 255 39 22 det
222 256 71 27 gäller
301 256 161 28 skyldigheten
470 258 33 19 att
511 256 114 28 uppställa
632 255 119 28 krigsfolk,
761 255 64 22 hvar-

70 292 61 19 emot
147 290 38 21 det
199 290 114 21 kamerala
328 290 34 21 till
378 290 188 21 militieväsendet
576 290 101 21 hörande
687 290 138 27 indelnings-

69 324 80 21 värket
164 324 113 22 förblifvit
292 324 118 21 orubbadt.
440 324 42 21 Att
502 324 323 28 rusthällningsinstitutionen

70 358 112 22 definitivt
197 358 109 28 upphäfts
323 366 81 20 genom
412 358 84 28 nädiga
503 358 164 28 förordningen
683 358 26 21 af
715 358 64 21 den
762 353 14 37 5
788 365 37 14 au-

70 393 61 28 gusti
147 395 54 19 1886
218 400 36 14 om
269 392 147 28 upphörande
432 392 26 21 af
471 392 27 21 de
513 392 52 21 frän
575 392 127 21 rusthällen
712 392 113 28 utgäende

69 426 182 29 vakansafgifter
266 429 58 19 samt
338 425 138 30 indragning
492 426 25 22 af
530 427 28 21 de
578 426 126 22 rusthällen
719 426 106 22 anvisade

71 464 128 26 augments-
215 461 43 21 och
267 461 73 28 öfriga
348 463 82 25 räntor,
440 461 118 21 äfvensom
567 463 33 19 att
607 461 85 28 nädiga
700 460 125 22 förordnin-

71 503 45 21 gen
131 496 25 21 af
169 503 84 14 samma
269 496 44 28 dag
324 503 36 14 om
367 496 149 28 upphörande
528 495 25 21 af
559 496 28 20 de
595 495 51 21 frän
655 495 102 21 roterade
766 496 59 20 hem-

72 538 52 13 man
140 530 42 21 och
196 530 164 22 bätsmanshäll
374 530 114 28 utgäende
503 529 189 29 vakansafgifter,
707 530 49 21 icke
765 530 60 20 inne-

70 564 70 22 fattar
156 565 96 27 ändring
267 564 26 22 af
313 565 43 21 den
378 564 181 28 bestämningen,
575 567 33 19 att
623 568 91 18 rotarna
730 564 57 21 blott
802 566 24 19 sä

71 599 68 28 länge
155 599 158 29 värneplikten
329 599 107 21 existerar
459 602 37 18 äro
512 598 103 22 befriade
630 598 52 22 frän
697 598 129 28 skyldighe-

71 636 39 18 ten
126 636 32 18 att
174 634 23 20 in
212 636 81 19 natura
307 633 99 29 fullgöra
429 634 49 21 sina
495 634 97 21 militära
607 633 163 28 skyldigheter,
786 632 41 22 har

72 668 91 21 ocksä
153 663 14 38 i
180 668 37 21 det
240 668 137 28 föregäende
400 669 105 27 pävisats.
536 668 45 21 För
599 668 142 20 närvarande
756 667 71 29 gäller

72 702 66 21 altså:
154 705 33 18 att
202 702 28 21 de
245 702 61 21 förra
321 705 97 22 rotarna,
438 702 125 21 rusthällen
578 702 43 21 och
636 701 191 22 bätsmanshällen

72 740 38 18 äro
125 737 102 28 rotering
237 737 165 20 underkastade
412 736 36 21 för
459 737 44 21 den
514 736 114 25 händelse,
638 738 33 19 att
679 735 148 29 värneplikts-

72 771 68 28 lagen
155 771 129 28 upphäfves
300 771 41 21 och
364 771 160 28 värneplikten
538 770 100 29 upphör;
654 772 32 19 att
704 769 123 22 boställsin-

72 806 132 27 rättningen
220 805 141 22 fortfarande
376 805 104 21 kvarstär
496 805 43 21 och
553 804 205 22 militieboställena
773 804 54 21 säle-

72 840 39 21 des
127 840 7 21 i
149 839 165 29 nyssangifven
329 839 109 22 händelse
453 839 55 22 böra
523 839 116 22 användas
650 839 72 28 enligt
731 838 96 28 tidigare

73 874 104 29 gällande
194 874 155 28 grundsatser;
372 876 58 19 samt
446 876 33 19 att
500 873 215 22 militiehemmanen
731 872 96 22 fortfara

73 911 34 19 att
121 916 55 14 vara
197 909 86 20 indelta
305 909 36 21 för
359 908 97 21 militära
479 908 110 21 ändamäl.
619 907 208 22 Militieboställsar-

73 943 166 25 rendemedlen,
265 943 225 21 militiehemmanens
517 945 82 24 räntor,
627 942 135 21 rusthällens
785 940 42 22 och

74 979 149 26 augmentens
234 977 110 28 indragna
353 979 76 19 räntor
438 977 124 25 äfvensom,
571 977 72 27 enligt
651 976 83 28 nädiga
742 975 85 22 förord-

73 1011 85 28 ningen
174 1011 25 22 af
213 1012 43 21 den
273 1014 24 18 11
314 1011 99 22 februari
431 1013 61 24 1889,
508 1010 269 29 krigsmanshusfondens
785 1009 43 22 och

73 1045 266 22 militieboställskassans
355 1046 124 21 inkomster
501 1047 30 27 gå
546 1045 121 28 samtligen
682 1045 34 20 till
731 1044 44 21 den
791 1043 37 22 all-

73 1082 83 19 männa
171 1080 170 27 militiefonden,
357 1080 68 21 hvars
440 1080 130 28 tillgångar,
585 1079 37 21 för
638 1081 24 19 sä
677 1078 48 22 vidt
741 1078 27 21 de
778 1078 50 20 icke

74 1114 99 22 behöfva
194 1117 65 26 tagas
275 1114 7 21 i
298 1114 98 29 anspräk
418 1114 36 21 för
478 1114 83 21 sädana
583 1113 111 26 ändamäl,
715 1120 47 15 som
779 1111 50 22 före

74 1149 219 28 värnepliktslagens
310 1149 126 28 antagande
452 1149 106 28 vanligen
575 1148 151 28 tillgodosetts
735 1155 26 13 ur
776 1146 53 21 den-

75 1190 92 19 samma,
183 1183 6 20 i
206 1183 101 28 enlighet
321 1183 51 22 med
389 1185 40 19 122
445 1183 14 29 &
475 1183 7 21 i
497 1183 208 28 värnepliktslagen
720 1182 54 21 böra
792 1187 37 14 an-

75 1217 86 21 vändas
177 1217 34 21 till
227 1217 138 22 bekostande
382 1217 24 22 af
420 1218 27 21 de
463 1217 168 28 värnepliktiga
647 1219 133 26 truppernas
795 1216 34 19 ut-

75 1252 106 27 rustning
204 1252 42 21 och
269 1252 124 21 underhåll.
425 1252 79 21 Skulle
520 1251 87 22 landets
624 1251 88 21 försvar
727 1249 102 28 upphöra

75 1289 33 18 att
123 1293 55 15 vara
192 1286 97 21 ordnadt
303 1288 30 27 på
349 1286 143 28 grundvalen
507 1285 26 22 af
541 1286 83 21 allmän
635 1284 127 29 värneplikt
773 1285 57 20 samt

75 1320 95 21 monark
186 1320 42 21 och
245 1321 90 20 ständer
350 1321 50 20 icke
415 1320 79 21 kunna
510 1327 53 14 enas
574 1327 37 14 om
622 1318 126 29 antagande
759 1318 26 21 af
793 1325 37 14 an-

74 1357 40 18 nat
129 1354 176 29 militärsystem,
328 1355 96 24 komme,
447 1357 75 19 såsom
544 1354 26 21 af
587 1354 38 21 det
640 1353 70 28 sagda
724 1352 105 29 framgår,

75 1388 210 28 indelningsvärket
308 1391 33 18 att
355 1389 65 20 träda
435 1389 6 20 i
458 1389 81 24 stället,
562 1388 51 21 med
636 1388 44 21 den
698 1387 133 27 förändring

143 1433 141 23 Lagutskottets
297 1434 121 17 betänkande.
