1089 1750
418 128 83 22 Ständ.
517 128 39 23 Sv.
813 130 26 20 91

112 194 129 22 föreskrift
260 194 84 22 derom
364 194 122 26 utfärdas,
506 194 94 22 inkalla
619 194 64 28 dem,
702 201 53 15 som
769 194 99 23 tillhöra

113 235 119 16 reserven
263 228 59 22 eller
348 228 170 26 landtvärnet,
547 228 36 22 till
611 228 70 22 aktiv
708 229 77 29 tjenst
809 229 59 22 eller

113 263 179 29 öfningsmöte;
321 263 113 21 börande
457 263 7 21 i
482 263 90 29 hvarje
590 263 44 22 fall
653 263 92 22 sådant
763 263 105 22 förstän-

113 298 109 28 digande
242 297 95 22 enhvar
356 297 141 29 skriftligen
516 297 139 26 meddelas;

182 332 26 28 7)
237 333 35 21 att
296 332 77 28 enligt
392 331 161 29 vederbörlig
571 331 130 23 föreskrift
718 331 149 23 föranstalta

115 366 95 22 sådana
237 366 194 22 kontrollmöten
454 366 56 22 med
529 366 152 26 reservmän,
701 372 52 16 som
772 366 8 22 i
800 366 15 28 $
836 366 30 22 18

113 400 170 27 omförmälas;

182 434 24 29 8)
222 435 34 21 att
268 435 40 21 för
320 435 90 28 hvarje
422 434 226 29 lottningsomräde
661 434 67 22 inom
740 434 127 29 uppbäds-

114 469 100 22 kretsen
242 469 96 28 årligen
365 469 120 28 upprätta
513 469 91 22 allmän
623 469 243 28 värnepligtslängd,

113 503 171 22 innefattande
309 503 93 29 jemväl
420 503 64 22 rulla
502 503 40 22 för
560 509 119 16 reserven
698 503 46 22 och
763 503 104 22 förteck-

113 537 61 30 ning
203 537 71 22 öfver
301 538 169 26 landtvärnet,
499 540 64 19 samt
591 537 108 23 derefter
726 537 55 22 föra
809 538 57 21 den-

113 578 95 16 samma
236 572 76 29 enligt
340 572 30 22 de
389 572 163 26 föreskrifter,
571 579 52 15 som
643 573 86 21 derom
748 571 119 23 särskildt

111 606 127 27 utfärdas;

181 641 25 29 9)
235 643 35 20 att
297 641 147 29 handlägga
472 641 30 22 de
521 641 94 29 frågor,
635 648 54 15 som
708 641 7 22 i
735 640 76 30 öfrigt
828 641 38 21 rö-

112 676 78 22 rande
204 676 188 28 värnepligtens
406 676 187 22 verkställande
606 676 87 21 kunna
703 676 161 26 förekomma;

182 710 42 28 10)
252 711 36 21 att
314 710 36 22 till
377 710 167 22 länenämden
572 710 97 28 årligen
698 710 96 28 afgifva
813 710 53 22 full-

112 744 101 29 ständig
226 744 161 29 redogörelse
400 744 65 22 huru
479 744 130 29 uppbådet
621 744 84 22 blifvit
718 744 146 22 verkstäldt.

450 848 14 28 8
485 848 40 22 48.

180 916 150 29 Besigtning
358 916 26 22 af
411 916 30 22 de
469 916 191 29 värnepligtige,
678 916 86 22 hvilka
783 916 82 22 blifvit

111 951 36 22 till
164 951 108 29 lottning
291 950 133 26 inkallade,
445 951 148 21 verkställes
613 951 26 21 af
652 950 43 22 två
707 950 94 26 läkare,
816 950 48 22 den

111 992 46 16 ene
184 985 174 22 tillförordnad
387 992 91 22 genom
503 985 179 22 Guvernörens
701 985 100 28 försorg
819 984 46 22 och

111 1020 49 22 den
188 1020 78 22 andre
294 1019 25 22 af
345 1019 288 29 militärförvaltningen,
653 1019 134 22 hvarutom
805 1019 60 21 lika-

111 1054 68 22 ledes
207 1054 42 22 två
276 1054 86 22 läkare
390 1054 33 28 på
450 1054 134 22 enahanda
603 1054 50 22 sätt
671 1055 68 21 utses
757 1053 40 22 för
816 1053 49 22 den

110 1088 152 29 besigtning,
284 1094 54 16 som
356 1088 43 22 vid
418 1088 167 23 länenämden
603 1088 51 22 kan
673 1088 190 28 ifrågakomma.

111 1122 51 22 Der
190 1123 7 21 i
225 1123 77 28 något
329 1122 44 22 fall
391 1122 180 22 militärläkare
589 1122 55 22 icke
663 1122 50 22 kan
732 1122 39 22 för
791 1121 74 23 ända-

111 1157 75 22 målet
213 1157 140 26 förordnas,
380 1158 68 21 utses
469 1164 82 15 annan
570 1157 87 22 läkare
676 1157 7 22 i
701 1157 64 22 hans
785 1156 78 23 ställe.

446 1265 16 29 8
482 1265 40 22 60.

180 1334 110 22 Allmänt
308 1334 104 28 uppbåd
432 1334 36 22 till
486 1334 141 29 utgörande
647 1334 24 22 af
690 1333 175 28 värnepligten

111 1368 130 22 äfvensom
259 1368 109 29 lottning
386 1374 39 16 om
444 1368 99 22 inträde
563 1368 6 22 i
589 1368 103 22 stående
711 1369 76 27 trupp
806 1367 60 22 eller

110 1402 152 29 inskrifning
281 1402 43 22 vid
342 1402 162 22 landtvärnet
514 1402 148 22 verkställes
676 1402 96 28 årligen
785 1401 81 22 under

110 1436 68 22 tiden
198 1437 104 22 emellan
322 1437 48 22 den
391 1437 30 21 15
442 1437 71 28 April
531 1437 46 21 och
596 1436 49 22 den
664 1436 33 22 24
717 1436 66 22 Juni.
