1086 1764
422 119 22 22 U.
462 119 22 22 B.
776 121 27 19 45

75 189 103 28 motvilja
194 189 64 21 skola
273 189 78 20 kunna
366 188 100 28 fullgöra
482 188 34 21 sin
531 188 130 28 värneplikt
677 190 57 19 samt
750 188 28 21 de
791 187 40 22 fin-

76 223 40 22 ska
131 225 123 26 trupperna
269 222 105 29 uppfylla
390 223 35 20 sin
441 222 161 21 bestämmelse.

444 316 19 19 3.

144 361 76 22 Bland
235 360 155 28 stadgandena
405 360 8 21 i
429 360 27 21 de
472 360 35 21 till
522 360 121 21 ständerna
663 359 169 22 öfverlämnade

77 395 266 28 författningsförslagen
361 395 66 28 ingår
445 394 85 28 jämväl
545 402 29 13 en
589 402 82 21 grupp,
687 401 49 15 som
750 394 82 22 hänför

77 431 35 28 sig
133 430 36 21 till
188 429 166 28 beteckningen
373 429 25 21 af
411 429 61 21 vissa
487 429 51 21 med
553 428 213 22 storfurstendömet
781 429 51 20 Fin-

76 465 65 21 lands
164 463 182 22 konstitutionelt
368 463 146 22 monarkiska
536 463 122 21 rättsskick
677 463 155 22 sammanhän-

78 499 73 28 gande
175 499 99 27 begrepp
298 497 43 22 och
359 497 62 28 förty
444 497 66 22 berör
533 497 119 28 grundlag.
689 497 12 21 I
724 497 108 22 afvikelse

77 533 52 21 frän
152 533 43 21 den
217 532 149 28 terminologi,
390 539 49 14 som
462 532 101 21 härintils
579 531 62 29 gjort
656 531 35 28 sig
707 531 104 28 gällande
826 531 6 20 i

79 567 151 29 spräkbruket
255 566 43 21 och
322 566 182 29 lagstiftningen,
530 566 115 21 användas
671 567 30 27 pä
724 565 109 22 särskilda

79 602 80 21 ställen
175 602 7 20 i
196 601 266 28 författningsförslagen
477 601 124 28 uttrycken
617 600 40 26 ,de
668 600 74 21 finska
752 600 80 21 länen"

79 636 53 21 eller
155 635 237 27 ,storfurstendömets
417 635 52 21 län*
493 635 36 21 för
551 637 32 19 att
609 634 94 29 angifva
725 633 107 22 Finlands

78 670 145 22 landomräde
246 671 48 27 (art.
312 672 18 23 1,
347 672 19 23 5,
383 671 27 20 52
433 670 74 28 punkt
531 672 18 19 1.
565 669 44 22 och
633 671 41 19 134
695 669 8 20 i
724 669 109 27 förslaget

78 705 35 20 till
127 704 180 29 värnepliktslag
329 706 57 19 samt
405 707 41 18 art.
463 706 33 23 69,
513 705 33 24 77,
563 705 33 24 78,
614 705 46 23 105,
678 705 40 19 118
734 703 42 21 och
793 705 40 18 120

78 739 7 20 i
101 738 110 29 förslaget
226 739 35 20 till
276 738 134 29 förordning
433 739 118 27 angäende
567 738 28 21 de
609 737 74 22 finska
699 740 134 25 truppernas

79 773 154 28 organisation
255 773 43 21 och
320 773 156 28 förvaltning).
514 773 83 20 Likaså
620 775 24 18 är
666 771 167 28 benämningen

81 807 177 28 ykejsardömet*
275 807 19 28 ej
312 807 71 21 sällan
405 807 81 21 afsedd
508 809 33 19 att
556 806 95 22 omfatta
671 805 86 29 jämväl
780 808 53 18 stor-

79 841 165 22 furstendömet
259 841 97 22 Finland
371 843 49 27 (art.
438 843 48 24 152,
503 843 46 24 159,
568 843 39 19 187
624 843 42 19 och
682 842 41 19 216
738 840 7 21 i
756 839 78 22 försla-

80 878 39 26 get
133 876 35 21 till
184 876 179 28 värnepliktslag
378 878 58 19 samt
452 878 41 19 art.
509 877 34 24 24,
559 877 27 20 69
602 875 43 22 och
658 877 39 19 119
708 875 7 20 i
725 874 109 27 förslaget

80 910 34 21 till
129 910 135 28 förordning
279 911 117 27 angäende
411 911 28 20 de
451 910 74 21 finska
535 913 135 25 truppernas
682 909 152 28 organisation

80 944 42 22 och
132 945 156 28 förvaltning).
314 944 49 21 Och
374 944 122 26 ,Finlands
507 945 50 20 län"
569 944 110 21 likställas
689 943 52 22 med
752 943 82 28 ,Ryss-

79 979 64 21 lands
167 981 165 26 guvernement
355 979 43 21 och
420 979 131 28 provinser*
573 979 49 27 (art.
645 981 5 18 1
667 978 43 21 och
725 979 27 19 42
768 978 8 20 i
790 977 44 22 för-

79 1013 74 28 slaget
175 1013 34 20 till
232 1013 181 28 värnepliktslag
436 1015 57 19 samt
515 1015 40 19 art.
571 1014 35 25 24,
623 1015 32 23 69,
673 1015 47 22 118,
737 1014 40 19 119
793 1011 42 22 och

81 1049 40 19 120
136 1047 8 21 i
159 1047 110 28 förslaget
290 1047 35 21 till
347 1047 137 28 förordning
506 1047 117 28 angäende
643 1047 28 21 de
686 1047 73 21 finska
774 1049 60 25 trup-

79 1089 82 21 pernas
177 1081 154 28 organisation
347 1081 43 22 och
404 1081 157 28 förvaltning).
593 1081 114 28 Slutligen
717 1081 73 28 gifves
801 1085 33 16 ut-

80 1115 91 29 trycket
185 1115 56 28 rysk
261 1115 120 22 undersäte
398 1123 28 14 en
441 1117 25 20 sä
481 1115 113 22 vidsträkt
609 1115 115 26 innebörd,
741 1117 33 18 att
789 1115 45 20 det-

80 1157 85 14 samma
181 1149 124 29 inbegrepe
318 1149 86 29 jämväl
419 1150 61 21 finsk
495 1150 120 21 undersäte
631 1149 43 22 och
688 1149 146 28 medborgare

80 1185 48 27 (art.
147 1186 10 19 1
174 1183 43 22 och
232 1186 12 19 3
260 1184 7 21 i
282 1183 110 29 förslaget
407 1184 35 21 till
458 1184 194 28 värnepliktslag),
663 1183 125 28 hvarjämte
799 1183 36 21 be-

80 1218 138 28 teckningen
243 1219 79 28 ,ryskt
341 1218 92 29 fartyg"
450 1219 44 20 och
510 1219 81 27 ,ryska
606 1218 188 21 handelsflottan"
812 1220 23 18 är

80 1252 79 21 afsedd
182 1255 33 18 att
238 1252 95 22 omfatta
351 1252 67 22 äfven
436 1252 74 21 finska
525 1253 79 28 fartyg
619 1253 48 27 (art.
684 1254 27 19 22
726 1259 66 18 anm.,
808 1253 26 19 52

80 1293 57 14 anm.
154 1289 19 23 2,
190 1289 27 18 53
234 1287 42 21 och
291 1289 28 19 84
334 1287 7 20 i
357 1294 85 14 samma
456 1287 101 28 förslag).

148 1321 42 21 Att
205 1321 44 21 den
272 1321 81 28 grund,
368 1323 30 26 pä
413 1321 95 22 hvilken
524 1329 28 14 en
567 1321 70 22 sädan
652 1321 144 28 terminologi
812 1324 24 18 är

80 1355 70 28 bygd,
174 1355 93 21 innebär
290 1357 32 19 ett
344 1355 142 22 förnekande
502 1355 26 21 af
540 1355 109 22 Finlands
664 1358 51 23 rätt,
731 1354 104 22 framstär

80 1391 74 19 säsom
177 1389 132 28 uppenbart.
343 1389 35 22 Af
400 1389 45 22 den
468 1389 197 28 omständigheten
689 1392 32 19 att
743 1389 92 22 storfur-

148 1434 141 23 Lagutskottets
302 1435 121 18 betänkande.
