1092 1756
361 126 85 23 Ständ.
462 126 39 23 Sv.
516 140 28 2 —
559 127 48 22 Bil.
625 126 21 23 I.
821 128 26 20 35

120 196 51 20 Men
195 195 97 21 emedan
316 196 99 20 Finland
438 197 26 19 är
483 202 28 14 en
526 196 37 20 del
579 195 26 21 af
617 196 38 20 det
671 196 69 26 ryska
755 196 64 26 riket,
835 196 44 20 har

119 229 165 27 beteckningen
303 229 81 27 »ryska
399 229 69 21 rikets
484 230 135 20 undersäte»
636 230 90 20 kunnat
739 230 95 20 komma
844 230 34 20 till

119 264 150 26 användning
287 264 68 20 äfven
371 265 42 19 när
428 264 37 20 det
480 264 70 26 gäller
565 264 74 20 finske
655 264 141 20 undersätar.
827 263 51 21 Och

119 298 30 20 dä
165 298 101 26 Sveriges
282 298 190 26 statsförfattning
487 298 44 20 och
546 298 64 26 lagar
625 298 25 20 af
661 298 80 27 Kejsar
751 298 128 21 Alexander

120 332 9 20 I
150 332 120 21 stadfästes
290 334 32 18 att
342 332 59 26 gälla
417 332 35 20 för
468 332 218 21 Storfurstendömet
701 332 106 27 Finland,
824 339 53 14 men

120 366 171 27 Kejsaredömet
314 366 126 27 Rysslands
464 367 178 20 samhällsskick
664 367 75 20 hvilar
754 367 29 27 pä
799 373 78 14 annan

120 401 54 21 eller
196 400 254 28 sjelfherskarmaktens
470 401 81 26 grund,
567 401 141 21 tillkommer
723 401 78 27 hvarje
817 401 61 21 finsk

120 435 121 20 undersäte
257 435 44 20 ock
316 441 28 14 en
360 435 140 26 sjelfständig
515 436 44 19 rätt
575 437 32 18 att
622 435 88 26 ätnjuta
726 436 130 25 rättigheter
871 436 7 19 i

120 469 100 20 Finland
242 469 69 26 enligt
334 469 51 20 dess
401 469 36 26 lag
452 469 44 20 och
512 469 133 26 författning
661 469 60 26 eller,
737 469 52 21 med
805 469 73 21 andra

120 503 48 27 ord,
184 510 28 14 en
229 503 98 21 särskild
342 503 61 21 finsk
419 503 186 27 medborgarrätt,
622 510 50 14 som
683 505 26 19 är
720 503 93 21 förenad
825 503 53 21 med

120 537 129 28 privilegier
264 538 43 21 och
323 538 131 26 rättigheter
468 538 26 20 af
506 540 72 18 annat
593 538 49 26 slag
657 539 30 19 än
703 538 28 21 de
747 538 52 21 med
815 538 64 27 ryskt

121 572 167 27 undersätskap
305 572 137 21 förbundna.

190 607 109 26 Slutligen
323 608 25 19 är
370 607 37 20 det
430 607 52 20 med
504 607 91 27 hänsyn
611 607 33 20 till
661 607 218 21 Storfurstendömet

121 641 111 21 Finlands
255 641 158 26 statsrättsliga
436 641 107 26 ställning
566 641 50 21 icke
637 641 106 26 egentligt
758 643 32 18 att
805 640 74 21 under

120 675 170 27 benämningen
313 675 64 27 ryskt
395 675 73 28 fartyg
483 675 117 28 inbegripa
614 675 86 27 jemväl
716 675 70 21 finskt
798 675 79 27 fartyg.

121 709 41 20 Väl
179 709 46 20 kan
240 711 31 18 ett
286 709 82 21 sådant
384 710 89 26 uttryck
490 709 6 21 i
512 709 163 28 diplomatiska
692 709 134 28 aktstyeken
842 709 37 20 be-

120 749 86 20 gagnas
229 743 66 21 äfven
318 750 38 14 om
380 744 75 20 finska
479 744 79 27 fartyg,
579 746 24 25 ty
620 743 99 21 Finland
734 745 25 19 är
774 743 50 21 icke
839 743 40 20 vid

122 777 65 21 sidan
210 778 26 20 af
255 777 113 28 Ryssland
390 780 30 19 ett
436 777 150 28 sjelfständigt
601 778 148 27 rättssubjekt
763 780 116 25 gentemot

121 811 108 21 utlandet.
253 812 87 21 Finska
355 812 73 27 fartyg
443 812 35 21 stä
493 812 76 21 derför
579 812 7 21 i
597 813 76 26 öppen
689 812 34 27 sjö
735 812 44 21 och
790 811 89 21 utländ-

121 846 41 20 ska
178 846 99 21 hamnar
292 846 73 21 under
380 846 44 21 den
440 846 69 27 ryska
524 846 155 21 riksmaktens
695 845 184 22 internationella

121 880 74 27 skydd
219 882 44 19 och
286 881 77 20 såsom
386 883 31 18 ett
439 881 80 20 tecken
540 881 74 26 härpå
634 881 56 20 bära
710 880 27 21 de
757 880 38 21 det
809 880 70 27 ryska

121 914 69 21 rikets
206 915 68 26 flagg;
296 921 53 14 men
364 915 30 20 dä
410 915 76 20 finska
500 915 44 20 och
560 915 71 26 ryska
646 915 73 26 fartyg
735 915 6 20 i
757 914 68 27 öfrigt
838 921 41 13 un-

121 949 94 26 derlyda
231 949 61 20 olika
308 949 146 26 lagstiftning,
470 951 26 18 är
512 956 28 13 en
556 949 152 26 terminologi,
725 955 50 14 som
790 948 90 20 beteck-

120 989 43 14 nar
182 983 76 21 finska
274 983 72 27 fartyg
362 983 77 21 såsom
455 983 75 27 ryska,
546 982 161 21 vilseledande.
737 983 38 20 Att
789 984 14 19 t.
816 989 19 14 o.
848 988 30 14 m.

121 1017 5 20 i
150 1017 164 27 diplomatiska
337 1017 134 27 aktstycken
495 1017 69 27 ryska
586 1017 44 21 och
650 1017 74 21 finska
745 1017 73 27 fartyg
834 1017 46 20 sär-

122 1051 70 21 skildt
207 1053 144 24 omnämnas,
366 1052 150 26 ådagalägges
532 1052 78 26 längre
627 1051 65 21 fram.

190 1086 37 20 Att
242 1086 45 20 den
303 1086 221 27 grunduppfattning
540 1086 117 26 angående
674 1085 105 27 samtliga
795 1092 32 14 nu
843 1085 37 21 be-

121 1120 68 20 rörda
205 1120 166 26 förhållanden,
384 1120 36 20 för
430 1120 94 20 hvilken
535 1120 7 20 i
553 1120 38 20 det
601 1120 134 26 föregående
746 1119 133 27 redogjorts,

122 1154 111 21 alltsedan
249 1154 25 20 år
291 1155 54 20 1809
361 1154 91 20 erkänts
469 1154 25 20 af
506 1154 89 21 landets
612 1154 123 20 Monarker
750 1156 60 18 samt
823 1153 6 20 i
841 1153 39 21 all-

122 1188 95 20 mänhet
232 1188 67 21 äfven
315 1188 77 26 riktigt
407 1188 111 27 uttryckts
534 1188 18 27 ej
571 1188 88 20 mindre
671 1188 6 20 i
689 1188 60 20 finsk
760 1190 30 18 än
804 1188 7 20 i
824 1188 55 26 rysk

122 1222 140 27 lagstiftning
278 1223 43 20 och
337 1222 6 20 i
360 1222 163 28 diplomatiska
539 1222 142 28 aktstycken,
697 1224 26 18 är
738 1229 28 13 en
779 1223 101 19 omstän-

122 1256 83 26 dighet,
229 1263 50 14 som
298 1256 49 21 icke
366 1256 51 21 bort
432 1257 88 20 lemnas
536 1256 114 21 obeaktad
667 1256 38 21 vid
721 1256 160 28 uppgörandet

121 1290 25 20 af
159 1290 28 21 de
203 1290 33 21 till
252 1290 127 21 Ständerna
395 1290 140 28 hänskjutna
546 1290 265 27 författningsförslagen.
836 1290 45 27 Up-

122 1324 148 27 penbarligen
290 1325 99 26 framgår
403 1325 34 20 till
453 1331 28 14 en
496 1325 89 27 början,
601 1324 138 28 exempelvis
753 1331 28 13 ur
797 1324 83 26 ingres-

122 1365 40 14 sen
181 1358 33 21 till
231 1359 145 26 reglementet
391 1359 35 20 för
441 1358 241 27 Regeringskonseljen
699 1358 24 21 af
737 1359 43 20 den
795 1359 26 19 18
836 1358 44 20 Au-

122 1392 58 26 gusti
206 1394 53 20 1809
282 1395 38 24 att,
344 1393 68 26 enligt
431 1393 111 21 Finlands
558 1393 159 26 konstitution,
733 1392 147 22 Storfursten-

121 1426 78 21 dömet
221 1427 99 20 Finland
339 1427 75 21 såsom
432 1429 29 19 ett
478 1427 102 27 politiskt
595 1427 54 26 helt,
665 1427 44 21 och
725 1426 18 28 ej
760 1427 27 20 de
804 1426 76 21 finska
