1086 1759
440 136 29 22 U.
484 136 28 22 B.
796 137 25 20 57

96 205 48 27 diga
167 205 34 21 del
222 206 85 26 utgöres
329 205 21 21 af
365 212 26 14 en
408 205 46 21 utaf
469 205 91 21 Senaten
576 205 104 21 utnämnd
696 205 158 27 krigskommis-

96 239 60 26 sarie,
172 239 84 21 hvilken
273 241 23 18 är
311 239 103 21 nämdens
430 239 132 27 ordförande,
577 242 55 18 samt
644 245 26 15 en
684 239 22 21 af
721 242 134 24 guvernören

96 273 146 20 tillförordnad
258 273 99 26 juridiskt
372 273 71 20 bildad
460 274 135 20 sekreterare.
621 273 46 20 Den
679 274 112 20 förstärkta
801 280 52 21 upp-

97 307 144 21 bädsnämden
262 307 44 21 äter
326 307 70 21 bestär
411 307 21 21 af
447 307 26 21 de
488 307 7 20 i
512 307 40 21 den
568 307 98 27 ständiga
681 307 62 21 delen
759 308 21 20 af
795 310 58 18 näm-

97 341 40 21 den
153 341 105 28 ingäende
274 341 166 21 medlemmarne
456 342 64 27 jemte
536 348 25 14 en
578 341 21 21 af
614 341 159 21 vederbörande
788 342 66 27 krigs-

98 376 55 21 befäl
175 375 75 21 utsedd
271 376 171 21 militärledamot
462 378 54 19 samt
531 378 31 18 tre
577 376 33 20 för
625 376 73 26 hvarje
714 375 28 21 till
760 376 25 21 de
801 383 54 20 resp.

98 409 211 28 uppbädsomrädena
324 410 94 21 hörande
434 410 102 20 kommun
551 410 62 20 valde
626 410 145 27 medlemmar,
783 410 72 21 hvilka

98 451 38 20 ega
159 446 84 19 rösträtt
266 444 75 21 endast
362 444 7 20 i
384 444 78 27 frägor,
477 451 45 14 som
538 446 47 19 röra
601 444 61 21 deras
677 450 53 21 egen
747 444 108 21 kommun.

97 478 32 21 De
151 478 137 21 kommunala
308 478 144 21 ledamöterna
471 480 57 19 utses
549 478 22 21 af
585 485 53 20 resp.
656 478 130 26 kommuner,
802 479 53 20 dock

99 515 29 19 att
145 513 8 20 i
168 513 164 21 landskommun
354 513 227 20 kommunalnämdens
605 513 126 20 ordförande
753 515 24 18 är
798 513 57 27 sjelf-

99 547 92 21 skrifven
207 547 93 21 ledamot
315 547 7 20 i
337 547 194 27 uppbädsnämden.

170 581 47 21 Den
234 581 76 26 nädiga
325 581 158 27 propositionen
499 581 92 24 föreslär,
607 581 31 20 uti
655 583 37 18 art.
708 581 32 27 60,
752 583 29 19 att
791 581 64 21 första

99 617 109 20 instansen
230 616 7 20 i
261 616 221 27 värnepligtsärenden
506 615 65 21 borde
594 617 85 26 utgöras
703 616 20 20 af
740 615 116 22 »distrikts-

100 651 115 26 nämden»;
237 651 38 20 och
296 650 68 21 skulle
387 650 131 21 beträffande
540 650 68 20 denna
632 650 74 20 nämds
725 650 133 21 verksamhet

101 686 38 20 och
155 685 190 26 sammansättning
361 684 54 27 gälla
431 684 99 27 följande,
539 684 46 21 frän
596 684 153 21 ofvanberörda
758 685 98 26 stadgan-

101 720 40 21 den
164 720 7 20 i
192 719 198 27 Värnepligtslagen
407 719 67 20 delvis
490 719 61 26 högst
566 718 113 27 väsentligt
694 719 111 20 afvikande
823 718 35 21 be-

101 754 141 27 stämningar:

170 789 39 20 1:o.
239 788 80 27 Hvarje
342 788 34 20 län
393 787 65 21 borde
474 787 87 21 omfatta
577 789 30 19 ett
622 787 52 21 eller
688 788 35 20 två
740 787 117 28 »uppbåds-

103 823 93 20 distrikt>
222 823 39 20 och
283 822 33 21 för
339 822 72 27 hvarje
434 821 181 28 uppbådsdistrikt
637 821 67 21 skulle
721 822 95 20 tillsättas
832 828 26 14 en

103 857 163 21 distriktsnämd.

172 892 39 19 2:0.
241 890 193 21 Distriktsnämden
454 890 84 21 komme
553 892 30 19 att
599 890 59 21 bestå
674 891 20 20 af
710 897 26 14 en
751 890 23 21 sä
789 889 69 21 kallad

103 925 321 25 distriktsmilitärbefälhafvare,
446 925 70 20 säsom
539 924 132 27 ordförande,
692 927 53 18 samt
766 923 93 28 följande

103 959 124 21 ledamöter:
248 961 19 24 a)
283 966 25 14 en
325 959 20 20 af
361 959 159 20 vederbörande
536 959 133 20 militärbefäl
686 959 75 20 utsedd
778 958 80 26 officer;

103 994 20 26 b)
144 1000 26 15 en
193 994 21 20 af
236 995 134 26 guvernören
388 993 64 20 bland
472 993 166 20 medlemmarne
654 993 6 20 i
676 993 183 21 kommunalnäm-

104 1029 65 20 derna
191 1028 53 21 eller
265 1027 189 27 stadsfullmäktige
476 1027 57 20 inom
555 1027 105 21 distriktet
681 1027 75 20 utsedd
778 1033 81 21 person,

104 1065 54 18 samt
179 1063 17 26 c)
218 1069 33 16 en,
266 1062 102 21 likaledes
388 1062 21 20 af
425 1063 132 25 guvernören
573 1061 120 27 förordnad,
708 1061 98 27 juridiskt
822 1061 38 20 bil-

105 1097 40 20 dad
168 1103 82 21 person,
273 1096 85 21 hvilken
383 1096 66 21 tillika
474 1102 49 15 vore
547 1095 313 28 »expoditionssekreterare»
847 1091 16 37 i

105 1131 96 21 nämden.

174 1167 39 19 3:o.
242 1165 33 20 Då
298 1165 187 20 distriktsnämden
508 1165 34 20 vid
564 1164 207 27 uppbädstillfällena
792 1164 69 21 skulle

105 1200 155 21 sammanträda
281 1199 57 20 inom
362 1199 25 20 de
410 1199 68 20 skilda
498 1199 216 27 uppbådsområdena,
730 1198 64 21 borde
810 1198 51 20 den-

105 1241 81 14 samma
200 1233 114 22 förstärkas
329 1233 58 21 med:
404 1233 18 26 a)
439 1233 35 20 två
488 1233 122 25 ledamöter,
622 1233 67 26 valde,
700 1233 44 20 ifall
756 1232 104 27 uppbåds-

106 1268 94 21 området
223 1267 114 22 omfattade
361 1267 74 21 endast
458 1273 25 14 en
507 1267 108 27 kommun,
636 1267 20 20 af
672 1266 189 27 stadsfullmäktige

106 1303 51 20 eller
172 1303 34 20 vid
223 1301 221 26 kommunalstämma,
459 1307 56 21 men,
531 1308 34 14 om
581 1301 191 27 uppbådsområdet
782 1301 80 26 utgjor-

106 1337 37 21 des
158 1337 21 20 af
194 1337 51 20 flere
260 1337 132 25 kommuner,
408 1335 35 20 vid
456 1342 122 20 gemensam
589 1335 213 21 kommunalstämma
813 1335 48 20 med

106 1371 27 21 de
153 1371 32 20 till
204 1370 95 21 området
314 1370 93 21 hörande
423 1369 164 27 kommunerna;
604 1372 54 19 samt
674 1369 20 27 b)
710 1376 25 14 en
751 1369 20 21 af
786 1375 76 21 guver-

106 1407 65 18 nören
188 1405 76 20 utsedd
280 1405 187 26 polistjensteman.
