1092 1767
421 136 85 24 Ständ.
522 138 39 21 Sv.
801 138 38 20 141

113 215 89 23 organ,
233 210 43 20 äro
304 209 134 21 traktaters
468 209 142 22 afslutande
638 209 56 21 med
713 208 157 22 främmande

113 243 99 22 makter
230 243 130 22 äfvensom
379 243 83 29 öfriga
480 243 311 29 utrikesangelägenheter
809 244 61 20 utan

114 278 150 28 gensägelse
282 278 56 21 hela
357 278 77 21 rikets
454 278 219 28 angelägenheter,
691 278 7 21 i
718 277 99 22 hvilkas
838 277 33 21 af-

114 312 114 28 görande
247 312 106 22 Finland
372 312 54 22 icke
446 313 70 27 tager
536 312 47 22 del.
621 312 57 22 Men
697 318 39 16 om
756 318 31 16 en
806 311 65 23 trak-

114 348 49 20 tats
194 346 140 22 afslutande
354 346 143 22 föranleder
516 346 36 22 till
571 346 155 28 vidtagande
746 346 25 22 af
790 346 81 29 ätgär-

114 380 46 22 der
188 380 75 22 äfven
291 380 7 22 i
326 380 113 26 Finland,
465 381 27 21 sä
512 380 115 22 utfärdas
647 380 86 22 derom
753 380 120 22 särskildt

114 415 40 22 för
175 415 239 22 Storfurstendömet
432 415 86 28 päbud
538 422 61 15 vare
618 415 39 29 sig
676 422 90 22 genom
780 415 92 21 trakta-

114 452 56 19 tens
197 450 211 28 promulgerande
432 450 8 21 i
468 450 108 28 stadgad
604 450 109 28 ordning
741 450 66 25 eller,
828 449 45 22 der

114 484 100 29 verklig
240 484 158 29 lagstiftning
426 484 133 26 erfordras,
587 484 56 22 med
665 484 164 29 iakttagande
849 483 25 22 af

115 519 68 22 hvad
211 519 66 22 finsk
298 519 42 28 lag
358 519 102 21 förmär.
498 519 74 22 Detta
591 519 46 21 har
656 519 80 22 under
754 519 72 21 nittio
845 518 29 21 är

115 553 138 29 veterligen
273 553 53 22 icke
344 553 126 22 föranledt
488 553 79 28 nägra
587 553 164 29 svärigheter.

184 588 24 21 5.
246 587 49 22 Om
323 587 165 22 emellertid
517 588 55 21 den
591 587 114 22 hittills
729 587 144 29 gällande

116 622 167 29 ordningen
310 622 45 22 för
383 622 158 23 stiftandet
569 623 28 21 af
623 622 58 28 lag,
709 629 58 14 som
795 621 80 22 skall

116 657 88 21 lända
235 656 44 22 fill
310 657 202 22 efterrättelse
540 658 7 21 i
575 657 132 25 Finland,
735 656 139 22 befinnes

116 691 99 22 tarfva
244 692 129 28 ändring
391 692 8 21 i
418 692 82 28 syfte
520 694 41 19 att
580 692 112 22 bereda
711 691 164 29 möjlighet

116 725 46 22 för
189 725 157 24 införande
371 727 29 22 af
418 726 155 29 rikslagar,
593 727 36 21 dä
649 727 56 21 kan
725 732 33 16 en
778 725 97 23 sädan

116 761 215 23 modifikation
361 762 8 21 i
400 761 145 22 Finlands
573 761 212 22 konstitution
812 761 62 22 med

116 795 175 22 bevarande
322 795 28 23 af
376 796 242 29 grundlagarnas
649 795 86 28 helgd
768 795 107 29 äväga-

117 829 129 29 bringas
265 831 106 22 endast
389 831 93 22 under
499 831 189 23 Ständernas
701 830 173 29 grundlags-

118 865 98 29 enliga
244 866 190 21 medverkan.
472 866 97 25 Derför,
596 872 40 15 om
665 865 42 22 det
731 866 73 28 göres
824 865 51 28 gäl-

117 899 82 26 lande,
228 901 35 20 att
286 900 96 29 rikslag
400 901 7 21 i
427 902 34 20 ett
480 901 80 24 ämne,
580 900 7 21 i
607 900 96 22 hvilket
720 900 42 28 lag
782 900 20 28 ej
824 899 50 22 kan

118 934 83 22 stiftas
220 936 60 20 utan
300 936 35 20 att
353 935 48 21 den
422 935 25 22 af
467 935 141 22 Ständerna
628 935 115 28 antagits,
761 934 65 21 skall
838 935 36 20 ut-

118 968 87 22 färdas
234 970 35 21 att
296 969 65 28 gälla
386 969 39 22 för
444 969 113 25 Finland,
577 969 79 22 ehuru
675 969 48 22 den
742 969 53 21 icke
815 967 60 30 god-

118 1003 75 21 känts
213 1003 25 22 af
258 1003 148 26 Ständerna,
427 1003 27 22 sä
474 1004 52 21 stär
545 1004 92 21 sädant
656 1004 6 21 i
681 1003 62 22 strid
755 1004 52 21 mot
820 1002 55 21 Fin-

118 1037 74 22 lands
212 1038 162 28 grundlagar.
412 1038 76 22 Hvad
508 1038 119 22 särskildt
646 1038 121 21 beträffar
787 1038 88 21 värne-

118 1071 162 29 pligtslagen,
300 1072 80 22 skulle
399 1073 57 21 dess
476 1073 163 21 förklarande
653 1073 39 21 för
704 1072 103 28 rikslag,
822 1077 52 16 som

118 1106 85 21 kunde
232 1107 80 21 stiftas
338 1109 60 19 utan
418 1108 35 20 att
472 1113 62 16 vara
555 1108 108 27 antagen
683 1107 25 21 af
728 1106 147 24 Ständerna,

118 1140 79 22 strida
217 1141 53 21 icke
289 1141 63 22 blott
364 1143 51 20 mot
428 1141 186 22 ofvananförda
627 1141 173 28 grundsatser,
815 1142 60 20 utan

118 1174 47 22 ock
184 1177 52 20 mot
254 1175 49 22 den
322 1175 160 29 bestämning
501 1176 7 21 i
528 1175 245 29 Regeringsformen,
789 1177 35 20 att
834 1174 42 21 nå-

118 1215 51 22 gon
198 1209 154 29 utskrifning
380 1210 22 28 ej
432 1210 39 21 får
500 1217 46 22 ega
565 1217 55 14 rum
640 1211 59 20 utan
721 1209 154 22 Ständernas

119 1243 115 28 vetskap,
254 1244 48 21 fria
321 1244 60 28 vilja
401 1245 45 20 och
466 1244 135 29 samtycke.

189 1312 47 22 Det
255 1312 63 22 skall
337 1313 126 22 måhända
483 1313 131 25 invändas,
635 1314 34 20 att
685 1313 138 21 Monarken
837 1319 40 15 en-

118 1346 46 28 ligt
184 1346 91 22 sakens
293 1348 75 20 natur
386 1347 46 22 bör
451 1348 87 21 kunna
557 1347 142 22 oberoende
719 1347 24 21 af
756 1346 120 22 Finlands

120 1380 109 22 Ständer
257 1381 103 29 vidtaga
380 1381 127 29 åtgärder,
528 1388 52 16 som
599 1382 56 22 hela
674 1382 77 21 rikets
770 1382 107 21 intresse

118 1414 112 22 kräfver.
265 1416 55 21 Men
340 1416 90 22 härvid
450 1416 63 22 böra
531 1416 112 28 följande
663 1416 214 28 omständigheter

119 1450 73 27 tagas
211 1450 7 21 i
237 1450 174 22 betraktande.
