1086 1773
443 130 29 22 U.
488 131 27 22 B.
800 131 25 21 17

430 239 60 28 Kap.
506 240 17 22 I.

181 302 11 21 I
218 302 41 21 den
284 302 112 22 inledande
423 303 182 27 framställningen
631 303 37 20 har
694 302 106 21 Utskottet
825 308 34 14 re-

99 337 43 21 dan
158 337 75 27 antydt
248 336 71 21 hvilka
335 337 179 27 omständigheter
528 334 105 24 föranledt
649 336 117 22 Ständerna
782 338 29 20 att
824 336 34 20 vid

100 372 43 20 den
158 371 48 21 med
222 371 24 21 så
260 373 57 19 stora
331 371 99 27 farhågor
440 372 121 20 emotsedda
573 371 286 27 värnepligtsinstitutionens

101 406 110 20 införande
234 407 81 25 strängt
338 405 103 27 begränsa
464 405 142 28 värnepligten
623 406 39 20 och
679 405 25 21 de
720 405 67 21 finska
802 407 57 25 trup-

101 446 76 21 pernas
200 439 88 28 uppgift.
317 439 49 21 Men
389 440 27 20 då
438 440 73 27 frågan
534 446 29 15 nu
585 440 114 27 föreligger
721 439 30 21 till
770 440 89 27 förnyad

101 474 105 27 pröfning,
228 480 62 14 anser
312 473 107 22 Utskottet
436 474 78 21 sådana
529 474 45 21 skäl
589 474 47 21 icke
652 474 72 21 vidare
740 474 120 26 förefinnas,

102 515 45 14 som
171 508 71 21 kunde
265 508 83 21 frikalla
368 508 102 21 Finlands
492 509 44 20 folk
557 508 46 21 från
619 508 148 27 skyldigheten
783 510 30 19 att
829 511 31 18 ut-

103 543 81 21 sträcka
200 542 64 27 sagda
280 543 82 26 uppgift
377 543 85 27 derhän,
478 545 30 18 att
523 543 40 20 den
576 545 118 18 motsvarar
706 543 25 20 de
744 542 117 28 förpligtel-

103 583 39 19 ser,
166 577 71 20 hvilka
262 576 89 27 härflyta
369 577 21 20 af
405 577 101 20 Finlands
522 577 97 27 politiska
633 577 99 27 förening
746 577 47 21 med
810 577 51 26 Kej-

103 611 119 21 saredömet
237 611 112 26 Ryssland.

173 645 107 21 Utskottet
296 645 37 20 har
348 645 70 20 derför
433 645 7 20 i
456 645 36 21 sitt
506 645 78 27 förslag
600 645 31 21 till
644 645 124 27 förordning
780 645 82 21 affattat

105 679 16 28 S
137 679 13 22 1
162 679 90 21 sålunda
268 681 29 18 att
312 679 46 21 icke
375 679 57 27 blott,
455 679 68 21 såsom
542 680 80 26 hittills,
637 682 87 18 tronens
740 680 38 21 och
794 679 68 21 fäder-

105 714 121 21 neslandets
247 714 86 26 försvar,
354 715 49 19 utan
426 714 39 21 ock
487 714 114 21 värnandet
617 714 21 21 af
654 714 35 21 det
708 714 62 26 ryska
786 714 76 21 riket
851 709 14 35 i

106 749 47 20 dess
168 748 72 21 helhet
261 748 105 27 upptagits
384 748 70 21 såsom
478 749 98 20 ändamål
596 749 33 20 för
647 749 41 20 den
705 748 66 21 finska
787 750 75 18 värne-

106 782 216 28 pligtsinstitutionen.
353 782 82 21 Genom
459 782 56 21 detta
537 783 73 26 tillägg
634 784 23 19 är
679 783 36 20 det
736 782 82 27 tydligt,
834 784 29 19 att

107 817 48 20 med
171 818 78 19 tronen
271 816 76 21 förstås
368 817 48 20 icke
432 817 53 20 blott
500 816 219 26 Storfurstendömets,
735 819 49 18 utan
800 817 63 20 äfven

107 851 171 27 Kejsaredömets
295 853 46 18 tron
357 851 69 20 såsom
443 853 29 18 ett
493 853 137 18 sammansatt
647 851 95 27 begrepp.
772 851 44 25 Att,
832 850 32 21 så-

107 892 45 14 som
168 885 7 21 i
190 885 40 21 den
253 885 76 27 nådiga
352 885 171 28 propositionens
545 885 78 27 förslag
646 885 31 21 till
701 885 163 28 värnepligtslag

108 920 37 20 har
160 920 60 26 skett,
236 926 26 14 ur
276 922 30 18 ett
323 919 75 21 sådant
416 920 116 27 stadgande
551 926 46 14 som
617 920 57 20 detta
698 920 91 21 utesluta
804 920 60 20 ordet

109 954 175 26 fäderneslandet,
306 960 49 14 vore
370 954 88 20 alldeles
474 954 143 27 oberättigadt,
633 956 23 25 ty
669 954 41 20 den
724 954 66 21 etiska
800 960 64 21 grun-

109 988 48 26 den,
182 988 85 20 hvarför
289 988 54 20 finsk
362 988 34 27 lag
412 988 42 20 kan
470 988 73 28 ålägga
559 988 26 21 de
607 988 68 21 finske
699 988 165 27 medborgarene

109 1022 123 27 värnepligt,
243 1022 70 21 består
327 1022 43 27 just
386 1022 50 26 deri,
452 1024 30 19 att
497 1023 61 20 äfven
577 1022 35 21 det
627 1022 68 21 finska
718 1022 145 21 fäderneslan-

110 1057 36 20 det
161 1056 105 21 försvaras
281 1057 5 19 i
304 1056 50 21 strid
370 1058 44 19 mot
430 1056 41 21 den
487 1056 63 27 ryska
565 1056 97 21 maktens
677 1056 85 21 fiender.

179 1090 81 21 Genom
283 1090 93 28 tillägget
399 1091 21 20 af
442 1090 64 21 orden
532 1090 77 28 »enligt
631 1090 26 21 de
680 1090 97 27 grunder,
798 1090 68 20 som
852 1086 19 36 i

111 1126 70 20 denna
195 1125 35 27 lag
245 1125 96 27 stadgas»
359 1125 38 20 har
412 1125 18 27 ej
447 1125 7 20 i
470 1125 75 27 sakligt
563 1124 121 22 hänseende
701 1124 68 27 någon
784 1130 30 20 ny
831 1124 35 20 be-

111 1160 105 26 stämning
232 1160 78 26 afsetts,
333 1166 49 14 men
399 1159 35 21 det
450 1160 58 20 torde
528 1160 103 20 erkännas
648 1166 49 14 vara
713 1158 108 27 tillbörligt
838 1160 29 19 att

111 1194 142 26 uttryckligen
269 1195 80 25 utsäga,
364 1196 30 18 att
412 1193 36 21 det
463 1195 23 19 är
501 1194 6 20 i
523 1194 68 20 denna
608 1193 34 27 lag
658 1194 41 20 den
717 1193 150 27 värnepligtige

110 1228 69 21 finner
201 1228 46 20 sina
268 1228 122 26 rättigheter
406 1228 39 20 och
460 1228 145 27 skyldigheter
620 1228 115 20 utstakade.
764 1227 104 28 Tillägget

111 1264 118 19 motsvarar
244 1262 32 20 för
291 1262 62 26 öfrigt
368 1261 110 21 slutorden
482 1257 9 36 i
488 1262 52 20 art.
549 1262 11 20 1
570 1262 21 20 af
602 1262 167 27 propositionens
782 1261 84 27 förslag.

180 1296 33 21 Då
238 1296 116 21 Ständerna
381 1296 35 20 vid
443 1297 140 20 1877—1878
606 1296 33 21 års
667 1296 99 27 landtdag
794 1296 74 20 omfat-

112 1331 47 21 tade
181 1331 35 21 det
230 1331 7 20 i
253 1330 65 28 nådig
333 1331 132 27 proposition
481 1330 121 21 framstälda
620 1331 100 27 förslaget
738 1332 29 19 att
785 1330 83 20 landets

112 1365 130 21 härväsende
258 1365 65 21 borde
339 1365 77 21 ordnas
432 1365 26 27 pä
474 1365 132 27 grundvalen
621 1365 21 20 af
655 1364 77 21 allmän
747 1364 122 27 värnepligt,

112 1400 110 20 förutsatte
238 1399 117 21 Ständerna
370 1399 138 27 möjligheten
524 1399 21 20 af
561 1401 29 18 att
605 1405 26 14 en
647 1398 65 21 sädan
731 1399 139 26 militärorga-

113 1434 97 26 nisation,
232 1433 86 21 hvilken
335 1433 26 21 dä
376 1435 58 19 ännu
457 1433 46 21 icke
522 1433 69 21 blifvit
607 1440 76 20 genom
700 1433 146 21 erfarenheten
864 1432 6 20 i

790 1478 11 16 2
