1086 1773
252 122 27 20 64

223 189 27 21 de
266 190 88 22 stående
373 193 116 24 trupperna
504 191 74 21 vunnit
594 191 116 21 befordran
726 191 32 21 till
775 190 143 28 officersgrad,
934 197 47 15 men

223 224 73 22 hvilka
319 225 45 21 icke
387 225 78 21 räknas
484 226 32 20 till
533 226 67 26 sagda
616 228 95 24 trupper,
727 225 94 26 kvarstå,
838 225 72 21 derest
930 226 26 20 de
974 226 7 20 i

223 260 106 20 anseende
351 259 33 21 till
407 260 37 20 sitt
466 260 160 21 helsotillständ
647 262 37 19 äro
700 260 33 21 till
748 259 125 27 fronttjenst
888 260 92 26 duglige,

224 294 34 20 vid
274 294 135 21 landtvärnet
425 295 6 20 i
448 295 39 21 och
503 294 34 22 för
552 294 135 22 beklädande
703 294 23 22 af
740 294 240 27 officersbefattningar:

223 328 139 21 innehafvare
384 328 23 21 af
427 328 199 28 öfverofficersgrad
649 342 27 2 —
699 329 56 21 intill
778 328 60 28 fylda
860 328 74 22 femtio
950 329 30 25 år,

223 365 57 19 samt
296 362 137 22 innehafvare
450 364 23 20 af
487 364 106 26 generals-
610 364 52 20 eller
678 363 198 27 stabsofficersgrad
887 375 27 3 —
924 362 56 21 intill

224 396 58 28 fylda
298 397 116 21 femtiofem
431 398 34 21 års
480 398 65 21 ålder.

294 457 49 19 Art.
361 457 58 20 225.
449 457 111 26 Personer,
576 463 46 15 som
639 456 136 22 öfverskridit
792 456 75 21 åldern
882 455 32 22 för
928 455 53 21 obli-

224 489 97 27 gatorisk
337 491 130 27 anställning
481 491 35 20 vid
532 491 138 21 landtvärnet
686 491 49 26 (art.
752 491 58 26 224),
821 497 51 14 vare
883 491 45 20 icke
938 489 42 22 för-

225 524 87 21 menadt
328 526 32 19 att
375 524 45 22 deri
435 525 86 21 inträda
536 525 28 26 på
579 525 67 26 grund
663 525 23 21 af
699 531 53 21 egen
767 525 88 20 önskan.

294 585 50 18 Art.
361 585 58 19 226.
449 583 41 22 Till
513 583 138 21 landtvärnet
674 583 93 21 hörande
787 589 101 20 personer
911 582 71 21 kallas

225 618 124 25 värnemän,
372 617 70 21 derest
465 617 25 21 de
508 617 6 21 i
535 617 57 21 aktiv
616 617 147 27 militärtjenst
786 617 46 21 icke
856 617 74 21 vunnit
945 617 36 20 be-

228 651 88 21 fordran
327 651 33 21 till
371 651 137 28 officersgrad
520 653 38 20 och
574 653 60 20 delas
645 653 6 20 i
663 653 36 21 två
709 651 128 27 kategorier.
859 651 41 22 Till
906 651 76 27 första

225 685 119 27 kategorin,
361 692 45 15 som
422 688 24 19 är
458 687 74 21 afsedd
544 686 58 21 såväl
614 687 33 20 för
658 686 150 27 uppställande
819 686 24 21 af
851 685 131 22 landtvärns-

225 722 95 24 trupper,
345 726 45 15 som
414 720 32 21 för
469 721 25 21 de
517 721 89 21 stående
630 723 128 25 truppernas
784 719 143 27 förstärkning
943 719 38 22 och

224 753 175 29 komplettering,
415 755 6 20 i
437 755 100 22 händelse
552 761 100 16 reserven
668 755 67 22 skulle
747 755 94 21 befinnas
852 754 130 27 otillräcklig

225 788 54 21 eller
302 789 90 26 uttömd,
415 789 53 22 höra
492 790 25 21 de
541 796 106 21 personer,
671 789 72 22 hvilka
759 789 118 21 inskrifvits
892 789 6 20 i
914 788 68 21 denna

225 823 97 26 kategori
338 823 34 21 vid
389 823 25 22 de
431 823 67 28 årliga
513 824 114 27 uppbåden
642 824 34 21 till
691 823 120 28 utgörande
827 823 23 20 af
864 823 117 26 värneplig-

227 860 36 18 ten
280 858 50 27 (art.
349 859 54 26 115),
419 858 109 21 äfvensom
539 865 110 20 personer,
660 859 73 20 hvilka
744 857 113 22 öfverförts
868 857 33 21 till
912 857 70 21 landt-

227 894 75 20 värnet
310 893 34 21 vid
356 893 159 27 entledigandet
523 893 47 21 från
580 894 26 20 de
616 893 88 21 stående
713 896 123 24 trupperna.
859 892 41 21 Till
911 892 71 20 andra

227 926 119 28 kategorin,
369 934 44 15 som
437 930 24 19 är
479 928 73 21 afsedd
572 928 75 21 endast
663 928 33 21 för
711 927 150 27 uppställande
878 926 23 22 af
913 927 69 21 landt-

226 962 159 26 värnstrupper,
401 962 100 21 hänföras
517 963 25 20 de
558 968 109 21 personer,
684 962 72 21 hvilka
768 961 117 21 inskrifvits
899 962 3 20 i
913 961 69 21 denna

226 995 98 27 kategori
340 996 34 20 vid
390 996 25 21 de
431 996 68 27 årliga
516 996 118 27 uppbåden.

296 1054 50 19 Art.
369 1055 60 19 227.
459 1053 171 27 Nedanstående,
649 1054 33 20 till
701 1053 146 21 landtvärnets
862 1052 68 22 första
945 1052 37 21 ka-

226 1086 70 27 tegori
319 1087 93 21 hörande
436 1094 101 20 personer
559 1088 61 20 skola
636 1088 7 20 i
659 1088 55 21 rulla
736 1087 89 21 införas:
852 1087 20 25 1)
889 1087 31 26 de,
937 1093 45 15 som

227 1120 115 22 öfverförts
365 1122 33 21 till
414 1122 134 22 landtvärnet
562 1122 34 21 vid
616 1122 157 27 entledigandet
790 1122 47 21 från
856 1121 25 21 de
897 1121 85 21 stående

226 1157 128 25 trupperna;
371 1156 21 27 2)
409 1156 32 28 de,
452 1163 44 15 som
505 1157 87 21 tillhöra
602 1157 25 21 de
636 1156 46 28 fyra
691 1158 74 26 yngsta
774 1155 179 22 åldersklasserna
961 1155 23 21 af

227 1190 144 22 landtvärnets
395 1190 67 22 första
481 1191 104 27 kategori,
602 1192 20 20 d.
638 1197 18 15 v.
674 1198 16 14 s.
706 1191 32 26 de,
754 1190 73 21 hvilka
842 1189 118 22 inskrifvits
976 1190 6 20 i

226 1224 70 22 denna
312 1225 95 27 kategori
424 1226 35 20 vid
475 1226 25 20 de
516 1225 47 27 fyra
578 1229 86 18 senaste
675 1225 119 27 uppbåden,
807 1224 39 22 och
862 1224 22 27 3)
896 1224 22 21 af
928 1224 53 25 dem,

226 1264 46 16 som
288 1259 117 22 inskrifvits
421 1260 6 20 i
444 1260 134 21 landtvärnet
594 1260 34 20 vid
644 1260 91 26 tidigare
751 1259 92 27 uppbåd,
856 1271 25 3 —
894 1259 32 25 de,
937 1264 44 15 som

226 1293 113 21 innehafva
362 1294 128 27 läkaregrad
513 1294 52 21 eller
588 1293 216 27 fältskärsvärdighet
823 1293 52 21 eller
897 1292 85 22 erbållit

226 1328 34 20 sin
276 1328 120 27 utbildning
411 1329 6 20 i
434 1329 98 21 läroverk
548 1328 22 21 af
584 1328 68 22 första
668 1328 112 26 kategorin
797 1328 51 20 eller
865 1327 38 21 ock
918 1326 64 22 afslu-

226 1364 33 19 tat
274 1362 51 21 kurs
341 1362 6 21 i
363 1362 99 22 läroverk
477 1362 23 22 af
514 1363 66 21 andra
595 1363 113 26 kategorin
723 1365 56 18 samt
791 1362 70 21 tillika
872 1360 111 22 innehafva

225 1396 54 22 eller
301 1396 96 22 innehaft
420 1398 121 26 statstjenst
556 1398 53 20 eller
624 1397 121 27 befattning
761 1396 27 27 på
803 1396 69 27 grund
887 1395 23 21 af
924 1396 58 20 kom-

227 1431 87 21 munala
330 1432 33 20 val
380 1432 50 27 (art.
447 1433 57 26 245).
535 1432 9 21 I
560 1434 118 19 momentet
694 1433 12 20 2
722 1431 23 21 af
759 1431 70 21 denna
845 1430 78 22 artikel
939 1436 44 16 om-

227 1466 93 21 nämnda
343 1472 102 21 personer
468 1467 71 21 kunna
562 1467 49 21 med
634 1466 79 27 Nådigt
728 1466 99 21 tillstånd
843 1465 92 21 inkallas
950 1465 33 21 till
