1092 1748
336 128 85 22 Ständ.
439 128 38 22 Sv.
493 140 28 3 —
537 128 46 22 Bil.
600 128 30 22 H.
804 130 28 20 63

104 196 97 21 sålunda
224 196 115 27 förändra,
362 199 32 18 att
415 196 118 28 uppbådet
555 197 93 21 komme
672 200 32 18 att
722 198 95 20 omfatta
833 198 27 20 de

103 230 126 27 ynglingar,
252 230 79 22 hvilka
350 231 47 20 före
413 230 44 21 den
475 232 26 19 13
517 232 28 26 (1)
562 230 103 22 Oktober
680 232 38 20 det
733 232 25 20 år
773 232 88 27 uppbå-

103 264 37 21 det
156 265 58 21 skall
231 265 39 21 ske
286 265 98 27 uppnått
399 264 102 28 antydda
517 265 71 23 ålder;
605 266 43 20 och
665 266 73 20 skulle
754 266 60 27 förty
824 272 36 14 en-

103 299 39 26 ligt
158 299 60 21 detta
234 299 185 27 propositionens
435 299 84 27 förslag
529 299 38 21 det
575 300 139 26 uppbådade
724 300 137 27 manskapet

103 333 122 21 framdeles
248 333 7 20 i
277 333 58 27 regel
358 339 56 18 vara
432 333 107 27 omkring
554 334 49 26 9!/,
619 334 111 20 månader
744 340 70 21 yngre
831 335 29 19 än

103 367 44 27 det,
163 374 50 14 som
225 367 34 21 för
268 367 143 21 närvarande
420 367 73 21 kallas
508 368 33 20 till
550 368 169 26 värnepligtens
728 368 131 26 utgörande.

104 401 131 21 Emellertid
259 402 119 20 framhölls
400 401 70 21 redan
493 402 33 20 uti
549 402 44 20 den
616 402 33 20 till
667 402 141 21 1877—1878
824 402 36 21 ärs

103 436 110 26 landtdag
228 436 169 20 öfverlemnade
414 436 83 26 nädiga
508 436 173 27 propositionen
691 442 38 14 om
738 436 122 21 införande

104 470 24 20 af
148 470 86 21 allmän
252 470 127 27 värnepligt
394 470 7 20 i
417 470 77 20 landet
509 470 113 21 hurusom
638 470 222 28 beväringsskyldig-

104 504 67 21 heten
187 504 70 21 borde
273 504 7 21 i
297 504 98 21 Finland
411 504 90 26 vidtaga
517 506 30 19 ett
563 504 25 21 är
604 511 79 14 senare
700 506 29 19 än
742 504 6 21 i
760 504 101 28 Kejsare-

104 539 83 26 dömet,
203 540 56 20 enär
274 539 7 20 i
297 538 99 21 Finland
415 538 260 28 »kroppsutvecklingen
691 538 7 21 i
714 538 55 28 följd
785 539 25 20 af
823 539 38 20 det

104 573 60 21 kalla
180 573 103 21 klimatet
298 573 7 20 i
321 572 126 22 allmänhet
463 572 110 28 fördröjes
582 573 44 21 och
634 573 226 27 myndighetsäldern

104 607 56 21 först
182 607 39 21 vid
244 607 62 27 fylda
321 607 96 27 tjuguett
432 607 26 20 är
473 607 121 25 inträder»;
611 608 43 20 och
671 607 76 27 nägon
763 607 97 27 ändring

104 641 33 21 uti
152 641 102 27 antydda
269 641 160 21 förhällanden
445 641 43 21 har
503 641 71 21 sedan
585 641 223 27 Värnepligtslagens
817 641 43 21 till-

104 676 77 20 komst
196 676 49 20 icke
261 678 36 24 egt
312 682 57 14 rum.
395 676 122 20 Dessutom
533 676 42 20 bör
591 676 133 20 observeras
735 678 38 24 att,
782 676 77 20 säsom

104 710 76 20 nedan
203 710 38 20 vid
264 710 170 26 behandlingen
457 710 26 20 af
498 710 52 27 kap.
566 710 19 20 V
601 710 155 26 ädagalägges,
773 710 87 20 allmän

105 744 71 27 fysisk
199 744 94 26 svaghet
315 744 126 26 säkerligen
467 744 40 20 allt
522 744 113 26 framgent
650 744 105 20 kommer
771 746 32 18 att
819 744 41 20 för-

104 778 71 21 blifva
191 785 27 14 en
234 778 206 26 kassationsorsak,
456 778 29 28 pä
501 778 74 27 grund
591 778 84 21 hvaraf
688 780 30 19 ett
733 780 55 19 stort
798 778 62 21 antal

104 812 119 28 ynglingar
238 812 7 21 i
261 812 217 28 värnepligtsäldern
495 812 73 21 mäste
583 812 51 21 frän
650 812 64 21 aktiv
729 812 131 27 krigstjenst

104 847 93 25 befrias;
206 847 43 21 och
257 847 43 21 har
307 847 36 21 det
350 847 130 21 derutöfver
487 847 70 21 redan
565 847 52 21 med
625 854 32 13 nu
664 847 104 26 gällande
777 846 83 21 älders-

103 882 145 26 bestämning
263 881 88 22 funnits
361 881 79 27 nödigt
448 884 32 18 att
488 881 35 22 för
531 884 30 19 ett
569 881 130 27 visserligen
709 881 52 21 vida
770 881 90 20 mindre

104 916 61 21 antal
190 916 121 27 ynglingar
326 916 124 27 uppskjuta
466 916 220 27 värnepligtsäldern
702 916 29 27 pä
747 915 74 27 grund
837 915 25 20 af

104 950 105 21 försenad
233 951 118 26 kroppslig
372 950 136 27 utveckling.
547 950 112 21 Särskildt
681 950 76 21 denna
780 956 80 14 senare

104 985 100 26 kategori
227 985 94 20 komme
344 985 142 26 naturligtvis
509 987 32 18 att
556 985 128 26 ytterligare
699 985 63 26 ökas,
779 984 81 26 derest,

103 1019 69 26 enligt
194 1019 185 27 propositionens
402 1026 31 13 nu
449 1019 173 26 ifrägavarande
639 1019 89 26 förslag,
744 1018 116 27 uppbäds-

103 1053 78 20 äldern
198 1053 73 20 skulle
287 1053 79 20 infalla
381 1053 101 26 tidigare,
498 1053 44 20 och
558 1053 143 26 svärigheten
718 1055 31 18 att
760 1052 99 21 bedöma

103 1086 27 21 de
147 1087 172 27 värnepligtiges
327 1087 185 26 tjenstduglighet
520 1087 74 20 blefve
603 1086 98 21 sälunda
709 1088 63 19 ännu
782 1087 77 25 större,

102 1121 33 20 till
151 1121 121 26 olägenhet
287 1121 36 21 för
337 1121 38 20 det
390 1121 124 26 allmänna,
530 1121 18 27 ej
566 1121 89 20 mindre
664 1122 29 19 än
702 1121 35 20 för
745 1121 28 20 de
782 1122 78 19 värne-

103 1154 96 27 pligtige.
231 1155 34 20 Då
281 1155 37 21 det
333 1155 118 21 dessutom
467 1155 35 20 för
517 1155 27 21 de
561 1155 99 20 militära
676 1155 125 20 intressena
810 1154 50 21 icke

102 1191 85 19 ansetts
203 1196 54 14 vara
274 1189 25 21 af
312 1189 75 27 någon
403 1189 122 28 betydelse,
541 1196 39 14 om
596 1189 264 28 uppbädsäldern
788 1185 12 36 i
809 1185 54 36 Fin-

102 1223 54 21 land
173 1223 101 21 inträder
289 1224 68 26 nägot
373 1230 79 15 senare
469 1225 29 19 än
514 1224 7 20 i
531 1223 176 28 Kejsaredömet,
716 1223 70 21 hafva
796 1223 63 20 Stän-

102 1258 71 20 derna
189 1258 75 20 funnit
281 1258 134 26 stadgandet
430 1258 117 26 angäende
563 1258 61 21 detta
640 1259 67 20 ämne
723 1257 6 21 i
746 1258 12 26 $
774 1258 13 20 6
802 1257 58 20 böra

103 1291 127 22 bibehällas
245 1292 155 21 oförändradt.

172 1326 14 27 &
203 1326 14 22 8
232 1326 7 21 i
255 1327 210 26 Värnepligtslagen
481 1327 48 26 har,
544 1327 51 20 med
612 1327 91 26 hänsigt
717 1326 34 21 till
762 1326 98 21 bestäm-

102 1360 113 27 ningarna
230 1361 62 20 iden
308 1361 35 20 för
354 1361 77 20 landet
439 1367 96 14 numera
544 1360 104 27 gällande
658 1361 118 20 allmänna
785 1360 75 20 Straff-

102 1395 65 26 lagen
182 1395 26 20 af
221 1395 43 20 den
283 1396 25 19 19
324 1395 125 20 December
467 1396 60 25 1889,
543 1395 50 20 icke
609 1395 89 20 kunnat
706 1395 88 20 lemnas
802 1394 59 21 oför-

102 1428 95 21 ändrad.
229 1429 88 20 Genom
340 1429 40 21 sist
403 1429 128 27 äberopade
555 1429 36 26 lag
610 1429 42 20 har
668 1429 116 26 nämligen
800 1428 37 21 det
853 1428 7 20 i
