1092 1748
409 131 85 23 Ständ.
510 131 40 23 Sv.
806 132 27 21 99

443 202 15 29 8
477 202 41 22 92.

172 254 38 22 De
228 253 119 30 frivillige
366 254 140 31 tjenstgöra
525 254 43 22 vid
589 254 69 22 aktiv
676 255 76 27 trupp
772 255 35 21 ett
825 254 35 22 år.

104 288 116 22 Derefter
238 288 86 22 kunna
343 288 39 26 de,
403 288 83 22 ehvad
505 288 31 22 de
555 288 83 22 blifvit
657 288 152 22 befordrade
825 288 37 22 till

104 322 132 22 officerare
265 322 59 22 eller
351 322 60 27 icke,
432 322 81 23 under
536 322 107 23 fredstid
663 322 62 23 efter
744 324 57 28 eget
820 323 42 22 val

105 357 121 29 antingen
244 356 117 23 fortsätta
381 357 38 22 sin
439 357 85 23 aktiva
540 357 177 29 tjenstgöring,
731 357 61 22 eller
804 357 57 22 med

104 391 178 23 bibehållande
302 392 25 21 af
346 392 38 22 sin
403 392 64 28 grad
486 392 157 22 omedelbart
661 391 142 23 öfverföras
825 391 36 23 till

105 432 126 20 reserven,
258 426 44 22 vid
328 426 104 22 hvilken
459 426 32 22 de
514 426 8 22 i
545 426 91 22 sådant
653 426 44 22 fall
715 426 120 22 förblifva
854 426 7 21 i

105 460 40 29 sju
164 460 34 26 år,
216 460 130 22 hvarefter
364 460 32 22 de
414 460 138 22 inskrifvas
571 460 43 23 vid
633 460 169 22 landtvärnet.

174 494 87 22 Under
279 494 107 30 krigstid
406 494 124 29 tillämpas
550 495 33 28 på
602 495 31 22 de
651 494 126 30 frivillige,
798 494 7 22 i
828 494 33 22 af-

106 529 92 22 seende
226 529 14 22 å
267 529 163 29 fortsättning
458 529 26 22 af
511 530 74 22 deras
607 530 84 28 tjenst,
714 529 48 22 den
782 529 81 22 under

106 563 14 29 $
140 563 16 23 9
176 563 106 23 anförda
302 564 124 22 allmänna
446 564 94 28 regeln.

444 655 15 29 8
478 655 42 22 93.

174 706 129 29 Frivillige
323 708 106 27 antagas
448 707 7 22 i
474 707 77 28 tjenst
569 707 81 21 under
669 706 67 22 tiden
755 707 106 22 emellan

106 741 48 22 den
175 741 31 22 15
227 741 108 29 Augusti
354 741 46 22 och
419 741 48 22 den
488 742 11 21 1
516 741 121 22 Oktober.
669 741 79 22 Deras
761 741 100 29 tjenste-

106 775 35 22 tid
169 775 94 22 räknas
284 775 66 22 ifrån
369 775 46 22 och
434 776 57 21 med
509 775 80 22 första
609 775 83 28 dagen
710 775 8 22 i
736 775 126 22 månaden

105 810 57 21 näst
190 809 63 22 efter
272 809 56 27 den,
348 810 81 22 under
447 810 104 22 hvilken
570 810 31 22 de
621 809 94 22 inträdt
733 809 43 23 vid
795 811 67 27 trup-

105 850 87 22 perna.

445 907 14 28 s
479 906 41 23 94.

174 958 129 29 Frivillige
322 959 124 28 mottagas
466 958 90 22 endast
575 958 35 22 till
629 958 172 29 befattningar
819 958 43 22 vid

106 993 106 26 fronten,
238 999 58 15 men
323 992 68 22 valet
420 992 24 22 af
471 992 209 30 truppafdelning
708 992 96 22 lemnas
827 992 35 22 till

106 1028 74 22 deras
200 1028 56 28 eget
276 1027 70 26 skön,
366 1027 119 22 förutsatt
496 1027 79 22 likväl
589 1028 35 21 att
638 1027 93 22 antalet
744 1026 119 29 frivillige

106 1062 43 22 vid
176 1062 240 28 truppafdelningen
444 1062 54 22 icke
525 1061 152 29 öfverstiger
704 1062 48 22 den
775 1062 86 28 gräns,

106 1102 53 16 som
178 1096 78 29 enligt
274 1097 50 21 stat
342 1096 28 22 är
389 1096 123 22 bestämd.
537 1096 137 29 Frivillige,
695 1102 52 16 som
767 1096 44 21 äro
828 1095 34 22 lä-

104 1131 68 26 kare,
191 1130 163 27 veterinärer,
373 1130 167 22 farmaceuter
554 1130 60 22 eller
626 1130 141 26 fältskärer,
780 1130 82 22 berät-

105 1165 65 29 tigas
198 1165 64 22 dock
291 1166 35 21 att
350 1165 43 22 vid
413 1166 139 27 trupperna
571 1165 68 29 tjena
657 1165 8 21 i
684 1164 178 29 befattningar,

106 1206 52 16 som
177 1200 129 22 motsvara
325 1200 74 21 deras
418 1199 58 22 kall.

174 1234 87 22 Under
288 1234 107 28 krigstid
423 1234 120 28 begynna
570 1233 119 29 frivillige
717 1233 37 22 sin
777 1233 86 28 tjenst-

105 1268 91 29 göring
215 1268 43 22 vid
278 1268 224 28 depottrupperna.

446 1354 14 28 s
480 1353 41 22 96.

174 1405 129 28 Frivillige
325 1405 100 22 inträda
444 1405 7 22 i
471 1405 77 28 tjenst
566 1405 83 22 säsom
669 1403 117 27 soldater,
806 1409 57 16 men

104 1439 94 26 kunna,
226 1445 40 16 om
294 1439 30 22 de
353 1439 25 22 af
400 1440 128 21 närmaste
547 1439 121 28 chefskap
688 1444 73 17 anses
781 1437 82 23 dertill
