1089 1773
305 201 49 18 Art.
371 201 23 17 5.
418 198 74 22 Såsom
509 205 26 15 en
552 199 34 21 del
602 198 23 21 af
638 198 174 27 Kejsaredömets
823 197 48 21 hela
881 196 111 22 härsmakt

234 233 121 27 uppställas
377 233 22 21 af
414 233 151 27 befolkningen
581 234 7 20 i
604 234 25 20 de
645 233 80 21 Finska
739 232 64 21 länen
819 232 89 21 stående
923 230 69 22 finska

235 270 91 24 trupper
349 268 39 20 och
410 268 121 26 landtvärn,
555 268 81 20 hvilket
659 267 90 21 inkallas
773 266 77 21 endast
872 266 34 21 vid
922 267 70 20 utom-

236 302 119 26 ordentliga
371 302 95 21 tillfällen
483 302 68 21 under
566 302 98 26 krigstid.

305 350 50 18 Art.
368 350 22 18 6.
406 348 32 20 De
446 348 93 21 stående
549 347 70 22 finska
631 349 120 25 trupperna
760 348 89 26 utgöras
858 346 30 21 af:
903 346 19 24 1)
931 348 61 24 trup-

235 389 45 19 per,
296 388 44 14 som
352 382 154 26 kompletteras
517 388 76 20 genom
605 382 68 26 årliga
683 381 155 27 utskrifningar
850 380 22 22 af
880 380 111 26 manskap,

236 416 38 21 och
290 416 22 26 2)
328 422 105 20 reserven,
457 416 85 21 hvilken
559 418 24 19 är
599 416 74 22 afsedd
688 416 33 21 för
741 418 130 24 truppernas
889 414 103 27 uppbrin-

235 450 71 26 gande
321 450 31 20 till
368 450 92 27 fulltalig
476 451 75 26 styrka
566 451 39 21 och
621 452 88 26 utgöres
725 450 22 21 af
761 456 109 21 personer,
887 455 45 15 som
945 448 47 21 blif-

236 485 30 20 vit
282 484 166 22 hemförlofvade
464 485 45 21 före
525 486 108 26 utgången
651 485 21 21 af
688 485 62 21 deras
766 484 52 22 fulla
834 483 117 28 tjenstetid.

305 534 49 18 Art.
372 533 21 18 7.
424 532 89 20 Antalet
528 532 23 20 af
565 532 36 21 det
616 532 33 20 för
665 532 26 20 de
702 531 69 21 finska
782 530 210 28 truppafdelningar-

236 571 39 15 nas
298 565 167 27 komplettering
488 566 139 26 erforderliga
647 566 104 26 manskap
767 566 129 21 bestämmes
912 564 80 27 årligen

236 600 40 20 och
298 600 111 26 samtidigt
432 600 47 21 med
497 600 172 22 bestämmandet
686 600 22 21 af
722 600 83 21 antalet
819 600 112 26 manskap,
947 605 45 15 som

236 634 109 21 erfordras
356 634 32 20 för
397 634 47 22 hela
454 634 84 22 arméns
547 635 174 27 komplettering,
731 634 66 27 enligt
805 634 188 27 Krigsministerns

236 668 107 21 allmänna
359 668 80 28 förslag
455 669 110 27 angående
582 669 61 21 detta
658 669 69 21 behof.
758 669 71 27 Sagda
844 668 80 27 förslag
934 668 59 22 stad-

235 703 75 26 fästes,
332 704 29 26 på
384 703 188 27 Krigsministerns
595 704 165 26 framställning,
775 704 7 20 i
798 704 40 20 den
853 703 33 21 för
901 702 92 28 lagstift-

236 738 79 27 ningen
331 738 29 26 på
376 738 60 21 detta
447 739 87 21 område
545 739 6 21 i
563 739 164 26 Kejsaredömet
737 738 105 27 stadgade
852 738 92 26 ordning
955 737 38 21 och

236 772 108 21 meddelas
360 772 141 27 Dirigerande
517 772 93 22 Senaten
627 779 75 21 genom
718 773 104 27 Kejserlig
837 772 65 22 Ukas.

306 808 41 20 Vid
370 808 151 26 uppgörandet
544 808 23 21 af
583 808 80 27 förslag
680 808 111 27 angående
807 808 26 21 de
848 807 69 21 finska
933 809 59 24 trup-

236 848 79 21 pernas
332 842 67 26 årliga
414 842 167 28 komplettering
597 849 49 21 eger
661 843 177 27 Krigsministern
850 844 50 25 taga
911 842 82 26 hänsyn

236 876 33 21 till
293 876 25 22 de
337 876 48 21 från
402 876 229 28 Generalguvernören
647 878 39 21 och
702 877 214 22 Kommenderanden
932 878 61 25 trup-

237 917 67 21 perna
320 911 5 21 i
342 911 61 21 detta
418 911 100 22 afseende
534 912 103 21 inkomna
653 912 115 27 uppgifter.

307 953 49 19 Art.
373 954 22 17 8.
426 952 89 21 Inträde
530 953 7 20 i
552 953 67 26 tjenst
634 953 29 26 på
679 952 70 27 grund
765 951 23 22 af
802 951 88 27 uppbåd
901 951 92 22 bestäm-

237 991 45 15 mes
297 991 76 21 genom
389 985 99 28 lottning,
505 987 5 20 i
527 987 84 21 hvilken
627 987 80 21 enhvar
723 987 95 26 deltager
833 986 57 21 blott
900 992 26 15 en
938 986 56 26 gång

237 1020 6 20 i
259 1020 39 21 sitt
313 1019 28 21 lif.
372 1020 31 21 De
426 1026 109 21 personer,
559 1027 45 15 som
627 1021 29 27 på
675 1021 70 27 grund
761 1020 22 21 af
798 1021 78 26 dragen
893 1020 41 21 lott
948 1020 45 20 icke

236 1054 64 21 skola
315 1054 87 21 inträda
417 1055 35 21 vid
469 1055 25 21 de
517 1056 88 21 stående
616 1057 127 26 trupperna,
755 1055 113 21 inskrifvas
879 1055 34 21 vid
924 1055 70 21 landt-

237 1091 82 19 värnet.

306 1131 50 19 Art.
374 1132 23 17 9.
428 1130 39 20 Till
485 1130 93 27 lottning
597 1130 68 21 kallas
683 1130 79 26 årligen
780 1130 76 21 endast
872 1136 25 14 en
914 1129 80 21 ålders-

236 1163 59 21 klass
312 1163 22 21 af
347 1163 157 27 befolkningen,
522 1164 104 26 nemligen
643 1164 26 21 de
685 1164 118 27 ynglingar,
816 1164 72 20 hvilka
898 1163 45 21 före
954 1163 40 21 den

240 1198 24 20 13
281 1198 30 26 (1)
328 1197 96 21 Oktober
440 1198 36 21 det
493 1199 29 25 år,
539 1198 111 27 uppbådet
665 1199 55 21 skall
736 1199 43 25 ske,
796 1198 47 27 fyllt
858 1198 94 27 tjuguett
964 1198 29 20 år.

306 1238 49 16 Anm.
379 1238 67 18 Första
459 1238 71 22 gången
543 1238 53 18 detta
609 1239 102 22 stadgande
719 1239 95 21 tillämpas
822 1238 46 18 böra
876 1238 6 17 i
891 1238 103 22 lottningen

237 1266 77 22 deltaga
322 1266 55 18 äfven
390 1266 22 18 de
424 1267 102 22 ynglingar,
539 1267 66 18 hvilka
616 1268 41 17 före
670 1267 35 18 den
719 1269 7 15 1
741 1267 77 18 Januari
831 1267 44 22 (nya
888 1267 62 21 stilen)
964 1266 32 18 det

237 1294 26 21 år,
277 1294 93 22 uppbådet
384 1295 46 17 skall
444 1295 38 21 ske,
495 1295 44 23 fyllt
551 1296 84 22 tjuguett
648 1296 25 17 år.

307 1337 49 19 Art.
373 1338 34 17 10.
430 1336 113 26 Personer,
563 1336 72 22 hvilka
650 1336 114 22 innehafva
779 1336 7 21 i
801 1336 79 21 sådant
896 1336 99 21 afseende

236 1368 106 28 stadgade
364 1369 193 28 bildningsgrader,
580 1370 119 28 berättigas
723 1372 33 20 att
771 1372 53 20 utan
840 1370 93 27 lottning
947 1370 48 21 full-

236 1405 54 24 göra
313 1404 149 27 värnepligten
486 1405 70 21 såsom
571 1405 105 27 frivillige,
693 1406 6 20 i
715 1405 94 27 enlighet
824 1405 47 21 med
895 1404 25 22 de
936 1404 6 22 i
958 1405 37 21 ka-

236 1438 64 26 pitlet
319 1444 46 15 »om
380 1438 110 28 frivillige«
508 1440 125 21 meddelade
648 1440 167 26 bestämningar.
