1092 1753
336 137 83 22 Ständ.
438 136 38 23 Sv.
492 150 29 2 —
536 137 48 22 Bil.
600 137 19 22 I.
798 138 28 20 59

98 205 54 21 eller
167 206 154 27 presterandet
337 206 24 20 af
374 205 85 22 militär
475 206 18 27 ej
510 206 89 21 kunnat
615 206 71 21 folket
700 207 91 26 åläggas
800 208 54 19 utan

99 239 52 22 dess
168 242 48 24 eget
232 240 117 27 samtycke
365 241 20 25 (&
401 240 27 20 45
444 240 7 20 i
468 240 226 27 Regeringsformen).

168 274 37 21 Ett
221 274 94 27 misstag
330 275 31 25 är,
378 276 32 19 att
426 274 152 21 Monarkerne
589 274 55 21 efter
656 275 25 20 år
693 275 47 20 1809
753 274 19 27 ej
782 274 72 21 skulle

97 309 140 26 respekterat
258 308 65 21 dessa
342 308 153 27 grundsatser.
526 308 86 21 Sådant
628 309 90 20 bevisar
733 309 50 20 icke
798 309 58 20 blott

98 342 44 21 den
159 342 123 27 Kejserliga
297 343 173 27 propositionen
486 343 33 20 till
531 343 73 26 Borgå
618 343 109 26 landtdag
737 343 117 26 angående

98 376 89 21 landets
210 376 91 26 militär,
323 379 55 18 utan
398 377 44 20 ock
462 376 79 28 Kejsar
557 377 92 21 Nikolai
666 377 28 21 I:s
710 377 107 21 manifest
832 377 25 20 af

98 410 43 21 den
159 411 64 26 11/23
239 410 55 21 Juni
311 411 54 20 1854
381 410 118 27 angående
514 411 201 27 återupprättande
728 411 25 21 af
766 418 28 14 en
818 410 35 21 del

98 445 25 20 af
136 444 44 22 den
196 445 76 21 finska
287 445 120 27 militären,
423 445 7 21 i
447 445 86 21 hvilket
541 446 108 20 manifest
662 446 30 20 bl.
704 452 18 14 a.
735 446 119 25 förklaras,

98 481 32 19 att
146 479 60 21 detta
223 480 72 20 skulle
311 480 39 20 ske
366 480 69 26 enligt
445 480 90 20 landets
545 480 139 26 grundlagar
694 480 44 20 och
749 479 105 27 gällande

98 513 166 27 författningar.
294 514 36 21 Att
353 514 153 21 Monarkerne
528 514 50 21 icke
594 514 142 26 fullständigt
750 514 55 26 tagit
821 520 33 14 ro-

97 549 79 19 tarnas
192 548 129 27 skyldighet
336 548 7 20 i
359 548 107 27 anspråk,
483 550 31 19 att
529 548 35 26 de,
580 548 52 21 med
649 548 72 20 andra
730 548 41 20 ord
782 548 71 26 sagdt,

98 581 49 21 icke
163 582 67 20 äskat
245 582 25 20 af
283 582 76 20 landet
375 582 46 26 allt,
437 582 62 21 hvad
514 582 27 21 de
557 582 69 27 enligt
642 583 36 26 lag
693 582 59 21 hade
764 582 90 20 kunnat

98 616 63 26 äska,
184 618 56 19 utan
263 616 80 21 endast
364 623 28 14 en
415 616 90 22 mindre
528 618 115 23 numerär,
663 616 80 22 strider
758 617 50 21 icke
824 616 29 28 på

99 650 69 27 något
183 652 44 20 sätt
242 653 48 19 mot
305 658 32 13 nu
350 651 139 21 framhållna
505 651 153 27 grundsatser.

463 726 18 20 6.

167 781 76 22 Ofvan
273 783 42 20 har
344 782 144 27 framhållits,
516 783 110 20 hurusom
651 783 105 26 Finland,
780 783 72 20 ehuru

97 816 140 27 oskiljaktigt
259 817 103 20 förenadt
383 817 52 20 med
459 817 119 27 Ryssland,
601 817 70 20 likväl
688 817 42 20 har
746 817 35 20 sin
797 822 55 21 egen

96 851 152 20 konstitution
271 851 44 20 och
337 851 69 26 enligt
428 851 77 20 denna
528 851 98 27 åtnjuter
646 853 44 18 rätt
704 851 33 20 till
754 851 97 20 särskild

97 885 140 26 lagstiftning
259 886 43 20 och
325 885 144 27 förvaltning.
501 885 34 21 Då
559 885 98 21 Finland
680 885 88 21 således
788 885 5 20 i
810 885 42 20 för-

96 919 109 21 hållande
220 919 33 21 till
270 919 169 28 Kejsaredömet
456 921 65 26 utgör
533 922 31 19 ett
574 920 108 21 särskildt
693 919 159 27 lagstiftnings-

96 953 102 27 område,
221 954 64 27 följer
303 954 68 21 häraf
385 957 31 18 att
433 954 181 27 Kejsaredömets
631 955 62 26 lagar
708 955 43 20 och
768 953 84 21 författ-

96 987 82 27 ningar
193 988 50 21 icke
258 993 39 22 ega
314 989 75 26 någon
404 989 146 26 tillämpning
565 989 7 20 i
589 988 105 21 Finland.
726 989 42 20 Det
789 988 7 20 i
812 988 11 26 $
839 989 13 19 3

96 1022 52 27 kap.
172 1023 28 19 24
226 1022 219 27 Rättegångsbalken
462 1023 111 26 ingående
589 1023 106 20 förbudet
711 1023 34 20 för
758 1023 94 20 domare

96 1058 31 18 att
150 1056 100 27 åberopa
273 1056 107 21 utländsk
403 1056 36 26 lag
458 1062 51 21 eger
531 1057 75 21 derför
629 1057 35 21 sin
680 1057 55 20 fulla
751 1056 101 27 giltighet

96 1090 66 20 äfven
179 1090 7 20 i
202 1090 62 27 fråga
280 1097 37 14 om
334 1091 54 27 rysk
404 1091 42 26 lag.

162 1124 44 21 Vid
230 1125 82 20 sådant
331 1125 144 21 förhållande
494 1126 25 20 är
534 1125 38 21 det
588 1125 55 21 först
658 1125 44 21 och
718 1125 80 21 främst
814 1124 38 21 all-

95 1158 61 21 deles
179 1159 92 26 oriktigt
293 1161 38 24 att,
355 1159 76 21 såsom
455 1160 30 26 på
509 1162 89 18 senaste
613 1159 32 21 tid
662 1159 108 21 stundom
787 1159 64 24 skett,

97 1192 112 22 beteckna
225 1193 111 21 Finlands
352 1194 62 26 lagar
429 1194 45 20 och
489 1194 160 26 författningar
665 1194 76 20 såsom
757 1193 95 21 lokala
840 1188 16 36 i

95 1229 96 19 motsats
207 1227 32 21 till
256 1227 181 27 Kejsaredömets
454 1228 146 26 lagstiftning,
617 1228 93 20 hvilken
724 1228 28 20 då
764 1228 88 20 beteck-

95 1263 50 19 nats
162 1262 77 20 såsom
255 1262 92 20 allmän.
379 1262 34 20 En
431 1262 62 20 lokal
509 1262 36 26 lag
560 1263 26 19 är
601 1269 28 13 en
645 1262 79 26 sådan,
740 1268 51 15 som
807 1262 45 26 gäl-

94 1295 32 20 ler
142 1296 81 20 endast
235 1296 34 20 för
285 1302 27 14 en
328 1296 36 20 del
380 1296 25 20 af
417 1298 32 19 ett
464 1296 254 26 lagstiftningsområde;
735 1302 53 14 men
800 1296 51 20 Fin-

94 1329 55 21 land
171 1331 26 19 är
219 1330 50 21 icke
291 1337 28 14 en
343 1330 72 21 sådan
438 1330 43 27 del,
503 1333 55 18 utan
577 1332 26 19 är
618 1333 89 18 ensamt
723 1330 34 21 för
773 1330 33 26 sig
821 1332 31 18 ett

94 1363 253 27 lagstiftningsområde.
379 1364 32 21 På
434 1365 74 26 grund
531 1365 69 20 häraf
620 1372 53 14 vore
689 1365 37 21 det
741 1364 109 21 likaledes

94 1397 117 21 stridande
228 1400 47 19 mot
291 1398 111 21 Finlands
419 1399 190 26 statsförfattning
625 1401 31 18 att
672 1399 6 20 i
695 1399 61 20 finsk
772 1399 35 26 lag
818 1398 32 21 in-

93 1431 49 20 föra
166 1431 114 22 föreskrift
302 1432 78 21 derom
404 1435 32 18 att
458 1433 140 21 beträffande
622 1433 75 26 någon
721 1433 47 20 viss
787 1433 62 26 fråga
