1086 1739
247 126 26 20 72
557 126 28 23 U.
600 126 29 23 B.

216 196 107 20 motsvara
336 195 121 21 förberörda
473 196 12 26 8
502 196 27 20 53
544 196 7 20 i
566 195 206 28 Värnepligtslagen,
788 197 93 26 upptaga
896 195 79 28 jemväl

217 229 27 20 de
269 229 158 27 värnepligtige,
455 229 70 21 hvilka
550 230 69 21 under
638 230 35 21 det
688 229 138 22 sistförflutna
842 229 44 22 året
902 229 73 32 aflidit,

217 263 110 21 äfvensom
342 263 107 22 innehälla
464 264 83 27 uppgift
562 271 35 14 om
612 264 80 21 sädana
704 264 270 27 förmögenhetsförhällan-

217 297 48 27 den,
290 304 45 14 som
361 298 72 20 kunna
460 298 94 21 medföra
581 300 41 19 rätt
640 298 32 21 till
688 298 92 28 eftergift
795 298 7 20 i
818 298 157 28 värnepligtens

217 332 139 27 fullgörande,
378 332 90 21 hvarhos
488 332 129 21 beträffande
633 332 26 22 de
675 332 158 28 värnepligtige,
849 332 70 21 hvilka
935 338 40 14 un-

217 366 38 20 der
270 366 35 21 det
327 368 83 19 senaste
426 366 43 22 äret
485 366 129 27 öfverflyttat
629 367 31 21 till
676 373 68 15 annan
760 366 130 28 församling,
905 366 69 21 skulle

217 400 116 21 antecknas
348 401 78 26 jemväl
442 401 104 21 huruvida
561 401 27 21 de
602 401 69 21 blifvit
681 401 7 21 i
698 401 131 21 sistnämnda
840 401 134 26 församlings

217 434 147 27 kyrkoböcker
386 435 52 21 eller
459 436 158 27 förteckningar
639 436 88 20 införda.
756 435 82 21 Härvid
861 435 35 21 mä
911 435 62 20 fram-

217 468 67 21 hällas
307 470 29 20 att
358 469 32 26 dä,
406 470 26 26 pä
446 471 40 19 sätt
502 476 50 20 nyss
568 470 87 26 anförts,
671 470 6 20 i
693 469 89 21 Finland
799 469 174 27 kyrkoböckerna

218 503 73 27 (jemte
309 503 291 28 dissenterförsamlingarnas
616 504 267 26 medlemsförteckningar)
899 505 74 25 utgöra

217 537 42 21 den
281 538 105 27 egentliga
409 538 38 21 och
470 538 55 21 enda
547 538 49 21 fullt
615 538 132 27 tillförlitliga
762 538 97 26 grunden
875 538 32 20 för
921 544 54 20 upp-

218 571 175 28 bädslängderna,
417 573 108 27 uppgiften
545 579 33 14 om
594 573 8 20 i
618 572 202 28 värnepligtsäldern
836 572 77 20 aflidna
928 578 47 21 per-

218 612 63 14 soner
295 606 46 22 icke
357 608 23 19 är
398 607 21 20 af
435 606 98 22 behofvet
548 607 99 27 påkallad
663 609 54 19 samt
727 607 55 27 förty
794 606 74 21 endast
879 606 96 26 onödigt-

218 640 31 20 vis
265 640 69 21 skulle
357 641 40 21 öka
416 641 107 27 omfånget
538 642 21 20 af
574 642 190 26 förteckningarna.
796 640 43 22 Och
856 641 26 21 dä
897 640 77 28 kyrko-

218 674 106 21 böckerna
347 677 54 19 samt
423 675 319 27 församlingsförteckningarna
757 675 47 21 icke
818 675 70 21 lemna
903 675 70 27 nägon

217 709 89 27 ledning
321 709 32 21 för
374 709 131 21 bedömande
521 710 21 20 af
554 710 26 20 de
597 710 163 27 värnepligtiges
776 709 199 27 förmögenhetsför-

217 743 122 27 hällanden,
366 744 42 21 lika
433 744 46 22 litet
502 751 45 14 som
570 744 158 22 vederbörande
744 744 66 27 enligt
825 744 148 26 ordalydelsen

218 778 31 20 uti
265 778 160 27 ifrågavarande
449 780 12 26 $
481 780 26 20 53
523 781 35 19 äro
574 779 86 27 pligtige
676 781 30 19 att
721 779 71 21 lemna
807 778 66 21 andra
888 778 87 28 upplys-

217 812 78 27 ningar
321 814 25 19 än
373 813 84 25 sådana,
483 820 44 14 som
552 813 90 21 erhållas
658 820 26 14 ur
698 813 180 27 kyrkoböckerna,
894 814 53 19 samt
962 812 12 20 &

218 846 66 20 andra
306 846 60 22 sidan
389 848 144 27 värnepligtig,
552 854 45 14 som
618 848 26 27 pä
659 848 68 27 grund
744 848 21 20 af
780 847 137 21 ekonomiska
932 846 42 21 för-

217 880 115 22 hällanden
355 882 78 20 önskar
455 882 84 21 komma
561 883 7 20 i
594 882 124 27 ätnjutande
734 883 21 20 af
770 882 93 26 eftergift
881 882 3 19 i
901 883 74 19 värne-

217 915 92 27 pligtens
325 915 138 28 fullgörande,
479 917 105 26 sjelffallet
599 919 23 18 är
638 917 84 26 skyldig
737 918 35 24 att,
786 916 37 21 der
832 916 22 21 sä
861 916 114 27 päfordras,

217 949 74 26 styrka
307 949 97 22 tillvaron
425 950 21 21 af
461 951 35 20 det
511 951 118 27 åberopade
645 951 145 26 förhållandet,
806 950 59 21 torde
881 950 93 21 hvarken

217 983 112 28 möjlighet
351 984 51 21 oller
426 985 156 27 nödvändighet
604 987 29 18 att
654 985 7 20 i
677 984 154 21 ofvanberörda
847 984 75 27 utdrag
937 991 36 14 an-

217 1017 58 27 gifva
299 1017 75 22 sädant
396 1019 131 20 förhällande
547 1019 109 27 föreligga.
686 1018 172 21 Vidkommande
874 1018 100 27 slutligen

217 1052 112 27 uppgiften
351 1059 34 14 om
401 1053 98 26 utflyttad
517 1053 150 28 värnepligtigs
682 1053 128 26 inskrifning
825 1053 7 20 i
848 1059 69 14 annan
933 1053 42 20 för-

217 1086 100 27 samling,
332 1086 34 21 mä
381 1087 73 20 härvid
471 1087 73 21 endast
559 1087 123 21 framhällas
697 1090 30 18 att
741 1087 65 20 sädan
824 1087 86 27 uppgift,
927 1087 47 20 med

217 1120 101 21 afseende
341 1121 12 20 &
372 1121 184 27 bestämningarna
572 1122 6 20 i
594 1128 51 20 nyss
669 1121 117 28 äberopade
811 1121 126 26 kungörelse
954 1121 22 20 af

217 1154 42 21 den
275 1156 14 19 4
303 1155 94 27 Augusti
413 1156 60 25 1898,
489 1158 22 18 är
527 1156 129 27 fullkomligt
671 1155 129 27 öfverflödig.

287 1189 10 20 I
313 1191 36 19 art.
367 1190 33 25 74,
415 1190 33 25 75,
461 1190 25 21 76
502 1190 39 21 och
552 1191 27 20 95
590 1191 22 20 af
620 1190 40 21 den
670 1190 75 27 nådiga
754 1189 157 28 propositionen
919 1189 56 20 stad-

217 1229 37 20 gas
269 1225 30 19 att
315 1223 340 28 distrikts-(uppbäds-)nämderna
671 1224 59 21 skola
744 1224 46 21 föra
806 1223 68 21 skilda
885 1223 90 21 förteck-

216 1257 77 27 ningar
308 1258 59 21 öfver
382 1258 26 21 de
424 1265 105 20 personer,
547 1259 83 20 hvilkas
646 1258 64 27 älder,
725 1259 7 20 i
747 1258 82 21 saknad
844 1257 21 21 af
879 1257 96 28 laggiltig

217 1291 115 28 utredning
355 1292 79 26 derom,
456 1293 38 20 bör
516 1293 21 20 af
555 1293 159 21 vederbörande
736 1292 89 21 nämder
847 1292 128 20 bestämmas

216 1325 27 27 pä
257 1326 71 26 grund
343 1326 21 21 af
380 1327 41 20 den
437 1327 135 27 uppbädades
588 1329 54 25 yttre
659 1327 107 27 utseende,
783 1327 40 20 och
838 1328 29 19 att
878 1325 97 21 bemälda

216 1366 101 21 personer
339 1360 60 21 skola
420 1361 8 20 i
450 1361 75 21 sädant
546 1361 100 21 afseende
668 1361 26 28 pä
716 1361 87 21 kallelse
819 1360 81 21 infinna
915 1360 32 27 sig
963 1360 12 20 &

216 1399 53 22 resp.
291 1394 184 28 uppbädsplatser;
495 1396 116 27 hvarjemte
633 1398 37 18 art.
692 1395 98 21 98—100
806 1394 106 21 innehälla
928 1396 47 19 när-

215 1434 59 15 mare
298 1428 130 22 föreskrifter
449 1437 33 14 om
498 1432 62 19 sättet
575 1430 38 21 och
630 1430 117 27 ordningen
763 1429 33 21 för
811 1429 93 27 antydda
920 1429 56 27 pröf-
