1089 1734
412 134 85 23 Ständ.
513 134 38 23 Sv.
806 135 26 21 83

105 206 54 28 slag
187 206 25 21 af
232 205 108 22 Senaten
359 206 130 28 uppgöras
507 206 46 21 och
573 206 36 21 till
628 206 71 21 Hans
719 206 141 28 Kejserliga

104 239 117 30 Majestät
238 239 128 23 insändas.

448 325 14 29 s
484 326 39 21 14.

173 377 36 21 På
227 376 185 29 framställning
432 377 25 21 af
477 376 108 23 Senaten
603 377 152 22 bestämmer
774 377 86 28 Kejsa-

104 417 44 16 ren
168 411 46 22 och
235 411 155 22 Storfursten
410 411 86 22 hvilka
514 411 173 28 befattningar
705 411 7 22 i
732 412 71 21 stats-
814 411 45 22 och

104 445 222 29 kommunaltjenst
351 449 64 18 samt
439 446 43 22 vid
505 445 115 23 enskilda
639 445 221 29 jernvägsföretag

105 481 44 21 äro
177 480 25 21 af
228 480 178 22 beskaffenhet
433 481 35 21 att
493 480 73 22 deras
586 480 173 26 innehafvare,
780 480 80 22 ehuru

104 515 113 21 hörande
245 515 35 21 till
308 521 126 20 reserven,
462 515 79 22 likväl
568 515 40 21 mä
636 515 94 21 befrias
748 514 57 22 från
825 516 35 20 att

105 549 36 22 till
165 549 69 22 aktiv
259 549 169 29 tjenstgöring
452 549 117 26 inkallas;
590 549 45 22 och
655 549 104 28 stadgas
777 549 8 21 i
805 555 55 16 ena-

105 583 85 22 handa
208 583 109 29 ordning
335 583 93 29 jemväl
442 584 131 28 angående
587 583 117 22 anmälan
717 583 46 22 hos
773 583 87 22 veder-

104 617 113 22 börande
236 618 195 28 uppbådsnämd
450 625 39 15 om
508 624 160 16 reservmans
687 617 173 29 anställning
848 613 15 38 i

105 652 69 28 dylik
194 652 141 28 befattning
354 652 60 22 eller
434 652 93 29 afgång
545 652 58 22 från
622 652 153 22 densamma.

449 737 14 29 $
485 738 39 22 15.

173 789 197 29 Värnepligtige,
391 796 52 15 som
463 790 41 21 vid
525 789 69 22 aktiv
614 791 75 26 trupp
702 788 109 29 fullgöra
821 788 38 22 sin

105 824 299 28 krigstjenstskyldighet,
423 824 93 22 räknas
529 824 157 22 fortfarande
700 823 35 22 till
749 823 30 22 de
792 823 68 21 kom-

105 864 95 21 muner,
220 858 86 22 hvilka
324 858 32 22 de
375 858 43 22 vid
437 858 108 23 inträdet
563 858 8 22 i
590 858 109 29 tjensten
718 857 123 23 tillhörde.

174 893 154 22 Underbefäl
348 893 45 22 och
412 893 123 28 manskap
554 893 8 21 i
582 893 69 22 aktiv
670 893 77 28 tjenst
759 893 44 20 äro
816 898 44 15 un-

106 927 44 22 der
169 927 160 28 tjenstetiden
348 927 40 22 för
406 927 55 22 sina
480 933 121 22 personer
618 927 114 22 befriade
751 926 57 22 från
823 927 37 20 ut-

105 961 113 29 görande
246 961 26 22 af
300 962 47 21 alla
375 962 132 28 personela
535 961 131 29 utskylder
694 961 45 22 och
758 961 100 21 besvär.

105 996 118 22 Deremot
252 997 43 21 äro
323 997 31 21 de
382 996 104 29 pligtige
511 998 36 20 att
570 996 40 21 för
627 996 39 21 sin
687 995 108 22 inkomst
814 995 45 21 och

106 1031 123 28 egendom
254 1031 6 21 i
286 1031 48 22 löst
358 1031 46 22 och
432 1031 50 22 fast
506 1031 104 28 erlägga
630 1030 67 22 skatt
715 1030 45 21 och
781 1029 79 22 andra

105 1065 107 28 pålagor
231 1067 63 19 samt
313 1065 108 28 fullgöra
441 1065 30 21 de
491 1065 172 28 skyldigheter
682 1065 42 27 lag
742 1063 99 29 bjuder.

450 1150 14 28 8
487 1150 37 22 17.

174 1202 131 26 Personer,
335 1208 53 16 som
417 1202 99 22 tillhöra
544 1208 127 20 reserven,
691 1208 60 16 vare
771 1202 22 28 ej
813 1201 48 21 för-

106 1236 102 22 menadt
236 1238 35 20 att
297 1236 100 22 inträda
423 1236 8 22 i
455 1236 57 22 civil
539 1238 72 20 stats-
630 1236 59 22 eller
708 1235 153 23 kommunal-

105 1270 83 28 tjenst.
227 1270 163 27 Reservman,
418 1277 53 15 som
495 1271 81 21 under
597 1270 80 29 krigs-
696 1270 59 22 eller
773 1270 89 22 mötes-

105 1304 36 22 tid
168 1304 57 22 från
254 1305 78 22 sådan
361 1305 76 29 tjenst
460 1305 107 22 inkallas
585 1305 8 21 i
613 1307 151 26 truppernas
783 1304 77 25 leder,

105 1338 138 23 bibehålles
268 1340 42 21 vid
336 1340 38 21 sin
399 1340 73 21 civila
497 1339 141 29 befattning
657 1339 46 22 och
723 1340 27 20 är
769 1338 93 29 jemväl

105 1372 144 30 berättigad
270 1375 35 20 att
324 1374 177 28 tillgodonjuta
519 1374 31 22 de
569 1374 57 21 med
640 1374 145 21 densamma
798 1372 64 22 före-

105 1407 65 22 nade
188 1408 195 26 löneförmåner,
404 1408 62 22 efter
486 1408 89 28 afdrag
595 1408 25 21 af
637 1408 42 22 det
695 1408 99 28 belopp,
808 1413 52 15 som

105 1441 78 29 enligt
201 1442 117 28 gällande
338 1442 179 29 författningar
536 1442 149 22 tillkommer
703 1442 105 22 vikarie.
