1092 1759
250 134 28 20 28
451 134 84 22 Ständ.
553 134 39 22 Sv.
608 148 28 1 —
651 134 48 22 Bil.
714 134 20 22 1.

222 202 85 21 nistern
323 203 69 26 enligt
407 203 12 27 8
437 204 40 20 119
493 203 7 21 i
515 203 210 27 Värnepligtslagen
738 209 50 21 eger
796 203 130 27 handlägga
935 203 44 21 och

222 236 43 21 hos
289 237 64 21 Hans
376 237 104 27 Majestät
503 238 119 26 föredraga
644 238 81 21 endast
748 238 87 20 sådana
859 237 27 21 de
903 237 76 21 finska

221 273 126 25 trupperna
369 272 98 20 rörande
489 272 195 26 angelägenheter,
701 279 50 14 som
767 272 49 21 icke
832 272 97 20 hänföra
946 271 34 27 sig

220 305 35 21 till
271 306 169 26 lagstiftningen
457 306 53 20 eller
522 306 44 20 den
579 306 153 21 ekonomiska
741 306 175 26 förvaltningen,
925 306 55 20 eller

222 346 39 14 om
284 339 91 21 hvilkas
396 340 141 26 behandling
552 340 89 21 landets
657 340 159 26 författningar
832 340 49 21 icke
897 346 83 14 annor-

222 374 71 20 lunda
310 374 141 27 föreskrifva,
467 374 52 21 med
535 374 73 21 andra
624 375 41 21 ord
682 375 80 21 endast
770 382 17 14 s.
797 375 20 20 k.
827 374 153 22 kommando-

222 408 107 26 ärenden,
354 409 73 21 skulle
451 409 46 21 han
513 409 69 27 enligt
599 410 9 20 1
627 410 103 26 punkten
746 410 7 20 i
769 409 44 21 den
830 409 83 26 nädiga
929 415 51 21 pro-

223 442 129 27 positionen
375 444 118 26 angående
511 444 130 26 grunderna
658 444 35 20 för
708 444 28 20 de
752 444 75 20 finska
842 446 138 24 truppernas

223 477 155 27 organisation
401 478 44 20 och
468 478 139 26 förvaltning
625 478 133 21 handhafva
772 478 51 20 hela
840 478 43 20 den
900 478 80 26 högsta

223 511 167 27 förvaltningen
413 512 25 20 af
458 512 27 20 de
509 512 76 21 finska
602 514 132 26 trupperna,
751 513 44 20 och
811 512 45 20 alla
872 512 108 26 ärenden,

223 546 79 20 hvilka
325 546 101 21 erfordra
443 546 77 26 nådigt
535 546 131 27 afgörande,
683 547 73 20 skulle
772 547 43 20 hos
833 546 63 20 Hans
913 546 68 27 Maje-

224 581 43 19 stät
295 580 130 27 föredragas
450 580 144 21 uteslutande
622 581 25 20 af
668 580 194 27 Krigsministern.
901 581 80 20 Denne

224 614 74 21 skulle
321 614 86 21 således
428 615 6 20 i
459 615 106 21 afseende
589 615 13 20 å
618 615 28 21 de
662 615 75 21 finska
753 618 124 24 trupperna
894 615 86 20 erhålla

224 648 139 27 fullkomligt
395 649 122 21 enahanda
544 650 143 26 befogenhet,
713 656 50 14 som
787 649 140 21 beträffande
953 649 28 21 de

224 683 75 27 ryska.
331 684 49 20 Den
401 684 108 20 afvikelse
528 684 50 20 från
595 691 31 13 nu
642 684 102 20 rådande
761 684 153 26 grundsatser,
930 690 50 14 som

224 724 28 14 en
275 718 62 26 dylik
360 718 135 26 utvidgning
517 718 25 20 af
560 718 198 26 Krigsministerns
774 718 207 21 verksamhetsom-

224 752 55 20 råde
299 752 43 21 och
365 752 161 27 befogenheter
551 753 53 21 med
627 753 105 21 afseende
756 753 13 20 ä
784 752 28 21 de
829 752 75 21 finska
919 754 62 25 trup-

224 793 71 20 perna
318 786 102 27 innebär,
439 787 135 21 framträder
589 788 63 20 ännu
669 787 109 27 skarpare
794 786 139 27 derigenom,
949 788 32 18 att

223 820 174 26 ifrågavarande
412 821 161 27 befogenheter
587 822 84 26 tillagts
687 821 18 27 ej
723 821 57 21 blott
794 820 185 27 Krigsministern

223 855 152 27 personligen,
391 858 54 18 utan
463 856 71 20 delvis
550 856 67 20 äfven
632 856 38 20 det
685 856 150 25 embetsverk,
850 856 68 20 hvars
930 855 54 21 chef

223 890 47 20 han
294 891 31 25 är,
348 890 54 20 eller
423 890 227 27 Krigsministerium,
667 893 59 19 samt
743 890 177 21 Hufvudstaben
937 890 44 20 och

223 924 72 20 andra
313 924 69 26 sagda
398 925 151 20 ministerium
566 925 173 27 underlydande
748 924 108 28 styrelser
865 924 42 20 och
917 931 65 20 myn-

223 958 107 26 digheter.
355 959 41 25 (De
411 959 94 20 artiklar
518 959 6 20 i
541 959 105 26 förslaget
654 959 33 21 till
696 958 285 28 värnepligtslag,
887 954 12 36 i
909 958 72 28 hvilka

223 992 76 21 denna
330 993 74 21 ökade
431 993 135 27 befogenhet
597 994 35 20 för
662 993 186 27 Krigsministern
879 993 103 20 framträ-

223 1026 47 26 der,
293 1028 40 19 äro
356 1027 110 27 följande:
487 1028 18 26 7,
523 1028 32 25 16,
573 1029 32 25 17,
623 1028 25 20 18
664 1034 68 20 anm.,
749 1028 27 20 45
792 1034 62 14 anm.
872 1028 13 19 4
901 1027 43 21 och
960 1028 20 25 5,

223 1062 33 25 58,
281 1062 33 25 65,
337 1062 34 26 92,
395 1062 46 26 116,
464 1062 46 24 124,
535 1062 46 23 126,
607 1063 45 25 131,
671 1062 45 26 154,
734 1062 48 23 161,
801 1062 48 23 163,
869 1062 46 23 165,
933 1062 48 23 171,

225 1096 47 25 172,
290 1096 46 26 175,
354 1096 46 26 176,
418 1097 46 23 177,
482 1096 46 26 178,
546 1097 46 25 179,
611 1097 45 25 198,
673 1097 48 25 215,
737 1096 49 23 218,
803 1096 48 23 220,
868 1096 48 25 227,
933 1096 48 25 236,

222 1130 50 26 241,
289 1130 48 26 243,
353 1130 48 26 244,
417 1131 48 25 258,
481 1131 48 25 262,
546 1131 55 26 283).

294 1164 8 20 I
326 1165 169 26 sammanhang
518 1165 95 20 härmed
637 1165 44 20 kan
699 1166 105 22 nämnas,
822 1165 32 19 att
870 1163 67 21 äfven
953 1170 28 14 en

222 1204 79 14 annan
325 1199 24 20 af
371 1199 181 27 Kejsaredömets
573 1200 81 26 högsta
676 1198 166 28 myndigheter,
865 1198 116 26 nämligen

223 1232 119 21 Ministern
359 1233 35 21 för
409 1233 225 27 folkupplysningen,
650 1233 6 21 i
672 1233 107 26 förslaget
787 1232 34 21 till
834 1232 148 27 värnepligts-

222 1267 37 26 lag
275 1267 48 25 (art.
342 1268 40 19 124
398 1268 43 20 och
459 1268 48 26 126)
527 1267 128 21 tillerkänts
671 1274 27 14 en
714 1267 47 21 viss
777 1266 136 26 befogenhet
929 1266 52 20 med

222 1301 107 21 afseende
346 1302 13 20 ä
375 1302 75 20 finska
467 1302 193 26 angelägenheter.

293 1336 34 20 En
344 1342 77 14 annan
438 1336 107 20 afvikelse
561 1336 50 20 frän
623 1336 151 26 grundsatsen
788 1343 38 14 om
841 1336 88 20 landets
938 1338 44 25 sty-

221 1370 58 20 relse
295 1375 83 21 genom
397 1370 75 20 finska
488 1370 159 27 myndigheter
662 1370 69 27 ligger
746 1370 55 27 deri,
820 1372 32 18 att
868 1370 114 20 särskilda

222 1403 172 21 förordnanden
411 1404 43 21 och
471 1404 104 21 kallelser
591 1404 97 21 rörande
699 1404 76 21 finska
783 1404 114 20 militären
908 1404 74 21 skulle

222 1438 131 26 publiceras
376 1444 82 20 genom
482 1438 136 27 förmedling
640 1438 26 21 af
686 1438 148 27 Dirigerande
858 1438 96 21 Senaten
974 1438 6 20 i
