1086 1681
470 108 19 20 U.
507 108 20 20 B.
806 109 38 19 143

113 176 81 21 endast
217 178 29 26 pä
268 176 92 25 sädana,
383 183 49 13 som
455 176 99 21 därefter
577 176 98 25 inträffa,
699 176 117 21 äfvensom
840 179 33 18 att

113 210 225 23 rättsförhällanden.
355 210 78 21 hvilka
448 212 105 26 uppstått
568 210 72 21 under
656 210 44 21 den
716 210 61 21 äldre
793 210 79 28 lagens

113 244 73 26 välde,
203 244 56 22 böra
274 244 109 22 förblifva
399 244 112 22 oberörda
526 246 22 20 at
565 245 44 21 den
624 252 46 21 nya
685 245 73 28 lagen.

182 279 43 21 Att
241 280 75 20 denna
330 279 129 28 grundsats,
475 279 94 21 hvilken
585 280 7 20 i
607 279 54 21 flere
677 280 89 20 länders
777 279 96 28 lagstitt-

114 314 55 28 ning
185 314 45 21 fått
246 316 33 18 ett
295 314 164 28 allmängiltigt
474 314 99 28 uttryck,
590 321 53 20 eger
658 314 108 28 giltighet
781 314 69 21 äfven
866 314 6 20 i

114 348 105 22 Finland,
236 348 99 28 framgår
351 348 70 24 däraf,
439 351 34 18 att
488 348 43 21 den
547 348 6 21 i
570 356 28 13 en
614 348 84 28 mängd
712 348 25 21 af
745 351 54 19 våra
809 348 64 28 lagar

114 382 72 22 finnes
196 383 51 20 med
256 383 88 28 tydliga
354 383 39 21 ord
403 385 21 19 af
423 382 154 28 lagstittaren
587 382 141 26 uttalad,och
737 386 33 18 ett
778 382 95 29 positivt

115 418 50 20 stöd
181 418 41 20 har
238 418 131 20 densamma
385 418 5 20 i
407 418 39 20 det
462 418 81 28 skydd,
560 425 48 14 som
624 418 113 27 grundlag
750 418 7 20 i
769 419 12 20 2
792 417 42 22 och
845 419 27 19 39

115 452 26 28 SS
165 452 25 20 af
208 452 207 28 regeringstormen
437 452 75 28 gitver
528 454 21 19 ät
566 460 15 13 s.
599 452 21 20 k.
637 452 142 21 förvärfvade
795 452 78 27 rättig-

115 486 71 21 heter.

183 521 33 20 Pä
241 521 75 27 grund
340 522 24 20 af
385 521 37 21 det
446 522 96 20 anförda
564 522 42 20 och
630 522 49 20 med
702 521 95 21 särskild
821 521 52 21 hän-

115 562 42 21 syn
181 555 82 23 därtill,
288 559 33 18 att
344 564 28 12 en
395 556 36 21 del
455 556 26 20 af
502 556 27 21 de
549 556 135 28 rättigheter
699 556 51 21 med
767 555 106 22 afseende

116 592 11 18 ä
144 590 171 28 värnepliktens
331 590 152 28 fullgörande,
499 598 48 14 som
564 598 28 13 en
608 598 80 20 person
705 590 95 22 vunniti
812 590 61 21 kratt

117 625 24 19 at
161 624 217 28 värnepliktslagen,
404 628 23 18 är
451 628 34 18 att
507 625 96 21 hänföra
626 625 33 21 till
676 625 101 21 området
793 624 26 22 af
832 625 41 21 tör-

115 658 109 22 värfvade
259 659 140 28 rättigheter,
429 660 85 21 hvilka,
547 662 75 18 säsom
654 660 117 28 antyddes,
801 659 72 27 enligt

115 693 154 28 grundlagens
285 693 45 21 bud
348 694 88 28 ätnjuta
448 694 76 28 hälgd,
537 694 39 21 bör
588 694 72 28 enligt
670 694 123 22 utskottets
804 694 69 21 tanke

116 727 6 21 i
139 728 43 20 den
198 728 44 28 lag,
259 728 92 21 hvilken
368 728 109 28 möjligen
493 729 103 21 kommer
611 732 34 18 att
661 729 63 21 träda
735 728 7 21 i
752 729 77 21 stället
840 730 34 19 för

116 769 31 13 nu
176 762 106 28 gällande
313 763 184 28 värnepliktslag,
523 764 86 20 intöras
632 767 32 17 ett
687 764 105 20 särskildt
815 763 58 21 stad-

115 796 73 28 gande
212 797 85 25 därom,
321 800 33 18 att
377 798 34 25 de,
435 798 77 21 hvilka
537 798 47 21 före
608 806 44 13 den
675 806 45 20 nya
736 798 77 28 lagens
830 800 42 18 trä-

115 831 73 21 dande
212 832 7 20 i
242 832 60 21 kraft
319 832 76 21 blitvit
411 833 35 20 till
463 833 125 27 utgörande
606 834 24 20 at
643 833 130 28 värneplikt
787 832 86 28 upphba-

116 865 57 21 dade
197 865 55 21 eller
268 866 60 21 trädt
344 866 6 21 i
367 866 70 28 tjänst
453 869 73 19 säsom
542 867 108 28 frivillige
666 868 54 20 eller
734 868 138 21 volontärer.

116 900 89 27 atnjuta
228 900 43 21 den
295 900 104 22 betrielse
421 902 51 20 från
491 902 54 20 eller
564 901 100 29 lindring
679 902 7 20 i
702 902 169 28 krigstjänsten,

116 941 48 14 som
188 935 72 27 enligt
276 935 43 21 den
335 943 30 13 nu
381 936 107 28 gällande
503 936 67 28 lagen
586 936 139 22 tillkommer
740 937 57 23 dem,
814 940 59 18 samt

115 969 107 21 särskildt
233 970 43 20 den
287 970 90 21 kortare
389 970 126 28 tjänstetid,
527 978 47 14 som
585 971 7 21 i
602 971 74 21 denna
685 972 37 27 lag
730 974 23 18 är
761 972 112 21 faststäld.

192 1004 84 21 Därest
292 1007 48 19 äter
356 1005 5 20 i
378 1005 44 21 den
438 1013 45 20 nya
499 1006 67 27 lagen
583 1006 89 21 komme
689 1009 33 18 att
736 1006 53 28 ingä
798 1006 76 21 lindri-

115 1045 54 20 gare
185 1038 170 29 bestämningar
370 1040 7 20 i
393 1042 33 19 ett
442 1040 55 21 eller
513 1043 69 19 annat
593 1040 106 22 afseende
710 1044 28 18 än
749 1041 6 21 i
765 1041 108 28 gällande

116 1072 44 28 lag,
177 1072 47 23 bör,
240 1074 72 27 enligt
329 1074 122 22 utskottets
468 1074 74 25 tanke,
559 1075 35 21 till
621 1075 160 29 örebyggande
797 1076 26 20 af
837 1083 36 13 an-

116 1114 52 14 nars
191 1107 155 29 tillätventyrs
374 1109 79 28 möjlig
476 1109 126 21 vacklande
626 1110 104 28 tolkning
752 1110 35 21 till
810 1118 63 20 nyss-

116 1142 83 20 nämdä
226 1142 126 28 stadgande
376 1143 64 28 togas
457 1146 32 18 ett
505 1144 88 28 tillägg,
608 1144 152 22 innebärande
777 1147 39 23 att,
833 1144 40 21 där

119 1176 6 20 i
142 1176 43 21 den
200 1184 46 20 nya
263 1177 67 27 lagen
346 1178 123 27 lindrigare
485 1178 129 28 fordringar
625 1179 126 28 uppställas
761 1181 30 27 pä
801 1182 72 18 värne

117 1210 83 28 pliktig
217 1214 28 18 än
261 1212 5 20 i
284 1212 43 20 den
343 1220 31 13 nu
389 1213 114 27 gällande,
520 1214 26 20 de
563 1214 140 20 förstnämda
719 1214 52 21 böra
782 1214 92 21 komma

117 1244 35 21 till
169 1246 153 27 användning.

189 1424 131 21 Lagntskoltets
334 1426 113 17 betänlkande.
