1089 1770
240 137 25 20 12

279 204 48 17 Anm.
339 205 17 17 2.
380 205 36 17 Vid
432 205 148 18 bestämmandet
593 205 20 18 af
625 205 86 22 eftergift
722 205 24 22 på
759 205 57 22 grund
830 205 20 18 af
860 205 108 22 familjeför-

206 233 103 18 hållanden
325 239 53 13 anses
391 234 60 18 såsom
464 240 47 17 egna
524 237 61 15 söner:
600 235 18 21 1)
631 235 27 17 uti
671 234 108 23 stjuffaders
792 234 46 18 eller
850 234 118 23 stjufmoders

207 262 61 23 familj
287 262 97 24 befintliga
402 263 110 23 stjufsöner:
529 263 18 23 a)
560 263 59 18 under
631 269 46 17 egen
689 263 73 18 moders
775 263 46 18 eller
832 263 63 18 faders
907 263 61 18 lifstid

208 291 34 18 och
260 291 20 21 b)
300 291 48 18 efter
366 297 46 17 egen
430 293 63 17 faders
507 293 46 17 eller
570 292 73 18 moders
656 292 41 21 död,
710 293 67 17 endast
789 292 5 17 i
807 292 32 18 det
851 291 40 22 fall,
904 293 29 16 att
945 291 23 19 de

208 319 60 23 enligt
280 320 74 23 uppgift
366 321 20 17 af
396 321 98 22 stjuffader
503 321 46 18 eller
558 321 111 22 stjufmoder
677 322 67 21 utgöra
752 320 42 19 stöd
803 321 29 17 för
840 321 54 17 deras
902 320 66 23 familj,

208 353 38 13 som
259 349 69 18 saknar
340 355 60 12 annan
413 350 93 18 arbetsför
518 349 79 18 medlem
610 349 20 18 af
637 350 87 22 mankön;
733 349 34 18 och
775 350 19 23 2)
803 349 117 21 fostersöner,
930 354 38 13 som

207 377 64 18 blifvit
284 377 113 22 adopterade
410 378 40 19 före
462 379 27 17 tio
501 379 31 17 års
545 379 58 17 ålder.
964 375 4 3 N

279 418 49 16 Anm.
340 418 16 16 3.
374 418 39 18 Har
426 418 58 23 familj
497 419 92 17 minskats
601 418 30 18 till
645 418 72 18 antalet
730 418 5 17 i
749 417 46 23 följd
804 417 58 22 deraf,
871 419 29 16 att
908 417 59 22 någon

208 445 43 18 dess
263 445 79 18 medlem
355 446 62 18 blifvit
429 447 41 23 vigd
483 447 30 17 till
528 447 61 21 munk,
604 446 104 18 förvärfvar
723 446 57 18 sädan
795 446 59 22 familj
864 446 104 22 derigenom

208 474 41 18 icke
268 474 95 22 rättighet
381 475 30 17 till
429 476 59 22 någon
507 481 23 17 ny
549 475 87 23 eftergift
653 475 41 18 med
707 475 88 17 afseende
807 475 11 17 å
831 474 138 23 värnepligtens

208 502 108 22 utgörande.

279 551 50 19 Art.
354 552 41 18 34.
427 550 74 22 Såsom
525 550 121 22 arbetsföra
661 550 7 21 i
683 550 94 28 familjen
795 556 63 15 anses
873 550 33 26 de,
922 555 46 15 som

209 584 38 20 äro
258 583 77 21 mellan
350 584 89 21 aderton
451 585 37 21 och
495 585 126 27 femtiofem
633 585 24 21 år
667 585 76 27 gamla,
755 584 48 22 med
814 584 112 27 undantag
937 583 30 21 af:

282 618 20 26 1)
320 618 52 26 dem,
396 624 45 16 som
457 619 7 21 i
479 619 51 27 följd
547 619 23 21 af
583 619 128 27 kroppslyte
727 619 51 21 eller
793 618 115 28 sjuklighet
923 618 45 21 helt

209 651 39 21 och
264 652 67 21 hållet
346 653 68 21 sakna
430 653 96 27 förmåga
541 655 34 20 att
591 654 86 25 arbeta;

279 688 22 24 2)
318 687 54 26 dem,
389 694 45 14 som
451 688 57 21 öfver
524 690 34 19 tre
574 688 34 21 års
625 688 31 21 tid
672 688 66 21 vistas
754 688 29 27 på
799 687 70 21 okänd
886 688 42 25 ort;

279 722 21 25 3)
318 721 53 27 dem,
388 728 44 15 som
448 723 29 26 på
493 723 70 27 grund
579 722 24 22 af
616 722 88 28 uppbåd
720 723 6 21 i
739 722 107 28 egenskap
858 721 23 22 af
890 722 78 20 under-

208 754 57 22 befäl
290 755 52 22 eller
364 757 104 27 manskap
492 756 86 22 befinna
601 758 32 26 sig
653 758 6 20 i
680 758 59 20 aktiv
761 757 67 27 tjenst
850 756 35 22 vid
907 757 61 25 trup-

208 796 79 20 perna;
304 790 39 21 och

279 825 22 27 4)
318 825 54 26 dem,
388 832 45 15 som
443 826 69 22 blifvit
523 827 78 21 dömda
612 826 33 22 till
661 826 156 22 tukthusstraff
828 826 32 21 för
874 825 93 21 lifstiden

208 860 50 21 med
273 860 80 22 förlust
368 861 23 21 af
404 862 167 27 medborgerligt
586 862 124 21 förtroende
726 862 33 21 för
775 861 65 22 alltid.

279 906 49 16 Anm.
347 907 16 16 1.
388 906 62 18 Såsom
469 907 105 17 arbetsföra
591 907 118 17 medlemmar
722 907 5 16 i
740 906 84 22 familjen
836 910 54 13 anses
903 904 66 18 endast

208 938 90 17 personer
311 934 20 17 af
343 935 85 17 mankön.

278 968 48 17 Anm.
346 969 15 16 2.
385 969 126 18 Föreskrifter
529 969 94 22 angående
643 969 100 22 ordningen
763 969 28 17 för
803 967 133 18 fastställande
949 967 20 17 af

208 996 96 23 oförmåga
317 997 29 17 till
360 997 64 18 arbete
436 998 34 17 och
484 998 99 22 styrkande
596 998 21 17 af
627 997 159 23 familjemedlems
794 997 86 17 frånvaro
888 997 11 17 å
908 995 60 18 okänd

208 1027 30 15 ort
254 1025 31 17 vid
303 1025 147 18 bestämmandet
468 1026 20 17 af
505 1026 108 23 eftergifter
628 1026 25 22 på
665 1026 57 23 grund
736 1026 20 17 af
767 1024 201 23 familjeförhållanden

208 1053 29 18 för
253 1059 94 17 personer,
367 1059 36 12 som
422 1055 80 18 inkallas
521 1055 30 18 till
574 1055 102 22 utgörande
695 1055 20 17 af
732 1054 134 23 värnepligten,
884 1053 85 22 vidfogas

207 1082 75 18 härhos.

279 1125 50 19 Art.
346 1126 41 17 35.
418 1124 38 26 De,
474 1131 44 14 som
534 1125 29 26 på
578 1125 71 26 grund
660 1124 23 21 af
691 1123 227 28 familjeförhållanden
930 1124 38 19 äro

207 1157 137 27 berättigade
361 1158 32 21 till
409 1158 98 27 eftergift,
523 1159 92 20 inkallas
631 1159 6 20 i
654 1159 65 26 tjenst
735 1159 6 20 i
757 1158 40 21 den
814 1157 97 27 ordning,
923 1163 44 15 som

208 1191 40 22 här
264 1192 70 21 nedan
352 1193 6 20 i
374 1194 40 19 art.
434 1194 38 20 107
489 1193 94 28 stadgas,
600 1193 77 22 endast
693 1193 7 21 i
715 1193 40 21 den
767 1192 108 27 händelse,
887 1193 33 20 att
931 1197 37 16 an-

208 1225 54 21 talet
282 1225 69 28 öfriga
368 1226 53 21 efter
437 1227 94 27 lottning
547 1227 130 27 uppbådade
692 1227 46 21 icke
754 1227 61 27 fyller
831 1227 39 20 den
886 1226 32 21 till
934 1227 34 20 ut-

208 1259 107 28 skrifning
330 1261 114 21 bestämda
459 1261 163 27 kontingenten.

278 1308 50 19 Art.
345 1309 42 18 36.
418 1307 32 21 De
466 1314 109 20 personer,
592 1314 45 15 som
655 1309 36 19 äro
707 1307 137 27 berättigade
859 1307 32 20 till
905 1306 63 22 efter-

208 1340 39 26 gift
271 1340 23 20 af
310 1340 69 22 första
395 1341 51 21 eller
462 1342 67 21 andra
545 1342 114 27 kategorin
675 1343 50 26 (art.
743 1342 43 26 33),
803 1341 79 21 förlora
898 1341 70 21 denna

207 1374 113 27 rättighet,
336 1375 7 21 i
359 1375 36 21 fall
419 1376 25 21 de
468 1376 66 27 enligt
549 1376 87 27 uppgift
651 1376 23 22 af
687 1376 61 21 fader
764 1376 50 21 eller
830 1375 80 27 moder,
926 1374 42 22 far-

207 1408 61 21 fader
292 1408 51 22 eller
366 1410 114 26 morfader,
501 1410 108 22 farmoder
625 1410 51 22 eller
691 1410 122 22 mormoder
828 1410 46 20 icke
890 1411 78 25 utgöra

207 1443 50 21 stöd
272 1442 34 22 för
320 1443 101 27 familjen.
