1086 1745
245 108 27 20 72

214 177 151 21 motsvarande
385 177 82 27 verklig
486 177 61 27 grad,
563 179 57 19 samt
636 177 84 26 åtnjuta
735 177 43 21 alla
793 177 127 27 rättigheter
936 177 39 21 och

214 211 114 26 förmåner,
345 217 45 15 som
406 213 36 20 äro
459 211 102 22 förenade
576 211 47 22 med
640 211 134 21 sistnämnda
789 211 84 27 grader.

285 260 49 18 Art.
359 259 59 19 252.
452 258 84 21 Läkare
559 257 35 22 vid
617 257 137 22 landtvärnet
777 258 94 27 åtnjuter
893 263 82 16 samma

215 292 136 27 rättigheter,
367 298 45 15 som
429 293 164 25 militärläkare,
610 292 86 21 hvilken
713 294 24 19 är
753 292 84 21 anstäld
848 293 6 20 i
865 292 65 27 tjenst
941 292 34 21 vid

215 326 111 21 enahanda
343 326 87 22 stående
445 330 71 24 trupp.

286 375 50 18 Art.
353 375 60 18 253.
444 373 41 21 Till
501 373 142 27 tjenstgöring
659 373 35 20 vid
709 372 136 21 landtvärnet
856 371 119 22 förbundne

216 407 110 22 officerare
346 407 39 21 och
401 408 79 25 läkare,
497 414 45 15 som
557 407 46 22 icke
619 407 70 22 blifvit
700 407 129 22 förordnade
839 407 33 22 till
883 408 92 20 motsva-

216 442 68 20 rande
299 440 145 28 befattningar
460 442 34 20 vid
516 442 143 26 landtvärnet,
675 442 35 20 må
726 442 17 26 ej
761 441 104 22 anställas
880 442 7 20 i
902 441 74 27 tjenst-

216 476 77 26 göring
309 475 34 21 vid
359 476 118 21 detsamma
493 477 71 20 såsom
581 477 122 25 värnemän,
719 478 51 19 utan
787 475 87 22 kvarstå
886 476 7 20 i
903 481 72 15 reserv

216 510 34 21 för
266 509 95 27 fyllande
376 510 22 20 af
412 510 80 27 luckor,
508 516 45 15 som
569 510 78 27 uppstå
662 510 58 21 inom
736 510 93 22 officers-
843 510 38 21 och
893 510 82 20 läkare-

217 544 128 28 personalen
369 544 60 23 såväl
452 546 35 21 vid
510 545 135 22 landtvärnet
660 551 45 15 som
722 545 33 22 vid
771 545 26 22 de
813 545 88 22 stående
915 547 60 25 trup-

217 586 74 20 perna.

287 621 51 18 Art.
355 621 59 19 254.
440 620 50 21 Alla
506 619 32 28 de,
554 625 46 16 som
616 619 56 22 varit
687 620 7 20 i
710 620 65 27 tjenst
787 620 35 21 vid
833 619 142 27 landtvärnet,

217 653 109 22 bibehålla
340 654 130 27 rättigheten
482 656 33 19 att
526 654 52 21 bära
589 653 217 22 landtvärnsuniform
819 654 64 27 enligt
895 660 81 15 samma

216 688 101 27 grunder,
332 694 45 15 som
394 689 6 20 i
416 688 100 22 afseende
527 689 13 20 å
551 688 95 21 bärande
657 688 23 21 af
690 688 174 21 militäruniform
876 690 36 19 äro
924 687 52 22 fast-

218 723 71 20 stälda
312 722 34 21 för
357 729 105 21 personer,
478 723 74 21 hvilka
566 723 85 21 undfått
667 723 75 21 afsked
758 722 46 21 från
820 723 91 26 tjensten
927 723 48 20 med

217 757 105 26 rättighet
338 758 33 19 att
387 757 53 21 bära
455 757 98 22 uniform.

287 805 51 18 Art.
362 805 60 18 255.
454 803 105 22 Personer
575 804 47 21 med
639 803 144 28 officersrang,
800 810 46 15 som
861 803 114 22 innehafva

217 837 96 27 tillfällig
328 838 52 26 grad
392 839 40 20 och
443 839 67 20 under
521 838 166 27 tjenstgöringen
699 838 33 21 vid
743 838 137 21 landtvärnet
891 838 85 21 erhållit

218 871 32 21 S:t
272 871 83 27 Georgs
378 873 159 26 ordenstecken,
558 872 116 22 stadfästas
689 873 32 20 uti
736 873 41 20 den
793 873 60 26 grad,
869 873 6 20 i
891 872 84 21 hvilken

218 906 26 20 de
260 906 89 21 räknats
365 907 34 20 vid
416 907 133 21 landtvärnet
563 907 85 26 jemlikt
664 906 92 22 artikeln
772 907 47 21 251.

287 954 51 18 Art.
362 954 59 18 256.
452 952 103 22 Personer
573 953 48 20 med
645 952 140 27 officersrang
808 952 38 22 och
862 954 114 19 värnemän

218 986 35 21 vid
277 986 141 27 landtvärnet,
442 993 45 15 som
507 987 102 21 inkallats
625 988 6 20 i
647 987 60 21 aktiv
723 987 126 27 krigstjenst
863 987 48 21 frän
928 987 48 21 civil

218 1020 129 27 statstjenst,
364 1021 107 22 bibehålla
487 1022 68 21 under
571 1022 50 21 hela
636 1022 137 27 tjenstetiden
784 1022 35 21 vid
829 1022 146 21 landtvärnet:

290 1056 20 25 1)
334 1056 44 21 sina
402 1056 145 27 befattningar
562 1057 6 20 i
585 1057 47 20 civil
656 1057 126 26 statstjenst,
806 1057 47 20 med
874 1056 103 27 rättighet

218 1091 34 19 att
275 1089 54 26 änyo
353 1089 96 22 tillträda
472 1091 48 20 dem
536 1090 55 21 efter
606 1090 194 22 hemförlofvandet
815 1091 47 20 frän
879 1093 97 24 trupper-

218 1129 39 15 nas
273 1124 46 25 led;

289 1158 21 26 2)
336 1159 47 20 med
400 1159 62 21 deras
478 1159 62 20 civila
555 1159 153 26 befattningar,
724 1159 67 26 enligt
807 1159 6 20 i
829 1159 88 21 Finland
932 1159 45 26 gäl-

217 1192 63 21 lande
304 1193 166 26 bestämmelser,
494 1193 99 21 förenade
617 1193 165 26 löneförmäner,
806 1193 117 26 hvarjemte
944 1193 32 26 de,

218 1232 46 15 som
282 1226 82 27 ätnjuta
383 1227 77 21 bostad
476 1227 22 21 af
513 1227 89 27 kronan,
619 1227 134 22 fortfarande
768 1227 108 22 bibehälla
892 1227 22 21 af
928 1227 49 21 dem

218 1260 116 21 innehafda
351 1261 91 24 lokaler;
459 1265 55 18 samt

288 1295 22 25 3)
327 1295 26 20 de
369 1296 126 26 rättigheter
511 1296 39 20 och
566 1295 113 26 förmäner,
691 1295 72 21 hvilka
775 1296 25 20 de
812 1296 70 20 skulle
894 1295 83 27 ätnjuta

217 1329 7 20 i
241 1329 48 21 civil
305 1330 127 26 statstjenst.

288 1369 48 16 Anm.
361 1369 39 17 Den
413 1369 33 21 tid,
460 1375 37 12 som
510 1369 22 18 de
545 1370 5 16 i
563 1369 60 18 denna
635 1370 50 22 (256)
699 1370 66 17 artikel
775 1369 108 18 omnämnda
891 1374 87 17 personer

217 1396 97 23 tillbringa
327 1397 4 17 i
345 1397 68 23 fälttåg
425 1400 39 16 mot
476 1398 71 18 fienden
560 1398 34 18 och
607 1399 5 17 i
625 1398 52 22 strid,
690 1398 146 22 tillgodoräknas
845 1398 24 22 på
877 1398 35 18 den
920 1398 58 22 enligt

217 1425 6 17 i
236 1425 80 18 Finland
334 1426 86 22 gällande
439 1426 114 23 stadganden
572 1427 95 17 bestämda
681 1426 106 18 förkortade
800 1427 65 17 termin
879 1426 29 18 för
919 1426 59 18 erhäl-

217 1454 56 18 lande
286 1454 20 18 af
317 1455 82 21 pension.
