1086 1778
433 111 22 22 U.
471 111 22 22 B.
772 112 40 19 103

85 181 60 27 land,
168 181 28 20 dä
219 180 82 28 Kejsar
323 179 130 22 Alexander
474 180 12 21 I
508 180 32 21 lät
564 179 144 28 högtidligen
730 179 36 21 till
790 179 51 21 Fin-

86 215 64 21 lands
172 215 50 21 folk
245 214 139 22 öfverlämna
406 214 35 21 sin
464 214 105 21 sanktion
584 215 30 27 pä
630 214 62 21 detta
706 214 66 21 lands
787 213 54 22 kon-

84 249 109 21 stitution.

154 283 35 28 Ty
204 283 187 25 konstitutionen,
408 290 48 14 som
471 283 132 25 innehäller,
612 285 33 18 att
657 283 39 28 lag
706 282 19 29 ej
738 283 46 21 kan
794 281 47 22 stif-

86 320 35 19 tas
137 320 55 19 utan
207 317 132 22 ständernas
355 317 123 28 samtycke,
489 317 42 22 och
547 325 48 14 som
611 317 55 28 själf
679 317 50 21 icke
744 317 45 21 kan
805 319 37 18 än-

87 352 52 22 dras
154 355 56 18 utan
232 352 53 20 slikt
307 351 124 29 samtycke,
454 351 50 21 blef
518 352 50 20 icke
583 351 97 21 stadfäst
696 351 35 21 för
746 351 96 21 Finland

86 387 51 21 med
160 386 38 21 det
221 385 141 26 förbehållet,
386 388 33 18 att
442 386 38 28 lag
504 386 65 25 dock,
592 388 42 18 när
656 385 69 21 rikets
747 386 94 21 intresse

87 428 66 14 anses
168 421 77 21 fordra
261 420 44 25 det,
316 420 73 21 skulle
400 420 78 21 kunna
488 420 74 21 stiftas
573 423 56 18 utan
640 420 132 21 ständernas
783 419 60 22 med-

88 455 92 22 värkan.
212 455 40 20 Ett
267 457 47 26 tyst
335 454 114 22 förbehäll
464 455 7 20 i
487 455 61 21 detta
563 455 63 28 syfte
641 454 73 21 skulle
730 454 113 22 inneburit

87 491 34 20 ett
135 489 97 22 faktiskt
254 489 140 22 förnekande
409 489 27 21 af
446 489 49 28 just
510 489 44 22 den
569 489 95 29 princip,
681 496 48 14 som
743 497 41 13 var
799 489 44 21 den

89 524 133 28 väsentliga,
238 523 43 22 och
295 523 68 22 hvars
378 524 199 28 upprätthällande
593 523 135 28 offentligen
736 523 43 22 och
788 523 55 28 hög-

88 558 76 28 tidligt
185 558 120 26 utlofvats;
328 560 99 19 tvärtom
445 557 129 22 faststäldes
597 557 170 29 grundlagarna
789 560 55 18 utan

89 592 111 22 förbehäll
223 592 43 21 och
288 592 192 28 inskränkningar
503 595 57 18 samt
578 592 52 21 med
646 592 44 21 den
707 591 137 29 uttryckliga

89 627 119 21 försäkran
228 629 33 19 att
280 627 27 21 de
323 627 72 21 skulle
410 627 166 28 upprätthällas
592 627 60 20 fasta
668 626 42 21 och
726 626 119 28 oförrykta

89 661 7 21 i
112 661 34 21 sin
161 661 58 21 fulla
234 661 61 21 kraft
310 661 42 21 och
367 661 94 21 värkan.
484 661 12 21 I
506 661 234 22 öfverensstämmelse
751 660 93 22 härmed

89 696 74 21 talade
185 695 112 28 Kejsaren
320 695 42 21 ock
385 703 37 13 om
445 695 39 21 det
506 695 73 21 finska
599 695 74 21 folket
693 697 72 19 säsom
783 694 62 27 ,fritt

89 730 61 22 inom
172 730 47 28 sig"
235 743 28 2 —
281 730 68 26 ,libre
372 730 56 20 dans
451 730 135 21 Vintörieur*
603 742 28 4 —
648 728 146 29 ,ätnjutande
816 729 28 21 de

89 764 139 28 rättigheter,
245 771 46 14 som
314 764 50 21 dess
387 764 152 21 konstitution
553 766 132 26 garanterar
700 764 144 25 detsamma*,

90 799 87 21 hvilket
191 798 51 22 icke
257 798 57 22 hade
329 798 88 21 kunnat
433 801 73 25 sägas,
521 798 74 22 därest
610 798 112 28 Kejsaren
732 798 58 22 hade
801 798 44 22 för-

92 833 91 21 behällit
198 832 35 28 sig
249 835 44 18 rätt
308 834 39 24 att,
370 835 41 18 när
427 832 47 22 han
492 835 83 26 ansäge
590 833 39 21 det
644 833 6 20 i
666 832 69 22 rikets
750 832 95 22 intresse

90 867 86 28 nödigt,
198 866 92 22 utfärda
314 867 39 28 lag
375 867 51 21 med
451 867 193 21 konstitutionens
672 866 171 22 äsidosättande.

90 902 122 21 Dessutom
227 901 124 22 innehåller
366 901 44 22 den
426 902 26 21 af
468 902 112 28 Kejsaren
603 901 55 29 själf
672 904 24 19 är
712 904 54 19 1816
781 901 65 28 gifna

91 936 128 21 autentiska
233 936 156 27 förklaringen
404 935 23 22 af
444 936 231 28 grunddokumentet,
691 938 32 19 att
738 935 62 22 detta
814 936 32 21 in-

90 970 70 22 nebar
175 970 68 22 löftet
258 977 36 14 om
310 973 33 19 ett
357 970 72 29 heligt
437 971 209 21 vidmakthällande
655 970 25 21 af
686 970 107 21 Finlands
802 973 44 18 sär-

92 1005 73 21 skilda
180 1005 151 21 konstitution
346 1005 72 20 under
433 1005 137 21 monarkens
586 1005 43 21 och
644 1005 56 21 hans
716 1004 131 22 efterträda-

91 1047 36 14 res
142 1039 66 28 spira.
239 1038 82 29 Kejsar
343 1039 132 21 Alexander
490 1039 23 21 II
527 1039 41 21 har
591 1041 48 19 åter
661 1039 120 22 betecknat
803 1039 44 21 den

92 1073 183 21 konstitutionelt
291 1073 144 21 monarkiska
450 1074 118 28 principen
583 1075 75 20 såsom
673 1080 176 14 sammanvuxen

91 1108 51 20 med
157 1107 75 21 finska
247 1107 83 21 folkets
347 1107 71 26 seder,
433 1107 67 29 lagar
515 1108 42 21 och
571 1108 159 25 institutioner,
742 1107 43 22 och
795 1106 54 28 Kej-

91 1148 37 15 sar
142 1142 131 21 Alexander
287 1141 34 21 II
336 1141 40 21 har
392 1148 85 22 genom
491 1142 129 21 manifestet
631 1141 25 22 af
665 1142 45 21 den
720 1144 64 25 13,25
797 1141 51 29 juni

94 1178 53 19 1886
163 1176 35 21 för
215 1178 25 18 51
257 1176 14 28 S
287 1176 25 20 af
324 1176 251 28 landtdagsordningen
597 1176 100 21 faststält
712 1183 28 14 en
755 1175 93 29 lydelse,

92 1210 93 22 hvilken
208 1212 73 20 säsom
304 1210 79 28 gifven
398 1210 136 22 förutsätter
549 1210 43 22 den
608 1210 75 28 gamla
698 1210 150 28 grundsatsen

93 1246 33 19 att
141 1244 84 22 allmän
239 1244 38 28 lag
298 1244 78 26 ,beror
396 1244 26 21 af
436 1244 114 29 Kejsaren
566 1244 43 22 och
624 1244 151 22 Storfurstens
791 1246 58 19 samt

93 1278 133 22 ständernäs
241 1279 247 21 sammanstämmande
502 1279 93 27 beslut",
613 1279 43 21 och
670 1281 34 19 att
718 1278 131 28 lagförslag,

95 1312 140 22 beträffande
249 1312 88 22 hvilket
352 1313 71 21 sädan
438 1313 196 29 samstämmighet
649 1314 49 20 icke
709 1313 44 21 kan
761 1314 88 24 vinnas,

93 1348 70 20 mäste
179 1347 7 21 i
201 1347 36 21 sin
252 1346 77 22 helhet
343 1346 97 22 förfalla.
452 1360 26 3 —
488 1348 41 21 Alt
544 1348 63 20 detta
622 1347 88 22 bevisar
720 1349 29 27 pä
757 1347 92 22 oveder-

93 1381 98 28 läggligt
207 1383 50 24 sätt,
281 1383 33 20 att
329 1389 28 14 en
380 1382 132 27 grundsats,
535 1382 93 21 hvilken
650 1381 79 29 gjorde
745 1381 105 29 gällande

161 1426 140 24 Lagutskottets
313 1426 121 18 betänkande.
