1089 1764
268 133 26 21 98
577 134 28 23 U.
621 135 28 21 B.

237 203 90 27 ändring
345 202 8 21 i
368 205 64 20 annat
446 203 105 22 afseende.
582 203 42 22 Det
639 204 41 21 kan
697 204 114 27 nämligen,
827 205 33 21 för
875 205 35 21 det
925 205 71 27 första,

237 245 62 15 anses
314 238 70 21 såsom
398 244 26 16 en
440 238 142 28 oegentlighet
597 240 30 20 att
641 239 8 20 i
663 238 56 21 finsk
731 238 36 28 lag
777 239 87 27 stadgas
878 240 62 21 hvem
950 246 45 14 som

236 273 55 21 skall
306 273 62 21 hafva
383 273 136 21 öfverbefälet
534 272 62 22 öfver
611 273 26 21 de
652 273 64 27 ryska
731 275 95 25 trupper,
839 274 72 21 hvilka
922 274 72 21 kunna

236 314 50 14 vara
301 308 7 20 i
323 307 72 21 landet
409 307 100 28 förlagda.
537 307 174 21 Bestämmandet
725 308 74 20 härom
816 310 22 18 är
854 308 103 28 klarligen
966 314 26 15 en

236 342 51 27 rysk
302 342 157 27 angelägenhet.
486 342 39 20 Att
540 344 29 19 ett
584 342 75 20 sådant
674 342 117 27 stadgande
803 342 79 21 influtit
898 343 3 20 i
914 343 80 21 Värne-

235 376 125 28 pligtslagen
377 376 37 21 har
428 376 33 21 sin
476 376 117 28 förklaring
608 376 51 27 deri,
674 378 30 19 att
719 376 120 22 Ständerna
856 377 33 21 vid
910 378 83 20 1877—

236 412 55 20 1878
307 410 33 21 års
355 410 100 28 landtdag
469 411 46 21 icke
532 410 49 22 ville
599 410 30 22 till
647 410 117 22 innehållet
779 411 68 21 ändra
863 412 41 20 den
916 412 78 27 nådiga

235 445 169 27 propositionens
418 445 79 27 förslag
512 446 7 20 i
535 447 77 23 ämnet,
629 452 34 14 om
675 446 26 20 de
712 445 38 21 ock
761 446 70 20 funno
843 446 74 27 nödigt
927 446 65 21 ändra

234 480 145 20 redaktionen.
408 479 33 22 Då
463 480 198 27 Värnepligtslagen
685 486 29 14 nu
737 480 114 27 revideras,
873 487 63 20 synes
958 480 34 22 be-

234 514 63 21 rörda
319 514 141 28 oegentlighet
482 514 51 21 böra
548 514 105 27 aflägsnas
669 514 39 21 och
723 514 128 27 stadgandet
866 515 127 21 inskränkas

234 548 32 21 till
281 551 30 19 att
326 548 134 22 uteslutande
475 548 78 21 handla
563 555 35 14 om
609 548 26 21 de
645 548 74 28 finska
729 551 127 25 truppernas
868 550 122 20 öfverbefäl.

305 583 39 21 För
359 584 35 20 det
409 584 65 20 andra
486 583 66 21 håller
563 583 108 21 Utskottet
681 583 50 23 före,
744 585 30 19 att
785 590 26 14 en
822 584 68 26 saklig
900 584 90 27 ändring

234 620 24 18 är
273 618 91 27 behöflig
378 618 7 20 i
401 618 35 21 det
450 618 61 27 syfte,
526 620 30 18 att
571 618 122 27 chefskapet
708 618 51 20 eller
775 618 139 21 öfverbefälet
929 618 59 21 öfver

234 652 26 21 de
275 652 69 21 finska
358 655 114 25 trupperna
487 652 46 21 icke
549 652 138 27 ovilkorligen
704 652 37 21 bör
757 659 50 14 vara
820 659 77 20 genom
911 653 77 27 lagbud

233 687 114 21 förbundet
362 687 48 20 med
426 687 301 28 generalguvernörsembetet.
749 686 75 22 Under
839 687 47 21 hela
902 687 40 21 den
959 688 29 20 tid

232 721 90 21 Finland
338 722 54 20 varit
405 722 96 21 förenadt
515 721 49 21 med
579 721 106 27 Ryssland
701 721 38 21 har
755 721 125 28 visserligen
896 722 35 21 det
948 722 42 20 för-

232 756 99 21 hållande
347 758 35 25 egt
396 763 53 20 rum,
463 758 30 19 att
507 756 225 27 Generalguvernören
755 756 54 20 varit
830 756 160 21 öfverbefälhaf-

233 797 50 14 vare
306 791 59 20 öfver
386 791 56 20 såväl
458 791 26 20 de
498 790 69 21 finska
589 797 46 14 som
659 790 25 21 de
699 790 7 20 i
722 790 73 21 landet
817 790 95 27 förlagda
927 791 63 26 ryska

232 827 119 25 trupperna.
382 824 44 21 Och
448 825 23 20 så
492 825 62 27 länge
577 825 36 21 det
635 826 79 25 system
735 825 80 25 fortfar,
831 825 65 27 enligt
911 825 79 21 hvilket

232 859 300 28 generalguvernörsembetet,
548 860 68 20 ehuru
631 859 7 20 i
653 859 86 20 främsta
755 862 93 18 rummet
858 859 130 21 omfattande

232 893 62 21 civila
315 894 128 25 funktioner,
469 894 103 21 anförtros
595 900 26 15 en
645 894 41 27 hög
709 893 84 26 militär,
815 894 59 21 torde
898 894 35 21 det
954 895 33 20 väl

231 928 104 27 knappast
350 928 84 21 komma
449 929 7 20 i
471 929 58 26 fråga
545 931 29 18 att
589 935 27 14 en
632 935 71 14 annan
718 935 77 20 person
811 929 69 20 skulle
896 929 70 20 ställas
982 929 7 20 i

231 965 84 24 spetsen
331 963 32 20 för
378 963 197 21 militärväsendet
568 959 12 35 i
590 963 78 20 landet.
691 963 108 20 Utskottet
814 969 62 15 anser
891 963 35 21 det
942 963 46 21 der-

230 996 34 21 för
279 1003 49 14 vara
343 997 77 27 riktigt,
443 1000 29 19 att
490 997 126 27 stadgandet
631 997 6 20 i
653 997 58 21 detta
726 999 63 18 ämne
805 997 7 20 i
829 997 87 21 främsta
931 1004 57 14 rum-

231 1033 43 19 met
289 1037 37 21 ger
338 1031 85 27 uttryck
438 1031 20 21 åt
474 1032 68 20 denna
557 1031 64 28 regel,
638 1038 45 14 som
699 1031 7 20 i
717 1033 58 19 snart
787 1034 29 18 ett
827 1031 58 21 sekel
896 1032 26 21 de
934 1032 54 21 facto

230 1065 107 28 iakttagits
353 1066 39 21 och
407 1073 44 14 som
467 1067 38 20 har
519 1066 23 21 så
557 1066 55 27 goda
634 1066 93 27 grunder
742 1066 33 20 för
790 1066 32 27 sig
836 1066 79 27 jemväl
930 1067 7 19 i
953 1066 35 21 det

230 1100 100 21 afseende
346 1102 29 19 att
391 1100 230 28 Generalguvernören,
646 1102 51 19 enär
719 1101 41 20 han
784 1101 63 20 äfven
862 1107 77 21 genom
955 1101 32 20 sin

230 1134 67 27 öfriga
319 1135 133 21 verksamhet
475 1135 39 21 blir
536 1135 106 27 förtrogen
666 1135 49 21 med
739 1134 101 22 Finlands
856 1135 132 27 lagstiftning

229 1168 40 21 och
290 1169 133 27 förvaltning,
439 1169 23 21 så
477 1169 85 27 mycket
577 1169 84 21 säkrare
677 1169 53 20 skall
747 1169 79 27 kunna,
842 1169 26 27 på
880 1169 26 21 de
919 1169 68 21 finska

228 1202 91 21 militära
334 1203 97 27 lagarnas
446 1203 75 27 grund,
536 1203 49 21 leda
599 1203 156 27 förvaltningen
772 1203 22 21 af
809 1203 25 21 de
850 1203 68 21 finska
930 1206 57 24 trup-

228 1243 76 20 pernas
327 1237 177 27 angelägenheter
525 1238 39 20 och
579 1238 112 20 förbereda
707 1238 26 20 de
749 1238 101 25 ärenden,
865 1244 46 14 som
926 1238 60 20 skola

228 1271 32 20 till
282 1271 175 27 Krigsministern
479 1272 105 21 insändas.
614 1272 50 21 Men
688 1272 35 20 det
745 1272 39 20 bör
805 1272 54 21 dock
875 1272 69 20 såsom
960 1279 26 14 en

227 1305 111 27 möjlighet
352 1306 127 27 förutsättas,
494 1309 30 18 att
539 1306 103 28 Kejsaren
666 1306 69 28 någon
757 1306 57 28 gång
832 1306 66 21 funne
914 1307 72 20 anled-

228 1339 52 27 ning
288 1340 84 26 åtskilja
388 1340 25 21 de
429 1340 90 21 nämnda
531 1340 151 21 funktionerna
693 1341 39 20 och
743 1340 32 21 till
783 1340 203 21 öfverbefälhafvare

227 1373 33 21 för
275 1374 105 20 militären
396 1376 46 19 utse
458 1381 26 14 en
500 1382 71 13 annan
586 1381 76 21 person
679 1376 26 19 än
722 1374 232 28 Generalguvernören.

297 1408 31 20 På
343 1408 61 21 dessa
427 1409 45 20 skäl
493 1409 88 21 föreslår
596 1409 109 21 Utskottet
720 1409 93 27 följande
828 1409 82 26 lydelse
925 1409 33 21 för
974 1409 10 20 1

226 1448 64 15 mom.
306 1442 21 21 af
342 1443 12 26 &
372 1443 52 21 119:
456 1440 221 24 »Öfverbefälhafvare
692 1444 33 20 för
740 1443 26 21 de
782 1443 68 21 finska
871 1445 114 26 trupperna
