1092 1750
337 130 85 22 Ständ.
438 129 40 23 Sv.
494 143 28 2 —
536 130 49 23 Bil.
601 130 20 22 I.
801 131 27 20 49

168 198 128 21 Huruledes
312 198 37 21 det
364 198 100 21 militära
480 198 209 27 indelningsverket
704 198 55 21 efter
769 198 88 22 landets

99 232 105 27 förening
222 233 52 20 med
290 233 114 27 Ryssland
419 232 117 27 kvarstod,
552 240 54 14 men
621 233 127 21 rusthällen
765 233 44 21 och
824 240 34 14 ro-

98 269 74 24 tarna,
188 267 7 20 i
211 267 98 26 enlighet
325 267 52 21 med
393 267 140 21 Ständernas
548 267 40 21 vid
605 267 75 26 Borgä
696 267 109 27 landtdag
815 267 44 21 för-

100 301 54 27 slag,
175 301 124 21 tillsvidare
320 301 113 21 befriades
449 301 51 21 frän
522 301 158 27 skyldigheten
696 303 32 19 att
743 302 115 26 uppställa

100 335 87 21 militär
195 337 61 19 emot
264 337 32 19 att
306 335 27 21 de
344 335 33 21 till
386 336 90 20 kronan
488 335 75 21 erlade
573 336 25 20 sä
607 335 90 21 kallade
706 335 153 27 vakansafgif-

99 372 43 23 ter;
166 370 60 20 huru
249 369 70 21 indelt
337 369 85 21 militär
438 369 96 21 derefter
549 370 74 20 under
639 370 75 26 nägon
731 370 32 20 tid
777 370 60 20 varit
851 370 7 20 i

101 404 77 20 landet
201 404 117 26 uppstäld;
340 406 60 18 samt
416 404 105 26 slutligen
538 404 61 20 huru
615 404 28 20 de
659 404 29 27 pä
705 404 153 20 militiestaten

101 438 85 20 indelta
205 438 159 26 lägenheterna
381 437 140 21 fortfarande
537 437 112 22 förblifvit
665 438 85 26 dervid,
765 438 93 20 hvadan

101 472 7 21 i
128 472 182 27 jordeböckerna
333 473 63 20 ännu
419 472 28 21 de
470 473 76 26 gamla
568 472 195 27 anteckningarna
779 472 80 21 derom

102 506 94 21 kvarstå
211 507 43 20 och
270 506 84 21 indelta
370 506 123 21 hemmans
510 507 78 20 räntor
604 509 60 18 samt
675 507 184 20 militieboställs-

102 541 111 20 arrenden
234 540 69 27 jemte
325 541 210 26 vakansafgifterna
557 541 85 20 influtit
663 541 7 20 i
685 541 173 26 militiefonden,

102 576 40 20 äro
166 575 199 27 omständigheter,
389 575 35 21 för
445 575 79 21 hvilka
548 575 43 21 här
612 575 49 21 icke
685 575 109 21 behöfver
809 576 50 20 när-

103 616 63 14 mare
182 609 127 27 redogöras.

172 643 35 21 Dä
225 644 83 26 förslag
323 644 33 20 till
369 644 37 26 lag
421 650 39 14 om
476 644 86 20 allmän
579 644 127 27 värnepligt
721 644 38 21 vid
776 644 84 20 1877—

105 679 54 19 1878
174 678 37 20 ärs
226 678 108 26 landtdag
342 678 182 21 öfverlemnades
533 678 33 21 till
576 678 139 21 Ständernas
725 678 134 27 antagande,

103 712 85 21 skedde
214 712 59 21 detta
289 712 6 20 i
311 712 99 27 enlighet
426 713 53 20 med
495 712 224 27 Regeringsformens
735 712 124 27 stadgande

99 749 36 18 :att
158 747 126 20 Monarken
308 746 18 27 ej
351 747 37 20 mä
405 749 55 18 utan
477 746 138 22 Ständernas
632 747 117 27 samtycke
764 747 96 27 pälägga

104 781 163 21 undersätarne
289 781 75 26 nägon
381 781 163 27 militärtunga,
561 783 60 19 samt
636 783 32 19 att
683 781 178 27 indelningsver-

105 815 37 21 ket
158 815 46 20 kan
220 815 84 21 ändras
320 815 80 21 endast
416 815 25 21 af
454 816 129 20 Monarken
599 815 43 21 och
659 815 127 21 Ständerna
802 822 59 14 sam-

104 849 62 21 fäldt.
196 849 34 27 Ty
244 849 130 21 införandet
390 850 24 20 af
428 850 86 20 allmän
530 850 127 26 värnepligt
673 849 117 21 medförde
806 849 55 21 nöd-

105 883 128 27 vändigtvis
257 883 71 21 sädan
355 883 98 27 ändring
482 884 24 20 af
529 884 216 26 indelningsverket,
770 890 51 14 som
841 883 18 27 ej

105 918 77 20 kunde
205 918 111 26 företagas
340 920 55 18 utan
419 918 140 20 Ständernas
582 918 147 26 medverkan,
746 918 43 21 och
805 924 56 20 upp-

105 952 121 21 ställandet
246 952 25 20 af
284 952 110 26 krigsfolk
410 952 70 27 enligt
495 952 209 26 indelningsverket
719 952 77 20 kunde
812 952 49 20 icke

105 992 69 21 gerna
190 986 141 21 sammanstä
347 986 52 21 med
415 987 87 20 allmän
518 987 133 27 värnepligt.

175 1021 51 21 Men
242 1021 52 21 med
310 1021 130 21 införandet
456 1021 25 21 af
494 1021 87 21 allmän
597 1021 127 27 värnepligt
739 1021 6 20 i
762 1020 99 21 Finland

106 1055 120 27 upphörde
241 1055 50 21 icke
306 1055 210 27 indelningsverket
532 1055 6 21 i
555 1056 35 20 sin
607 1056 83 20 helhet.
707 1055 154 27 Stadgandet
848 1051 16 35 i

104 1091 13 25 $
138 1090 12 20 2
166 1090 25 20 af
204 1089 209 27 Värnepligtslagen
436 1092 38 24 att,
491 1090 25 20 sä
533 1090 66 26 länge
615 1090 89 20 landets
719 1089 142 21 härväsende

105 1125 25 19 är
147 1124 98 20 ordnadt
263 1124 29 27 pä
308 1124 141 26 grundvalen
466 1124 25 20 af
505 1124 87 20 allmän
608 1124 133 27 värnepligt,
757 1123 105 27 samtliga

104 1158 97 21 rusthäll
214 1158 43 21 och
271 1160 61 19 rotar
342 1159 40 20 äro
398 1158 120 21 frikallade
531 1158 51 21 frän
594 1158 158 27 skyldigheten
763 1160 33 19 att
806 1164 56 21 upp-

105 1192 66 21 ställa
187 1192 110 27 krigsfolk
312 1192 70 27 enligt
396 1192 217 27 indelningsverket,
630 1193 119 20 äfvensom
765 1192 98 21 bestäm-

105 1227 85 26 ningen
212 1227 6 20 i
240 1227 14 26 &
277 1227 47 26 122,
348 1229 31 18 att
402 1227 179 20 militiefondens
596 1227 132 27 disponibla
743 1226 120 27 tillgångar

105 1261 56 20 böra
184 1261 119 20 användas
325 1261 33 20 till
374 1263 138 25 truppernas
528 1261 131 26 utrustning
675 1261 43 20 och
734 1260 128 26 underhäll,

104 1295 112 20 innebära
226 1295 122 25 nämligen,
357 1297 32 18 att
397 1295 210 26 indelningsverket
618 1300 81 21 genom
711 1294 152 27 Värnepligts-

105 1329 66 26 lagen
195 1328 49 21 icke
266 1328 112 21 definitivt
401 1329 117 27 upphäfts,
536 1331 56 19 utan
605 1329 81 20 endast
702 1328 161 28 suspenderats

105 1363 45 20 och
163 1362 85 28 jemväl
264 1363 60 21 detta
340 1363 58 21 blott
414 1363 35 20 för
465 1363 25 21 sä
505 1363 49 21 vidt
569 1363 37 21 det
621 1363 71 26 gäller
705 1362 158 28 skyldigheten

105 1399 32 18 att
160 1397 114 27 uppställa
293 1397 118 26 krigsfolk,
427 1397 120 21 hvaremot
563 1396 37 21 det
617 1397 124 26 kamerala,
756 1397 34 20 till
807 1396 57 20 mili-

105 1431 140 21 tieväsendet
267 1431 103 21 hörande
392 1431 211 27 indelningsverket
616 1431 110 21 förblifvit
741 1430 122 22 orubbadt.

783 1476 12 17 4
