1073 1784
334 413 199 19 Rättelser:

126 470 40 18 Sid.
184 470 28 22 26,
231 470 36 17 rad
284 470 20 17 21
324 469 102 24 uppifrån,
439 470 51 18 står:
504 470 73 18 befäls-
591 471 35 17 och
640 470 174 24 kommandomäl;

57 499 37 17 bör
106 505 58 12 vara:
177 499 74 18 befäls-
264 499 48 18 eller
324 499 168 18 kommandomål.

127 521 17 24 Å
157 527 36 18 sid.
207 527 27 23 68,
248 527 36 18 rad
296 527 10 17 2
319 527 101 24 uppifrån,
434 528 36 17 bör
482 528 39 17 den
534 528 87 23 mening,
635 533 44 13 som
691 528 68 23 börjar
768 528 46 18 med

57 556 63 18 orden
134 557 48 22 ,Att
194 556 78 20 äfven",
286 556 42 18 helt
340 556 38 18 och
390 556 64 18 hållet
466 556 54 24 utgå.

126 585 40 18 Sid.
179 585 27 22 92,
220 585 36 17 rad
268 585 10 17 3
292 585 36 18 och
342 585 94 23 följande,
450 585 50 18 står:
514 585 75 18 Vidare
601 585 36 18 bör
650 585 89 18 märkas:
749 585 66 23 krigs-

58 613 116 19 ministerns
188 614 104 17 uttalande
305 616 30 15 att
346 614 60 23 lagen
420 619 46 12 vore
476 616 30 16 att
516 614 93 17 betrakta
617 613 67 19 såsom
693 620 25 12 en
728 617 87 20 ,tempo-

58 643 43 17 rär"
122 643 34 22 lag
175 642 65 18 måste
257 645 85 20 antagas
354 643 85 17 härröra
452 642 45 18 från
510 643 120 18 ständernas
643 643 171 21 svarsskrifvelse,

58 674 23 20 ty
93 671 6 18 i
115 673 95 16 senatens
223 671 139 23 underdåniga
375 671 121 18 hemställan
509 671 52 18 talas
574 671 71 18 härom
657 672 61 22 intet;
727 677 45 12 men
781 677 32 12 om

59 699 165 24 krigsministern
240 699 85 19 sålunda
338 699 45 18 haft
396 700 120 18 ständernas
530 705 47 12 svar
590 699 66 18 såsom
669 700 53 17 källa
735 700 31 17 för
779 700 36 18 sitt

59 728 111 21 uttalande,
191 728 25 18 då
234 728 38 17 har
290 728 40 18 han
349 728 37 18 ock
399 731 45 18 sett,
458 731 30 15 att
501 729 88 18 revision
603 729 16 22 ej
633 729 79 17 kunnat
725 728 90 23 försiggå

59 759 50 15 utan
122 757 120 18 ständernas
256 757 108 24 samtycke.
372 767 21 2 —
401 757 41 18 Bör
454 763 58 12 vara:
523 757 74 18 Vidare
606 758 36 17 bör
650 757 91 18 märkas:
751 757 64 24 krigs-

59 785 119 18 ministerns
197 786 105 17 uttalande
314 789 30 14 att
356 786 60 23 lagen
429 792 49 12 vore
490 789 30 15 att
534 786 90 18 betrakta
637 786 67 18 såsom
717 792 24 12 en
755 789 60 20 ,tem-

59 814 71 23 porär"
144 814 34 23 lag
190 814 72 18 härrör
275 814 44 18 från
333 815 205 18 statssekretariatets
551 815 108 18 skrifvelse
671 815 23 17 af
701 815 38 18 den
749 815 20 17 14
776 814 40 24 juli

60 843 44 17 1878
118 842 35 18 N:o
167 843 38 18 512,
218 843 84 18 hvilken
314 847 74 14 nästan
402 843 110 23 ordagrant
524 843 111 24 återgifver
647 843 120 18 ständernas
781 849 35 12 an-

61 871 67 18 hållan
141 874 30 15 att
183 871 58 18 Hans
254 872 111 24 Kejserliga
374 872 96 24 Majestät
478 873 55 17 inom
543 872 28 18 tio
579 871 22 18 år
608 873 47 17 eller
663 872 84 24 tidigare
754 871 62 19 måtte

60 900 104 24 förelägga
176 901 109 17 ständerna
298 901 126 23 proposition
436 908 34 11 om
482 901 76 18 sådana
571 901 144 23 förändringar
726 901 7 17 i
745 904 71 15 värne-

59 929 128 23 pliktslagen,
200 935 44 12 som
257 930 141 18 erfarenheten
411 930 55 18 visat
478 936 49 12 vara
539 930 135 23 nödvändiga.
699 930 10 17 I
721 932 95 16 senatens

61 958 141 23 underdåniga
220 958 121 18 hemställan
360 958 47 21 åter,
427 958 83 19 hvilken
528 959 62 18 äfven
608 964 72 18 genom
693 958 123 24 nyssnämda

60 987 109 18 skrifvelse
190 987 78 23 delgafs
288 987 168 23 krigsministern,
476 988 133 18 förekommer
622 988 70 17 härom
705 988 56 17 intet.
786 986 31 19 Då

62 1015 162 23 krigsministern
243 1015 91 23 sålunda,
351 1022 33 12 om
396 1016 37 18 ock
447 1016 52 18 blott
510 1016 117 22 medelbart,
639 1016 46 18 haft
697 1016 119 18 ständernas

62 1050 48 12 svar
123 1044 67 18 såsom
203 1044 53 18 källa
269 1044 32 18 för
314 1045 36 17 sitt
362 1045 112 22 uttalande,
487 1044 25 18 då
524 1045 37 17 har
573 1045 40 17 han
627 1045 36 17 ock
672 1047 45 20 sett,
727 1047 30 15 att
766 1045 51 17 revi-

61 1072 45 19 sion
120 1073 17 23 ej
151 1073 79 18 kunnat
244 1073 90 23 försiggå
347 1076 49 15 utan
409 1074 121 17 ständernas
544 1074 107 23 samtycke.

130 1102 39 18 Sid.
185 1102 37 18 120,
236 1102 36 18 rad
286 1103 20 17 10
319 1102 99 21 nedifrån,
428 1102 52 18 står:
490 1102 102 22 enskilda;
602 1102 36 18 bör
648 1109 54 12 vara:
712 1102 104 18 särskilda.

132 1497 148 22 Lagutskottets
294 1497 122 18 betänkande.
