1086 1750
414 125 21 22 U.
452 126 21 21 B.
766 127 26 19 63

134 194 34 21 Af
181 194 62 21 älder
257 194 41 21 har
313 195 8 20 i
336 196 40 20 vär
391 196 45 19 rätt
451 195 54 27 gält,
521 196 33 20 att
570 194 86 22 skatter
667 194 19 28 ej
699 194 77 21 kunna
784 195 38 27 pä-

66 228 79 28 läggas
168 228 71 21 folket
262 231 55 19 utan
340 228 50 22 dess
406 229 122 28 samtycke.
557 228 130 28 Byggande
704 230 30 26 pä
752 228 70 21 sedan

66 262 108 28 gammalt
189 262 105 28 gällande
309 263 152 28 grundsatser,
473 263 109 28 stadgade
592 262 141 28 landslagen,
742 264 34 20 att
784 262 38 22 ko-

66 304 94 21 nungen
176 297 56 28 egde
248 297 53 21 räda
317 297 64 21 öfver
396 297 99 21 kronans
510 297 57 28 gods
583 296 43 22 och
642 296 50 22 dess
708 299 44 19 rätt
768 296 54 22 iall-

66 331 98 26 mänhet,
180 331 80 21 medan
278 331 118 29 allmogen,
408 338 62 19 ,som
486 331 33 21 aff
532 331 62 21 ålder
609 331 87 21 hafwer
706 332 65 20 warit
780 330 42 22 och

67 368 29 18 än
112 369 24 18 är
151 366 200 28 skattskyllogher,
366 366 70 28 ägher
447 366 43 21 och
499 366 47 21 skal
555 366 44 21 alla
606 354 98 43 Ährliga
713 366 52 28 laga
773 366 49 21 uth-

67 400 92 28 skylder
174 401 47 20 sina
237 400 116 28 Konunge
368 400 72 22 sinom
448 400 71 28 gifwa
527 400 42 22 och
578 400 98 28 uthgöra
684 400 68 21 medh
760 400 63 28 godh

67 435 66 26 wilia,
142 434 70 22 uthan
221 434 43 21 alla
272 435 94 28 trydsko
374 434 75 29 flyttia
457 434 43 23 och
508 435 50 22 föra
566 434 66 22 effter
640 434 112 29 Konungs
763 434 59 22 wilia

68 469 43 21 och
126 469 77 21 sielffri
226 469 63 21 thera
304 469 75 21 Rätt".
410 469 52 22 Med
485 470 28 21 de
528 469 125 22 inkomster
668 469 67 28 lagen
754 469 69 22 tiller-

68 503 74 21 kände
150 503 123 28 konungen
281 503 58 22 hade
348 504 44 21 han
401 507 33 18 att
442 504 154 28 upprätthålla
601 504 70 21 rikets
683 503 92 28 styrelse
785 503 38 22 och

68 537 98 22 bestrida
175 538 47 21 sina
231 545 57 21 egna
299 539 129 28 personliga
438 538 102 29 utgifter.
565 539 51 20 Han
624 538 58 28 egde
690 538 50 21 icke
748 537 26 22 af
780 538 43 21 fol-

69 572 38 21 ket
122 572 77 22 fordra
213 573 132 28 ytterligare
361 573 86 28 bidrag,
463 573 43 21 och
521 576 61 18 ännu
597 573 88 21 mindre
693 573 77 21 kunde
778 572 46 22 han

69 607 155 28 egenmäktigt
240 607 97 28 pälägga
352 608 38 20 sitt
406 607 53 21 land
474 615 31 21 ny
514 610 78 25 tunga.
616 607 35 28 Ty
661 609 116 26 gentemot
785 607 39 21 ko-

69 648 104 21 nungens
181 644 44 18 rätt
241 644 32 18 att
281 642 102 28 uppbära
391 642 27 21 de
427 642 75 28 gamla
510 642 116 21 skatterna
634 641 51 22 stod
696 641 84 22 folkets
788 649 36 13 ur-

70 676 74 27 gamla
159 676 257 28 själfbeskattningsrätt
431 678 21 26 (4
468 676 43 22 och
527 679 12 18 5
555 676 219 28 kap.ilandslagens
785 676 39 21 ko-

69 710 146 28 nungabalk).
231 710 83 22 Därför
323 710 56 28 egde
388 710 45 22 han
439 711 68 21 också
515 711 80 21 endast
603 711 52 21 isex
663 710 27 22 af
695 710 67 28 lagen
768 718 56 21 upp-

69 744 99 22 räknade
174 744 169 28 undantagsfall
349 745 54 21 äska
410 745 126 28 bevillning
542 745 25 21 af
573 745 120 28 allmogen,
699 752 51 14 men
756 745 68 21 också

69 779 7 20 i
85 778 64 22 dessa
157 779 41 21 fall
206 778 141 22 erfordrades
355 779 84 21 folkets
448 780 70 25 bifall,
524 780 159 28 landskapsvis
692 779 132 21 inhämtadt.

69 806 168 28 Århundraden
252 813 113 28 förgingo,
381 814 69 21 innan
465 814 236 28 beskattningsrätten
712 814 48 21 blef
766 813 58 21 före-

70 847 44 21 mål
130 847 35 21 för
180 855 31 20 ny
222 847 148 29 formulering
379 848 59 28 ilag.
461 848 35 21 De
504 848 153 28 grundsatser,
666 855 48 14 som
723 848 101 28 antydts,

70 882 155 20 modifierades
249 882 147 28 småningom,
420 890 36 13 om
479 882 27 22 de
530 882 47 28 ocki
591 882 97 22 fortforo
704 882 42 22 och
763 885 61 18 ännu

71 916 95 21 fortfara
181 918 32 19 att
228 916 7 20 i
250 916 130 21 hufvudsak
396 917 59 27 gälla
466 917 71 28 enligt
552 917 137 28 stadgandet
699 917 7 21 i
718 919 11 19 5
738 917 13 28 8
760 916 26 22 af
792 924 33 14 re-

71 950 181 29 geringsformen
275 952 32 19 att
329 950 124 28 konungen
476 958 54 21 eger
544 954 64 26 styra
630 951 43 21 och
692 951 53 21 räda
760 951 65 21 öfver

71 985 30 21 all
117 985 34 21 sin
167 984 42 22 och
224 985 98 21 kronans
344 988 45 18 rätt
405 986 71 28 enligt
492 986 133 28 landslagen
641 986 43 21 och
698 986 127 28 regerings-

71 1018 94 22 formen.
195 1020 52 20 Den
261 1020 179 28 privaträttsliga
457 1020 179 28 uppfattningen
651 1020 26 21 af
690 1020 135 21 monarkens

71 1056 45 18 rätt
131 1053 40 21 har
186 1054 58 21 vikit
259 1054 36 21 för
309 1054 99 21 insikten
424 1062 37 13 om
476 1056 33 19 att
524 1054 99 22 kronans
639 1054 123 22 inkomster
770 1054 56 21 höra

71 1088 115 21 användas
194 1088 35 21 till
237 1088 87 21 landets
333 1096 61 20 gagn
403 1088 42 22 och
453 1088 65 22 bästa
526 1090 36 26 (50
570 1089 14 28 8
592 1089 8 21 i
608 1088 218 29 regeringsformen;

71 1124 26 18 27
107 1122 14 28 S
129 1122 7 21 i
145 1122 262 29 landtdagsordningen).
431 1123 161 28 Uppkommen
602 1123 70 21 redan
680 1123 71 21 under
762 1124 64 20 1600-

71 1156 62 26 talet,
148 1156 71 29 gäller
234 1157 140 22 fortfarande
390 1158 45 21 den
443 1158 64 28 i248
519 1158 25 21 af
552 1157 207 29 regeringsformen
767 1156 59 22 stad-

71 1191 58 28 gade
146 1191 157 28 grundsatsen,
319 1194 32 19 att
367 1199 28 14 en
411 1192 57 28 årlig
485 1195 77 23 ,stat*,
574 1192 146 28 upptagande
728 1192 98 21 kronans

72 1225 123 22 inkomster
211 1225 42 22 och
261 1226 101 28 utgifter,
371 1227 57 20 skall
437 1229 114 26 uppgöras
560 1227 43 20 och
611 1228 33 19 att
655 1227 61 20 detta
725 1225 101 22 statsför-

72 1259 49 28 slag
132 1260 55 25 icke,
196 1263 63 18 utom
268 1261 6 20 i
283 1261 176 28 undantagsfall,
468 1261 35 21 får
512 1261 159 21 öfverskridas.
694 1261 84 21 Vidare
786 1260 41 21 har

71 1294 123 21 monarken
211 1295 69 20 redan
295 1295 64 28 långt
375 1295 49 21 före
446 1295 140 21 tillkomsten
604 1295 26 21 af
644 1297 54 18 1772
715 1297 34 19 års
765 1301 62 21 rege-

72 1328 122 28 ringsform
210 1332 84 18 ansetts
310 1329 146 22 oförhindrad
473 1332 33 18 att
522 1330 68 21 också
598 1330 7 20 i
614 1330 70 20 andra
692 1330 40 20 fall
747 1332 29 18 än
784 1329 44 21 dei

72 1362 133 29 landslagen
220 1363 148 28 uppräknade
384 1364 201 28 undantagsfallen
601 1364 55 20 äska
672 1364 124 27 bevillning
804 1362 26 22 af

71 1396 79 22 folket.
181 1397 113 28 Slutligen
310 1400 24 18 är
349 1398 38 20 det
402 1405 95 14 numera
513 1398 79 21 endast
607 1398 88 21 landets
710 1398 34 20 till
755 1397 72 21 landt-

141 1442 140 23 Lagutskottets
294 1443 120 17 betänlkande.
