1092 1764
261 133 41 20 130
540 131 85 23 Ständ.
642 131 39 23 Sv.

300 203 120 23 Häremot
441 204 50 21 kan
515 204 54 21 icke
594 204 79 21 heller
690 203 133 27 invändas,
846 204 35 21 att
899 204 88 28 grefve

229 238 108 28 Miljutin
356 238 59 28 hyst
434 238 48 22 den
501 238 7 21 i
527 238 253 28 komitöprotokollen
795 238 192 22 framträdande

230 272 108 29 äsigten,
348 274 35 20 att
394 272 47 22 alla
453 272 79 23 andra
542 272 73 29 lagar
625 274 68 20 utom
703 272 191 29 grundlagarna
901 272 85 22 kunde

231 306 25 22 af
275 306 138 22 Monarken
432 307 93 21 ändras
544 308 61 20 utan
627 306 154 22 Ständernas
798 307 141 28 samtycke;
960 310 27 24 ty

230 343 68 19 utom
319 343 35 20 att
372 341 84 22 denna
469 341 159 29 invändning
639 341 166 29 vederlägges
816 348 91 22 genom
917 348 70 22 nyss-

231 375 107 22 anförda
357 376 53 25 ord,
431 376 28 21 är
478 376 42 22 det
539 377 35 21 ett
592 375 97 22 faktum
709 377 35 20 att
762 375 225 29 ifrågavarande,
973 371 18 37 i

230 410 32 22 de
282 410 76 28 ryska
378 410 252 28 komitöprotokollen
649 410 150 22 framhällna
819 410 101 29 mening
933 410 54 22 icke

230 444 112 22 förefans
370 444 33 28 pä
432 444 90 29 Kejsar
547 444 145 22 Alexander
711 444 46 22 II:s
776 444 49 27 tid;
845 444 49 22 den
913 444 74 23 fram-

230 479 90 22 trädde
347 479 63 21 först
437 479 71 29 längt
535 486 97 15 senare.
665 478 91 23 Grefve
781 479 107 29 Miljutin
907 480 80 21 mäste

232 513 71 22 alltsä
322 513 78 22 hafva
425 514 65 22 varit
512 514 181 28 underkunnig
711 520 48 19 om,
780 515 36 20 att
834 514 153 22 Monarkens

231 548 159 22 stadfästelse
410 548 14 21 ä
443 548 237 29 Värnepligtslagen
699 548 66 22 hade
784 548 36 22 till
834 548 104 26 verkan,
951 549 36 21 att

231 582 49 22 den
308 589 50 22 nya
387 582 75 29 lagen
486 583 21 28 ej
532 582 85 22 kunde
638 582 93 22 ändras
750 584 60 20 utan
832 582 154 22 Ständernas

231 614 72 24 bifall
331 617 45 21 och
403 617 141 28 samtycke;
574 617 45 22 och
648 617 43 21 vid
716 617 91 21 sådant
828 617 158 22 förhållande

231 651 79 22 måste
334 651 42 22 det
398 651 38 22 för
458 651 106 29 grefven
587 651 78 22 hafva
684 652 66 21 varit
769 658 30 15 en
820 651 45 22 sak
885 652 25 21 af
927 652 60 28 jem-

230 685 132 22 förelsevis
382 686 179 22 underordnad
581 686 138 28 betydelse,
739 692 39 16 om
797 686 74 28 lagen
891 692 46 16 var
955 692 31 16 en

231 722 37 20 tre
288 720 87 22 stånds
395 720 59 22 eller
474 727 30 15 en
522 720 57 28 fyra
599 720 87 22 stånds
705 720 80 29 fråga.

300 755 23 21 5.
353 754 247 29 Krigsministern
615 755 108 28 grefve
737 755 148 28 Miljutins
899 754 87 22 skrif-

231 788 81 22 velse
341 788 28 22 af
396 789 54 22 den
478 790 33 21 31
532 789 60 22 Juli
622 789 76 22 1878
717 789 109 29 gifver,
847 790 138 21 närmare

230 823 168 28 granskad,
422 824 64 21 icke
511 824 48 22 det
579 824 83 25 stöd,
683 830 61 16 som
764 830 66 15 man
850 825 73 21 trott
942 824 47 28 sig

230 857 83 22 finna
336 858 8 21 i
372 858 180 26 densamma,
574 858 47 22 för
641 858 187 28 antagandet
847 860 42 20 att
907 858 83 29 gref-

231 898 55 15 ven
312 894 100 20 ansett
435 892 293 29 Värnepligtslagen
748 899 73 15 vara
841 899 35 15 en
896 893 92 21 sådan

230 926 62 28 lag,
328 933 60 15 som
419 927 96 22 kunde
548 927 112 22 ändras
691 928 72 20 utan
801 926 187 23 Ständernas

231 961 156 27 samtycke.

303 994 154 23 Skrifvelsen
476 995 46 22 har
540 995 127 29 nämligen
685 995 112 29 följande
816 995 109 28 lydelse:

304 1029 59 22 »Till
392 1030 120 28 åtlydnad
542 1030 25 21 af
594 1030 72 21 Hans
695 1030 142 28 Kejserliga
856 1030 133 28 Majestäts

230 1063 95 29 nådiga
350 1064 138 28 befallning
512 1064 46 22 och
584 1064 83 22 såsom
692 1070 59 16 svar
773 1064 14 21 å
809 1064 180 22 Statssekreta-

230 1098 87 22 riatets
345 1098 132 22 skrifvelse
505 1098 25 22 af
557 1098 49 22 den
635 1099 32 21 14
696 1098 50 22 Juli
765 1098 174 22 innevarande
959 1098 29 22 år

229 1132 48 22 N:o
296 1132 58 26 512,
375 1133 46 21 har
439 1134 44 28 jag
502 1134 62 20 äran
582 1133 148 21 underrätta
750 1132 81 23 Eders
845 1132 140 27 Excellens,

231 1168 36 20 att
296 1166 248 29 Krigsministerium,
572 1174 59 15 ense
659 1167 57 22 med
745 1166 110 23 Senaten
874 1167 39 22 för
931 1167 56 22 Fin-

229 1200 61 23 land
309 1201 160 23 beträffande
488 1202 71 21 såväl
578 1202 42 21 det
639 1201 126 22 allmänna
776 1201 126 22 omdömet
915 1202 72 21 öfver

230 1235 50 22 den
300 1235 25 22 af
345 1235 240 23 Storfurstendömet
606 1236 121 22 Finlands
748 1235 108 23 Ständer
875 1237 111 28 antagna

230 1269 246 30 Värnepligtslagen,
506 1277 52 15 som
587 1271 46 22 ock
661 1271 31 21 de
720 1270 126 22 särskilda
866 1270 55 22 skäl
939 1270 47 22 och

229 1304 115 27 motiver,
364 1305 32 28 på
415 1305 86 22 hvilka
522 1304 109 23 Senaten
651 1306 82 21 ansett
751 1305 42 22 det
813 1311 62 15 vara
888 1305 99 28 möjligt

230 1339 36 21 att
294 1338 86 23 bifalla
408 1339 35 22 till
471 1339 30 22 de
526 1339 26 22 af
572 1339 141 22 Ständerna
732 1339 92 29 gjorda
844 1339 142 28 väsentliga

230 1372 142 29 ändringar
395 1373 7 22 i
421 1373 79 29 några
519 1373 246 29 grundstadganden
785 1373 26 22 af
829 1373 43 22 det
889 1373 97 29 förslag

230 1407 36 21 till
288 1407 255 30 värnepligtsstadga,
568 1414 54 16 som
643 1408 33 28 på
695 1408 78 28 nådig
792 1407 141 29 befallning
951 1408 35 21 öf-

230 1441 152 22 verlemnats
402 1442 35 21 till
455 1442 169 29 landtdagens
643 1442 166 29 granskning,
831 1441 54 23 icke
903 1441 83 23 finner
