1089 1750
269 127 27 19 50
587 126 22 23 U.
627 127 22 21 B.

308 194 68 22 Hvad
399 197 47 19 äter
464 196 55 28 rysk
539 196 146 28 lagstiftning
700 195 114 25 beträffar,
830 194 112 29 förtjänar
958 194 38 22 det

240 231 33 19 att
292 229 122 21 antecknas
435 232 33 19 att
483 230 215 22 storfurstendömet
712 229 108 22 Finlands
836 229 161 28 statsrättsliga

240 264 109 27 ställning
364 264 60 21 inom
440 264 38 22 det
492 264 71 28 ryska
582 265 60 21 riket
657 264 132 22 förutsättes
805 265 74 20 säsom
895 263 79 29 gifven
989 264 8 20 i

240 298 126 28 Rysslands
382 298 144 29 grundlagar,
543 299 78 21 hvilka
636 299 7 21 i
658 299 66 28 fräga
735 306 36 14 om
782 298 141 28 tronföljden
933 298 62 21 inne-

240 332 60 21 hälla
320 332 144 28 stadgandet:
488 333 65 26 ,Med
577 333 45 21 den
636 333 122 29 kejserliga
773 332 69 29 ryska
857 335 82 19 tronen
955 335 39 19 äro

241 366 143 28 oskiljaktigt
398 367 108 22 förenade
521 368 169 28 konungariket
703 368 84 21 Polens
799 366 42 22 och
852 366 144 22 storfursten-

240 401 76 21 dömet
337 400 109 23 Finlands
468 404 91 19 troner*
589 402 135 28 (Rysslands
747 402 114 20 allmänna
882 400 114 29 lagkodex

240 435 62 21 Tom.
318 435 12 20 I
346 437 39 18 art.
401 437 28 26 4).
460 436 48 21 Och
523 436 8 21 i
547 436 101 28 enlighet
667 436 94 21 härmed
776 435 41 22 har
832 435 7 21 i
854 435 45 21 den
915 435 81 28 lagter-

240 469 114 28 minologi,
370 477 48 14 som
433 470 97 22 utbildat
545 471 36 28 sig
596 471 6 20 i
618 471 121 28 Ryssland,
756 470 6 21 i
779 470 124 21 allmänhet
919 477 28 14 en
958 469 36 22 be-

238 504 118 28 greppslig
371 505 113 21 ätskilnad
498 505 62 28 gjort
571 505 35 28 sig
616 505 106 28 gällande
733 505 96 22 emellan
840 504 155 28 kejsardömet

239 538 114 28 Ryssland
377 539 43 21 och
442 539 213 22 storfurstendömet
677 539 98 22 Finland
798 541 56 19 samt
871 539 39 20 det
925 538 69 29 ryska

240 572 64 26 riket,
321 573 117 22 äfvensom
457 573 83 22 mellan
555 574 69 28 ryske
639 574 135 22 undersåtar
789 575 13 19 å
817 581 43 13 ena
875 573 64 22 sidan
954 573 43 21 och

239 607 73 22 finske
334 608 134 22 undersätar
485 610 30 26 pä
531 608 44 22 den
591 609 76 21 andra.
699 608 102 22 Sälunda
815 611 94 18 nämnes
924 615 72 14 exem-

239 642 72 28 pelvis
327 642 7 21 i
350 644 56 20 1864
428 644 35 20 ärs
486 643 69 28 ryska
577 643 38 28 lag
638 643 118 29 angäende
777 643 154 21 domstolarna
946 644 49 26 (art.

241 677 49 27 189)
305 676 152 28 kejsardömet
473 678 7 20 i
494 680 95 19 motsats
609 678 34 21 till
663 677 215 22 storfurstendömet
900 676 97 22 Finland

238 713 58 19 samt
310 711 124 22 tsardömet
448 712 78 26 Polen,
542 712 43 22 och
600 712 7 21 i
622 712 161 22 motsvarande
803 712 81 20 artikel
901 711 25 21 af
941 713 55 19 1883

238 747 35 19 års
296 745 107 22 officiella
425 746 84 22 edition
531 746 26 22 af
577 747 70 28 sagda
669 747 38 28 lag
725 747 42 21 har
782 746 126 21 tsardömet
923 746 73 21 Polen

238 780 154 26 bortlämnats,
408 783 24 19 sä
448 783 32 19 att
495 781 80 21 endast
590 781 215 22 storfurstendömet
819 780 100 22 Finland
930 780 65 21 kvar-

237 816 46 19 står
306 816 73 20 såsom
397 817 92 19 motsats
508 816 35 20 till
557 816 159 28 kejsardömet.
747 815 127 22 Enahanda
892 818 24 18 är
931 814 64 22 fallet

237 848 51 22 med
305 851 54 19 1267
376 850 42 20 och
434 852 55 19 1268
504 850 123 22 artiklarna
642 851 7 20 i
664 850 69 28 ryska
745 849 216 29 civilprocesslagen
972 848 26 22 af

237 884 25 20 år
278 885 56 19 1864
356 886 57 18 samt
435 884 158 22 motsvarande
613 884 93 22 artiklar
721 885 7 21 i
745 886 56 19 1883
818 886 35 18 års
870 884 86 20 edition
971 883 27 21 af

238 924 83 14 samma
336 918 44 28 lag,
398 918 117 22 äfvensom
529 919 52 21 med
597 921 41 19 216
655 921 39 19 art.
710 919 6 21 i
727 918 269 28 kriminalprocesslagen

238 951 25 21 af
276 954 24 18 år
317 954 61 19 1864.
408 952 12 21 I
436 955 40 19 183
498 955 40 19 art.
555 953 25 21 af
594 955 55 19 1845
673 955 34 19 års
724 953 71 28 ryska
811 952 105 28 strafflag
931 954 65 26 säges

238 988 54 23 åter,
308 988 33 19 att
364 986 50 22 dess
436 986 169 29 bestämningar
623 988 61 28 gälla
700 987 70 29 ryske
785 986 135 22 undersåtar
935 986 62 22 inom

238 1020 39 21 det
299 1021 69 28 ryska
391 1022 168 21 statsområdets
581 1025 94 25 gränser
694 1022 52 21 med
763 1021 119 28 undantag
897 1021 26 21 af
936 1021 60 21 vissa

238 1054 168 22 landområden.
436 1056 36 21 Då
489 1056 97 22 Finland
602 1056 20 28 ej
639 1057 132 27 uppräknas
789 1056 68 21 bland
873 1056 65 21 dessa
954 1055 42 21 och

238 1088 99 22 afsikten
352 1089 50 22 icke
417 1097 47 19 var,
480 1092 32 19 att
526 1090 79 28 lagens
620 1090 107 29 giltighet
738 1090 75 22 skulle
823 1090 127 21 utsträckas
962 1090 35 20 till

239 1123 61 21 detta
319 1124 60 25 land,
395 1125 25 20 så
435 1124 74 28 gifver
527 1124 69 22 äfven
611 1125 75 21 denna
701 1124 171 28 omständighet
888 1124 38 21 vid
941 1124 54 21 han-

238 1157 45 22 den
298 1160 34 19 att
346 1158 97 21 Finland
459 1158 19 29 ej
495 1158 124 22 betraktats
635 1161 73 20 såsom
720 1166 29 14 en
760 1158 38 22 del
809 1158 25 21 af
842 1157 154 29 kejsardömet

237 1191 122 29 Ryssland.

307 1221 78 27 Äfven
400 1227 70 22 finskt
485 1227 163 29 undersåtskap
667 1227 136 22 förutsättes
818 1227 156 28 uttryckligen
989 1227 8 20 i

240 1260 44 21 den
299 1261 69 28 ryska
383 1261 180 28 lagstiftningen.
593 1262 12 21 I
619 1262 81 21 sådant
715 1261 109 22 afseende
834 1261 46 21 kan
891 1261 105 21 hänvisas

238 1295 34 20 till
288 1295 127 27 Rysslands
431 1296 113 20 allmänna
554 1296 119 27 lagkodex,
685 1296 63 21 Tom.
761 1295 43 25 IX,
815 1295 82 28 tillägg
908 1295 34 20 till
956 1297 40 19 art.

239 1330 41 19 556
300 1336 58 14 anm.
377 1331 18 23 1,
412 1330 39 20 där
470 1330 37 20 det
523 1330 98 27 stadgas,
637 1332 33 18 att
685 1330 7 20 i
707 1330 62 21 vissa
785 1329 41 21 fall
842 1329 155 28 ansökningar

240 1370 37 14 om
292 1363 140 29 inskrifning
446 1364 8 20 i
463 1364 97 21 Finland
571 1364 50 21 icke
631 1366 127 26 emottagas
770 1364 37 20 för
817 1363 57 21 barn
884 1364 34 20 till
929 1363 68 28 ryske

237 1397 101 21 soldater
353 1398 43 21 och
415 1400 115 24 matroser,
546 1406 48 13 som
609 1398 82 28 själfve
706 1398 112 22 förblifva
834 1397 163 28 kejsardömets

307 1444 141 22 Lagutskottets
462 1444 119 17 betänkande.
