1092 1759
263 130 28 20 84
466 129 85 23 Ständ.
567 129 38 23 Sv.
622 142 28 2 —
666 129 47 23 Bil.
729 129 33 23 II.

235 199 90 25 utgöres
347 198 70 21 första
439 199 118 20 instansen
574 198 35 21 för
624 198 171 27 handläggning
811 198 25 21 af
849 199 146 27 värnepligts-

235 232 100 21 ärenden
359 232 7 21 i
390 233 99 20 Finland
513 233 25 20 af
554 233 216 27 uppbädsnämden,
786 233 94 21 hvilken
896 233 99 20 funktio-

235 273 76 14 nerar:
328 267 73 21 under
416 267 62 21 tiden
495 267 98 21 emellan
609 267 124 27 uppbäden
749 273 82 21 genom
848 268 44 20 den
908 268 25 20 sä
950 267 45 20 kal-

235 301 51 20 lade
303 301 104 27 ständiga
423 302 65 20 delen
505 301 25 21 af
543 302 101 20 nämden
661 302 44 20 och
718 302 37 20 vid
769 302 226 26 uppbädstillfällena

236 335 76 21 såsom
329 336 108 20 förstärkt
453 336 186 27 uppbädsnämd.
672 336 8 20 1
698 336 27 20 de
741 336 89 20 mindre
847 336 67 20 länen
934 338 61 18 utses

235 369 82 21 endast
339 376 27 14 en
386 370 190 27 upphbädsnämd,
592 370 94 20 hvilken
712 370 88 21 således
823 372 25 18 är
863 376 131 20 gemensam

235 403 36 21 för
293 404 105 26 samtliga
421 404 219 28 uppbädsomräden
664 404 63 21 inom
750 405 67 25 länet,
833 405 120 20 hvaremot
967 404 28 20 de

236 439 70 19 större
328 438 68 21 länen
410 440 41 19 äro
468 438 115 21 fördelade
599 438 6 20 i
622 438 37 21 tvä
676 439 93 26 kretsar,
786 439 34 20 för
836 439 79 20 hvilka
930 439 65 20 hvar-

235 472 55 20 dera
311 479 27 14 en
358 473 180 27 upphbädsnämd
553 473 110 20 tillsättes.
695 473 225 27 Uppbädsnämdens
936 474 59 19 stän-

235 506 53 27 diga
311 507 36 20 del
366 508 91 26 utgöres
479 508 24 20 af
520 514 33 14 em
565 507 51 21 utaf
629 507 97 21 Senaten
743 508 112 20 utnämnd
869 507 126 27 krigskom-

236 540 110 27 missarie,
362 542 94 20 hvilken
473 543 25 19 är
513 542 113 20 nämdens
643 542 144 26 ordförande,
804 544 59 18 samt
878 548 27 14 en
923 542 24 20 af
955 547 39 21 gu-

235 576 111 20 vernören
370 576 161 20 tillförordnad
551 575 109 27 juridiskt
676 576 78 20 bildad
771 576 142 20 sekreterare.
946 576 48 20 Den

235 609 123 21 förstärkta
379 610 210 27 uppbädsnämden
610 610 48 20 åter
681 610 76 21 består
772 610 25 20 af
810 610 27 20 de
853 610 7 20 i
876 610 44 21 den
936 612 59 19 stän-

235 644 53 26 diga
311 644 64 21 delen
399 645 26 20 af
445 645 100 20 nämden
562 644 111 27 ingäende
689 645 179 21 medlemmarne
882 644 69 28 jemte
967 651 27 14 en

236 678 25 20 af
274 678 171 22 vederbörande
463 679 122 26 krigsbefäl
601 679 81 21 utsedd
696 679 186 21 militärledamot
892 681 60 19 samt
962 681 32 18 tre

236 712 36 21 för
293 713 78 26 hvarje
393 713 34 21 till
449 714 27 20 de
498 714 128 26 respektiva
642 713 234 28 uppbädsomrädena
892 713 102 21 hörande

236 746 114 21 kommun
371 748 66 20 valde
459 748 157 24 medlemmar,
635 748 79 20 hvilka
730 753 40 21 ega
786 749 91 19 rösträtt
892 747 81 21 endast
988 747 4 20 i

235 781 82 27 frägor,
342 788 49 14 som
415 783 52 19 röra
490 782 66 20 deras
572 788 55 20 egen
643 783 120 19 kommun.
795 782 33 20 De
844 782 150 20 kommunala

236 815 156 21 ledamöterna
414 818 62 19 utses
497 816 26 20 af
538 816 28 21 de
582 817 74 20 skilda
674 817 175 25 kommunerna,
866 816 59 20 dock
941 818 31 18 att
987 816 7 20 i

235 849 182 21 landskommun
445 851 251 20 kommunalnämdens
724 850 137 21 ordförande
888 852 26 18 är
937 850 57 27 sjelf-

236 884 101 21 skrifven
354 885 101 21 ledamot
471 885 6 20 i
494 885 216 27 uppbädsnämden.

305 919 76 26 Enligt
397 920 44 20 den
458 920 82 26 nädiga
557 920 184 27 propositionens
758 920 84 26 förslag
864 919 32 21 uti
915 921 39 19 art.
967 920 26 19 60

235 952 74 21 skulle
332 953 70 21 första
426 954 117 20 instansen
567 954 6 20 i
597 954 238 27 värnepligtsärenden
859 955 91 25 utgöras
972 954 25 20 af

238 986 237 28 »distriktsnämden»,
498 990 60 18 samt
578 988 140 21 beträffande
740 988 76 20 denna
832 988 83 20 nämds
931 988 62 20 verk-

235 1022 90 20 samhet
348 1022 44 20 och
415 1022 209 26 sammansättning
646 1023 59 26 gälla
727 1022 107 27 följande,
850 1022 49 20 frän
916 1022 78 20 ofvan-

235 1055 97 21 berörda
348 1056 140 27 stadganden
505 1056 7 21 i
525 1057 210 27 Värnepligtslagen
747 1057 72 21 delvis
830 1057 66 26 högst
906 1058 88 19 väsent-

235 1090 40 26 ligt
290 1090 123 21 afvikande
428 1091 181 26 bestämningar:

305 1126 40 19 1:0.
377 1125 85 27 Hvarje
485 1125 38 21 län
545 1125 71 21 borde
640 1126 95 20 omfatta
756 1127 31 19 ett
802 1126 54 20 eller
870 1125 37 20 två
926 1132 67 20 »upp-

235 1158 170 27 bädsdistrikt»,
430 1160 44 20 och
497 1160 35 20 för
554 1160 79 26 hvarje
649 1159 199 28 uppbädsdistrikt
864 1159 72 21 skulle
952 1159 41 21 till-

235 1194 71 19 sättas
321 1200 28 13 en
366 1193 181 21 distriktsnämd.

304 1228 41 20 2:0.
377 1228 211 20 Distriktsnämden
612 1228 93 20 komme
731 1230 32 18 att
786 1228 63 20 bestå
872 1228 25 20 af
917 1234 28 14 en
969 1228 24 20 sä

234 1260 78 21 kallad
325 1261 353 27 distriktsmilitärbefälhafvare,
689 1262 78 21 säsom
778 1262 145 26 ordförande,
935 1264 59 18 samt

234 1294 101 28 följande
351 1296 133 21 ledamöter:
501 1297 21 25 a)
538 1303 28 14 en
583 1296 25 20 af
621 1296 171 21 vederbörande
805 1296 145 20 militärbefäl
961 1298 32 18 ut-

234 1329 57 20 sedd
312 1330 89 25 officer;
423 1330 24 26 b)
463 1337 27 14 en
507 1330 25 20 af
545 1332 142 25 guvernören
704 1330 71 21 bland
791 1330 179 20 medlemmarne
986 1330 7 20 i

233 1363 267 22 kommunalnämderna
515 1365 54 20 eller
585 1365 206 26 stadsfullmäktige
807 1365 63 20 inom
882 1364 111 21 distriktet

234 1398 82 20 utsedd
338 1404 91 21 person,
453 1401 60 19 samt
535 1400 21 25 c)
578 1406 27 14 en
628 1399 109 21 likaledes
754 1399 25 20 af
792 1400 141 25 guvernören
950 1398 43 21 för-
