1086 1745
259 130 28 20 44
568 129 29 23 U.
613 130 28 21 B.

231 198 54 21 relse
300 198 48 21 med
367 199 35 20 det
416 205 61 21 gagn,
493 205 45 14 som
554 198 22 22 af
592 199 126 27 öfningarna
733 198 72 21 kunde
821 198 109 27 päräknas,
947 198 38 21 har

231 233 108 20 Utskottet
354 235 84 19 stannat
453 233 33 21 vid
498 233 41 21 den
555 233 54 27 åsigt
624 235 30 19 att
668 233 126 26 tillräckliga
807 233 45 20 skäl
868 233 46 20 icke
929 232 57 21 före-

232 267 46 27 låge
293 269 30 19 att
337 267 34 21 för
386 267 89 21 Finland
490 267 55 22 hålla
562 268 26 27 på
604 274 25 15 en
638 267 102 22 afvikelse
749 267 48 21 från
806 267 55 21 hvad
871 267 6 20 i
888 267 98 27 Kejsare-

231 301 72 21 dömet
317 302 31 20 uti
363 301 139 22 förevarande
517 302 59 27 fråga
591 304 23 19 är
628 302 103 27 gällande.

300 335 70 22 Jemte
393 336 35 21 det
450 336 161 27 bestämningen
626 337 7 20 i
650 337 11 26 $
677 337 27 20 21
725 336 65 21 sådan
807 336 41 21 den
864 335 34 22 för
913 337 73 19 närva-

231 370 66 21 rande
312 370 61 26 lyder
388 370 119 21 bibehållits
517 371 69 20 såsom
598 371 65 20 andra
673 377 63 15 mom.
748 371 5 20 i
765 371 42 27 $:n,
824 370 66 21 hafva
904 369 81 28 ytterli-

231 411 50 20 gare
297 406 30 19 tre
344 411 42 20 nya
401 407 94 18 moment
510 405 70 21 blifvit
596 405 94 28 tillagda,
708 405 81 21 hvilkas
809 404 177 27 ändamålsenlig-

232 438 35 21 het
278 438 45 21 icke
334 438 59 22 torde
409 438 90 22 behöfva
517 440 79 27 genom'
602 441 94 20 närmare
704 439 126 28 motivering
840 438 146 27 ådagaläggas.

557 617 61 28 Kap.
634 617 27 22 V.

302 679 47 20 Den
370 680 105 21 allmänna
497 680 159 27 bestämningen
678 680 88 21 rörande
782 680 158 27 oförmögenhet
956 679 31 21 till

233 713 124 27 krigstjenst
368 714 26 27 på
404 714 67 26 grund
483 715 22 20 af
514 715 114 26 sjuklighet
639 715 51 20 eller
701 715 106 20 bristande
817 714 67 27 fysisk
900 713 86 22 utveck-

232 747 46 28 ling
297 747 113 22 återfinnes
425 749 7 20 i
448 748 16 28 &
480 748 28 22 22
525 749 28 20 uti
570 749 97 27 gällande
683 749 175 27 Värnepligtslag,
873 748 85 21 hvilken
975 749 12 26 $

233 784 116 19 motsvaras
372 783 21 20 af
411 785 36 18 art.
464 783 25 20 30
505 783 6 20 i
527 783 40 21 den
584 783 77 27 nådiga
675 783 163 28 propositionen.
868 783 49 20 Men
933 783 54 20 utöf-

233 822 38 14 ver
293 816 69 21 denna
385 817 106 20 allmänna
514 817 105 21 föreskrift
642 818 37 20 har
700 817 157 28 propositionen
880 817 64 20 redan
961 817 26 26 på

233 850 58 21 detta
313 851 59 20 ställe
389 852 94 26 upptagit
497 851 116 26 stadgande
629 858 33 14 om
678 851 135 27 obligatorisk
829 851 158 27 tjenstskyldig-

232 884 37 20 het
284 884 31 20 för
331 884 54 27 dem,
401 885 70 21 hvilka
485 886 6 20 i
507 886 63 26 afsigt
585 888 29 18 att
630 886 71 27 undgå
716 886 122 26 krigstjenst
853 885 132 27 uppsåtligen

233 918 105 21 lemlästat
361 919 36 27 sig.
427 919 32 21 Då
482 920 116 20 emellertid
623 920 73 27 frågan
719 920 72 20 härom
812 920 123 27 lämpligare
951 919 35 21 be-

232 952 89 21 handlas
344 953 7 21 i
374 954 151 27 sammanhang
548 954 47 21 med
612 954 184 27 bestämningarna
812 961 33 14 om
862 960 75 15 ansvar
952 954 33 20 för

233 987 150 22 öfverträdelse
400 989 20 20 af
435 989 157 20 föreskrifterna
608 989 6 20 i
630 989 196 27 värnepligtslagen,
842 988 26 27 på
884 990 39 19 sätt
934 989 52 26 jem-

233 1021 33 20 väl
283 1021 6 20 i
305 1021 97 28 gällande
417 1023 34 26 lag
467 1025 22 18 är
504 1023 145 27 förhållandet,
660 1030 64 20 synes
737 1030 51 20 nyss
801 1022 118 27 åberopade
932 1022 55 21 stad-

232 1055 69 27 gande
317 1056 46 21 icke
380 1057 50 20 böra
445 1057 7 20 i
467 1057 137 21 förevarande
621 1058 12 26 $
649 1060 107 25 upptagas.

302 1090 170 22 Vidkommande
495 1092 65 27 öfriga
576 1091 103 21 olikheter
694 1091 90 22 emellan
802 1091 185 27 bestämningarna

233 1124 6 19 i
257 1124 123 21 förberörda
396 1126 12 25 $
426 1126 26 19 22
469 1125 38 21 och
523 1128 36 18 art.
576 1126 26 20 30
619 1126 34 20 må
667 1128 87 19 nämnas
764 1128 29 18 att
808 1126 60 20 dessa
880 1125 107 26 olikheter,

232 1157 69 21 såvidt
317 1159 108 20 desamma
440 1159 87 21 hänföra
542 1160 32 27 sig
590 1160 31 20 till
637 1160 25 21 de
678 1160 90 27 uttryck,
784 1160 72 20 hvilka
872 1159 114 27 begagnats

232 1192 33 20 för
287 1193 127 26 angifvande
437 1193 21 21 af
480 1193 78 21 sådana
580 1194 184 27 omständigheter,
780 1201 46 14 som
842 1193 94 22 medföra
951 1193 36 21 be-

231 1226 72 21 frielse
326 1227 45 20 från
397 1227 125 28 krigstjenst,
545 1230 35 19 äro
601 1235 44 14 mer
660 1229 104 20 skenbara
780 1230 26 19 än
822 1228 99 27 verkliga,
937 1229 50 19 enär

232 1260 27 21 de
290 1261 183 27 hufvudsakligast
498 1262 48 21 bero
572 1263 26 26 pä
623 1263 143 26 skiljaktighet
782 1263 90 20 emellan
889 1262 25 20 de
930 1262 56 21 olika

231 1294 102 26 språkens
349 1295 138 27 terminologi.
510 1296 44 20 Och
570 1297 108 20 dessutom
694 1297 37 20 bör
742 1297 122 20 observeras
873 1298 34 24 att,
916 1296 71 20 hvilka

232 1328 85 26 uttryck
340 1328 73 21 härvid
437 1332 26 18 än
483 1330 107 20 användas
606 1330 32 21 för
653 1330 145 21 betecknande
814 1330 20 21 af
850 1330 26 20 de
892 1330 95 26 åsyftade

231 1362 166 28 förhållandena,
413 1364 60 20 dessa
488 1364 83 26 uttryck
588 1364 6 20 i
610 1365 72 26 hvarje
697 1364 36 21 fall
750 1364 78 21 erhålla
842 1364 32 20 sin
888 1364 99 20 distinkta

231 1396 110 27 betydelse
364 1397 52 21 först
438 1404 76 20 genom
530 1398 25 21 de
572 1400 95 19 närmare
683 1398 130 21 föreskrifter
828 1398 159 21 vederbörande

230 1430 59 21 finna
305 1430 73 28 nödigt
393 1432 97 21 meddela
506 1432 128 21 beträffande
650 1433 25 20 de
692 1433 135 27 kroppslyten
846 1433 39 20 och
901 1432 86 27 sjukdo-
