1086 1773
448 135 28 22 U.
493 135 28 21 B.
808 135 25 20 15

174 207 30 19 att
219 205 61 20 dessa
296 205 78 26 förslag
389 204 47 21 icke
452 203 75 21 endast
542 203 44 21 afse
602 209 25 15 en
642 203 78 21 reform
731 203 21 20 af
762 203 102 20 Finlands

106 239 177 23 militärväsende,
299 241 50 18 utan
366 238 86 21 dermed
469 238 120 27 förknippat
604 237 99 27 politiska
718 238 76 25 syften,
810 237 53 20 hvil-

105 275 38 20 kas
166 273 170 27 förverkligande
358 272 69 21 skulle
452 272 94 20 medföra
569 272 26 20 de
618 271 153 27 förderfligaste
787 271 77 27 följder

105 309 33 20 för
153 307 90 21 Finland
259 307 39 20 och
314 307 48 20 dess
376 306 100 21 framtida
492 305 136 28 utveckling;

175 344 30 19 att
227 342 7 20 i
257 341 105 27 förslagen
383 341 77 20 saknas
482 341 39 20 den
537 341 83 25 hänsyn
637 340 33 20 för
686 340 39 20 och
741 339 123 27 anslutning

106 377 29 20 till
153 376 97 27 gällande
266 377 46 25 rätt,
327 382 46 14 som
389 377 23 18 är
427 375 120 26 nödvändig
562 375 32 20 för
610 376 30 19 att
655 381 29 20 ny
700 374 34 27 lag
749 375 34 20 må
799 374 65 21 blifva

107 411 57 27 bygd
179 411 26 27 på
221 411 61 20 säker
297 410 75 27 grund,
388 410 143 20 hvarförutom
544 409 122 26 syftemålet
678 411 30 19 att
720 409 145 20 åstadkomma

106 445 144 27 likformighet
273 445 48 20 med
344 444 50 27 rysk
409 444 35 27 lag
466 443 95 21 uteslutit
576 443 37 21 allt
628 443 99 20 afseende
743 443 12 20 å
770 443 26 21 de
811 443 53 21 olik-

107 480 64 26 heter,
186 485 46 14 som
247 479 7 20 i
270 478 102 21 nationelt
390 478 39 21 och
444 477 74 21 socialt
533 477 121 21 hänseende
670 483 39 21 ega
723 484 47 14 rum
786 477 78 21 mellan

108 513 89 21 Finland
213 513 40 20 och
267 513 115 26 Ryssland;
398 514 54 19 samt

178 550 29 18 att
225 547 104 27 förslagen
353 547 47 20 icke
422 546 76 21 beakta
521 546 40 21 den
577 546 7 20 i
599 545 91 21 Finland
706 546 96 26 gällande
818 545 47 21 ord-

107 583 79 26 ningen
211 582 33 20 för
266 581 132 27 lagstiftning
419 581 38 20 och
480 581 35 20 det
530 582 86 25 system,
632 580 66 27 enligt
713 580 79 21 hvilket
807 580 60 27 lagar

110 617 39 20 och
169 616 166 21 administrativa
359 615 147 27 förordningar
521 615 38 20 här
574 615 50 20 böra
640 614 46 21 från
703 615 117 20 hvarandra
836 614 30 21 åt-

112 651 78 27 skiljas.

180 685 73 26 Enligt
276 685 118 20 Utskottets
416 684 63 20 tanke
502 685 22 19 är
540 683 35 21 det
590 683 71 21 derför
675 683 47 21 icke
738 684 81 27 möjligt
834 683 33 20 för

110 719 101 21 Finlands
227 719 95 24 Ständer,
337 719 68 20 såsom
422 718 35 21 det
472 717 68 21 finska
555 717 77 21 folkets
648 720 173 25 representanter,
837 719 30 19 att

111 753 112 28 godkänna
240 753 61 20 dessa
316 753 84 27 förslag.

179 788 49 20 Med
251 787 99 21 afseende
366 787 12 20 å
396 787 26 21 de
444 787 98 27 grunder,
560 786 26 27 på
608 786 72 21 hvilka
702 786 104 27 förslagen
830 788 37 18 äro

111 822 75 26 bygda,
204 824 55 18 samt
281 821 60 21 deras
361 821 139 21 omförmälda
521 816 144 25 beskaffenhet
680 821 7 20 i
703 820 164 28 legislativt-for-

111 856 51 21 melt
177 856 121 20 hänseende
319 856 38 20 har
380 856 107 20 Utskottet
506 856 46 20 icke
568 856 67 20 heller
650 856 71 20 funnit
736 856 35 20 det
786 855 82 27 möjligt

111 894 30 17 att
155 897 78 20 genom
249 890 146 27 omarbetning
410 890 57 27 gifva
482 890 108 21 desamma
605 890 32 21 till
652 890 92 21 innehåll
762 890 39 20 och
812 889 54 21 form

112 932 26 14 en
155 925 113 20 förändrad
293 925 81 26 gestalt,
389 925 7 20 i
411 925 86 20 hvilken
520 925 25 20 de
567 925 69 20 skulle
659 925 72 20 kunna
753 925 39 20 hos
808 923 59 22 Stän-

111 960 65 20 derna
193 959 32 21 till
240 959 155 27 godkännande
410 959 100 20 förordas.

184 1062 108 21 Utskottet
314 1062 80 21 känner
409 1062 32 27 sig
456 1061 117 21 emellertid
597 1062 133 27 öfvertygadt
745 1062 79 25 derom,
839 1064 30 18 att

111 1097 118 20 Ständerna
245 1096 54 21 helst
314 1096 48 21 ville
378 1096 94 20 undvika
488 1098 29 19 att
539 1096 4 20 å
558 1095 61 21 Hans
632 1095 117 28 Kejserliga
761 1095 110 27 Majestäts

112 1131 75 27 nådiga
203 1131 153 27 propositioner
370 1131 57 26 gifva
444 1131 74 20 endast
533 1133 29 18 ett
577 1130 113 27 afböjande
706 1137 52 14 svar.

184 1165 41 27 Nu,
241 1165 69 20 såsom
326 1165 58 20 alltid
400 1164 111 26 tillförene,
527 1165 59 20 torde
601 1164 106 21 Finlands
718 1164 89 21 Ständer
819 1171 50 13 vara

112 1199 122 27 redobogna
255 1201 35 25 att,
311 1199 24 20 så
353 1199 58 26 långt
426 1199 36 20 det
477 1201 23 18 är
514 1199 99 27 förenligt
628 1199 49 20 med
693 1199 177 27 folkrepresenta-

112 1235 83 20 tionens
219 1234 52 27 pligt
293 1235 30 19 att
344 1235 64 19 värna
429 1233 83 21 landets
533 1233 125 26 dyrbaraste
679 1233 127 27 rättigheter,
828 1232 43 21 till-

111 1268 95 27 mötesgå
229 1268 26 21 de
277 1268 96 27 anspråk,
396 1274 45 14 som
460 1275 25 13 ur
504 1267 135 28 synpunkten
658 1268 22 20 af
698 1267 171 28 Kejsaredömets

112 1303 39 20 och
174 1303 212 20 Storfurstendömets
408 1308 157 21 gemensamma
581 1302 105 21 intressen
708 1302 69 21 ställas
793 1301 27 28 pä
835 1301 36 20 det

111 1337 69 21 finska
195 1337 72 20 folket.

180 1371 33 20 Då
235 1371 61 21 Hans
311 1371 118 27 Kejserliga
445 1371 97 27 Majestät
557 1371 91 27 behagat
662 1371 33 20 för
710 1369 161 28 ifrågavarande

111 1405 154 27 angelägenhet
280 1405 56 21 kalla
346 1405 103 20 Finlands
460 1405 89 21 Ständer
559 1405 30 20 till
602 1405 77 21 urtima
690 1405 106 27 landtdag,
805 1404 66 21 måste

111 1440 59 20 häraf
191 1439 66 21 slutas
275 1442 30 18 att
320 1439 60 21 Hans
396 1439 98 27 Majestät
508 1439 63 21 fäster
587 1439 44 27 vigt
646 1439 79 27 dervid,
747 1441 29 19 att
791 1446 26 14 en
835 1439 37 19 nö-
