1086 1773
827 139 27 21 45

382 264 98 21 TOLFTE
495 264 138 22 KAPITLET.

250 328 33 21 Om
300 328 74 21 besvär
390 327 4 21 i
411 327 89 21 ärenden
517 328 86 21 rörande
619 328 148 27 värnepligten.

196 399 52 19 Art.
264 398 51 18 139.
331 396 37 21 Uti
379 396 180 21 Distriktsnämds
571 396 76 27 åtgärd
657 396 6 21 i
675 395 209 29 värnepligtsärende

127 430 34 22 får
184 431 91 26 ändring
298 430 62 21 sökas
379 436 76 21 genom
471 430 116 27 skriftliga,
603 430 33 22 till
652 430 159 22 vederbörande
827 431 57 21 läne-

128 465 64 22 nämd
214 465 72 22 stälda
308 465 81 27 besvär,
412 465 73 21 hvilka
508 465 53 21 böra
583 465 106 21 inlämnas
709 465 33 22 till
758 467 42 20 den
813 465 71 26 nämd,

128 501 63 20 hvars
211 500 77 27 åtgärd
311 499 141 28 öfverklagas,
477 500 57 21 inom
551 500 74 21 trettio
641 501 73 26 dagar,
730 501 91 21 räknadt
836 499 48 22 från

129 535 67 26 dagen
219 535 33 21 för
267 534 108 27 uppbådet
391 535 6 20 i
414 534 35 22 det
464 534 92 25 område,
572 534 88 22 hvartill
675 535 148 21 besväranden
839 535 46 26 hör,

129 569 57 26 eller,
210 575 34 16 om
268 569 102 21 besvären
394 570 56 26 angå
472 569 79 27 klagan
575 569 59 21 öfver
657 569 124 21 inkallande
800 569 7 21 i
826 569 60 20 aktiv

128 603 72 27 tjenst,
216 603 47 22 från
280 604 40 21 den
337 603 40 27 dag
393 604 70 27 utslag
478 604 117 21 afkunnats
613 610 33 15 om
663 604 121 27 antagande
794 603 7 21 i
812 603 72 28 tjenst.

128 638 42 21 Det
180 637 80 28 åligger
270 638 89 21 nämden
372 640 32 19 att
415 637 22 22 åt
447 638 148 21 besväranden
607 638 100 21 häröfver
717 638 87 21 utfärda
812 637 73 22 diarii-

128 672 58 21 bevis
210 675 56 19 samt
289 674 38 25 att,
343 673 56 20 inom
416 672 46 21 åtta
478 673 67 26 dagar
560 672 54 21 efter
630 672 37 21 det
682 672 105 22 besvären
803 672 83 21 inkom-

129 707 45 27 mit,
197 707 109 22 desamma
327 707 49 21 med
398 707 72 21 dertill
494 707 95 22 hörande
613 707 129 27 handlingar
755 707 67 27 jemte
838 708 48 25 eget

128 742 98 27 yttrande
242 742 39 21 och
296 742 107 27 protokoll
419 742 6 21 i
442 742 87 21 ärendet
544 742 34 21 till
595 742 141 21 länenämden
751 741 97 22 insända.

198 795 51 19 Art.
266 795 52 19 140.
340 793 45 21 Hos
395 793 151 21 Länenämden
557 793 91 21 anförda
659 793 75 21 besvär
744 793 53 21 böra
807 793 77 26 skynd-

130 830 56 18 samt
200 827 35 22 till
251 827 158 28 handläggning
424 827 39 22 och
479 827 116 28 afgörande
611 827 110 28 företagas
740 829 57 20 samt
808 827 78 27 utslag,

130 868 46 15 som
192 861 98 22 deröfver
305 862 114 26 meddelas,
435 865 52 18 utan
498 862 132 27 tidsutdrägt
640 868 77 21 genom
727 862 158 21 vederbörande

130 896 124 28 myndighet
270 897 108 21 meddelas
392 897 154 21 besväranden.
576 897 71 21 Hafva
663 897 102 21 besvären
780 896 106 22 föranledt

130 931 90 27 ändring
235 932 6 20 i
258 931 199 21 distriktsnämdens
480 932 128 26 tillgörande
631 931 133 22 beträffande
780 930 106 28 uppbåds-

129 966 123 26 längderna,
276 966 53 21 skall
352 966 158 21 underrättelse
533 966 72 21 derom
629 966 23 21 af
673 966 141 21 länenämden
830 965 55 21 oför-

131 1000 103 28 dröjligen
257 1000 109 22 meddelas
389 1000 191 22 distriktsnämden
600 1000 6 21 i
627 1000 101 22 afseende
742 996 12 36 ä
776 1000 109 22 rättelse
874 996 15 36 i

131 1035 66 26 sagda
212 1035 96 27 längder.

199 1090 51 18 Art.
274 1090 39 18 141.
344 1087 108 21 Innefatta
471 1087 103 21 besvären
589 1087 78 27 klagan
684 1086 58 22 öfver
757 1087 78 26 oriktig
851 1086 35 21 be-

131 1121 99 27 sigtning,
247 1122 85 21 anstäld
348 1121 33 21 för
395 1122 121 20 utrönande
531 1121 23 21 af
563 1121 160 21 besvärandens
734 1120 110 28 duglighet
854 1120 32 21 till

130 1156 126 27 krigstjenst
271 1156 51 22 eller
336 1156 162 22 bestämmande
514 1155 23 22 af
551 1156 59 21 ålder
626 1156 55 21 efter
695 1157 56 26 yttre
767 1154 119 26 utseendet,

131 1197 50 20 eger
203 1190 138 22 länenämden
365 1190 45 22 låta
432 1190 146 22 besväranden
594 1190 7 21 i
617 1190 77 21 sådant
717 1189 98 22 afseende
831 1188 54 28 ånyo

131 1224 111 27 besigtiga.
273 1220 43 26 Äro
339 1225 77 21 besvär
434 1224 59 22 öfver
508 1224 149 28 besigtningen
673 1224 90 21 anförda
778 1223 23 21 af
814 1229 71 15 annan

131 1265 76 21 person
224 1262 27 18 än
268 1260 46 26 den,
329 1266 45 14 som
391 1260 6 20 i
414 1259 137 21 omförmäldt
561 1259 123 21 hänseende
695 1259 24 21 af
728 1258 158 22 distriktsnäm-

131 1294 40 21 den
186 1294 133 27 besigtigats,
334 1294 112 22 förordnas
462 1294 33 22 till
510 1300 28 21 ny
553 1294 124 27 besigtning
691 1293 93 21 endast
771 1289 10 37 i
795 1293 36 21 det
841 1293 46 27 fall,

131 1330 32 20 att
178 1328 141 22 länenämden
334 1328 66 22 finner
416 1328 76 22 sådant
508 1328 81 27 nödigt.

199 1382 51 19 Art.
267 1382 50 20 142,
340 1380 161 22 Länenämdens
517 1380 71 27 utslag
599 1381 7 20 i
617 1380 79 21 ärende
710 1380 91 21 rörande
812 1381 76 19 värne-

130 1415 82 27 pligten
235 1416 69 26 gånge
326 1414 33 22 till
381 1415 170 27 verkställighet,
575 1415 84 21 ändock
682 1417 32 19 att
737 1414 77 22 besvär
828 1413 60 21 öfver

131 1449 93 27 utslaget
239 1449 87 21 anförts.
