1092 1781
258 133 26 21 16
539 132 83 23 Ständ.
640 133 39 22 Sv.

228 203 135 23 kännande
391 204 26 22 af
442 204 54 22 icke
523 204 65 22 blott
612 204 42 22 det
671 204 105 26 faktum,
798 204 35 22 att
851 204 8 22 i
877 203 107 23 Finland

229 238 47 22 bor
294 240 34 20 ett
347 240 76 20 annat
441 238 52 22 folk
512 240 33 20 än
564 238 42 23 det
624 238 85 29 ryska,
726 240 62 20 utan
808 238 75 22 äfven
898 237 26 23 af
936 238 49 22 den

229 272 80 22 etiska
337 272 147 29 betydelsen
504 273 25 22 af
548 273 68 22 detta
643 273 104 26 faktum,
765 272 107 22 likasom
892 272 26 22 af
936 272 48 22 den

229 307 224 29 omständigheten,
473 309 36 21 att
527 308 42 22 det
587 307 84 22 finska
689 307 86 26 folket,
790 307 84 22 såsom
893 306 91 29 Kejsar

229 341 144 23 Alexander
387 342 12 22 I
411 342 126 28 uttryckte
554 342 44 29 sig,
608 342 48 22 fått
675 342 75 22 äfven
763 342 102 28 politisk
879 341 105 22 tillvara.

298 376 48 22 Det
374 377 27 21 är
428 376 74 22 också
531 377 74 28 djupt
628 376 120 29 liggande
767 376 81 22 etiska
866 375 119 29 grunder,

229 416 53 16 som
310 410 119 30 betingat,
450 412 36 21 att
503 411 174 29 patriotismen
696 411 8 21 i
723 410 48 22 alla
790 410 65 22 tider
874 410 54 22 haft
947 410 37 22 sin

229 444 26 23 af
282 445 125 30 naturliga
435 446 46 22 och
505 446 136 22 historiska
659 445 178 22 förhållanden
856 444 70 30 gifna
945 444 40 23 be-

229 480 147 29 gränsning,
388 480 103 22 hvilken
501 481 21 28 ej
535 487 90 22 genom
633 480 78 29 något
725 479 148 29 maktspråk
880 479 51 22 kan
937 479 48 22 för-

229 514 101 22 ändras.
369 514 241 23 Storfurstendömet
627 515 107 22 Finland
754 515 28 21 är
800 514 131 22 finnarnes
949 513 35 22 fä-

229 549 158 26 dernesland,
414 549 50 22 lika
492 556 53 15 som
576 549 192 29 Kejsaredömet
799 548 128 29 Ryssland
957 549 28 21 är

229 589 132 23 ryssarnes
389 583 186 23 fädernesland.
612 584 57 21 Men
694 583 106 22 emedan
818 583 109 22 Finland
945 589 40 22 ge-

230 624 58 16 nom
316 618 38 22 sin
381 619 159 28 oupplösliga
568 618 116 29 förening
711 618 57 22 med
794 617 191 29 Kejsaredömet

231 653 76 28 utgör
325 659 30 15 en
375 653 39 22 del
434 653 25 22 af
477 659 30 16 en
526 653 37 22 uti
581 652 185 23 internationell
784 652 102 29 mening
902 651 83 22 enhet-

228 687 36 28 lig
282 687 74 26 makt,
375 687 42 22 det
435 687 77 29 ryska
530 687 72 26 riket,
623 687 49 22 kan
691 687 48 22 den
760 687 150 28 patriotiska
924 686 61 29 plig-

229 722 42 21 ten
299 723 36 20 att
361 721 116 23 försvara
495 721 205 23 fäderneslandet
720 721 81 29 aldrig
821 721 25 22 af
864 720 120 23 Finlands

228 755 53 22 folk
308 756 101 22 utöfvas
437 756 165 27 annorlunda,
626 757 32 21 än
678 756 83 22 säsom
780 757 35 21 ett
833 755 151 29 deltagande

228 790 8 21 i
255 790 57 22 hela
330 791 77 22 rikets
426 791 107 26 försvar,
554 797 61 16 vare
633 791 39 28 sig
692 792 34 21 att
742 790 96 22 striden
851 789 133 28 utkämpas

229 825 68 21 inom
315 825 120 22 Finlands
451 825 103 22 omräde
568 825 59 22 eller
639 827 69 20 utom
722 825 146 22 detsamma.
888 824 95 22 Härom

229 859 30 22 är
285 865 57 16 man
370 860 7 21 i
395 859 107 23 Finland
520 860 56 22 fullt
595 859 140 22 medveten.
774 859 33 22 Af
826 859 82 22 denna
928 858 55 22 soli-

229 893 92 22 daritet
350 895 127 28 gentemot
506 894 157 22 främmande
694 894 98 22 makter
818 893 75 29 följer
920 892 63 22 dock

227 928 149 29 ingalunda,
405 930 35 21 att
468 929 48 22 den
543 929 87 22 hittills
658 928 138 23 bestäende
825 927 158 22 ätskilnaden

228 962 91 22 mellan
346 963 84 22 finska
457 963 47 22 och
530 963 78 28 ryska
636 964 104 27 trupper
758 962 80 22 borde
856 961 126 29 utplänas.

228 996 38 23 De
293 997 84 22 finska
398 999 138 27 trupperna
556 997 70 22 skola
645 997 81 22 bättre
744 997 64 28 fylla
826 997 39 21 sin
884 995 100 29 uppgift

228 1031 8 22 i
255 1031 103 27 striden,
379 1038 39 15 om
437 1032 31 21 de
486 1033 58 20 veta
564 1032 38 29 sig
618 1033 175 26 representera
807 1031 42 21 sitt
862 1032 57 27 eget
931 1029 51 22 folk

229 1065 46 22 och
303 1067 57 21 veta
386 1067 35 21 att
439 1066 31 22 de
489 1073 90 22 genom
598 1066 105 29 manligt
721 1065 160 29 fullgörande
901 1064 26 22 af
945 1064 38 22 sin

228 1099 65 30 pligt
310 1102 51 20 mot
379 1101 138 22 Monarken
537 1101 46 22 och
602 1101 64 22 riket
686 1101 74 21 äfven
780 1101 63 28 göra
861 1099 78 22 heder
959 1098 25 22 ät

229 1134 43 22 sitt
298 1134 84 23 finska
400 1135 186 22 fädernesland.
624 1135 54 22 Den
698 1134 211 29 krigsduglighet,
931 1139 52 16 som

228 1169 103 22 vunnits
359 1176 90 22 genom
472 1169 94 29 öfning,
585 1169 47 22 blir
650 1169 33 22 dä
702 1168 103 29 stegrad
824 1174 91 23 genom
935 1167 49 23 den

228 1203 137 22 moraliska
383 1203 74 27 kraft,
477 1211 53 15 som
549 1204 122 28 härflyter
683 1210 31 15 ur
726 1203 182 28 patriotismen.
928 1201 56 22 Fin-

227 1237 75 22 lands
321 1238 178 28 anspräkslösa
518 1238 92 29 bidrag
628 1238 36 22 till
683 1238 42 22 det
742 1237 79 28 ryska
840 1237 78 22 rikets
936 1236 48 22 för-

228 1278 61 15 svar
307 1272 64 22 skall
389 1273 81 22 under
489 1273 48 22 alla
556 1272 174 23 förhållanden
750 1278 63 15 vara
826 1277 68 16 mera
908 1270 76 23 effek-

227 1306 56 27 tivt,
311 1306 32 22 dä
363 1307 48 22 den
429 1307 84 22 finska
531 1307 131 26 militären,
682 1307 83 22 såsom
785 1305 93 26 hittills,
896 1305 89 22 förblir

229 1347 31 15 en
288 1340 163 24 beståndsdel
479 1342 25 22 af
531 1342 42 22 sitt
592 1343 56 27 eget
665 1341 73 22 lands
757 1340 176 25 institutioner,
953 1340 31 21 än

227 1381 42 16 om
287 1375 151 27 densamma,
455 1376 57 22 med
530 1376 129 29 rubbning
672 1375 26 23 af
709 1375 118 29 gällande
839 1375 57 25 rätt,
911 1373 74 23 amal-

227 1416 118 22 gameras
364 1410 57 22 med
439 1410 204 29 Kejsaredömets
663 1411 73 21 armé.
760 1409 38 22 De
816 1408 103 29 förslag,
932 1415 53 15 som

228 1444 83 28 äsyfta
325 1451 31 15 en
369 1444 80 22 sädan
463 1444 204 30 amalgamering,
682 1445 44 21 äro
739 1444 28 22 sä
778 1443 100 29 mycket
888 1443 97 21 mindre
