1086 1773
259 137 26 21 30
568 138 29 22 U.
613 138 28 22 B.

229 206 185 21 sammanräknadt
427 206 59 21 nittio
499 206 70 28 dagar.
582 206 93 21 Motiven
690 206 33 21 för
733 206 128 21 Ständernas
872 206 113 21 omordade

229 240 70 21 beslut
315 247 49 14 voro
380 240 176 28 hufvudsakligen
573 241 99 27 följande.
703 240 81 22 Främst
800 240 60 27 afsåg
875 246 48 15 man
938 240 47 20 här-

229 274 49 21 med
294 277 29 18 att
339 275 93 26 jemnare
449 275 59 21 öfver
528 275 48 21 heia
597 275 41 21 den
662 275 152 27 värnepligtiga
837 274 92 27 manliga
950 274 34 21 be-

229 308 124 28 folkningen
378 309 80 21 fördela
485 309 41 21 den
552 309 66 21 börda
645 309 145 27 värnepligten
816 309 93 21 innebär.
940 308 44 20 Och

230 342 32 21 för
284 342 35 22 det
342 343 66 21 andra
431 343 65 27 ansåg
511 350 50 14 man
577 345 29 19 att
622 344 41 20 den
680 343 90 21 sålunda
784 343 125 21 förändrade
925 348 60 21 orga-

233 377 118 21 nisationen
372 377 68 21 skulle
463 378 6 20 i
492 378 64 26 högre
571 378 51 27 grad
639 380 26 18 än
682 378 35 21 det
732 378 5 20 i
754 378 41 20 den
812 378 76 26 nådiga
911 383 74 21 propo-

231 411 90 20 sitionen
349 411 110 21 förordade
487 414 101 24 systemet
616 412 44 20 lösa
688 412 41 21 den
756 412 33 20 för
815 412 42 20 alla
884 411 101 21 moderna

229 445 209 27 värnepligtssystem
463 452 158 21 gemensamma
647 446 110 27 uppgiften
780 448 35 24 att,
837 445 48 21 med
908 445 77 20 minsta

230 479 87 27 möjliga
339 480 143 27 uppoffringar
507 480 69 21 under
599 480 95 26 fredstid,
720 481 64 26 skapa
810 487 27 14 en
863 479 57 21 såväl
946 486 37 14 nu-

229 513 88 21 meriskt
331 514 56 20 stark
404 521 44 14 som
464 514 132 27 krigsduglig
611 514 38 21 här
664 514 28 21 till
711 514 83 21 landets
809 514 85 21 försvar.
925 513 60 21 Stän-

229 547 76 21 dernas
334 548 69 21 beslut
426 549 43 20 blef
491 549 120 20 sedermera
634 549 21 20 af
676 549 61 20 Hans
756 548 118 27 Kejserliga
888 548 97 27 Majestät

228 582 117 27 godkändt;
362 583 38 20 och
419 585 23 18 är
456 583 55 26 förty
527 583 101 21 Finlands
643 583 190 20 reservinstitution
850 582 133 27 organiserad

229 616 6 20 i
251 616 219 22 öfverensstämmelse
485 617 93 20 dermed.
726 641 2 3 N

298 651 41 20 Vid
361 651 164 26 genomläsande
546 651 22 21 af
584 651 25 21 de
624 651 65 27 jemte
706 658 28 14 nu
751 651 143 27 föreliggande
909 651 76 27 nädiga

228 685 154 27 propositioner
400 686 31 20 till
446 686 118 21 Ständerna
579 686 99 21 utdelade
702 685 138 28 förklaringar
868 686 39 20 kan
935 692 48 14 man

227 719 48 21 icke
296 719 71 27 undgå
388 722 29 19 att
436 720 53 21 fästa
504 720 32 27 sig
552 720 35 21 vid
603 720 40 21 den
660 721 83 20 misstro
759 720 31 21 till
806 720 40 20 den
863 720 121 20 nuvarande

227 754 228 27 reservinstitutionen,
465 761 43 14 som
521 754 116 28 genomgär
648 755 62 20 dessa
724 755 141 27 förklaringar
880 755 38 20 och
931 754 53 20 hvil-

228 787 41 21 ken
279 787 62 21 bland
357 791 64 18 annat
432 789 50 26 tagit
490 789 33 26 sig
533 789 85 26 uttryck
629 789 6 20 i
646 789 130 26 pästäendet,
787 791 30 18 att
827 790 100 25 systemet
935 788 48 21 med

226 822 48 20 hela
295 822 35 21 det
351 822 31 21 till
403 829 96 14 reserven
521 823 101 20 hänförda
638 823 135 27 manskapets
788 823 113 20 inöfvande
917 823 67 20 under

225 862 26 15 en
269 856 30 21 tid
314 857 21 20 af
351 857 59 20 nittio
426 857 65 26 dagar
506 863 49 15 vore
570 857 80 21 infördt
665 857 33 21 för
712 860 30 18 att
755 857 121 27 derigenom
888 859 49 24 göra
948 857 35 20 det

226 890 83 28 möjligt
327 893 30 19 att
376 891 109 21 förvandla
500 892 101 20 Finlands
616 892 101 21 invänare
732 892 32 20 till
780 894 29 18 ett
824 892 44 20 folk
883 892 6 20 i
905 897 77 21 vapen;

226 925 21 27 ja
263 932 50 14 man
329 926 37 20 har
381 926 31 20 till
430 926 38 20 och
481 926 48 20 med
541 928 51 25 sagt,
608 928 30 19 att
653 926 35 21 det
704 926 72 21 kunde
792 926 67 20 hända
876 928 29 18 att
919 926 63 26 ryska

227 963 92 23 trupper,
333 962 95 24 tvungna
443 962 30 19 att
488 960 68 21 under
571 962 30 19 ett
616 960 46 27 krig
678 967 86 20 operera
780 960 139 21 tillsammans
933 960 49 20 med

227 993 26 20 de
268 993 75 22 finska,
366 994 22 20 af
407 994 61 21 dessa
483 994 68 21 skulle
567 994 79 21 erhälla
662 996 29 19 ett
707 994 141 27 tvifvelaktigt
863 993 119 21 understöd.

225 1027 102 21 Finlands
342 1028 90 21 Ständer
446 1029 59 20 torde
521 1035 51 14 anse
588 1029 35 20 det
639 1035 50 14 vara
705 1029 31 20 sin
754 1028 52 27 pligt
820 1030 36 24 att,
871 1028 111 20 medvetne

225 1068 34 14 om
284 1061 35 22 det
341 1062 65 27 ärliga
422 1063 80 26 uppsät,
517 1069 46 14 som
578 1063 59 20 alltid
657 1063 87 27 besjälat
762 1063 117 20 Ständerna
897 1062 34 20 vid
947 1062 35 21 de-

225 1102 34 14 ras
281 1096 78 27 arbete,
382 1097 48 20 med
454 1097 130 21 bestämdhet
607 1097 87 20 förneka
711 1097 153 27 befogenheten
880 1097 21 20 af
913 1096 69 21 denna

224 1130 85 21 misstro
334 1133 54 18 samt
414 1131 131 20 tillbakavisa
568 1131 26 21 de
617 1131 121 26 smädelser,
764 1131 71 20 hvilka
858 1132 94 26 gömmas
976 1131 6 19 i

225 1164 124 21 uttalanden
372 1165 21 20 af
416 1171 50 20 nyss
481 1165 75 26 antydt
571 1165 51 27 slag.
653 1165 101 20 Finlands
769 1165 44 20 folk
837 1165 42 26 har,
895 1164 87 27 lyckligt

227 1198 69 21 under
317 1198 61 27 Höge
400 1199 123 21 Monarkers
548 1200 56 26 spira
628 1200 39 20 och
690 1200 46 20 sina
751 1199 69 27 lagars
836 1199 61 27 hägn,
913 1199 68 20 städse

225 1235 69 24 troget
316 1233 38 20 och
378 1233 60 27 lojalt
459 1234 95 27 fullgjort
575 1234 47 20 sina
637 1233 142 28 förpligtelser
800 1233 40 21 och
861 1233 37 20 har
913 1233 67 20 icke
964 1229 19 37 i

224 1267 78 20 minsta
326 1267 49 20 män
401 1268 61 27 gifvit
486 1268 115 27 anledning
627 1268 32 20 till
680 1268 58 26 dylik
755 1267 122 21 kränkande
893 1267 88 20 misstro.

224 1300 79 21 Hvilka
319 1301 26 21 de
364 1302 64 20 motiv
445 1309 55 19 voro,
516 1309 45 14 som
577 1302 35 20 vid
630 1303 140 20 1877—1878
786 1301 34 21 ärs
835 1301 100 27 landtdag
951 1302 30 20 uti

225 1334 139 22 förevarande
380 1335 99 22 afseende
496 1336 60 21 ledde
573 1335 125 28 Ständerna,
714 1337 38 20 har
766 1336 65 21 redan
848 1336 61 20 ofvan
918 1335 63 21 fram-

224 1368 71 21 hållits
311 1369 38 20 och
365 1369 41 21 kan
424 1377 25 13 ur
465 1370 106 27 offentliga
586 1370 128 27 handlingar
727 1370 111 20 iahemtas.

293 1402 46 22 Den
363 1404 31 20 till
416 1404 115 21 Ständerna
549 1411 28 14 nu
593 1405 157 20 öfverlemnade
766 1404 77 27 nädiga
858 1404 123 27 propositio-

224 1443 43 15 nen
287 1437 87 21 föreslär
390 1440 36 23 att,
442 1439 47 20 med
506 1439 148 26 upphäfvande
670 1439 20 20 af
706 1439 41 20 den
764 1438 122 21 nuvarande
902 1444 79 15 reserv-
