1089 1742
245 124 27 20 90
561 125 28 22 U.
604 125 29 22 B.

217 194 77 26 grader
309 194 65 21 innan
390 195 41 20 han
448 194 39 21 kan
504 194 109 22 befordras
629 195 32 21 till
673 195 78 26 officer,
763 194 55 21 bör
813 190 12 36 i
831 194 144 27 Värnepligts-

217 228 62 27 lagen
294 228 83 21 fixeras.
407 228 48 22 Med
471 229 84 27 hänsigt
570 229 69 21 härtill
655 229 62 21 hafva
733 229 26 27 $$
771 228 26 21 96
809 228 39 21 och
859 228 28 22 97
898 228 77 21 under-

217 262 80 21 kastats
311 263 124 27 erforderlig
451 264 159 26 omredigering.

285 296 10 21 I
319 297 13 23 8
355 296 30 23 98
408 297 31 21 uti
462 297 197 28 Värnepligtslagen
688 297 84 27 stadgas
797 298 30 19 att
852 296 52 26 elev,
930 302 44 14 som

217 330 46 21 från
285 330 68 21 finska
375 331 149 22 kadettkårens
547 332 159 27 specialklasser
728 331 158 21 utexamineras
905 330 68 21 såsom

217 364 79 27 officer,
319 367 23 18 är
363 365 74 28 pligtig
457 368 29 19 att
505 367 6 19 i
532 368 30 19 ett
582 366 33 21 års
637 366 30 21 tid
687 366 114 27 tjenstgöra
817 365 6 20 i
840 364 133 28 officersgrad

217 399 33 20 vid
276 399 56 21 aktiv
355 402 67 25 trupp,
445 402 54 19 samt
515 403 34 24 att,
565 401 44 20 ifall
625 401 41 20 han
683 400 58 27 afgår
755 399 46 21 från
819 399 61 21 dessa
896 399 80 20 klasser

216 433 67 21 innan
303 434 41 21 han
364 435 116 20 befordrats
495 435 32 20 till
543 435 77 26 officer,
636 435 41 20 han
693 434 54 21 ändå
763 436 23 19 är
801 433 85 28 skyldig
901 435 30 19 att
946 435 30 19 ett

217 467 24 21 år
261 468 32 21 stå
314 469 6 19 i
344 469 56 20 aktiv
423 469 127 27 krigstjenst.
579 469 11 21 I
613 471 36 19 art.
673 469 39 21 137
735 469 38 20 och
795 468 40 21 138
853 468 6 20 i
876 468 40 20 den
939 467 36 20 nå-

217 502 49 27 diga
281 503 157 26 propositionen
459 505 34 19 äro
512 503 60 21 dessa
588 503 131 27 stadganden
735 503 92 20 ändrade
844 502 85 25 derhän,
946 503 29 19 att

217 536 72 21 elever
304 537 6 20 i
325 537 144 26 kadettkåren,
484 537 70 21 hvilka
570 538 141 21 utdimitteras
723 537 69 21 såsom
804 537 108 20 officerare
923 536 52 21 eller

215 571 6 20 i
239 571 58 27 lägre
319 571 58 27 grad,
400 574 35 18 äro
461 572 96 27 skyldige
573 575 29 18 att
617 573 6 19 i
639 572 57 21 aktiv
712 573 64 26 tjenst
791 571 85 27 qvarstå
890 573 30 18 ett
935 571 39 20 och

216 607 30 19 ett
261 605 53 21 halft
329 605 23 21 år
367 606 32 20 för
413 606 72 27 hvarje
501 606 73 27 läseår,
589 613 45 14 som
651 606 26 21 de
693 606 93 27 tillbragt
799 606 12 20 å
825 605 25 21 de
859 605 35 21 två
901 605 73 27 högsta

217 640 194 27 specialklasserna,
433 641 76 20 medan
532 641 45 20 åter
599 641 26 20 de
648 641 76 25 elever,
739 641 72 20 hvilka
826 640 47 20 icke
888 639 86 21 afslutat

216 673 125 28 fullständig
357 674 56 26 kurs,
429 681 48 14 men
493 675 63 20 likväl
573 675 117 20 kvarstått
688 669 12 37 i
703 675 92 20 nämnda
810 674 81 20 klasser
901 673 73 28 längre

217 707 29 21 tid
270 710 26 19 än
317 715 26 14 en
359 709 161 27 halfårstermin,
535 709 102 21 likaledes
653 711 36 18 äro
705 709 86 27 pligtige
806 710 30 19 att
853 708 33 20 vid
903 708 71 26 afgån-

217 749 42 20 gen
279 743 46 20 från
341 743 120 21 läroverket
475 744 30 21 stå
521 744 6 20 i
543 744 56 20 aktiv
616 744 64 27 tjenst
696 743 67 21 under
778 745 30 19 ett
823 743 38 20 och
878 744 29 19 ett
922 742 52 21 halft

218 777 24 20 år
256 777 33 21 för
305 777 40 21 den
368 778 29 20 tid
421 778 26 21 de
463 778 84 27 åtnjutit
563 778 153 27 undervisning
731 777 12 21 å
758 777 104 21 hvardera
876 777 22 20 af
912 777 61 20 dessa

216 811 86 21 klasser.

286 845 109 22 Utskottet
417 847 38 20 har
477 847 32 20 för
531 847 32 20 sin
587 847 34 20 del
640 847 47 20 icke
703 847 82 20 kunnat
799 852 51 15 anse
866 848 64 18 annat
945 847 25 18 än

216 881 31 19 att
269 880 41 20 den
332 880 33 20 för
385 880 159 28 ifrågavarande
559 887 101 21 personer
675 880 119 27 föreslagna
809 880 163 26 förlängningen

216 913 21 21 af
260 914 41 20 den
325 914 149 27 obligatoriska
495 915 134 27 tjenstetiden
653 914 34 21 vid
709 914 57 21 aktiv
788 916 62 25 trupp
865 914 38 20 har
917 914 55 26 goda

215 948 47 20 skäl
285 948 32 20 för
339 949 37 26 sig.
406 948 33 21 Då
460 951 67 19 staten
547 949 32 21 för
595 949 123 21 utbildande
734 949 21 20 af
771 948 108 21 officerare
895 948 77 21 under-

217 982 67 20 håller
299 984 30 19 ett
344 982 87 27 dyrbart
446 983 101 27 läroverk,
564 983 29 21 uti
604 983 80 21 hvilket
695 983 98 21 eleverna
803 982 100 27 antingen
915 985 57 18 emot

215 1022 27 14 en
267 1017 135 27 synnerligen
425 1017 35 27 låg
482 1018 61 26 afgift
565 1017 51 21 eller
638 1018 64 20 också
725 1017 145 21 kostnadsfritt
891 1017 82 27 åtnjuta

216 1050 160 28 undervisning,
391 1058 64 20 synes
471 1052 35 20 det
520 1052 47 20 icke
583 1059 49 13 vara
647 1052 82 27 obilligt
743 1053 30 19 att
786 1052 32 26 de,
829 1058 45 14 som
885 1058 87 20 genom-

215 1085 45 27 gått
276 1084 57 22 detta
348 1085 102 28 läroverk,
466 1086 83 27 åläggas
565 1088 30 19 att
610 1086 68 21 under
688 1086 69 26 någon
768 1086 30 20 tid
809 1086 92 20 derefter
912 1086 60 20 kvar-

215 1119 32 21 stå
269 1120 35 20 vid
327 1120 26 20 de
375 1120 70 20 aktiva
466 1122 119 26 trupperna,
607 1121 32 20 för
659 1122 30 19 att
703 1120 90 21 sålunda
808 1120 26 20 de
850 1120 121 20 inhemtade

217 1154 229 27 specialkunskaperna
461 1154 63 21 måtte
541 1155 84 20 komma
639 1154 73 21 landet
727 1154 32 21 till
769 1154 61 27 godo.
854 1154 44 20 Och
908 1154 62 20 äfven

215 1187 27 21 de
258 1188 76 26 elever,
350 1188 71 21 hvilka
437 1188 46 21 icke
498 1189 86 20 afslutat
598 1188 125 28 fullständig
740 1189 49 20 kurs
805 1188 35 21 vid
853 1188 118 21 läroverket

213 1221 6 20 i
235 1222 66 27 fråga,
321 1229 49 14 men
392 1223 117 21 emellertid
525 1223 66 21 delvis
607 1223 122 27 genomgått
744 1223 26 21 de
786 1223 35 21 två
836 1223 74 27 högsta
925 1229 46 21 spe-

215 1256 156 28 cialklasserna,
386 1257 67 21 måste
469 1264 60 14 anses
544 1258 63 20 hafva
621 1258 41 26 röjt
677 1258 23 20 så
715 1257 86 27 mycket
815 1257 42 27 håg
872 1257 32 21 för
916 1257 55 21 mili-

214 1290 100 27 täryrket,
330 1293 30 19 att
375 1291 61 21 deras
451 1292 150 21 kvarhållande
617 1292 68 20 under
699 1292 71 26 någon
786 1292 29 20 tid
826 1292 7 20 i
844 1292 64 26 sagda
918 1292 52 26 yrke

212 1324 48 21 icke
281 1325 91 21 innebär
394 1325 68 27 någon
487 1326 114 27 obillighet.
630 1325 63 22 Emot
711 1326 169 27 propositionens
895 1326 76 27 ifråga-

212 1359 94 21 varande
327 1359 78 27 förslag
426 1360 71 21 kunde
518 1360 100 27 möjligen
635 1360 117 26 anmärkas,
773 1362 30 19 att
817 1360 41 21 den
874 1360 96 27 åsyftade

212 1392 163 29 förlängningen
391 1394 22 20 af
428 1394 41 21 den
485 1394 147 28 obligatoriska
649 1394 135 28 tjenstetiden
801 1400 49 15 vore
862 1394 68 27 egnad
941 1396 29 19 att

212 1426 66 22 verka
294 1427 85 28 derhän,
395 1430 30 19 att
440 1428 55 21 färre
505 1428 70 21 elever
586 1429 84 21 komme
681 1431 30 19 att
721 1429 51 20 söka
783 1428 83 21 inträde
874 1428 7 20 i
889 1428 81 21 kadett-
