1092 1753
255 134 27 20 86
540 133 85 22 Ständ.
641 133 39 23 Sv.

571 205 14 28 8
605 205 40 22 25.

296 261 141 23 Föreskrift
464 262 110 22 rörande
598 261 113 29 mätning
730 261 46 22 och
795 261 145 29 besigtning
959 261 26 21 af

227 296 185 29 värnepligtige
439 297 76 28 jemte
543 296 101 29 uppgift
668 296 33 28 på
720 295 97 23 sådana
835 295 147 29 kroppsliga

227 329 92 22 brister
340 331 47 22 och
415 331 156 28 sjukdomar,
600 337 53 16 som
672 330 92 28 utgöra
783 330 89 22 hinder
890 330 39 22 för
948 331 35 20 att

226 364 8 21 i
260 363 148 30 krigstjenst
436 366 114 28 antagas,
577 364 121 26 utfärdas,
720 364 63 22 efter
801 364 182 28 Medicinalsty-

227 398 96 22 relsens
351 399 122 26 hörande,
504 399 25 22 af
553 399 110 22 Senaten
682 399 8 21 i
709 398 101 23 samråd
829 398 56 22 med
905 398 78 22 Gene-

225 432 207 30 ralguvernören.

573 526 15 28 8
608 525 39 22 26.

294 582 66 22 Från
390 582 169 29 tjenstgöring
587 582 43 22 vid
659 582 30 22 de
717 581 104 23 stående
844 583 136 27 trupperna

225 616 82 22 under
326 616 71 22 såväl
415 616 79 23 freds-
516 623 54 16 som
589 616 115 29 krigstid,
724 622 57 16 men
800 616 53 22 icke
872 616 56 22 från
947 616 34 22 öf-

224 650 222 30 ningsskyldighet
465 652 42 21 vid
526 651 169 26 landtvärnet,
707 651 22 29 ej
741 650 78 22 heller
829 650 56 22 från
896 651 84 28 tjenst-

225 685 92 28 göring
336 685 43 22 vid
398 686 234 27 landtvärnstrupp,
651 685 104 22 befrias:

296 719 24 26 a)
339 719 64 23 ende
423 719 140 23 arbetsföre
583 726 77 15 sonen
680 719 35 22 till
735 719 66 22 enka
811 719 59 22 eller
881 719 35 22 till
926 719 53 22 icke

225 753 125 22 arbetsför
368 754 86 27 fader;
474 754 26 28 b)
520 754 65 22 ende
604 753 139 23 arbetsföre
763 753 110 23 brodren
891 753 36 22 till
945 755 34 20 ett

224 788 60 22 eller
311 788 61 22 flere
400 788 81 23 fader-
507 789 46 22 och
581 788 141 22 moderlösa
747 788 108 29 syskon;
875 788 21 28 c)
916 788 63 22 ende

225 822 140 22 arbetsföre
390 829 55 16 son-
465 823 59 22 eller
542 823 169 26 dottersonen,
730 823 45 22 der
793 822 119 25 farfader,
932 822 48 22 far-

225 857 94 26 moder,
337 857 128 22 morfader
484 857 60 22 eller
566 857 142 22 mormoder
726 857 55 22 icke
800 857 76 22 hafva
895 857 84 28 någon

224 891 126 22 arbetsför
376 898 54 19 son,
460 891 105 22 såframt
592 892 7 21 i
626 891 166 22 förenämnda
819 891 44 22 fall
892 897 86 20 sonen,

222 925 118 26 brodren,
358 933 56 15 son-
432 926 60 22 eller
511 926 162 22 dottersonen
692 926 75 29 utgör
783 925 124 29 familjens
927 925 52 22 huf-

222 959 153 30 vudsakliga
403 961 69 26 stöd;
498 960 26 29 d)
544 960 64 22 ende
627 967 78 15 sonen
724 960 8 22 i
751 966 31 16 en
800 960 85 29 familj,
905 960 74 22 äfven

222 1000 41 16 om
281 994 90 22 fadren
390 995 28 22 är
438 995 135 26 arbetsför;
600 994 23 29 e)
643 994 56 27 den,
719 1001 54 15 som
792 995 7 21 i
818 994 70 22 ålder
906 994 74 29 följer

222 1029 58 21 näst
299 1029 62 22 efter
380 1035 31 16 en
430 1029 100 26 broder,
554 1029 104 22 hvilken
676 1029 33 27 på
728 1029 84 29 grund
832 1029 25 22 af
875 1029 104 27 uppbåd

222 1062 54 22 står
300 1062 8 22 i
334 1062 70 23 aktiv
426 1064 76 28 tjenst
522 1063 59 22 eller
601 1063 54 22 dött
673 1063 7 21 i
699 1062 157 27 densamma;
877 1064 65 20 samt
959 1062 19 29 f)

222 1096 75 23 oäkte
316 1104 54 19 son,
390 1098 103 22 hvilken
512 1104 87 15 ensam
617 1097 122 29 försörjer
758 1097 38 22 sin
815 1097 94 22 moder.

292 1131 177 29 Anmärkning
489 1132 21 22 1.
550 1131 121 29 Stjufson,
691 1131 130 22 äfvensom
841 1132 56 26 den,
917 1131 62 22 hvil-

222 1165 50 22 ken
290 1165 55 22 före
364 1166 34 22 tio
418 1166 41 22 års
478 1166 70 22 ålder
571 1166 82 22 blifvit
673 1166 82 22 såsom
774 1165 125 23 fosterson
917 1172 61 22 upp-

221 1201 85 27 tagen,
334 1200 131 22 betraktas
492 1200 83 22 såsom
604 1201 57 28 eget
688 1200 63 22 barn
781 1200 36 22 till
835 1200 55 22 sina
909 1200 69 29 stjuf-

222 1233 61 23 eller
310 1234 211 26 fosterföräldrar,
549 1241 40 15 om
618 1234 73 22 desse
715 1234 54 22 icke
789 1234 77 22 hafva
885 1234 93 22 arbets-

222 1268 40 22 för
282 1275 53 15 son.

291 1302 177 30 Anmärkning
486 1304 22 21 2.
545 1302 88 23 Såsom
656 1303 140 22 arbetsföra
817 1302 160 22 medlemmar

220 1336 8 22 i
247 1336 113 29 familjen
380 1344 74 15 anses
475 1338 47 21 alla
542 1338 91 21 mellan
653 1338 104 22 aderton
777 1337 46 22 och
842 1336 135 22 femtiofem

220 1371 43 22 års
282 1371 78 26 ålder,
380 1372 56 21 med
455 1372 132 28 undantag
606 1372 36 22 af:
663 1372 24 28 a)
707 1372 57 25 den,
785 1378 53 15 som
845 1367 15 38 i
857 1371 82 29 följd
953 1371 26 22 af

220 1404 149 29 kroppslyte
394 1405 60 22 eller
478 1405 137 30 sjuklighet
640 1406 94 21 saknar
752 1405 115 28 förmåga
887 1406 35 21 att
941 1411 36 16 ar-

220 1439 68 26 beta,
309 1439 24 27 b)
352 1439 58 26 den,
430 1446 54 15 som
503 1440 79 22 sedan
604 1447 69 15 mera
693 1441 31 20 än
743 1441 38 20 tre
801 1439 28 22 år
847 1439 78 22 vistas
944 1439 33 29 på
