1086 1761
269 123 40 19 100
586 120 23 23 U.
626 120 22 22 B.

240 192 62 26 ning,
318 198 48 14 som
382 190 19 28 ej
418 190 215 21 öfverensstämmer
653 189 51 21 med
719 189 88 21 landets
822 188 45 28 lag,
882 188 114 28 nämligen

241 225 7 21 i
265 224 90 22 afskrift
370 224 43 22 och
434 226 56 20 utan
506 224 198 28 kontrasignation
726 223 26 21 af
764 222 108 22 Finlands
888 222 108 21 minister-

241 259 201 21 statssekreterare.
473 259 46 21 Det
541 261 24 19 är
580 258 8 21 i
603 258 58 28 följd
682 257 66 22 häraf
760 257 130 29 uppenbart
904 259 33 19 att
951 264 44 13 ma-

241 293 92 21 nifestet
349 293 42 21 och
406 292 234 29 grundstadgandena
655 294 35 19 stå
705 292 7 21 i
727 292 57 21 strid
799 294 47 19 mot
857 292 44 20 den
911 293 44 18 rätt
963 290 33 21 till

239 335 61 20 egen
315 327 151 28 lagstiftning,
489 334 49 14 som
561 327 72 28 enligt
656 326 107 22 Finlands
787 325 150 22 konstitution
954 325 43 20 till-

242 362 101 21 kommer
358 361 50 22 dess
424 361 54 22 folk.

310 397 19 20 4.
360 396 123 21 Emedan
498 396 139 21 Finlands
660 395 176 29 grundlagar
851 394 62 21 icke
928 393 66 21 med-

242 429 80 29 gifva
338 430 156 21 stiftandet
517 430 30 21 af
567 430 48 28 lag
637 430 45 21 för
697 429 99 22 landet
810 429 7 21 i
832 436 92 14 annan
940 427 57 22 ord-

242 465 69 28 ning
334 467 32 18 än
386 465 52 20 den
452 465 61 21 med
529 465 82 20 dessa
626 464 178 29 grundlagar
826 463 103 28 enliga,
948 462 49 21 har

243 506 33 13 en
290 499 116 28 värklig
428 499 258 28 rikslagstiftning
703 498 137 21 härintils
856 498 63 21 icke
934 497 63 21 kun-

242 535 48 19 nat
305 533 103 22 finnas.

311 568 69 21 Detta
395 568 109 21 utesluter
515 568 56 25 icke,
580 570 34 19 att
624 568 130 24 monarken,
763 567 70 21 innan
842 567 44 21 han
895 566 102 28 vidtager

243 602 111 28 åtgärder,
365 602 105 28 gällande
481 602 36 22 för
527 602 103 26 Finland,
642 602 76 21 rådför
726 602 35 27 sig
767 601 85 29 jämväl
860 600 51 22 med
921 600 76 21 aukto-

243 636 76 22 riteter
335 636 6 21 i
357 636 157 28 kejsardömet,
523 636 29 22 då
560 636 71 22 saken
639 636 66 22 berör
714 636 50 21 dess
773 636 118 25 intressen;
900 634 42 22 och
950 642 47 14 som

243 670 123 22 monarken
382 678 53 21 eger
450 673 29 26 på
490 671 60 21 vissa
560 670 107 22 områden
675 670 91 22 utfärda
774 670 163 28 författningar
943 672 54 18 utan

243 705 133 21 ständernas
391 705 146 26 medvärkan,
552 705 72 21 hafva
639 707 29 26 på
684 705 64 21 dessa
763 704 107 22 områden
886 704 112 21 öfverens-

243 740 140 21 stämmande
399 740 142 28 stadganden
557 740 89 21 kunnat
661 739 100 29 lagligen
777 739 101 21 utfärdas
895 740 32 19 att
939 738 59 28 gälla

244 773 35 22 för
302 773 151 28 kejsardömet
476 773 43 22 och
542 773 36 22 för
601 773 221 26 storfurstendömet,
841 775 56 19 utan
911 774 33 19 att
965 779 33 14 sa-

244 808 45 21 ken
311 807 62 22 förut
395 808 133 21 behandlats
551 808 26 21 af
600 808 127 21 ständerna.
765 807 106 28 Lagarna
893 814 36 14 om
951 813 47 14 suc-

243 842 234 29 cessionsordningen,
500 842 162 28 tronföljarens
685 841 135 29 myndighet
843 841 42 22 och
908 840 90 22 därmed

244 877 222 27 sammanhängande
490 879 81 19 ämnen
595 879 38 19 äro
657 878 47 19 åter
725 876 51 21 icke
798 875 104 28 värkliga
923 875 76 21 riksla-

244 918 47 20 gar,
314 913 54 19 utan
392 910 36 22 för
450 910 154 28 kejsardömet
624 910 128 26 utfärdade;
776 917 52 14 men
850 910 7 20 i
880 909 73 28 grund
976 908 25 22 af

243 944 109 22 Finlands
367 944 106 29 förening
495 945 51 21 med
569 945 153 28 kejsardömet
744 944 43 22 och
810 946 63 19 arten
888 944 25 21 af
926 944 73 21 denna

245 979 106 28 förening
365 979 78 21 länder
466 979 36 22 för
525 980 97 20 Finland
645 980 35 20 till
697 979 156 25 efterrättelse,
870 981 33 18 att
917 978 60 22 hvad
992 978 7 20 i

245 1013 65 21 dessa
325 1016 82 18 ämnen
422 1016 24 18 är
463 1014 54 21 eller
533 1014 121 21 framdeles
670 1014 80 21 varder
764 1013 7 21 i
780 1013 151 28 kejsardömet
941 1012 58 21 stad-

245 1048 55 27 gadt
315 1048 71 28 gäller
409 1048 68 21 äfven
501 1048 36 21 för
558 1048 99 21 Finland
672 1050 54 19 utan
748 1048 85 25 vidare,
849 1046 43 22 och
914 1046 85 22 således

244 1084 56 19 utan
315 1084 33 19 att
370 1082 107 21 Finlands
502 1082 92 21 ständer
616 1082 55 21 eller
692 1083 77 27 någon
791 1081 61 21 finsk
866 1080 133 29 myndighet

245 1116 95 28 deltagit
355 1116 7 20 i
378 1116 53 21 eller
445 1116 46 21 kan
507 1116 91 28 deltaga
608 1116 8 21 i
626 1116 70 21 sådan
706 1115 151 29 lagstiftning.
882 1115 48 21 Och
940 1115 59 21 hvad

245 1150 108 28 slutligen
375 1150 109 21 traktater
509 1150 50 21 med
575 1150 141 21 främmande
731 1150 88 20 makter
842 1149 111 27 beträffar,
969 1151 30 23 så,

245 1183 44 22 och
304 1184 35 21 då'
347 1184 96 21 Finland
459 1186 117 26 gentemot
592 1184 104 21 utlandet
712 1184 49 21 icke
776 1183 46 22 kan
836 1183 91 22 komma
941 1183 7 21 i
963 1183 37 21 be-

244 1219 120 20 traktande
380 1218 141 21 annorlunda
538 1221 29 18 än
583 1220 74 19 såsom
672 1225 28 14 en
716 1218 37 21 del
768 1217 26 22 af
807 1217 38 22 det
857 1217 69 28 ryska
936 1217 64 26 riket,

244 1253 69 21 hvars
328 1252 192 29 angelägenheter
536 1252 142 22 handhafvas
694 1252 26 21 af
732 1251 105 29 kejsaren
852 1251 52 22 med
914 1251 87 22 biträde

245 1287 27 20 af
284 1287 162 28 kejsardömets
464 1294 78 21 organ,
553 1289 38 19 äro
603 1287 120 21 traktaters
734 1285 129 22 afslutande
873 1285 52 22 med
934 1285 67 22 främ-

246 1321 81 21 mande
342 1321 88 21 makter
452 1321 96 21 likasom
564 1321 74 28 öfriga
653 1319 278 29 utrikesangelägenheter
945 1322 55 19 utan

245 1355 133 28 gensägelse
402 1355 52 21 hela
478 1355 70 21 rikets
574 1354 198 29 angelägenheter,
795 1355 7 20 i
824 1354 89 21 hvilkas
939 1353 61 29 afgö-

246 1389 69 22 rande
329 1389 98 22 Finland
442 1389 50 22 icke
507 1392 65 26 tager
588 1389 42 22 del.
659 1389 53 22 Men
727 1396 37 15 om
779 1397 28 13 en
823 1389 95 21 traktats
934 1388 67 22 afslu-

314 1434 140 23 Lagutskottets
467 1434 121 18 betänkande.
