1089 1750
418 130 29 22 U.
463 130 28 22 B.
806 130 26 20 81

106 202 30 18 att
151 199 20 21 af
187 199 26 21 de
229 199 6 20 i
252 199 12 27 $
281 199 25 20 79
323 199 129 21 omnämnda
468 205 101 21 personer
584 199 32 26 de,
632 198 71 21 hvilka
719 198 82 21 erhållit
814 205 52 21 upp-

107 234 52 26 skof,
174 233 47 21 icke
237 233 71 21 vidare
327 233 3 20 i
347 234 116 20 momentet
479 233 73 21 afses.»

177 276 9 10 »
190 267 134 21 Beträffande
340 267 126 27 stadgandet
481 267 7 20 i
499 267 66 21 andra
575 269 118 19 momentet
705 267 22 21 af
737 268 12 26 $
758 268 26 20 81
796 268 36 26 att,
840 266 27 21 dä

107 305 62 24 trupp
185 302 70 20 blifvit
271 301 162 27 öfverkomplett
448 308 77 20 genom
541 303 30 19 att
586 301 127 21 förfallolöst
728 301 116 21 uteblifven
860 300 7 20 i

107 337 91 26 tjensten
214 335 89 27 instälts,
319 336 69 26 nägon
404 336 32 20 till
452 336 77 27 afgäng
546 336 59 27 villig
620 336 21 20 af
657 336 41 20 den
714 335 97 26 ärsklass,
822 341 43 15 som

108 371 85 27 tidigast
214 370 79 20 inträdt
313 370 6 20 i
340 370 69 26 tjenst,
431 370 38 20 bör
491 370 45 20 frän
560 372 90 25 truppen
666 370 123 27 entledigas,
805 369 63 21 hafva

109 404 117 22 Ständerna
249 406 73 25 ansett,
345 407 30 17 att
398 404 94 27 antydda
515 404 82 21 förmän
619 404 48 21 med
688 406 66 19 större
769 404 45 21 skäl
831 404 37 20 bör

109 439 118 21 tillkomma
243 438 40 21 den
300 438 96 28 ärsklass,
411 445 45 14 som
473 442 72 18 senast
560 438 55 24 trädt
630 439 5 20 i
652 439 110 27 tjensten.»

177 474 39 20 Att
238 473 139 20 omförmälda
398 473 77 27 nädiga
492 473 128 27 proposition
636 473 46 21 icke
698 473 123 21 föranledde
837 472 31 21 till

110 507 71 27 slutlig
197 507 72 27 ätgärd
286 507 37 20 har
339 507 62 21 ofvan
418 507 130 21 framhällits.

178 541 42 21 Vid
244 541 155 27 behandlingen
423 542 21 20 af
468 541 209 27 Värnepligtslagens
692 541 122 21 förberörda
833 540 35 28 88

111 575 36 28 75,
172 575 29 22 76
224 576 39 21 och
279 575 37 28 79,
332 576 69 20 såsom
417 576 61 21 dessa
493 576 25 27 8
534 576 50 27 lyda
599 576 8 20 i
623 576 76 27 nådiga
717 576 151 27 förordningen

111 611 41 20 den
168 611 27 20 20
211 610 121 21 November
350 611 131 26 1882,-samt
492 611 15 28 &
523 611 36 27 81,
577 611 66 27 enligt
659 611 48 20 dess
722 611 81 26 lydelse
814 610 8 20 i
833 609 37 21 nä-

112 645 48 26 diga
175 645 151 27 förordningen
343 645 41 20 den
401 645 26 20 11
444 645 101 21 Februari
564 645 60 27 1889,
640 645 38 20 har
694 645 114 27 Utskottet,
824 651 45 14 som

114 682 69 18 ansett
198 679 39 21 den
255 679 136 27 granskning,
406 679 198 28 Värnepligtslagen
621 686 29 14 nu
661 679 144 27 underkastas,
813 679 57 27 gifva

113 713 113 27 anledning
243 715 30 19 att
288 713 51 20 söka
347 713 92 21 omsider
449 713 21 21 fä
476 713 106 28 aflägsnad
591 713 114 21 omordade
714 714 157 26 inkonsegvens

113 748 38 20 och
159 747 109 28 obillighet
277 748 6 19 i
293 747 186 27 bestämningarna
487 748 109 27 angående
603 748 122 27 grunderna
731 747 139 28 föruppbäds-

112 782 155 26 fördelningen,
283 782 7 20 i
306 781 41 21 allo
364 782 95 21 omfattat
476 783 39 20 den
532 783 93 26 mening,
642 789 45 14 som
703 781 90 22 ianförd
805 781 65 21 mätto

113 816 86 21 uttalats
221 816 45 21 dels
287 817 6 20 i
309 816 122 21 förberörda
447 817 78 26 nädiga
540 817 129 26 proposition
685 817 40 21 N:o
741 817 34 26 24,
789 815 46 22 dels
851 815 21 20 af

115 851 53 20 1891
186 851 33 20 års
235 850 94 21 Ständer.
357 851 11 20 I
383 851 152 27 hufvudsaklig
550 851 219 20 öfverensstämmelse
784 850 88 21 härmed

114 885 38 20 och
174 885 48 20 med
243 885 117 20 beaktande
375 885 78 27 jemväl
469 885 22 20 af
505 885 26 21 de
546 885 115 27 ändringar
676 885 6 20 i
699 885 26 27 $$
742 886 26 20 75
784 885 39 21 och
840 885 32 24 76,

114 925 44 14 som
183 919 96 27 betingas
299 919 21 21 af
341 919 118 21 Utskottets
475 919 78 27 förslag
569 919 31 21 till
616 919 79 20 ändrad
712 919 81 27 lydelse
808 919 22 20 af
846 919 26 26 $$

115 954 12 19 8
151 953 39 21 och
213 953 33 26 80,
269 953 62 21 hafva
348 954 55 26 förty
419 953 23 28 $$
459 955 33 25 75,
509 954 32 26 76,
557 954 26 21 79
599 954 39 20 och
654 954 25 20 81
697 953 175 21 omformulerats.

183 987 11 20 I
218 987 56 21 detta
298 988 153 27 sammanhang
467 988 34 21 mä
515 988 78 27 jemväl
609 988 121 21 framhällas
746 990 35 24 att,
796 987 76 21 medan

115 1022 66 26 enligt
203 1022 98 27 gällande
325 1022 171 27 Värnepligtslag
511 1023 20 26 ($
549 1023 30 24 76,
595 1022 66 21 sådan
677 1023 70 20 denna
763 1023 12 26 $
790 1022 62 27 lyder
867 1022 5 19 i

115 1055 120 28 Kejserliga
250 1056 152 27 förordningen
418 1057 40 20 den
476 1057 27 20 20
522 1051 114 36 November
648 1057 63 25 1882)
726 1056 147 27 fördelningen

116 1091 21 20 af
157 1090 40 21 den
214 1091 135 26 erforderliga
367 1091 187 27 ärskontingenten
567 1091 26 27 pä
609 1091 26 20 de
651 1091 68 20 skilda
735 1091 61 20 länen
814 1090 60 21 verk-

116 1125 71 20 ställes
210 1125 21 20 af
254 1124 90 21 Senaten
367 1125 5 20 i
393 1125 84 20 samråd
494 1125 47 21 med
558 1125 230 27 Generalguvernören,
804 1124 70 21 denna

116 1159 120 27 fördelning
258 1159 7 20 i
288 1162 36 18 art.
341 1160 26 20 92
391 1159 20 21 af
433 1159 41 21 den
498 1160 76 26 nädiga
596 1160 156 27 propositionen
768 1161 23 19 är
806 1159 68 21 öfver-

116 1193 85 21 lemnad
217 1193 22 20 ät
254 1193 189 27 Krigsministeriet
454 1194 7 20 i
473 1194 165 27 Kejsaredömet.
653 1194 33 20 Då
696 1194 107 21 Utskottet
811 1194 64 20 emel-

117 1227 61 21 lertid
194 1227 87 21 beslutit
296 1228 111 26 tillstyrka,
417 1230 30 19 att
463 1228 79 21 antalet
557 1228 21 21 af
594 1228 35 21 det
644 1228 32 21 för
691 1228 26 21 de
733 1228 69 21 finska
817 1230 58 24 trup-

117 1268 76 20 pernas
209 1262 162 26 komplettering
386 1262 137 28 erforderliga
539 1263 130 27 manskapet,
679 1263 80 20 hvilket
770 1262 58 21 antal
839 1261 37 21 bör

117 1295 79 27 ärligen
213 1296 98 20 särskildt
327 1296 118 25 fastställas,
461 1297 65 20 mätte
542 1297 127 20 bestämmas
685 1297 20 20 af
721 1296 101 28 Kejsaren
837 1296 38 20 och

117 1329 130 21 Storfursten
263 1330 54 20 efter
331 1330 152 28 föredragning
498 1331 21 20 af
533 1330 175 28 Krigsministern
725 1331 19 27 ($
755 1332 12 19 5
778 1331 7 20 i
796 1330 80 21 nedan-

117 1363 88 21 stäende
226 1364 227 28 författningsförslag),
472 1368 55 18 samt
542 1365 146 27 fördelningen
706 1365 21 21 af
742 1366 40 20 den
798 1365 6 20 i
821 1364 56 21 stad-

118 1398 40 25 gad
182 1398 90 27 ordning
296 1398 108 21 bestämda
429 1399 187 27 ärskontingenten
639 1399 26 27 pä
688 1399 26 21 de
729 1399 69 21 skilda
813 1399 64 20 länen

119 1432 123 21 verkställes
264 1434 47 19 rent
331 1433 143 21 matematiskt
496 1434 25 26 pä
543 1433 132 27 grundvalen
698 1434 21 20 af
737 1434 36 20 det
787 1433 90 21 rörande

798 1484 10 15 6
