1089 1759
273 126 13 20 4
593 126 21 22 U.
631 126 22 22 B.

243 194 66 29 viljat
333 195 41 21 och
397 195 100 25 beslutit,
521 195 36 21 till
574 196 30 20 H.
620 196 29 20 K.
665 196 41 21 Mt.
723 196 42 21 och
788 195 215 23 fäderneslandsens

245 228 71 29 tjänst
336 230 42 20 och
393 232 57 19 värn
465 232 86 19 tvänne
567 230 167 28 utskrifningar
749 232 35 19 att
800 230 64 22 skola
880 231 42 21 och
937 233 65 26 mäge

243 264 72 21 hällas
338 264 64 20 öfver
423 264 52 21 hela
497 264 67 25 riket,
589 264 45 21 den
655 264 73 22 första
743 264 7 21 i
766 264 65 22 detta
850 266 24 20 är
891 267 53 19 1642
961 266 43 20 och

245 298 45 21 den
312 298 71 21 andra
397 300 33 26 (sä
448 298 69 22 framt
533 298 76 28 kriget
625 298 156 28 kontinueras)
797 298 8 22 i
821 299 41 21 det
877 301 24 19 är
918 301 60 24 1643,
996 300 8 20 i

245 335 25 19 sä
289 334 72 20 måtto
383 335 34 19 att
439 333 23 21 vi
478 333 23 21 af
517 333 84 21 skatte-
617 334 43 21 och
675 333 192 22 kronobönderne
882 334 69 20 hafva
966 334 37 21 be-

245 366 66 29 viljat
331 369 33 19 att
387 370 82 26 utgöra
487 368 56 21 eller
560 368 114 21 utskrifva
689 368 46 21 läta
751 375 29 14 en
795 368 107 28 varaktig
917 368 49 21 karl
981 368 23 21 af

245 401 80 28 hvarje
347 401 32 21 tio
402 402 88 21 besatte
506 402 107 22 hemman
627 416 28 2 —
672 416 26 2 —
714 416 27 2 -—
757 416 27 2 —
801 416 27 2 —
845 405 47 19 —%
924 402 42 26 ,Vi
982 403 22 20 af

245 436 170 28 Ridderskapet
430 436 84 28 bevilje
529 437 43 21 och
589 437 118 28 samtycke
723 450 27 2 —
766 450 27 2 —
809 439 35 19 att
856 437 53 21 med
920 444 83 14 samme

245 471 75 21 vilkor
343 478 48 14 som
413 471 62 21 skatt
498 471 43 22 och
556 471 73 21 krona
644 471 35 28 sig
694 471 132 21 förbehällit
841 472 81 20 hafver
936 471 68 29 tjugu

246 508 54 19 väre
322 505 105 22 hemman
450 506 63 21 skola
536 508 84 26 utgöra
642 506 55 20 eller
720 505 115 22 utskrifva
852 506 47 21 läta
915 513 28 14 en
958 506 44 28 god

246 539 106 29 varaktig
373 540 62 21 karlt
453 553 24 3 —
495 553 26 3 —
537 553 28 3 —
581 557 8 9 ,
595 540 30 21 Vi
647 540 24 21 af
687 540 173 28 prästerskapet
882 540 61 22 lofve
961 540 40 22 och

246 574 90 28 tillsäge
359 576 34 20 att
415 574 52 22 vela
486 574 23 22 af
527 574 81 28 hvarje
627 574 32 22 tio
675 574 161 29 prästegärdar
852 576 82 26 utgöra
950 575 54 21 eller

247 609 86 21 skrifva
348 609 45 21 läta
409 616 28 14 en
453 609 46 28 god
514 609 107 28 varaktig
636 609 69 21 karl*.

317 644 78 20 Säsom
415 650 68 22 synes
501 643 116 21 drabbade
633 644 66 20 dessa
714 643 167 28 utskrifningar
896 643 50 21 icke
961 644 43 21 alla

247 678 193 22 samhällsklasser
467 678 153 28 personligen.
658 678 171 28 Ridderskapet
857 678 43 21 och
926 678 78 21 adelns

247 712 152 26 medlemmar,
422 712 84 26 hvilka,
530 714 74 19 såsom
619 712 111 28 vederlag
747 712 36 21 för
799 712 45 21 den
860 712 143 21 skattefrihet

248 747 28 21 de
291 747 36 21 för
343 746 34 22 sin
390 746 53 28 jord
459 746 94 28 åtnjöto,
570 753 56 15 voro
641 746 106 29 skyldige
759 748 34 19 att
804 750 56 24 göra
870 746 134 28 krigstjänst

247 782 36 21 till
305 782 58 24 häst,
387 781 44 21 den
446 788 16 14 s.
479 781 20 21 k.
517 781 229 28 frälserusttjänsten,
770 788 56 14 voro
845 781 95 21 sålunda
955 780 49 22 icke

248 816 81 28 själfva
351 816 168 21 underkastade
541 815 148 28 utskrifning,
713 818 56 18 utan
792 815 71 21 sådan
880 814 124 29 beviljades

249 851 22 21 af
293 850 158 28 ridderskapet
474 850 43 21 och
541 850 69 21 adeln
629 850 80 21 endast
732 850 36 20 för
789 850 53 20 dess
857 850 147 21 landbönder.

248 886 78 27 Härpå
337 884 72 29 syftar
421 886 26 19 10
457 885 14 28 8
482 884 23 21 af
514 886 54 19 1723
577 886 36 19 års
622 884 76 28 adliga
705 884 134 28 privilegier
847 892 49 14 som
906 884 98 28 stadgar,

249 922 40 23 att,
312 919 35 21 för
368 919 45 21 den
427 918 109 22 händelse
552 920 34 20 att
603 920 90 26 ,nägon
708 918 142 28 utskrifning
864 918 42 22 hos
921 918 84 22 Allmo-

249 962 45 20 gen
312 953 35 21 till
365 953 98 21 Riksens
478 956 57 18 värn
551 953 43 21 och
609 953 89 21 försvar
714 952 116 28 samtyckt
846 953 43 21 och
904 952 100 22 bevilliat

248 988 104 25 blifver*,
369 988 80 20 sådant
462 987 49 21 icke
527 988 58 20 skall
596 988 123 27 ,päläggas
729 987 103 21 Adelens
842 987 164 21 Landtbönder

249 1023 43 21 och
315 1022 110 21 utsockne
445 1022 186 21 Frälsehemman
646 1024 56 18 utan
718 1021 91 28 menige
825 1021 181 28 Ridderskapets

249 1058 43 20 och
314 1056 107 25 Adelens,
439 1063 48 14 som
509 1056 82 21 sielfva
605 1058 72 26 nägra
692 1056 137 28 Landtgods
846 1058 48 26 äga,
910 1056 59 27 goda
982 1055 24 28 ja

249 1092 43 21 och
308 1090 137 28 samtycke".
476 1090 75 21 Bland
568 1090 183 28 prästerskapets
767 1090 147 21 medlemmar
929 1090 77 21 kunde

249 1125 166 27 utskrifningar
434 1124 147 28 naturligtvis
605 1124 50 22 icke
679 1132 42 20 ega
740 1132 57 18 rum,
815 1124 20 28 ej
852 1124 71 21 häller
938 1132 68 20 synes

250 1160 83 22 sådana
350 1159 96 21 drabbat
462 1159 43 21 alla
521 1159 118 21 städernas
655 1159 114 21 invånare.

318 1194 45 21 För
379 1195 34 19 att
428 1193 77 28 undgå
517 1193 147 28 utskrifning,
676 1193 101 25 hvilken,
789 1192 73 29 enligt
874 1193 132 21 ständernas

249 1229 40 21 vid
306 1230 54 19 1682
377 1230 34 18 års
427 1227 93 28 riksdag
535 1227 82 28 gjorda
633 1227 170 29 medgifvande,
816 1227 78 21 kunde
905 1234 42 21 ega
957 1234 50 14 rum

250 1263 68 21 äfven
333 1264 56 19 utan
405 1264 33 18 att
454 1261 123 22 ständerna
587 1261 36 21 för
633 1261 80 29 hvarje
724 1264 62 26 gång
797 1261 209 25 sammankallades,

248 1296 79 28 ingick
343 1296 113 28 allmogen
471 1296 7 20 i
494 1298 33 18 ett
543 1296 62 21 antal
621 1296 98 21 svenska
733 1296 113 28 landskap
862 1302 83 21 genom
959 1295 47 21 sina

249 1330 144 28 fullmäktige
403 1330 40 21 vid
454 1330 71 28 sagda
535 1330 94 28 riksdag
638 1330 108 21 kontrakt
758 1337 37 14 om
806 1332 34 18 ett
849 1337 16 14 s.
874 1330 21 20 k.
905 1329 101 28 ständigt

249 1364 139 25 knektehåll,
400 1364 146 26 sålunda,
513 1359 35 37 att
557 1364 113 28 allmogen
681 1364 8 21 i
699 1364 80 28 hvarje
791 1364 24 21 af
823 1364 66 21 dessa
897 1363 109 29 landskap

248 1399 98 22 förband
369 1398 35 28 sig
427 1400 33 19 att
483 1399 115 28 uppställa
621 1401 34 19 ett
674 1398 243 28 infanteriregemente
933 1398 23 21 af
970 1398 37 21 be-

320 1444 138 24 Lagutskottets
472 1444 120 18 betänkande.
