1086 1684
252 108 40 20 142
573 109 19 20 U.
610 109 21 20 B.

216 189 29 2 —
259 176 88 27 jämväl
363 176 150 28 tronföljaren
530 176 42 21 och
588 176 51 21 hela
655 177 39 20 det
709 176 123 28 kejserliga
847 177 65 21 huset
923 176 55 22 huld

219 211 42 21 och
278 214 88 25 trogen,
382 214 56 18 utan
454 211 41 21 ock
511 210 68 22 löftet
594 213 34 19 att
643 211 51 21 med
711 211 25 21 lit
753 211 42 21 och
812 211 54 21 blod
878 212 100 20 försvara

217 245 40 21 det
273 245 115 28 kejserliga
406 246 74 20 väldet
493 245 119 27 äfvensom
623 249 40 22 att,
675 248 73 18 såsom
761 246 69 20 orden
842 245 61 29 lyda,
916 246 19 26 ,i
946 246 32 21 tid

217 280 124 28 upptäcka,
365 287 36 13 om
422 280 42 28 jag
479 280 133 21 förnimmer
627 282 71 26 något
713 282 11 18 å
741 280 64 20 färde
823 288 52 13 vara
892 280 33 21 till
942 284 37 17 än-

217 314 69 28 dring
308 314 55 21 eller
386 314 162 28 upphäfvande
571 314 86 27 däraf",
681 316 74 20 såsom
779 314 42 22 ock
846 315 66 21 löftet
932 332 8 8 ,
946 318 33 18 att

218 349 53 21 med
293 348 35 22 flit
351 349 42 21 och
417 349 70 21 trohet
508 352 56 18 utan
585 349 52 21 väld
661 349 54 21 eller
731 352 126 25 egennytta
874 348 103 29 uppfylla

218 383 46 21 alla
288 383 26 21 de
338 384 84 28 plikter
444 384 47 27 mig
511 384 5 20 i
533 384 99 27 tjänsten
649 391 31 13 nu
697 384 75 27 åligga
789 384 55 20 eller
860 384 118 21 tramdeles

218 418 94 27 åläggas
328 418 98 21 kunna".

288 452 11 21 I
319 452 102 28 enlighet
437 452 50 21 med
504 452 38 21 det
559 452 142 21 förestående
717 459 66 14 anser
798 452 123 21 utskottet:
938 455 42 18 att

220 487 51 21 den
295 486 101 29 nådiga
419 486 230 29 propositionens
668 486 110 28 förslag
793 487 47 20 till
857 487 121 27 ändring

219 522 31 19 at
268 521 224 28 lagstadgandet
512 529 40 13 om
578 521 257 28 krigsmannaeden
870 521 56 21 lika
949 521 28 21 li-

219 558 42 18 tet
278 563 56 14 som
357 556 139 27 förslaget
519 556 47 21 till
591 556 137 21 formulär
752 557 43 20 för
817 556 101 21 nämda
947 556 30 20 ed

219 590 54 21 kan
290 590 28 21 af
329 591 151 20 ständerna
491 590 226 28 godkännas;att
729 590 112 28 förslag,
853 591 125 20 atseende

220 625 200 28 väsentligare
448 625 124 27 ändring
597 625 7 20 i
631 625 253 28 krigsmannaeden
908 625 70 21 eller

219 661 90 19 sättet
328 659 44 21 för
388 659 252 28 dessafläggande,
652 662 33 25 pä
697 659 114 21 anförda
822 660 61 21 skäl
896 659 81 22 borde

219 693 197 22 underställas
442 694 182 28 kyrkomötes
648 694 145 21 utlätande
817 695 84 20 innan
924 695 54 20 det-

219 735 100 14 samma
342 729 146 21 ständerna
511 729 173 27 törelägges;
701 732 70 17 samt
787 732 43 17 att
846 729 78 28 förty
940 737 38 12 an-

220 763 115 28 ledning
355 763 46 21 till
417 763 166 28 förändring
599 763 28 20 af
640 763 30 21 88
685 763 14 28 $
715 763 5 20 i
737 763 131 28 gällande
885 766 93 18 värne-

219 797 146 28 pliktslag
382 798 42 21 för
440 797 177 22 närvarande
634 797 63 21 icke
714 798 164 27 töreligger.

289 901 45 21 För
347 901 42 21 den
402 901 107 21 händelse
519 905 33 17 att
560 909 46 21 nya
615 902 181 27 lagstadganden
805 901 117 27 angäende
931 904 48 18 vär-

218 935 119 28 neplikten
349 935 90 22 komme
451 939 33 17 att
495 936 25 21 af
528 936 122 21 ständerna
661 939 94 25 antagas
767 936 42 20 och
820 943 84 21 genom
914 936 64 21 sank-

218 970 50 21 tion
280 970 26 20 af
314 970 125 21 monarken
450 971 70 21 vinna
530 971 106 27 gällande
647 970 68 26 kraft,
726 972 72 20 mäste
807 970 39 21 det
855 978 64 13 anses
928 971 50 20 med

219 1004 96 21 rättvisa
326 1004 43 21 och
380 1004 105 28 billighet
496 1005 236 21 öfverenstämmande
743 1008 34 18 att
788 1005 27 20 de
826 1012 47 21 nya
885 1004 93 22 bestäm-

221 1038 120 28 ningarna,
358 1039 35 21 för
408 1041 24 19 sä
448 1040 50 20 vidt
514 1040 26 20 de
551 1040 116 23 innebära,
679 1042 34 18 att
724 1040 44 20 den
779 1039 100 21 militära
887 1039 91 27 tjänste-

219 1072 90 28 plikten
327 1072 75 22 bletve
418 1076 90 19 svårare
525 1078 27 17 än
568 1074 80 25 hittils,
664 1074 49 21 icke
729 1076 37 19 mä
775 1074 203 28 tillämpas
898 1068 11 38 ä
921 1074 57 28 dem,

223 1106 79 22 hvilka
324 1107 131 28 uppbädats
478 1108 54 21 eller
547 1109 59 21 trädt
623 1109 7 20 i
647 1108 71 28 tjänst
733 1108 49 22 före
799 1108 38 21 det
853 1108 64 21 dessa
932 1116 47 20 nya

221 1141 144 28 stadganden
382 1142 64 21 träda
462 1142 7 21 i
483 1142 106 28 gällande
606 1144 66 20 kraft.
703 1142 133 22 Emellertid
854 1142 125 21 innehåller

218 1175 39 21 det
274 1176 122 21 ständerna
411 1176 118 28 förelagda
545 1177 110 29 förslaget
671 1178 35 20 till
717 1177 182 28 värnepliktslag
909 1177 69 27 ingen

218 1210 147 28 bestämning
386 1211 78 21 härom
480 1212 54 20 eller
550 1212 65 21 öfver
630 1212 87 20 hufvud
735 1219 37 13 om
788 1212 44 20 den
850 1211 128 28 föreslagna

218 1252 46 20 nya
280 1244 79 27 lagens
376 1246 142 21 förhållande
534 1246 34 21 till
584 1254 32 13 nu
631 1246 106 27 gällande
753 1245 188 28 värnepliktslag.

288 1279 80 20 Såsom
384 1279 85 22 allmän
484 1280 60 27 regel
560 1280 72 28 gäller
647 1280 7 21 i
665 1280 64 28 fråga
745 1287 37 14 om
793 1287 32 21 ny
836 1279 49 28 lags
897 1279 81 21 förhål-

217 1313 69 20 lande
309 1313 35 21 till
364 1313 44 22 den
424 1314 44 28 lag,
484 1322 47 13 som
547 1322 82 20 genom
646 1315 131 20 densamma
792 1313 136 29 upphäfves,
945 1317 33 17 att

218 1347 44 20 den
286 1355 46 20 nya
355 1348 67 27 lagen
438 1349 70 27 enligt
525 1349 80 21 sakens
621 1351 68 19 natur
704 1349 49 20 icke
770 1349 35 20 får
820 1348 114 28 tillämpas
950 1350 28 25 på

218 1381 71 26 takta,
305 1389 50 14 som
370 1383 104 21 inträffat
489 1383 46 21 förr
551 1386 28 18 än
596 1383 130 22 densamma
735 1383 80 21 trädde
825 1383 7 20 i
843 1383 68 24 kraft,
923 1385 55 18 utan

290 1428 133 23 Lagutskottets
436 1429 113 18 betänkande.
