1089 1756
244 134 27 20 28
525 132 85 24 Ständ.
628 133 37 22 Sv.

284 204 11 22 I
314 204 91 29 sjelfva
424 204 88 22 verket
531 204 127 22 innehålla
677 204 120 22 Finlands
816 204 158 28 grundlagar

214 238 62 22 flere
304 239 166 28 stadganden,
499 239 56 21 med
583 239 86 21 hvilka
698 239 119 29 åtgärder
837 238 25 22 af
880 238 91 28 ifråga-

215 273 113 22 varande
347 274 55 28 slag
420 273 79 22 skulle
518 274 62 21 råka
599 274 7 21 i
626 273 133 28 uppenbar
773 273 67 22 strid.
871 272 100 23 Sådana

215 309 55 21 äro:
292 308 14 28 8
323 308 30 22 16
370 308 7 21 i
398 308 246 29 Regeringsformen,
665 308 78 29 enligt
761 308 102 21 hvilken
882 307 89 28 hvarje

214 342 67 22 finsk
300 343 166 28 medborgare
486 343 27 21 är
531 343 172 21 tillförsäkrad
722 349 61 22 nyss
794 342 108 22 berörda
920 342 55 21 rätt.

216 379 36 19 att
271 377 79 21 varda
370 377 74 22 dömd
465 377 24 22 af
508 377 48 22 den
576 377 113 26 domstol,
708 377 81 22 under
808 377 102 21 hvilken
920 376 50 22 han

216 411 78 28 enligt
315 411 99 22 landets
432 411 42 29 lag
493 411 57 27 hör;
578 407 14 37 &$
606 412 14 21 2
640 412 7 21 i
668 411 238 29 Regeringsformen
926 411 45 22 och

216 445 14 22 2
244 445 113 28 punkten
372 446 24 21 af
409 446 148 28 Förenings-
567 446 46 22 och
629 445 221 26 Säkerhetsakten,
865 445 7 22 i
886 445 86 22 hvilka

216 480 112 29 stadgas,
354 481 36 21 att
409 481 49 21 alla
476 480 151 22 undersåtar
646 480 63 22 böra
728 480 38 22 stå
785 480 81 22 under
884 480 88 29 lagens

216 515 76 28 hägn,
312 515 121 22 hvarmed
452 515 92 22 förstås
564 515 48 22 den
631 515 132 21 inhemska
782 515 87 28 lagens
892 515 78 28 hägn;

216 549 88 22 vidare
330 549 14 28 $
364 549 33 22 39
427 549 25 22 af
480 549 247 29 Regeringsformen,
757 555 53 16 som
837 549 133 26 förklarar,

216 583 77 22 bland
313 585 83 24 annat,
418 586 35 19 att
471 584 196 21 undersåtarnes
681 583 76 22 frihet
771 583 54 22 icke
838 584 40 22 må
893 583 78 22 varda

216 618 171 29 undertryckt,
416 620 64 20 samt
508 620 35 20 att
570 618 64 22 hvar
662 618 45 22 och
736 625 30 14 en
791 618 64 21 skall
874 618 96 28 åtnjuta

216 652 55 22 sina
298 653 94 28 lagliga
420 653 147 28 rättigheter
595 653 45 21 och
661 652 138 29 välfångna
818 653 151 28 privilegier.

216 687 46 21 Till
288 687 42 22 allt
350 687 67 22 detta
442 688 111 21 kommer
576 688 67 21 ännu
663 687 152 28 stadgandet
833 687 7 22 i
860 687 14 29 &
895 687 31 22 45
947 686 25 22 af

217 721 245 29 Regeringsformen,
476 724 34 19 att
523 721 154 29 utskrifning
690 722 21 28 ej
729 721 40 22 mä
783 728 46 22 ega
842 729 55 14 rum
910 723 60 20 utan

218 755 154 22 Ständernas
401 756 113 28 vetskap,
543 756 47 21 fria
619 756 60 28 vilja
699 756 45 21 och
770 756 134 28 samtycke,
925 755 46 22 och

217 790 98 21 säledes
342 790 40 22 fär
412 791 44 21 ske
484 791 89 21 endast
600 791 7 21 i
635 791 261 22 öfverensstämmelse
914 790 57 22 med

216 824 196 29 bestämningar,
432 831 52 16 som
504 825 25 21 af
549 825 142 22 Ständerna
712 825 116 28 antagits.

288 859 79 22 Dessa
387 859 114 29 rättsliga
521 859 54 22 skäl!
594 859 78 23 borde
692 859 78 22 redan
790 865 62 16 vara
865 859 105 21 tillräck-

216 892 51 30 liga
288 895 34 20 att
341 894 108 22 utesluta
469 894 88 28 hvarje
577 894 75 22 tanke
672 894 32 28 pä
723 894 85 28 nägon
827 894 79 21 sädan
922 893 48 22 för-

217 928 109 28 ändring
351 928 25 22 af
401 928 116 29 gällande
541 929 55 25 rätt,
624 935 53 15 som
700 928 90 28 gjorde
814 928 42 22 det
874 928 97 28 möjligt

218 964 35 20 att
282 962 24 22 af
332 963 81 21 finske
441 963 166 28 medborgare
633 963 88 21 fordra
748 962 170 28 fullgörandet
946 962 26 21 af

216 996 176 29 värnepligten
412 997 42 22 vid
473 997 60 28 rysk
553 999 83 26 trupp,
658 1004 59 14 vare
737 997 38 28 sig
794 997 83 21 denna
896 999 75 25 trupp

217 1031 28 21 är
264 1031 98 29 förlagd
382 1032 7 20 i
409 1032 126 28 Ryssland
555 1032 59 21 eller
634 1032 6 21 i
653 1031 114 22 Finland.
786 1031 56 22 Med
854 1030 117 23 afseende

217 1064 13 22 å
251 1065 104 29 frågans
374 1066 145 28 synnerliga
539 1066 54 28 vigt
605 1066 46 21 bör
665 1066 145 22 densamma
823 1065 63 22 dock
897 1065 74 21 äfven

216 1099 57 22 från
293 1100 78 21 andra
391 1100 68 22 sidor
478 1100 159 22 skärskådas.

286 1134 36 22 De
341 1134 83 22 finska
443 1134 140 29 ynglingar,
601 1134 88 22 hvilka
708 1134 83 22 blefve
808 1136 113 26 tvungna
936 1135 40 20 att.

216 1168 43 22 vid
279 1168 61 28 rysk
360 1171 76 26 trupp
455 1169 107 28 fullgöra
582 1169 38 21 sin
633 1166 152 31 värnepligt,
797 1168 79 22 skulle
887 1168 84 22 känna

216 1202 72 22 detta
312 1203 83 21 såsom
417 1210 30 15 en
468 1203 57 21 svår
545 1203 94 28 olycka,
659 1203 32 22 då
711 1203 30 21 de
761 1203 144 27 derigenom
924 1202 48 22 för-

216 1238 79 20 sattes
320 1238 35 20 uti
384 1244 29 15 en
441 1238 39 21 för
499 1238 56 21 dem
574 1237 157 22 främmande
750 1237 146 29 omgifning.
934 1236 38 22 De

216 1271 81 21 skulle
322 1272 54 21 icke
400 1272 79 22 förstå
498 1272 113 26 befälets,
632 1272 188 22 underbefälets
840 1271 45 21 och
905 1271 67 21 kam-

216 1307 115 20 raternas
351 1306 83 28 språk.
463 1306 89 22 Härtill
572 1306 97 22 komme
689 1306 126 22 olikheten
835 1306 6 20 i
860 1305 112 29 religion,

216 1340 74 21 seder
309 1340 45 22 och
374 1340 72 26 bruk,
467 1340 75 28 lynne
561 1340 46 22 och
625 1340 193 28 lifsåskådning.
857 1340 52 22 Och
930 1339 42 22 allt

216 1373 69 23 detta
304 1374 80 22 skulle
403 1374 107 22 ofelbart
528 1374 137 22 medverka
684 1374 90 26 dertill,
787 1376 34 20 att
840 1374 30 22 de
890 1374 82 22 finske

216 1408 194 29 värnepligtige,
430 1409 85 21 hvilka
535 1411 51 19 mot
605 1409 38 21 sin
661 1409 62 28 vilja
742 1408 84 22 blefve
839 1408 133 28 placerade

215 1442 33 28 på
273 1442 77 29 ryska
376 1444 111 27 trupper,
507 1443 98 22 oafsedt
624 1443 42 22 det
685 1443 66 29 goda
771 1442 151 22 bemötande
941 1442 31 22 de
