1092 1786
268 137 14 21 2
555 138 85 22 Ständ.
657 138 37 23 Sv.

239 208 112 23 hvarhos
370 209 81 22 Eders
466 209 142 29 Kejserliga
621 210 117 28 Majestät
749 210 113 28 behagat
875 210 36 22 till
927 208 70 23 Stän-

240 242 79 23 derna
341 243 77 23 aflåta
437 250 31 16 en
487 250 85 16 annan
590 244 78 29 nådig
686 244 156 29 proposition
863 244 133 28 angående

239 278 146 27 grunderna
413 278 38 22 för
479 278 32 22 de
537 278 84 22 finska
650 281 151 26 truppernas
821 278 174 29 organisation

239 311 47 22 och
312 311 161 30 förvaltning,
492 313 103 22 hvilken
614 313 157 28 proposition
790 314 36 21 ett
844 312 97 29 förslag
960 312 36 22 till

239 345 149 30 förordning
406 347 7 22 i
432 347 109 22 berörda
560 348 72 21 ämne
651 348 66 21 varit
735 347 105 29 bilagdt.

308 381 133 22 Dessutom
469 381 77 22 hafva
576 381 141 23 Ständerna
741 382 47 22 fått
807 383 126 27 emottaga
953 381 43 22 föl-

238 415 77 28 jande
333 415 160 30 handlingar,
513 417 139 28 nämligen:
674 417 219 28 Krigsministerns
912 416 8 21 i
940 415 56 29 Kej-

239 449 141 23 saredömet
403 451 42 21 två
465 451 124 22 särskilda
602 451 176 29 underdåniga
790 450 206 29 föredragnings-

238 484 134 27 memorial,
401 485 24 22 af
452 485 49 22 den
530 486 31 21 14
586 485 142 22 November
748 485 68 22 1898
837 485 46 22 N:o
904 485 31 22 18
955 485 40 22 be-

238 518 126 23 träffande
384 519 200 30 skiljaktigheter
597 520 8 21 i
618 520 188 29 handlingarna
824 519 109 22 rörande
947 519 48 22 frå-

237 559 51 22 gan
307 553 93 27 derom,
415 555 34 21 att
462 554 94 29 fjorton
570 555 150 28 paragrafer
732 555 8 22 i
753 554 242 29 Värnepligtslagen

237 587 40 21 för
297 587 240 23 Storfurstendömet
561 589 113 26 Finland,
692 589 25 21 af
734 589 49 22 den
804 589 32 21 27
856 589 139 21 December

239 621 74 27 1878,
323 622 70 22 skola
408 623 82 22 såsom
500 623 301 29 grundlagsstadganden
810 630 80 19 anses,
898 624 64 20 samt
970 623 25 21 af

237 656 50 22 den
308 657 30 21 15
358 657 106 22 Januari
484 658 67 22 1899
571 658 45 22 N:o
636 658 14 22 2
666 658 132 28 angående
812 657 25 22 af
850 657 143 22 Ständerna

237 690 120 30 vidtagen
380 692 108 29 ändring
507 692 35 22 uti
561 692 48 22 den
633 692 25 22 af
676 692 70 22 Hans
767 692 117 28 Majestät
903 692 91 28 Kejsar

237 724 144 24 Alexander
399 726 26 22 II
443 727 172 29 egenhändigt
634 727 121 22 affattade
775 726 178 29 ordalydelsen
969 726 26 22 af

237 759 14 29 8
283 760 48 22 119
351 760 6 22 i
378 760 143 29 åberopade
540 761 48 29 lag,
608 762 129 22 äfvensom
755 761 97 29 förslag
872 761 35 21 till
926 761 42 21 det
986 761 7 21 i

236 794 49 22 den
303 794 69 22 förra
393 795 25 22 af
435 796 188 22 ofvanberörda
642 796 187 28 propositioner
847 795 144 28 åberopade

235 835 52 21 nya
306 829 167 23 edsformulär
491 830 38 22 för
548 830 48 22 den
615 830 83 22 finska
718 830 130 22 militären.

305 864 36 21 De
367 864 94 29 nådiga
488 865 227 28 propositionerna,
741 864 89 23 hvilka
849 864 142 22 förberedts

236 897 25 22 af
279 897 129 27 komitéer,
428 905 53 15 som
499 899 67 22 varit
584 899 43 22 vid
647 898 197 23 Hufvudstaben
864 899 7 21 i
892 898 39 22 S:t
949 898 43 22 Pe-

235 931 118 30 tersburg
372 933 123 26 nedsatta,
516 933 76 22 hafva
612 933 94 29 åtföljts
727 933 25 22 af
772 933 31 22 de
822 933 46 22 hos
881 933 110 22 nämnda

234 965 123 23 komitéer
376 967 129 22 tillkomna
524 968 159 29 handlingar,
704 968 94 25 hvilka,
818 969 68 20 utom
906 967 26 22 af
945 967 46 22 för-

233 999 229 32 fattningsförslag,
476 1003 104 28 utgöras
594 1003 25 21 af
629 1003 125 21 särskilda
766 1002 223 28 »Förklaringar»:

233 1034 18 26 I,
271 1035 36 22 till
333 1035 123 30 förslaget
482 1037 37 22 till
541 1037 204 29 Värnepligtslag
765 1037 40 22 för
825 1036 166 22 Storfursten-

234 1069 84 22 dömet
342 1070 113 27 Finland,
477 1071 46 22 och
551 1071 30 26 II,
605 1071 131 29 angående
758 1071 157 28 uteslutning
935 1071 55 21 från

233 1103 118 28 gällande
370 1105 204 29 Värnepligtslag
592 1106 39 21 för
650 1106 107 21 Finland
778 1105 25 22 af
822 1105 30 22 de
871 1111 120 22 paragra-

233 1137 46 27 fer,
309 1139 87 22 hvilka
424 1139 93 30 tillagts
544 1140 279 29 grundlagsbetydelse,
851 1141 64 20 samt
934 1139 57 22 För-

232 1172 132 29 klaringar
383 1173 159 23 beträffande
562 1175 120 28 förslaget
701 1175 36 21 till
760 1174 176 28 »Förordning
950 1181 40 14 an-

232 1206 100 28 gående
339 1207 84 22 finska
431 1208 137 22 militärens
576 1209 172 29 organisation
756 1208 48 22 och
810 1208 180 28 förvaltning».

303 1343 156 24 Ständernas
478 1346 100 29 uppgift
596 1346 57 22 med
672 1345 104 29 hänsigt
795 1345 36 22 till
850 1352 34 15 nu
898 1345 91 28 ifråga-

231 1378 114 22 varande
369 1379 267 30 lagstiftningsärende
662 1381 27 21 är
707 1380 8 22 i
733 1380 33 22 de
786 1379 94 29 nådiga
899 1385 90 22 propo-

231 1411 138 24 sitionerna
396 1414 153 23 formulerad
578 1415 32 28 på
639 1416 77 21 annat
743 1415 52 21 sätt
814 1415 31 20 än
865 1414 50 25 det,
935 1420 53 16 som

230 1445 87 24 hittills
354 1447 138 31 iakttagits,
522 1449 31 22 då
576 1449 146 29 lagförslag,
757 1448 102 22 hvilkas
888 1455 101 22 genom-
