1086 1778
281 130 27 19 26
599 129 22 23 U.
639 130 22 22 B.

254 197 83 28 Borgä.
364 198 119 22 Likaledes
498 199 42 21 har
555 199 44 21 den
615 199 85 21 indelta
715 199 73 21 finska
803 199 123 21 militärens
942 206 65 21 egen-

252 231 99 29 domliga
367 232 106 22 karaktär
488 233 50 21 haft
553 233 35 21 till
603 233 95 28 påföljd,
714 235 33 19 att
757 233 130 21 densamma
894 233 113 22 framstått

252 268 76 19 säsom
343 273 28 14 en
386 266 140 29 fullkomligt
541 267 110 22 nationell
666 267 134 22 institution.
825 267 130 22 Emellertid
966 267 41 22 har

252 300 45 21 den
320 300 108 29 ställning
450 302 98 21 Finland
571 302 89 28 intager
675 302 8 21 i
698 302 69 28 ryska
785 302 59 21 riket
859 301 35 22 för
909 301 28 22 de
952 302 54 21 mili-

252 337 49 18 tära
317 335 221 28 angelägenheterna
552 336 105 28 betingat
671 344 28 13 en
714 336 46 22 viss
776 336 111 21 afvikelse
901 336 51 21 frän
963 336 43 21 den

252 368 114 22 allmänna
381 370 83 28 regeln.

321 403 67 21 Hvad
403 412 32 14 nu
450 404 58 22 först
524 404 109 22 beträffar
655 404 152 22 förhållandet
823 405 80 21 sådant
917 404 37 21 det
969 412 37 20 ge-

252 437 98 21 staltade
366 438 36 28 sig
416 440 30 27 pä
461 439 75 28 grund
552 439 25 21 af
593 439 44 21 den
653 439 114 28 ställning,
783 446 48 14 som
848 441 54 19 1809
918 440 22 19 ät
955 438 51 21 Fin-

252 471 54 22 land
321 471 153 28 tillerkändes,
497 473 84 21 tilläter
602 473 35 28 sig
659 473 116 26 utskottet,
792 481 49 14 som
855 473 79 28 längre
949 473 57 21 fram

252 505 58 22 skall
325 506 80 22 beröra
420 508 221 28 värnepliktslagens
658 507 115 29 betydelse
784 508 7 20 i
802 507 61 22 detta
872 507 133 26 hänseende,

252 540 118 23 framhålla
386 541 100 29 följande
502 543 151 28 synpunkter:

320 575 43 22 Att
379 576 96 22 Finland
492 576 50 22 blef
554 584 28 14 en
598 577 37 21 del
645 576 26 22 af
679 577 38 20 det
727 577 69 28 ryska
806 576 59 21 riket
875 576 131 21 föranledde

252 611 34 20 att
301 610 38 21 det
354 610 82 29 högsta
453 611 85 21 befälet
553 611 65 21 öfver
633 611 28 21 de
675 611 74 21 finska
763 613 124 26 trupperna
902 624 26 3 —
942 611 64 21 öfver

251 644 79 21 hvilka
354 644 84 22 befälet
462 645 68 22 ocksä
554 645 72 29 enligt
651 645 60 22 finsk
735 645 114 28 grundlag
870 645 136 22 tillkommer

251 679 125 21 monarken
398 679 74 22 allena
486 693 28 2 —
528 680 78 21 tillhör
627 679 127 29 Rysslands
777 679 94 29 kejsare,
887 682 54 19 enär
960 679 45 22 han

251 712 73 22 tillika
347 716 23 18 är
392 713 52 22 hela
466 714 69 21 rikets
557 714 155 22 öfverhufvud
734 714 43 21 och
792 714 69 21 rikets
880 714 126 28 krigsmakt

251 747 41 21 har
308 747 35 21 till
357 748 93 28 uppgift
465 751 33 19 att
512 748 155 29 upprätthälla
689 749 50 21 dess
754 748 172 28 maktställning
942 750 63 26 gent-

252 784 60 19 emot
327 782 109 22 utlandet.
467 783 49 21 Och
538 790 48 14 som
601 783 105 28 kejsaren
727 783 89 21 kunnat
833 784 23 20 ät
879 783 33 21 sin
934 782 70 28 krigs-

251 816 103 22 minister
368 817 8 21 i
390 817 152 28 kejsardömet
557 817 120 29 uppdraga
691 817 136 28 utöfningen
843 817 26 21 af
880 817 34 21 till
925 816 80 22 befäls-

251 851 93 21 makten
359 851 100 22 hörande
474 852 170 28 befogenheter,
659 852 42 21 har
715 852 68 21 häraf
795 852 60 21 varit
867 860 28 13 en
905 851 56 29 följd
972 854 33 18 att

253 885 80 21 befäls-
357 886 43 21 och
414 886 182 22 kommandomäl
611 886 36 22 för
662 886 124 22 monarken
801 886 135 28 föredragits
952 886 53 21 eller

251 920 7 20 i
274 920 71 28 öfrigt
359 920 121 29 handlagts
496 920 26 22 af
535 921 180 28 krigsministern
730 921 7 21 i
752 920 157 28 kejsardömet.

322 954 37 22 En
374 954 57 29 följd
448 955 26 21 af
494 955 43 21 den
553 955 113 21 allmänna
686 955 150 28 grundsatsen
850 955 41 21 har
906 957 47 19 äter
967 962 37 14 va-

250 989 36 25 rit,
302 991 32 19 att
351 989 79 28 hvarje
454 990 94 25 ämbete,
563 989 72 29 tjänst
654 990 55 20 eller
724 989 135 29 befattning,
875 996 47 14 som
938 989 66 21 inrät-

250 1025 46 19 tats
311 1023 40 21 vid
367 1024 60 21 finsk
442 1026 68 26 trupp
526 1024 54 21 eller
595 1024 36 21 för
649 1024 50 21 dess
715 1024 104 28 räkning,
835 1024 50 21 bort
899 1031 54 14 vara
967 1023 37 21 be-

250 1057 70 21 klädd
343 1058 51 21 med
416 1058 60 21 finsk
491 1066 58 13 man.
579 1058 48 21 Där
646 1060 47 19 äter
708 1058 74 21 finska
796 1061 94 25 trupper
904 1058 7 20 i
926 1058 78 21 militä-

252 1091 58 22 riskt
326 1091 108 22 afseende
449 1093 49 20 icke
513 1092 71 21 bildat
599 1095 33 18 ett
646 1092 49 21 helt
709 1093 35 20 för
760 1092 41 28 sig,
812 1095 61 22 utan,
885 1093 71 20 säsom
965 1099 39 14 un-

251 1126 40 21 der
313 1129 108 19 manöver
444 1127 53 21 eller
519 1127 58 28 krig,
593 1129 104 26 opererat
718 1127 147 21 tillsammans
884 1127 50 20 med
950 1126 54 28 rysk

250 1160 88 26 militär,
355 1161 40 20 där
410 1161 69 21 hafva
494 1161 28 21 de
537 1161 88 21 kunnat
647 1163 35 19 stä
703 1161 73 21 under
791 1161 65 28 ryskt
871 1160 132 22 öfverbefäl.

250 1194 68 22 Hvad
333 1195 41 21 här
390 1197 62 26 sagts
467 1202 37 15 om
518 1195 62 22 befäl
594 1197 58 19 samt
667 1195 81 22 befäls-
759 1195 54 21 eller
823 1195 181 21 kommandomä!

250 1228 80 26 bildar,
347 1231 73 20 säsom
435 1230 43 21 ock
500 1230 70 21 redan
591 1229 100 29 antydts,
709 1229 118 28 undantag
841 1229 51 21 frän
907 1229 44 21 den
966 1229 38 21 all-

251 1265 83 20 männa
349 1263 85 28 regeln,
450 1263 94 22 hvilken
559 1264 56 21 altsä
630 1264 52 21 bort
703 1264 91 21 komma
808 1263 35 21 till
858 1263 146 28 användning

250 1297 7 20 i
272 1297 44 21 alla
332 1297 27 22 de
374 1297 84 29 frägor,
474 1297 77 22 hvilka
567 1297 20 29 ej
603 1298 59 21 varit
677 1300 34 19 att
725 1297 108 22 hänföras
844 1297 35 21 till
893 1297 111 28 ifrägava-

249 1331 70 21 rande
333 1331 124 29 undantag.

318 1365 43 22 Att
376 1366 39 21 det
430 1367 7 20 i
452 1366 84 29 själfva
549 1366 81 22 värket
645 1367 59 21 varit
719 1366 65 21 dessa
797 1366 148 28 synpunkter,
956 1373 48 14 som

250 1399 62 28 gjort
327 1400 37 28 sig
380 1400 105 28 gällande
500 1401 57 21 efter
574 1403 61 23 1809,
651 1401 100 27 framgär
766 1407 27 14 ur
808 1399 110 28 följande:

320 1445 139 23 Lagutskottets
472 1446 119 18 betänkande.
