1045 1681
446 108 20 20 U.
484 108 20 20 B.
790 108 37 20 131

96 170 167 28 sammanhang
286 170 80 21 endast
384 170 55 21 böra
454 170 128 26 framhålla,
599 172 34 19 att
649 170 122 22 ständerna
787 170 72 28 enligt

97 204 115 28 grundlag
227 208 38 18 äro
283 204 41 22 och
341 204 63 22 alltid
420 204 61 22 varit
498 204 142 28 berättigade
656 204 64 22 säväl
736 207 33 19 att
781 204 76 28 afböja

97 243 34 17 ett
151 239 52 21 dem
219 239 113 28 törelagdt
347 239 125 28 lagförslag
488 246 48 14 som
553 240 43 20 ock
611 242 34 18 att
661 239 101 21 förklara
778 239 38 21 det
831 239 28 21 de

99 308 94 29 lydelse,
218 308 114 21 hvarefter
356 308 38 22 det
416 308 66 22 beror
505 310 29 26 pä
550 308 124 22 monarken
693 311 34 18 att
743 308 70 28 sagda
828 308 33 28 ly-

99 343 63 21 delse
179 342 111 22 stadfästa
305 343 55 21 eller
375 343 42 21 ock
434 343 46 21 låta
499 343 78 28 frågan
593 343 5 21 i
612 343 50 21 dess
674 343 78 21 helhet
762 342 99 22 förfalla.

170 378 42 20 Om
236 378 38 20 det
295 378 6 20 i
320 378 125 21 allmänhet
464 381 26 18 är
506 378 21 20 af
544 378 56 25 vikt,
617 380 33 18 att
666 378 85 20 vården
767 385 37 13 om
820 377 42 21 och

101 412 124 28 ledningen
248 413 25 20 af
293 412 43 21 den
359 412 107 28 ungdom,
491 420 48 14 som
563 412 86 28 fullgör
672 412 35 21 sin
725 412 136 28 värneplikt,

102 446 143 22 handhafves
267 454 83 20 genom
372 447 90 21 landets
486 454 59 20 egna
568 446 168 29 myndigheter,
753 448 24 19 så
792 446 71 28 gäller

102 481 63 21 detta
180 481 7 21 i
203 481 30 21 all
251 482 125 27 synnerhet
391 482 44 20 den
450 481 64 26 vård,
530 488 50 14 som
595 481 92 21 utöfvas
703 488 84 20 genom
803 484 60 24 trup-

103 523 82 21 pernas
207 516 68 21 befäl.
304 516 47 20 Och
368 518 34 19 att
417 516 75 21 denna
508 516 73 21 skulle
597 516 78 20 kunna
690 515 48 21 lika
754 516 35 20 väl
805 514 59 22 utöt-

103 558 40 13 vas
167 550 26 20 af
212 558 114 20 personer,
349 550 78 21 hvilka
450 553 38 18 äro
513 550 141 22 främmande
678 550 35 21 för
729 550 78 21 landet
823 549 41 21 och

104 589 99 23 truppen
219 588 58 18 samt
289 585 82 21 folkets
382 585 64 21 seder
457 585 42 21 och
513 588 50 22 rätt,
575 592 49 14 som
635 584 26 21 af
670 592 58 20 egne
740 584 125 25 landsmän,

103 619 60 21 skall
187 619 49 21 icke
260 620 76 20 kunna
358 627 40 13 ens
420 620 52 20 med
494 620 56 20 sken
566 619 26 21 af
607 619 159 28 berättigande
784 620 82 27 påstås.

106 654 84 20 Härtill
213 654 101 21 kommer
336 657 40 22 att,
400 654 28 21 då
451 654 45 21 den
518 654 99 21 militära
635 654 135 28 disciplinen
787 656 24 18 är
824 656 43 18 sär-

107 688 70 21 skildt
199 691 84 25 sträng,
304 688 38 21 det
358 691 24 18 är
397 688 64 21 desto
478 696 62 13 mera
555 688 143 28 nödvändigt
715 691 32 18 att
763 690 24 19 så
803 688 64 26 begä,

107 725 34 18 att
163 723 50 21 icke
236 723 117 21 förseelser
372 722 24 22 af
413 723 137 28 manskapet
570 722 132 22 framkallas
719 730 82 20 genom
817 725 51 17 rent

107 757 168 27 missförstånd;
300 758 41 20 och
362 760 34 18 att
411 758 170 27 förvecklingar
596 757 52 21 med
664 757 137 28 vidtgående
817 756 51 27 följ-

109 792 39 20 der
169 791 34 21 för
227 792 27 21 de
277 792 167 28 värnepliktige
468 792 129 22 soldaterne
620 792 43 21 lätt
686 792 77 21 kunna
778 793 90 26 uppstå,

109 834 37 13 om
169 826 64 21 desse
255 829 35 19 stå
308 827 71 21 under
394 830 33 18 ett
443 827 35 21 till
494 827 152 22 nationalitet,
663 827 68 27 språk
747 826 41 21 och
805 828 64 18 rätts-

110 860 150 29 uppfattning
275 862 140 20 främmande
426 861 69 25 befäl,
512 864 24 18 är
552 861 178 27 otvitvelaktigt.

179 896 75 21 Bland
277 896 27 21 de
324 896 55 26 skäl,
395 903 50 14 som
461 896 111 28 åberopas
588 896 35 21 till
639 896 50 21 stöd
707 897 35 19 tör
757 894 113 29 yrkandet

109 934 36 18 att
160 930 225 28 officerspersonalen
401 930 39 21 vid
456 931 28 21 de
500 930 74 22 finska
588 933 125 25 trupperna
724 929 58 21 skall
793 929 78 21 kunna

110 966 163 28 kompletteras
287 966 87 28 jämväl
388 966 53 21 med
457 966 118 21 officerare
592 966 25 20 at
630 965 54 28 rysk
700 964 124 24 härkomst,
838 967 33 17 ut-

111 1003 42 26 gör
175 1000 44 22 den
242 1008 17 14 s.
280 1000 21 22 k.
318 1000 175 28 reciprociteten
508 1003 34 18 ett
557 1000 25 21 af
596 1000 27 21 de
640 1000 131 27 viktigaste.
802 998 70 21 Detta

111 1036 50 20 skäl
177 1038 34 18 ter
224 1035 35 28 sig
271 1035 42 21 ock
323 1035 38 21 vid
374 1035 71 21 första
456 1035 138 28 ögonkastet
604 1042 47 20 nog
662 1036 24 19 så
697 1032 174 29 ötvertygande,

111 1077 53 13 men
179 1070 81 21 endast
275 1070 51 21 med
337 1077 27 14 en
378 1070 60 28 ytlig
448 1077 44 21 syn
503 1071 29 27 på
543 1069 79 28 tingen
633 1069 45 21 kan
690 1068 125 21 detsamma
826 1066 47 21 vid-

111 1104 79 22 hållas.
221 1104 32 22 Af
275 1104 43 22 den
340 1105 69 27 ryska
433 1104 88 22 arméns
538 1104 106 27 omkring
660 1104 79 24 40,000
755 1102 117 21 officerare

112 1139 65 21 torde
193 1139 114 21 finnarnes
324 1139 61 21 antal
400 1139 51 21 icke
467 1138 126 28 öfverstiga
609 1146 27 13 en
652 1140 102 26 procent.
779 1136 96 21 Antalet

112 1174 73 21 finske
202 1173 116 21 officerare
334 1174 38 20 vid
388 1174 70 28 ryska
473 1176 94 26 trupper
578 1176 24 18 är
613 1172 86 22 således
712 1170 161 23 försvinnande

113 1208 51 21 litet
186 1208 8 21 i
209 1208 142 21 förhållande
367 1208 34 21 till
417 1208 39 21 det
471 1208 69 28 ryska
557 1207 90 21 befälet.
678 1206 79 22 Skulle
773 1206 102 20 däremot

113 1242 101 22 tillträde
237 1242 35 21 till
295 1242 257 28 officersbeställningar
569 1242 39 20 vid
623 1241 74 21 finska
712 1244 95 24 trupper
822 1240 53 20 läm-

113 1284 42 14 nas
171 1279 24 19 åt
209 1277 116 21 officerare
342 1277 25 21 af
394 1277 55 28 rysk
464 1277 124 25 härkomst,
604 1278 25 18 så
642 1276 77 20 bletve
731 1274 86 28 följden
829 1274 47 20 helt

114 1311 77 21 säkert
214 1312 50 25 den,
288 1314 33 18 att
344 1319 28 13 en
395 1314 48 18 stor
465 1311 37 21 del
518 1312 25 20 at
556 1311 65 21 dessa
636 1310 86 28 platser
737 1310 91 20 komme
845 1311 32 17 att

115 1345 136 22 innehafvas
274 1347 24 19 af
319 1346 68 27 ryska
409 1345 139 28 infödingar.
579 1345 51 21 Den
649 1344 116 28 påyrkade
781 1342 97 28 recipro-

116 1380 84 21 citeten
215 1380 77 21 blefve
308 1380 71 21 under
395 1380 85 21 sådana
497 1379 158 21 förhållanden
670 1378 60 22 blott
742 1385 27 13 en
781 1376 97 22 skenbar

116 1414 77 21 sådan.

186 1460 134 23 Lagutskottets
332 1460 115 17 betänkande.
