1086 1756
423 120 21 22 U.
461 120 22 22 B.
776 124 27 19 29

76 187 69 22 ocksä
159 188 79 28 frägor
252 188 96 21 rörande
364 188 27 22 de
406 188 110 22 värfvade
532 191 124 27 trupperna
667 190 35 21 till
710 190 121 29 expeditio-

78 229 55 14 nens
148 222 139 28 behandling
309 222 187 26 öfverlämnades,
520 223 127 29 hvarjämte
664 225 117 28 samtidigt
795 224 36 22 be-

78 256 103 26 stämdes,
204 258 33 19 att
259 257 60 21 vissa
341 257 185 26 militieärenden,
549 258 27 20 af
593 258 79 21 hvilka
687 261 36 19 mä
737 262 94 18 nämnas

77 290 58 26 alla
149 290 85 29 frågor,
250 298 47 14 som
312 291 8 21 i
335 291 164 22 administrativ
517 294 46 26 väg
577 295 52 19 röra
643 292 86 22 indelta
744 293 87 22 arméns

78 324 35 21 till
129 325 63 22 lands
208 325 42 21 och
266 324 45 29 sjös
327 325 91 29 slutliga
434 326 174 28 organisation",
625 327 74 21 skulle
711 328 60 21 intill
782 328 49 20 dess

77 359 29 21 de
121 360 84 21 indelta
220 362 135 26 truppernas
378 360 154 28 organisation
549 360 77 22 blifvit
640 361 125 27 fulländad,
781 362 8 22 i
804 370 28 13 en

79 394 95 22 särskild
190 394 118 28 afdelning
323 394 25 21 af
361 397 104 19 senatens
476 395 277 29 ekonomiedepartement
763 396 69 22 hand-

78 428 78 28 läggas
173 428 42 21 och
231 428 95 28 afgöras.
351 428 87 22 Genom
454 436 78 14 senare
542 429 119 22 tillkomna
669 430 163 29 författningar

79 462 40 21 har
134 462 248 29 militieexpeditionens
405 463 138 28 befogenhet
560 464 134 28 ytterligare
709 465 123 28 utvidgats.

147 497 178 21 Intendenturen
340 497 131 21 handhades
493 498 35 21 till
543 505 28 14 en
587 498 81 28 början
689 498 26 21 af
728 502 104 19 senatens

79 531 215 28 militieexpedition,
316 539 52 14 men
391 531 179 22 öfverlämnades
594 534 24 19 år
642 535 55 19 1819
713 535 23 19 åt
751 534 38 21 det
804 534 28 21 då

81 565 116 26 inrättade,
213 565 121 29 kejserliga
349 568 93 19 senaten
458 566 42 22 och
516 567 50 20 dess
581 567 197 29 militiexpedition
793 575 39 14 un-

79 599 140 29 derlydande
241 599 73 22 finska
336 600 257 28 krigskommissariatet.
624 601 70 22 Detta
716 602 116 29 upplöstes

79 635 48 20 åter
150 641 82 22 genom
254 635 83 28 nådiga
359 634 89 22 brefvet
468 635 26 21 af
506 635 44 22 den
573 637 12 20 9
599 635 52 28 juni
667 638 61 25 1831,
743 636 89 22 hvaref-

80 670 34 19 ter
137 669 50 21 dess
209 669 138 25 funktioner,
370 669 72 21 under
463 669 252 29 militieexpeditionens
732 671 100 28 uppsikt,

80 703 130 28 uppdrogos
226 705 23 19 åt
263 703 168 22 vederbörande
446 703 190 29 landshöfdingar
651 705 7 20 i
674 705 28 20 de
716 705 44 26 län,
772 705 60 22 inom

80 737 78 22 hvilka
173 738 27 21 de
215 738 74 21 finska
303 740 123 26 trupperna
441 746 56 14 voro
516 738 111 29 förlagda.
657 732 68 36 Ånyo
741 742 92 26 upprät-

80 823 44 23 april
143 824 43 17 1855
203 823 92 23 angående
312 823 90 24 åtskilliga
419 825 40 16 med
478 825 33 17 den
523 824 68 18 indelta
608 825 58 17 finska
679 825 96 18 militärens
788 824 45 19 åter-

81 852 117 22 uppsättande
211 853 106 22 gemenskap
330 853 67 22 egande
410 851 67 24 frågor;
490 853 119 22 kungörelsen
628 853 20 18 af
659 854 33 17 den
708 855 18 16 11
741 855 34 22 maj
790 855 43 16 1855

80 879 91 24 angående
183 881 127 22 upprättandet
322 881 20 18 af
353 883 27 16 ett
391 881 55 18 finskt
453 881 180 23 krigskommissariat
641 883 31 17 och
681 883 59 17 staten
749 882 27 18 för
785 883 49 17 detta

79 909 121 22 ämbetsvärk;
213 909 118 23 kungörelsen
343 910 21 17 af
374 911 34 16 den
427 911 21 17 13
460 911 92 17 december
565 911 44 17 1855
628 909 90 24 angående
730 911 104 22 ytterligare

81 938 117 22 uppsättande
211 938 20 18 af
242 939 27 17 tre
281 939 66 17 indelta
365 939 214 23 skarpskyttebataljoner
594 940 46 17 samt
652 945 28 12 om
693 940 20 17 de
725 940 68 17 indelta
804 940 29 17 ba-

81 966 107 23 taljonernas
200 967 107 23 benämning
313 968 32 16 och
351 972 87 13 reservers
447 968 118 22 uppsättande
575 968 27 17 för
610 968 97 22 desamma;
716 968 118 22 kungörelsen

78 994 21 18 af
111 995 34 17 den
157 996 22 17 26
191 996 34 22 maj
240 996 44 17 1856
296 994 91 24 angående
399 996 107 23 indragning
518 996 20 18 af
549 1002 22 12 en
583 996 28 18 del
624 996 20 18 af
655 997 34 17 den
702 997 67 17 indelta
777 996 58 18 finska

79 1024 96 22 militären;
188 1024 119 23 kungörelsen
319 1024 20 18 af
355 1025 34 17 den
406 1025 23 17 29
439 1025 42 22 juni
499 1026 44 16 1857
557 1024 92 24 angående
661 1025 86 18 särskilda
759 1026 75 17 bestäm-

79 1052 64 18 melser
159 1053 74 17 rörande
251 1053 57 17 finska
325 1053 364 23 undervisningsskarpskyttebataljonen;
702 1054 102 18 manifestet
816 1054 20 17 af

79 1081 34 17 den
127 1082 22 16 18
166 1082 37 22 (30)
221 1082 91 17 december
329 1083 43 17 1857
390 1081 92 23 angående
500 1082 34 18 den
547 1082 68 18 indelta
632 1082 89 18 militären
732 1082 7 18 i
751 1082 83 22 Finland;

80 1110 118 22 kungörelsen
211 1110 20 18 af
247 1110 34 18 den
293 1111 21 17 25
330 1110 72 24 januari
420 1112 44 16 1858
483 1110 91 24 angående
592 1111 160 23 värkställigheten
764 1110 21 18 af
795 1110 39 18 nåd.

80 1138 102 18 manifestet
194 1138 21 18 af
226 1140 22 16 18
259 1140 37 22 (30)
309 1140 91 17 december
412 1140 52 21 1857;
477 1140 119 22 kungörelsen
609 1140 20 17 af
640 1140 34 17 den
686 1142 10 15 7
709 1140 33 22 maj
752 1140 43 17 1858
804 1145 30 12 an-

79 1166 68 23 gående
159 1168 36 16 stat
208 1162 31 23 för
247 1168 21 17 de
281 1168 66 17 indelta
357 1168 57 18 finska
426 1168 246 23 skarpskyttebataljonerna;
685 1168 119 22 kungörelsen
816 1168 20 18 af

81 1196 33 17 den
127 1197 22 17 18
161 1196 73 18 oktober
247 1198 43 16 1858
302 1196 90 24 angående
404 1197 132 23 behandlingen
547 1196 21 18 af
578 1196 61 23 frågor
650 1202 28 12 om
690 1196 67 18 indelta
770 1196 64 18 militä-

79 1230 40 12 rens
132 1224 113 23 dislokation;
257 1226 118 22 kungörelsen
388 1226 20 17 af
413 1226 33 17 den
458 1226 24 17 28
494 1231 46 12 mars
553 1226 44 17 1859
615 1224 91 24 angående
718 1225 117 17 förminskan-

80 1253 31 17 det
123 1253 90 18 tilsvidare
225 1254 20 17 af
256 1254 30 17 det
297 1254 79 18 roterade
389 1254 114 22 manskapets
515 1254 49 17 antal
576 1254 29 17 vid
618 1254 72 22 Kuopio
702 1254 53 22 (4:de)
768 1254 67 17 indelta

81 1281 58 18 finska
151 1282 201 23 skarpskyttebataljon;
364 1283 121 22 kungörelsen
497 1282 20 18 af
528 1283 33 17 den
568 1284 22 16 23
597 1282 42 24 juni
648 1284 44 16 1859
700 1281 90 24 angående
799 1284 35 16 sär-

81 1310 58 18 skilda
151 1310 122 24 förändringar
285 1311 6 17 i
303 1312 33 17 den
348 1311 58 18 finska
411 1312 99 17 militärens
516 1311 127 23 organisation;
652 1311 117 23 kungörelsen
777 1311 20 17 af
801 1312 34 16 den

81 1340 23 16 25
116 1339 73 18 oktober
201 1340 44 17 1867
258 1338 91 24 angående
361 1340 107 22 upplösning
480 1340 91 18 tilsvidare
579 1340 20 17 af
610 1340 21 17 de
638 1340 67 18 indelta
711 1340 57 18 finska
775 1340 59 22 skarp-

81 1368 191 23 skyttebataljonerna;
285 1368 124 23 förordningen
421 1368 21 18 af
452 1369 35 17 den
499 1370 22 16 23
531 1368 36 23 juli
581 1369 44 17 1868
632 1367 90 24 angående
729 1368 106 23 indragning

81 1395 21 17 af
112 1396 187 22 inspektörsstyrelsen
312 1396 27 18 för
350 1396 58 18 finska
420 1396 94 18 militären.

148 1436 140 23 Lagutskottets
301 1436 121 18 betänkande.
