1086 1761
447 137 31 22 U.
493 137 28 22 B.
805 137 25 20 97

102 208 60 19 stern
187 208 82 25 antaga,
293 208 30 19 att
338 206 72 27 grefve
432 205 96 28 Miljutin
543 206 19 27 ej
579 205 69 22 skulle
664 205 63 22 hafva
741 205 121 22 observerat

102 241 117 27 ändringen
245 241 22 20 af
291 247 26 14 en
341 241 18 27 8,
380 240 89 21 hvilken
485 240 47 21 icke
547 240 75 21 endast
637 240 88 21 berörde
741 240 121 27 chefskapet

102 275 33 20 för
160 276 119 26 trupperna,
302 277 51 18 utan
369 275 39 20 ock
432 274 96 21 innehöll
544 274 128 26 stadgandet
686 281 34 14 om
736 274 125 27 Krigsmini-

103 311 69 19 sterns
188 309 127 27 befogenhet
329 308 48 22 med
393 308 87 27 hänsigt
494 308 32 21 till
541 308 41 21 den
593 308 70 21 finska
671 308 111 21 militären.
799 308 63 21 Detta

105 343 118 28 antagande
246 345 23 19 är
291 343 23 21 så
334 343 86 27 mycket
442 342 84 22 mindre
543 342 89 28 möjligt,
647 349 45 14 som
708 342 154 28 handlingarna

103 378 70 21 utvisa
194 380 30 18 att
239 378 71 26 grefve
325 377 100 27 Miljutin,
441 376 29 22 då
484 377 40 21 den
542 377 21 21 af
578 376 119 22 Ständerna
713 379 90 25 antagna
817 376 44 28 lag-

107 415 73 19 texten
196 412 150 21 öfverlemnats
364 412 32 21 till
418 412 55 21 hans
488 411 115 26 utlåtande,
618 411 46 21 från
681 411 180 22 Statssekretaria-

103 449 30 19 tet
156 447 26 27 på
203 447 92 27 begäran
316 447 66 20 erhöll
398 447 42 20 den
456 446 78 27 nådiga
549 446 171 27 propositionens
734 446 81 27 lagtext
830 445 31 22 till

101 481 121 28 jemförelse
238 481 47 21 med
302 481 40 21 den
358 481 61 21 förra.

173 515 66 21 Häraf
260 515 59 22 torde
341 515 88 28 framgå,
454 517 30 19 att
504 515 26 21 de
545 522 76 21 genom
637 515 132 22 memorialet
784 515 21 21 af
820 515 40 21 den

105 551 26 20 15
159 550 90 21 Januari
275 550 53 21 1899
353 551 38 20 hos
406 550 63 21 Hans
484 549 119 28 Kejserliga
619 549 99 28 Majestät
740 549 121 22 framstälda

105 584 187 28 beskyllningarna
308 586 44 19 mot
366 584 104 21 Finlands
485 583 89 22 Ständer
581 586 56 18 samt
649 583 91 21 Senaten
749 584 39 20 och
796 584 65 20 Stats-

102 619 145 21 sekretariatet
262 620 35 19 äro
313 619 120 26 grundlösa.

172 646 181 28 Återkommande
377 653 33 21 till
435 653 37 21 det
496 660 30 13 nu
551 652 145 28 föreliggande
710 652 151 28 lagstiftnings-

104 688 88 20 ärendet
217 687 70 21 finner
312 687 107 21 Utskottet
444 687 32 27 sig
501 687 51 21 böra
567 687 125 27 obetingadt
707 687 47 21 dela
769 687 39 21 den
825 686 35 21 vid

105 722 129 27 landtdagen
251 722 139 20 1877—1878
406 721 94 21 uttalade
516 721 59 28 åsigt,
591 723 30 19 att
636 722 36 20 det
682 722 47 20 icke
738 728 49 14 vore
795 721 66 27 lämp-

103 756 39 27 ligt
165 758 29 18 att
211 757 8 19 i
234 762 27 14 en
275 756 56 20 finsk
346 756 34 27 lag
395 756 106 21 beteckna
516 756 89 20 Finland
623 756 69 20 såsom
709 758 29 19 ett
752 755 109 21 militärdi-

103 790 67 26 strikt,
195 793 54 18 samt
265 792 29 19 att
309 792 30 19 ett
353 791 7 19 i
374 791 42 27 hög
432 790 52 28 grad
500 790 116 28 oegentligt
639 790 131 21 förhållande
793 789 67 21 skulle

105 824 81 28 uppstå,
209 831 34 14 om
268 831 25 14 en
317 825 33 21 för
373 825 47 21 hela
444 825 36 20 det
495 824 63 27 ryska
573 825 65 21 rikets
654 824 207 26 militärförvaltning

105 859 98 26 vidtagen
227 859 112 21 territoriel
361 859 117 26 indelning,
501 859 88 21 hvarom
605 858 105 27 Kejsaren
727 865 71 15 ensam
811 864 50 21 eger

105 893 122 23 bestämma,
252 893 75 27 blefve,
353 900 33 14 om
413 893 40 21 ock
469 893 53 21 blott
536 893 32 22 till
584 900 26 14 en
626 894 44 20 viss
685 893 40 27 del,
740 892 120 22 förbunden

105 927 48 21 med
169 927 131 27 stadganden
315 928 6 20 i
337 928 41 20 den
393 927 70 21 finska
478 927 198 28 värnepligtslagen.

175 961 36 21 Uti
219 962 32 20 2:a
260 962 93 27 punkten
363 962 6 20 i
378 962 40 21 den
427 962 79 27 nådiga
515 962 157 27 propositionen
682 962 109 26 angående
797 968 64 20 grun-

103 996 67 20 derna
192 996 33 20 för
247 996 26 20 de
287 996 68 21 finska
370 998 127 26 truppernas
521 996 141 27 organisation
679 996 39 21 och
733 996 128 26 förvaltning

105 1032 23 19 är
143 1030 69 27 sagdt:
242 1027 155 25 >»Öfverbefälet
412 1031 60 21 öfver
488 1030 26 22 de
528 1030 68 22 finska
611 1033 116 26 trupperna
743 1030 117 28 uppdrages

104 1064 21 21 åt
149 1061 223 25 Öfverbefälhafvaren
388 1066 7 20 i
410 1065 121 21 finländska
545 1065 203 21 militärdistriktet.>
779 1064 82 22 Försla-

104 1101 35 25 get
154 1099 32 21 till
202 1099 123 27 förordning
343 1100 7 20 i
366 1100 57 20 detta
438 1102 62 18 ämne
517 1100 82 27 återger
615 1100 89 20 anförda
718 1099 68 28 punkt
800 1099 7 20 i
823 1101 36 18 art.

105 1134 33 26 10,
154 1140 44 14 som
221 1133 68 27 lyder:
322 1133 59 21 »Den
397 1134 75 27 högsta
487 1134 70 20 lokala
572 1134 157 27 förvaltningen
745 1134 20 20 af
781 1133 25 21 de
821 1132 40 21 fin-

103 1168 38 20 ska
171 1170 120 25 trupperna,
315 1168 135 27 styrelserna,
476 1168 129 21 anstalterna
630 1168 40 21 och
695 1168 166 26 inrättningarna

104 1201 84 28 åligger
203 1198 224 25 Öfverbefälhafvaren
447 1202 7 20 i
470 1201 128 22 Finländska
611 1202 187 21 militärdistriktet.
828 1200 33 21 Dä

103 1232 240 25 Öfverbefälbafvarens
358 1237 7 20 i
380 1236 130 21 Finländska
528 1237 185 20 militärdistriktet
735 1235 126 28 åligganden

103 1271 83 26 påföras
211 1270 225 28 Generalguvernören
464 1271 60 20 öfver
549 1271 97 25 Finland,
670 1271 103 20 anförtros
791 1269 69 21 denne

103 1305 79 26 jemväl
198 1305 40 20 den
256 1305 73 27 högsta
339 1305 69 21 lokala
419 1305 156 27 förvaltningen
587 1305 22 20 af
619 1305 138 21 förenämnda
770 1307 91 24 trupper,

103 1339 107 26 styrelser,
225 1339 100 21 anstalter
341 1339 38 21 och
395 1339 158 28 inrättningar.»

175 1373 29 21 Af
219 1373 64 21 redan
299 1374 95 26 antydda
408 1374 46 20 skäl
470 1374 41 20 kan
527 1374 109 21 Utskottet
650 1374 46 21 icke
712 1374 105 27 tillstyrka
832 1375 29 19 att

102 1407 67 21 första
195 1414 62 14 mom.
283 1408 21 20 af
327 1409 12 26 $
356 1408 40 21 119
411 1407 73 22 blefve
499 1408 6 20 i
522 1408 94 27 enlighet
630 1408 87 22 härmed
733 1408 127 21 förändradt.

103 1440 60 22 Dock
186 1442 65 20 borde
267 1442 57 21 detta
339 1449 62 14 mom.
418 1442 66 27 enligt
507 1442 119 22 Utskottets
642 1443 64 21 tanke
722 1442 139 22 underkastas

792 1489 10 16 7
