1092 1795
259 159 28 20 34
540 160 84 23 Ständ.
641 161 39 23 Sv.

229 229 124 30 längning
381 231 25 22 af
435 232 161 29 tjenstetiden
616 233 54 22 icke
689 233 79 23 skulle
786 233 114 22 medföra
918 240 68 15 man-

230 263 103 30 skapets
360 265 131 24 förkofran
515 267 7 22 i
541 267 131 22 militärisk
692 268 142 29 utbildning
854 267 45 22 och
918 268 67 28 goda

229 299 82 26 seder,
337 303 61 19 utan
417 301 90 22 endast
525 301 49 22 öka
594 302 176 23 kasernlifvets
788 302 136 22 moraliska
944 302 41 21 vå-

229 333 48 22 dor
295 333 40 22 för
354 341 30 15 en
403 337 52 20 stor
474 336 40 22 del
534 336 25 21 af
577 336 32 22 de
628 337 190 29 värnepligtige.

299 368 48 22 Det
374 369 28 22 är
429 370 38 22 för
487 370 76 29 öfrigt
581 371 55 22 icke
655 371 89 23 endast
762 372 56 21 rent
837 371 148 22 militäriska

228 403 159 27 synpunkter
405 411 53 16 som
477 405 86 22 kunna
583 405 101 23 anföras
699 407 65 21 emot
777 405 49 22 den
840 405 145 29 föreslagna

227 435 136 28 reformen;
394 439 75 21 äfven
497 439 163 22 ekonomiska
682 441 46 21 och
748 440 92 22 sociala
859 440 55 21 skäl
934 439 50 22 tala

227 472 66 20 emot
321 471 151 24 densamma.
512 473 39 22 En
578 473 163 30 förlängning
769 473 25 22 af
822 474 161 28 tjenstetiden

226 504 81 23 skulle
326 507 127 28 nämligen
471 508 187 29 otvifvelaktigt
677 509 77 22 verka
767 509 105 28 menligt
884 509 33 28 på
932 509 51 21 lan-

226 539 55 22 dets
309 540 163 24 ekonomiska
499 543 152 28 utveckling,
672 543 32 22 då
724 543 48 22 den
791 543 111 28 manliga
920 549 62 22 ung-

225 573 66 27 dom,
321 581 52 16 som
395 575 40 22 för
454 577 27 21 så
500 577 60 28 lång
579 577 36 22 tid
634 577 83 23 blefve
735 577 186 29 undandragen
941 577 42 22 det

224 609 155 26 produktiva
408 610 103 27 arbetet,
540 611 8 22 i
576 613 68 21 ännu
671 613 79 28 högre
769 612 73 28 grad,
863 613 31 20 än
913 612 68 21 hvad

223 643 79 22 redan
322 651 34 14 nu
375 645 32 28 på
427 646 83 27 grund
530 646 25 21 af
573 647 175 28 värnepligten
768 647 29 21 är
810 645 77 27 fallet,
902 646 79 22 skulle

222 677 33 28 gå
276 678 103 23 tillbaka
398 679 7 22 i
425 680 235 29 arbetsskicklighet
679 683 63 20 samt
760 681 96 22 förlora
874 681 50 22 lust
943 681 38 21 för

223 711 48 22 den
292 712 123 31 ihärdiga,
437 715 187 29 ansträngande
644 715 170 26 verksamhet,
830 722 51 15 som
895 715 6 22 i
914 715 67 28 jord-

223 745 93 24 bruket
334 748 46 22 och
399 749 125 22 industrin
544 749 134 23 erfordras.

292 781 48 22 Det
359 783 71 22 torde
448 783 55 22 icke
521 791 63 15 vara
603 785 145 28 opåkalladt
768 785 37 21 att
823 784 47 21 här
888 783 92 30 jemväl

221 815 120 28 påminna
360 823 40 16 om
419 818 49 22 den
487 818 112 28 petition,
619 819 7 22 i
645 819 103 22 hvilken
768 818 121 22 Finlands
908 818 72 22 Stän-

221 849 45 22 der
295 851 42 22 vid
368 851 65 23 1897
463 853 40 22 års
530 853 123 29 landtdag
679 854 96 28 ansågo
795 853 39 28 sig
853 853 61 22 böra
934 853 46 22 hos

220 883 83 23 Eders
320 885 141 31 Kejserliga
481 887 116 28 Majestät
616 888 100 22 anhålla
736 894 40 16 om
796 887 79 28 nådig
890 893 90 22 propo-

219 918 75 22 sition
314 920 133 28 angående
466 921 48 22 den
533 921 133 23 faststälda
685 922 177 29 tjenstetidens
880 921 99 22 nedsät-

220 953 77 22 tande
317 954 35 22 till
372 955 42 21 två
434 956 35 22 år.

289 988 49 22 För
365 988 159 24 bedömande
547 990 26 22 af
590 990 170 23 förevarande
779 990 75 29 fråga
873 990 39 22 må
932 990 47 22 här

218 1021 129 23 dessutom
376 1024 104 26 erinras,
509 1025 36 21 att
571 1024 115 23 hvarken
712 1024 266 29 Krigsministeriets
964 1017 17 41 i

218 1055 193 29 Kejsaredömet
428 1059 96 29 förslag
538 1059 25 21 af
576 1059 28 21 år
618 1059 67 23 1870
699 1059 134 29 angående
846 1058 132 22 införande

219 1090 26 22 af
264 1091 92 23 allmän
375 1093 144 29 värnepligt
537 1093 7 22 i
563 1093 115 27 Finland,
700 1094 60 22 eller
774 1093 49 22 den
837 1093 36 22 uti
886 1093 92 29 ifråga-

217 1126 114 22 varande
356 1126 119 24 afseende
494 1128 35 21 till
550 1128 170 22 1877—1878
740 1128 43 22 års
802 1128 123 28 landtdag
944 1127 34 22 öf-

217 1159 162 23 verlemnade
409 1162 94 29 nådiga
531 1162 196 28 propositionen,
755 1162 115 22 förordat
888 1162 89 28 längre

216 1193 130 29 tjenstetid
365 1196 42 22 vid
428 1196 101 22 aktiven
549 1197 31 21 än
599 1198 37 20 tre
656 1197 35 22 år.

285 1228 56 23 Med
361 1230 118 23 afseende
499 1231 14 21 å
533 1231 115 29 samtliga
667 1232 78 21 ofvan
759 1230 152 22 framhållna
928 1236 49 16 om-

215 1262 174 30 ständigheter
407 1265 78 22 hafva
501 1264 141 24 Ständerna
661 1266 84 22 funnit
765 1265 56 21 skäl
840 1264 54 22 icke
913 1264 63 22 före-

214 1296 101 23 komma
343 1298 35 22 till
407 1300 108 28 ändring
534 1300 25 22 af
577 1300 117 28 gällande
713 1299 208 29 Värnepligislag
940 1299 36 21 uti

213 1330 199 29 ifrågavarande
431 1334 151 22 hänseende.

283 1400 38 22 Då
341 1401 42 22 det
403 1402 42 22 vid
466 1402 170 23 1877—1878
656 1403 41 22 års
709 1402 128 29 landtdag
850 1401 39 22 för
903 1401 72 22 Stän-

213 1433 80 23 derna
311 1435 76 29 gälde
407 1438 35 21 att
460 1437 127 22 behandla
605 1437 123 29 förslaget
748 1443 42 16 om
803 1436 134 22 införande
951 1436 25 22 af

214 1468 91 23 allmän
326 1471 144 29 värnepligt
488 1471 8 22 i
513 1471 93 27 landet,
626 1471 120 30 utgjorde
766 1471 92 28 frågan
878 1477 40 16 om
940 1477 35 16 re-
