1089 1742
243 138 26 20 70
553 138 28 22 U.
597 138 29 22 B.

214 206 78 27 hofvet,
315 208 54 19 samt
391 208 30 20 att
442 206 116 28 tillgången
578 206 26 28 pä
621 207 152 27 värnepligtige
788 207 32 20 för
833 206 140 22 tillfredsstäl-

213 240 64 21 lande
294 240 21 21 af
331 240 56 22 detta
404 241 63 21 behof
482 241 136 21 tvifvelsutan
635 243 22 19 är
672 242 33 20 för
717 241 159 21 vederbörande
888 240 85 22 militär-

213 274 150 27 myndigheter
377 275 74 20 lättare
467 275 148 27 öfverskädlig,
631 282 33 14 om
681 276 32 20 vid
724 276 165 26 kontingentens
897 275 76 20 fördel-

215 308 52 27 ning
285 309 63 20 redan
366 309 69 21 utredt
457 311 28 25 är,
505 309 53 21 huru
575 312 52 18 stort
643 310 57 21 antal
716 309 141 28 krigsdugligt
871 309 102 26 manskap

214 342 69 21 finnes
299 343 132 27 disponibelt,
447 343 22 21 sä
486 343 59 21 torde
561 344 35 21 det
608 344 21 20 fä
642 351 62 14 anses
716 343 116 28 behörigen
843 343 130 28 ädagalagdt,

215 378 30 19 att
268 377 41 20 alla
332 377 179 28 omständigheter
533 378 123 27 obetingadt
678 378 42 21 tala
742 378 33 21 för
790 377 148 22 bibehållande
954 377 18 26 ej

215 411 83 20 mindre
311 411 21 20 af
350 411 35 21 det
401 412 122 21 nuvarande
537 415 102 24 systemet
651 413 32 20 för
698 413 160 26 besigtningens
874 411 100 22 verkstäl-

214 445 64 20 lande
289 445 44 20 före
349 445 170 28 lottdragningen
535 447 38 20 och
590 447 32 20 för
633 447 165 27 kontingentens
809 446 126 27 fördelning,
947 447 26 19 än

215 479 62 21 äfven
295 479 20 21 af
330 480 138 28 indelningen
483 481 7 20 i
505 481 211 27 lottningsomräden.

286 685 58 21 Efter
360 686 69 21 denna
445 687 132 27 redogörelse
594 687 33 20 för
641 687 26 20 de
683 687 51 26 skäl,
750 687 26 27 pä
792 687 68 26 grund
872 687 22 20 af
904 686 70 21 hvilka

217 719 108 21 Utskottet
347 722 51 19 utan
421 721 179 27 meningsolikhet
621 723 69 19 ansett
713 721 32 26 sig
767 721 51 20 böra
838 721 32 20 för
890 721 32 20 sin
940 720 34 21 del

216 754 85 21 förorda
323 755 148 22 bibehällande
494 757 21 20 af
535 757 36 20 det
592 756 123 21 nuvarande
731 758 102 25 systemet
848 755 33 21 för
896 754 78 28 uppbä-

216 789 47 20 dets
279 789 154 22 verkställande
449 791 39 20 och
503 791 164 27 kontingentens
683 790 126 27 fördelning,
825 789 97 28 öfvergär
937 789 38 20 Ut-

216 823 78 21 skottet
316 824 31 20 till
368 824 251 28 detaljbestämningarna
639 825 6 20 i
661 827 77 19 ämnet.

285 858 73 27 Enligt
382 859 7 27 $
406 859 29 21 52
451 860 7 19 i
472 859 198 27 Värnepligtslagen
686 860 38 20 hör
740 859 140 27 värnepligtig
895 858 32 21 till
941 858 35 20 det

217 892 92 27 omräde,
329 899 46 14 som
391 894 98 20 omfattar
505 894 40 20 den
561 894 130 26 församling,
707 894 6 20 i
729 894 63 20 hvars
807 892 111 28 kyrkobok
934 893 40 19 han

216 928 23 18 är
260 926 124 21 inskrifven.
414 927 47 21 Den
477 928 77 27 nådiga
570 928 157 27 propositionen
744 927 89 21 föreslår
848 927 127 21 härutinnan

217 960 65 21 sädan
298 961 95 27 ändring,
409 964 30 18 att
455 962 139 27 värnepligtig
610 962 68 21 skulle
694 962 77 20 räknas
782 962 31 20 till
825 962 35 20 det
871 960 105 28 uppbäds-

217 994 92 26 omräde,
332 1002 45 14 som
401 996 98 20 omfattar
521 996 42 21 den
585 996 109 27 kommun,
709 997 7 19 i
732 996 86 21 hvilken
840 996 42 20 han
906 995 40 21 den
964 995 10 20 1

216 1028 89 21 Januari
322 1029 35 21 det
373 1030 28 26 är,
417 1030 42 20 han
474 1032 23 18 är
512 1030 84 28 uppbåd
612 1030 149 27 underkastad,
777 1030 38 21 har
831 1030 35 20 sitt
881 1031 53 19 rätta
949 1029 26 20 bo

217 1063 40 20 och
272 1063 91 21 hemvist
376 1064 45 27 (art.
440 1064 39 24 67).
507 1064 61 22 Detta
594 1065 84 27 förslag,
699 1071 45 14 som
766 1071 26 14 ur
807 1064 99 21 teoretisk
927 1070 49 20 syn-

217 1097 68 26 punkt
300 1098 71 20 kunde
387 1104 39 21 ega
441 1099 151 27 berättigande,
608 1098 68 22 skulle
695 1099 53 21 dock
765 1098 35 21 vid
815 1098 160 27 tillämpningen

216 1133 69 19 mötas
305 1132 22 20 af
348 1132 112 28 svärighet,
480 1135 51 18 enär
549 1133 34 21 vid
603 1133 56 21 ärets
678 1133 74 27 början
769 1132 77 22 officiel
864 1132 112 26 utredning

216 1166 47 20 icke
287 1166 40 21 kan
349 1167 127 21 framställas
491 1168 79 26 derom,
585 1168 72 20 hvilka
672 1174 101 20 personer
789 1167 34 20 vid
840 1166 93 27 antydda
946 1166 29 21 tid

216 1200 63 21 hafva
295 1201 36 20 sitt
346 1200 26 21 bo
389 1202 38 20 och
443 1202 91 20 hemvist
548 1202 58 20 inom
623 1202 26 20 de
659 1208 53 21 resp.
723 1202 167 20 kommunerna.
916 1200 60 21 Man-

217 1234 173 28 talsskrifningen
407 1236 122 20 verkställes
544 1236 107 27 nämligen
668 1236 68 20 under
749 1236 64 20 vären
827 1235 39 21 och
877 1235 99 20 mantals-

216 1268 123 28 längderna,
354 1269 72 21 hvilka
441 1270 52 21 först
508 1272 43 18 mot
566 1270 55 21 ärets
636 1270 42 20 slut
693 1270 102 26 föreligga
808 1269 88 27 färdiga,
908 1270 69 20 utvisa

216 1302 57 26 förty
296 1303 35 20 vid
351 1303 58 21 tiden
425 1303 32 21 för
472 1304 223 27 uppbädslängdernas
711 1303 137 28 uppgörande
864 1303 113 21 förhällan-

217 1336 36 21 det
266 1336 41 21 den
324 1337 11 20 1
351 1337 89 21 Januari
452 1338 35 20 det
499 1338 127 27 föregäende
635 1338 49 20 äret.
704 1337 42 21 Det
757 1340 23 18 är
790 1338 83 20 säledes
883 1337 94 21 nödvän-

217 1370 45 28 digt
289 1373 30 19 att
343 1371 290 28 församlingsindelningen,
653 1378 45 14 som
720 1372 26 27 pä
769 1371 22 21 få
812 1371 109 27 undantag
939 1373 38 18 när

217 1405 159 21 sammanfaller
394 1406 49 21 med
459 1406 40 21 den
517 1406 142 26 kommunala,
674 1406 131 21 fortfarande
820 1405 62 27 följes
897 1405 7 20 i
920 1405 56 21 detta

217 1439 100 20 afseende
337 1440 39 20 och
395 1442 30 19 att
440 1440 180 27 kyrkoböckerna,
635 1440 72 21 hvilka
721 1441 7 19 i
743 1440 92 20 Finland
852 1441 74 25 utgöra
942 1440 35 20 det
