1086 1773
778 117 28 20 37

77 185 23 17 44
113 184 34 17 och
158 184 36 23 53),
207 184 70 18 införas
289 184 22 17 de
323 184 41 17 icke
376 184 5 17 i
397 183 161 24 fyllnadslängden
568 183 15 18 B
592 183 43 24 (art.
644 184 31 23 90)
684 185 44 16 utan
737 183 99 19 inskrifvas

79 212 112 18 omedelbart
202 212 30 17 vid
244 212 123 18 landtvärnet.

147 267 51 18 Art.
214 267 41 18 112.
286 265 32 20 De
333 264 7 21 i
355 271 57 15 m.m.
429 265 56 20 2—4
501 265 24 20 af
538 264 130 27 föregående
683 265 77 21 artikel
775 265 61 27 (111)

80 299 94 21 nämnda
193 305 102 21 personer
318 299 116 21 inskrifvas
449 299 7 21 i
471 299 72 27 tjenst,
564 299 2 21 i
581 299 104 21 händelse
701 299 25 22 de
741 299 96 22 befinnas

81 334 71 21 dertill
168 334 91 27 duglige,
276 333 134 22 omedelbart
427 333 54 21 efter
496 333 108 21 verkstäld
615 339 28 22 ny
652 333 122 28 besigtning
784 334 54 21 eller

81 369 160 26 genomgången
256 367 90 28 profkur
361 367 53 22 eller
430 367 55 21 efter
501 367 35 21 det
552 367 25 22 de
592 367 71 22 blifvit
675 367 99 23 anhållne
785 368 52 21 eller

81 402 108 27 sjelfmant
204 402 75 21 instält
295 402 38 27 sig.
362 402 40 27 De,
418 407 46 16 som
480 401 94 28 antagits
590 401 7 22 i
613 402 66 27 tjenst
694 402 7 21 i
716 403 73 21 stället
804 402 34 22 för

81 437 67 26 sagda
170 443 109 20 personer,
303 436 51 21 eller
369 437 7 20 i
392 436 73 21 stället
484 436 33 21 för
534 436 54 26 dem,
604 436 72 21 hvilka
692 439 122 20 omnämnas
830 437 7 21 i

81 477 64 15 mom.
161 472 13 20 5
189 471 24 20 af
234 470 129 27 föregående
386 471 79 21 artikel
489 471 67 27 (111),
580 473 36 19 äro
632 471 136 27 berättigade
782 474 33 19 att
831 471 7 22 i

81 507 89 20 motsatt
190 505 90 28 ordning
299 505 33 22 till
348 506 62 21 deras
426 505 149 28 nummerföljd
591 506 7 21 i
612 506 105 21 lottlistan
732 507 66 21 blifva
812 513 26 15 ur

81 541 92 26 tjensten
197 540 136 27 entledigade
357 540 39 21 och
421 540 105 21 inskrifne
541 540 36 21 vid
592 541 142 26 landtvärnet,
749 541 46 21 ifall
811 541 27 22 de

82 581 107 21 personer,
201 575 7 20 i
218 575 83 21 hvilkas
317 575 62 22 ställe
395 575 26 21 de
436 575 70 22 blifvit
517 575 114 27 inkallade,
642 575 123 22 sedermera
775 576 63 21 träda

81 610 7 21 i
103 609 72 27 tjenst.

150 664 51 19 Art.
225 664 41 19 113.
296 662 33 21 De
350 668 109 21 personer,
483 661 71 22 hvilka
577 661 107 22 befunnits
704 662 86 27 dugliga
806 662 32 21 till

83 696 124 27 krigstjenst
223 697 40 20 och
278 696 50 27 ingå
343 697 6 20 i
365 696 36 21 det
417 696 58 21 antal
490 696 98 27 rekryter
604 696 98 21 området
716 697 55 20 skall
785 703 53 20 upp-

83 730 71 26 ställa,
178 737 62 15 anses
259 730 70 21 såsom
346 733 93 24 antagna
453 731 7 20 i
475 730 67 27 tjenst
558 730 40 21 och
613 731 81 21 införas
710 731 129 21 oförtöfvadt

83 764 6 21 i
105 764 160 28 förteckningen
281 765 59 21 öfver
355 765 26 21 de
398 767 97 25 antagne.

152 819 51 18 Art.
215 818 42 19 114.
273 817 10 21 I
294 816 161 28 förteckningen
467 816 58 22 öfver
537 816 24 22 de
572 818 94 25 antagne
677 816 86 28 införas,
772 817 66 27 jemte

84 851 27 21 de
126 853 103 25 antagnes
245 850 43 22 för-
305 851 38 21 och
359 851 146 27 familjenamn
516 851 52 21 eller
578 851 136 27 vedernamn,
725 851 61 21 äfven
797 852 43 20 alla

85 886 25 21 de
129 885 114 28 uppgifter,
267 892 44 15 som
331 885 107 22 erfordras
454 885 33 22 för
502 886 139 27 uppgörande
656 886 24 21 af
693 886 105 27 utdragen
814 893 25 14 ur

85 919 127 22 alfabetiska
228 920 159 27 förteckningen
405 920 265 27 (tjensteförteckningen).

153 974 50 18 Art.
227 974 41 18 115.
301 972 69 22 Sedan
394 972 130 27 antagandet
546 972 22 21 af
582 973 104 26 manskap
702 973 6 20 i
723 973 66 26 tjenst
804 972 36 21 vid

85 1007 25 20 de
133 1006 88 22 stående
244 1009 118 24 trupperna
380 1006 106 27 afslutats,
503 1007 102 21 anställer
620 1007 198 21 Distriktsnämden
833 1007 7 21 i

86 1041 40 21 den
141 1041 7 21 i
164 1043 39 19 art.
221 1041 39 21 107
277 1041 127 21 föreskrifna
419 1041 90 26 ordning
525 1041 119 27 besigtning
659 1042 48 21 med
718 1041 43 22 alla
771 1041 69 28 öfriga

86 1075 132 28 uppbådade,
246 1076 167 27 undantagande
436 1076 64 21 likväl
524 1075 54 27 dem,
601 1082 46 15 som
670 1076 84 27 åtnjuta
776 1076 64 21 efter-

86 1111 40 26 gift
141 1111 22 21 af
177 1111 68 22 första
259 1111 113 27 kategorin
387 1112 28 26 på
430 1111 69 27 grund
509 1110 24 21 af
541 1110 237 28 familjeförhållanden.
802 1111 38 26 De,

86 1145 72 21 hvilka
174 1145 34 21 vid
224 1145 147 28 besigtningen
383 1145 116 22 förklarats
510 1145 49 22 fullt
570 1145 84 28 duglige
666 1145 174 28 till'krigstjenst,

86 1179 111 22 inskrifvas
221 1179 23 22 af
265 1180 91 21 nämden
372 1180 6 21 i
395 1179 68 22 första
485 1180 111 27 kategorin
616 1179 23 22 af
653 1180 145 26 landtvärnet;
814 1179 26 22 de

86 1220 101 21 personer
209 1214 53 27 åter,
286 1215 71 20 hvilka
380 1214 83 27 åtnjuta
486 1214 95 27 eftergift
604 1214 23 21 af
641 1214 67 22 första
723 1215 118 26 kategorin,

86 1251 56 19 samt
167 1249 42 21 alla
235 1248 74 28 öfriga,
336 1249 47 21 med
408 1249 107 26 undantag
539 1249 54 21 dock
615 1249 23 21 af
660 1249 55 27 dem,
738 1255 45 15 som
806 1249 35 21 vid

86 1283 120 27 besigtning
229 1284 28 26 på
280 1283 68 27 grund
370 1283 23 21 af
414 1285 56 25 yttre
486 1283 114 21 utseendet
615 1285 82 19 ansetts
712 1283 130 27 fullkomligt

87 1317 122 27 oförmögne
233 1320 32 19 att
288 1318 52 21 bära
356 1323 72 21 vapen,
445 1317 103 22 hänföras
563 1317 33 22 till
612 1318 145 21 landtvärnets
774 1318 68 21 andra

87 1353 103 26 kategori.

154 1404 49 17 Anm.
227 1404 95 21 Personer,
341 1409 36 12 som
396 1404 74 22 åtnjuta
489 1405 39 16 rätt
545 1404 30 17 till
593 1403 85 23 eftergift
690 1403 20 18 af
720 1403 59 18 första
790 1403 52 18 kate-

87 1432 52 23 gorin
156 1433 24 22 på
197 1433 60 22 grund
275 1433 21 18 af
313 1432 205 23 familjeförhållanden,
531 1433 57 20 skola,
602 1433 6 17 i
620 1432 34 18 fall
666 1432 57 18 sådan
735 1432 107 22 förändring
