1089 1742
460 121 29 22 U.
505 121 28 22 B.
805 120 40 20 135

321 190 119 22 hvilken
455 190 193 28 förkortning
662 188 212 28 itjenstetiden

321 225 78 21 skall
414 224 167 21 tillkomma
597 224 60 24 den,
672 230 58 14 som
747 223 129 27 afslutat

321 259 71 21 kurs
422 258 49 22 vid
499 258 81 28 ryskt
613 258 74 20 eller
717 256 158 22 utländskt

323 293 146 20 läroverk.

566 360 15 27 $
596 361 34 20 35.

369 401 71 20 Under
454 400 91 27 fredstid
558 399 103 28 frikallas
670 400 51 27 från
734 399 60 21 aktiv
805 399 69 27 tjenst-

322 435 86 26 göring,
425 434 50 21 med
494 434 124 27 skyldighet
632 434 55 20 dock
702 435 32 19 att
749 433 6 21 i
771 433 40 21 tio
827 434 48 19 års

323 468 43 21 tid
388 469 83 20 räknas
497 467 32 22 till
550 475 97 14 reserven
671 467 40 21 och
734 467 90 28 derefter
844 467 32 20 till

323 503 144 24 landtvärnet,
492 502 97 28 följande
611 509 109 20 personer,
746 502 27 20 då
799 502 26 20 de
844 502 30 27 på

322 537 75 27 grund
422 537 27 27 af
472 538 86 26 uttagen
583 537 38 20 lott
644 537 64 20 borde
724 536 87 21 inträda
828 536 48 21 vid

323 572 31 20 de
369 571 122 21 stående
507 573 172 25 trupperna,
696 570 124 27 nämligen:

368 606 22 27 1)
405 606 93 25 Läkare,
515 606 98 20 anstälde
629 605 7 20 i
651 607 81 20 statens
747 606 49 19 eller
812 605 62 20 kom-

324 647 93 14 munens
442 640 67 27 tjenst,
536 640 113 27 äfvensom
677 639 197 28 apoteksförestän-

323 674 58 20 dare.

368 708 24 26 2)
413 708 82 20 Lärare
510 708 64 20 såväl
589 707 36 21 vid
639 709 44 19 alla
700 707 111 28 offentliga
828 715 46 13 som

324 743 41 20 ock
381 741 36 21 vid
431 742 25 20 de
471 742 98 21 enskilda
585 742 204 27 läroinrättningar,
799 742 76 20 hvilka

324 776 85 27 åtnjuta
436 777 116 20 understöd
576 777 27 26 af
623 778 74 25 staten,
721 777 49 20 eller
789 776 87 21 hvilkas

324 811 89 26 stadgar
435 810 70 27 blifvit
527 811 27 26 af
573 811 101 26 styrelsen
689 811 121 26 faststälda,
827 810 50 21 med

325 845 70 20 vilkor
419 846 31 19 att
474 845 25 20 de
523 845 84 26 årligen
636 845 67 20 under
729 847 29 18 tre
781 844 42 28 års'
839 845 35 24 tid,

325 879 96 20 räknadt
435 879 52 27 från
504 879 62 21 deras
579 879 134 27 inskrifning
725 879 36 21 vid
772 886 102 17 reserven,

325 914 40 20 hos
381 913 158 21 vederbörande
555 914 171 26 uppbådsnämd
741 914 36 26 för
797 915 77 19 värne-

323 947 94 28 pligtens
439 948 158 20 verkställande
616 948 66 27 förete
700 948 99 27 behörigt
814 948 61 27 intyg

325 982 103 27 deröfver,
454 984 32 18 att
507 982 25 20 de
553 982 138 27 fortfarande
714 982 75 27 utöfva
804 982 70 21 sådan

324 1016 45 27 fast
393 1016 200 28 lärarebefattning,
619 1023 46 14 som
689 1016 84 28 medför
793 1017 82 27 tjenste-

325 1050 161 28 årsberäkning
502 1050 59 21 inom
577 1051 122 21 skolstaten.

570 1114 15 26 8
600 1114 33 20 36.

368 1160 58 20 Frän
449 1159 61 21 aktiv
526 1159 145 27 tjenstgöring,
688 1160 112 27 äfvensom
824 1160 52 26 frän

325 1194 148 27 skyldigheten
487 1196 32 18 att
533 1194 86 27 infinna
631 1193 33 28 sig
680 1194 47 20 vid
742 1194 133 27 öfnings-

326 1230 101 23 möten,
442 1228 103 27 frikallas
561 1228 68 21 under
643 1228 98 27 fredstid:

369 1262 23 28 1)
419 1262 166 21 Examinerade
609 1262 141 28 sjökaptener,
772 1263 106 27 skeppare

325 1296 40 21 och
391 1298 107 25 styrmän,
522 1296 112 28 äfvensom
657 1296 154 21 examinerade
831 1304 45 13 ma-

325 1330 100 21 skinister
450 1332 32 26 pä
512 1331 126 27 ångfartyg,
666 1330 49 28 ifall
740 1331 25 20 de
793 1331 85 21 intill

326 1365 455 27 uppnäddtrettiotväärsälder
791 1365 85 27 årligen

326 1400 68 20 under
409 1399 180 27 seglationstiden,
605 1406 78 20 genom
701 1400 56 20 bevis
770 1400 27 27 af
805 1400 72 20 veder-

326 1434 96 19 börande
432 1434 95 27 f(utesl.)
543 1434 140 27 sjömanshus
694 1434 7 20 i
712 1434 77 26 landet,
801 1434 75 27 styrka
