1086 1745
783 109 46 24 271

372 228 70 12 FJERDE
454 227 137 13 AFDELNINGEN.

166 287 36 17 Om
215 288 24 16 de
251 287 35 17 vid
297 286 133 18 landtvärnet
442 286 96 17 anstälde
550 289 114 18 personers
676 285 126 21 rättigheter

383 321 38 17 och
434 320 149 22 skyldigheter.

176 387 50 19 Art.
243 386 60 19 249.
333 384 41 21 Vid
389 384 138 20 landtvärnet
542 383 7 21 i
564 383 68 26 tjenst
650 382 98 22 anstälda
758 388 104 22 personer

106 419 58 21 såväl
185 420 7 19 i
215 418 229 26 officersbefattningar
467 424 45 15 som
529 418 6 20 i
551 418 59 25 lägre
634 418 54 25 grad
712 417 84 26 åtnjuta
818 416 44 22 alla

107 454 26 21 de
156 453 48 22 med
227 453 122 26 statstjenst
363 452 101 21 förenade
480 452 133 27 rättigheter,
630 457 45 15 som
691 451 120 21 tillkomma
827 451 35 20 vid

107 488 26 21 de
155 487 89 22 stäende
267 489 116 25 trupperna
406 487 97 21 anstälda
525 492 111 21 personer,
660 488 55 19 samt
732 486 49 26 lyda
796 485 67 22 under

107 522 155 27 krigslagarna.
285 521 41 22 Vid
341 521 94 21 inträdet
451 521 80 26 itjenst
542 521 106 21 utlemnas
659 521 34 20 till
704 520 72 27 hvarje
786 522 76 19 värne-

107 563 48 15 man
178 558 32 20 ett
232 557 101 20 särskildt
356 557 84 26 tecken,
463 556 81 21 hvilket
559 556 42 21 han
619 555 12 21 å
646 555 74 27 hvarje
735 555 128 26 klädedrägt

107 591 54 21 skall
176 591 60 21 bära.

177 645 50 18 Art.
251 644 62 19 250.
344 641 237 28 Officersbefattningar
604 641 35 21 vid
662 641 135 22 landtvärnet
824 640 38 21 lik-

108 677 75 21 ställas
198 677 7 20 i
220 676 99 21 afseende
335 677 12 20 å
362 677 128 26 rättigheter
507 676 48 21 med
571 676 94 27 följande
680 676 77 26 grader
772 675 39 22 och
828 675 35 20 be-

107 711 120 27 fattningar
242 711 34 20 vid
292 713 122 25 trupperna,
430 711 116 26 nemligen:

178 745 21 25 1)
215 745 378 26 bataljonskommendörsbefattning
608 757 27 3 —
651 746 48 19 med
719 743 145 27 öfverstegrad

108 780 39 20 och
162 779 270 27 kommendörsbefattning
448 779 35 21 vid
499 778 67 22 afdelt
581 779 107 26 bataljon;

178 813 21 27 2)
218 813 406 27 landtvärnskompanichefsbefattning
642 826 21 2 —
682 813 47 21 med
752 812 112 26 stabskap-

109 851 46 18 tens
171 848 53 26 grad
240 848 38 21 och
294 848 282 27 kompanichefsbefattning
592 848 35 20 vid
643 852 125 22 trupperna;

178 883 21 26 3)
224 882 287 27 öfverofficersbefattningar
531 883 34 20 vid
581 882 283 26 landtvärnsbataljonernas

109 917 71 20 staber
197 929 25 2 —
240 917 47 20 med
310 917 148 21 motsvarande
479 917 146 26 befattningar
642 917 34 20 vid
693 919 116 24 trupperna
825 915 39 21 och

109 951 92 26 följande
215 951 86 26 grader:
319 951 33 21 för
366 951 371 25 ekonomiföreständarebefattning
749 951 34 20 vid
799 949 66 22 afdelt

109 987 63 25 trupp
184 997 27 4 —
223 986 90 27 kaptens
329 986 51 27 grad
393 986 38 21 och
447 986 33 21 för
491 986 69 27 öfriga
570 985 148 27 befattningar
726 997 26 3 —
762 985 102 26 löjtnants

109 1021 61 25 grad;
187 1020 39 21 och

178 1055 23 26 4)
217 1055 341 26 subalternofficersbefattningar
569 1067 27 3 —
608 1055 48 21 med
669 1055 149 20 motsvarande
829 1054 35 21 be-

109 1089 119 26 fattningar
244 1089 38 21 och
297 1090 78 26 grader
391 1090 34 20 vid
442 1091 122 26 trupperna.

178 1143 51 18 Art.
259 1143 50 18 251.
350 1141 41 21 Till
416 1141 229 26 officersbefattningar
670 1141 35 20 vid
730 1141 136 20 landtvärnet

110 1175 116 20 utnämnda
241 1181 109 21 personer,
366 1181 46 15 som
428 1175 114 21 innehafva
556 1175 146 27 befattningen
718 1174 148 21 motsvarande

110 1209 51 21 eller
184 1209 66 26 högre
273 1210 134 27 militärgrad
431 1211 50 26 (art.
505 1211 58 26 245),
587 1210 105 21 anställas
708 1210 6 20 i
730 1209 64 27 tjenst
817 1208 49 21 med

110 1243 40 21 den
174 1243 96 28 verkliga
293 1244 60 27 grad,
368 1244 7 21 i
391 1244 85 21 hvilken
501 1245 26 20 de
550 1244 72 21 kunde
646 1247 91 23 antagas
756 1243 34 21 vid
806 1245 60 24 trup-

109 1284 72 20 perna,
194 1280 56 19 samt
265 1279 33 25 de,
314 1285 45 14 som
375 1278 115 21 innehafva
506 1279 58 26 lägre
580 1279 60 27 grad,
650 1291 25 2 —
686 1279 47 20 med
750 1278 39 21 den
805 1277 61 27 grad,

110 1318 44 15 som
170 1314 119 20 motsvarar
304 1312 155 28 befattningen,
475 1313 88 21 hvarvid
577 1314 71 20 denna
659 1313 52 26 grad
723 1318 62 16 anses
796 1312 70 21 säsom

110 1347 95 27 tillfällig
227 1348 40 20 och
289 1348 118 21 bibehälles
430 1348 74 21 endast
523 1349 23 19 sä
564 1348 64 26 länge
644 1347 146 27 befattningen
808 1346 58 21 inne-

110 1380 80 22 hafves.
214 1382 111 26 Personer,
343 1388 43 15 som
404 1382 112 21 innehafva
531 1382 65 21 sådan
613 1381 94 27 tillfällig
720 1382 58 26 grad,
790 1381 53 21 bära
854 1380 13 21 å

109 1415 119 21 uniformen
246 1416 39 20 den
296 1415 189 28 gradbeteckning,
497 1422 45 15 som
554 1416 130 21 tillkommer
696 1415 138 21 innehafvare
845 1413 23 22 af
