<?xml version="1.0" encoding="UTF-8"?>
<alto xmlns="http://www.loc.gov/standards/alto/ns-v3#" xmlns:xlink="http://www.w3.org/1999/xlink" xmlns:xsi="http://www.w3.org/2001/XMLSchema-instance" xsi:schemaLocation="http://www.loc.gov/standards/alto/ns-v3# http://www.loc.gov/alto/v3/alto-3-0.xsd">
	<Description>
		<MeasurementUnit>pixel</MeasurementUnit>
		<sourceImageInformation>
			<fileName>/tmp/tess_vcrdyeiy_input.PNG</fileName>
		</sourceImageInformation>
		<OCRProcessing ID="OCR_0">
			<ocrProcessingStep>
				<processingSoftware>
					<softwareName>tesseract 5.3.4</softwareName>
				</processingSoftware>
			</ocrProcessingStep>
		</OCRProcessing>
	</Description>
	<Layout>
		<Page WIDTH="1084" HEIGHT="1723" PHYSICAL_IMG_NR="0" ID="page_0">
			<PrintSpace HPOS="0" VPOS="0" WIDTH="1084" HEIGHT="1723">
				<ComposedBlock ID="cblock_0" HPOS="250" VPOS="116" WIDTH="386" HEIGHT="22">
					<TextBlock ID="block_0" HPOS="250" VPOS="116" WIDTH="386" HEIGHT="22">
						<TextLine ID="line_0" HPOS="250" VPOS="116" WIDTH="386" HEIGHT="22">
							<String ID="string_0" HPOS="250" VPOS="116" WIDTH="14" HEIGHT="21" WC="0.96" CONTENT="4"/><SP WIDTH="313" VPOS="116" HPOS="264"/>
							<String ID="string_1" HPOS="577" VPOS="117" WIDTH="20" HEIGHT="21" WC="0.92" CONTENT="U."/><SP WIDTH="17" VPOS="117" HPOS="597"/>
							<String ID="string_2" HPOS="614" VPOS="118" WIDTH="22" HEIGHT="20" WC="0.90" CONTENT="B."/>
						</TextLine>
					</TextBlock>
				</ComposedBlock>
				<ComposedBlock ID="cblock_1" HPOS="221" VPOS="180" WIDTH="760" HEIGHT="959">
					<TextBlock ID="block_1" HPOS="223" VPOS="180" WIDTH="758" HEIGHT="302">
						<TextLine ID="line_1" HPOS="223" VPOS="180" WIDTH="758" HEIGHT="22">
							<String ID="string_3" HPOS="223" VPOS="180" WIDTH="28" HEIGHT="21" WC="0.94" CONTENT="let"/><SP WIDTH="16" VPOS="180" HPOS="251"/>
							<String ID="string_4" HPOS="267" VPOS="180" WIDTH="5" HEIGHT="20" WC="0.96" CONTENT="i"/><SP WIDTH="20" VPOS="180" HPOS="272"/>
							<String ID="string_5" HPOS="292" VPOS="180" WIDTH="152" HEIGHT="22" WC="0.96" CONTENT="motsvarande"/><SP WIDTH="21" VPOS="180" HPOS="444"/>
							<String ID="string_6" HPOS="465" VPOS="180" WIDTH="60" HEIGHT="22" WC="0.96" CONTENT="delar"/><SP WIDTH="19" VPOS="180" HPOS="525"/>
							<String ID="string_7" HPOS="544" VPOS="180" WIDTH="31" HEIGHT="21" WC="0.96" CONTENT="uti"/><SP WIDTH="20" VPOS="180" HPOS="575"/>
							<String ID="string_8" HPOS="595" VPOS="180" WIDTH="42" HEIGHT="22" WC="0.96" CONTENT="den"/><SP WIDTH="16" VPOS="180" HPOS="637"/>
							<String ID="string_9" HPOS="653" VPOS="181" WIDTH="35" HEIGHT="21" WC="0.93" CONTENT="vid"/><SP WIDTH="16" VPOS="181" HPOS="688"/>
							<String ID="string_10" HPOS="704" VPOS="180" WIDTH="159" HEIGHT="22" WC="0.92" CONTENT="hufvudstaben"/><SP WIDTH="18" VPOS="180" HPOS="863"/>
							<String ID="string_11" HPOS="881" VPOS="181" WIDTH="100" HEIGHT="21" WC="0.96" CONTENT="nedsatta"/>
						</TextLine>
						<TextLine ID="line_2" HPOS="223" VPOS="214" WIDTH="758" HEIGHT="28">
							<String ID="string_12" HPOS="223" VPOS="214" WIDTH="107" HEIGHT="22" WC="0.91" CONTENT="komiténs"/><SP WIDTH="11" VPOS="214" HPOS="330"/>
							<String ID="string_13" HPOS="341" VPOS="215" WIDTH="107" HEIGHT="27" WC="0.96" CONTENT="protokoll"/><SP WIDTH="14" VPOS="215" HPOS="448"/>
							<String ID="string_14" HPOS="462" VPOS="215" WIDTH="41" HEIGHT="21" WC="0.93" CONTENT="och"/><SP WIDTH="14" VPOS="215" HPOS="503"/>
							<String ID="string_15" HPOS="517" VPOS="215" WIDTH="185" HEIGHT="27" WC="0.91" CONTENT="krigsministerns"/><SP WIDTH="11" VPOS="215" HPOS="702"/>
							<String ID="string_16" HPOS="713" VPOS="215" WIDTH="149" HEIGHT="27" WC="0.91" CONTENT="underdåniga"/><SP WIDTH="12" VPOS="215" HPOS="862"/>
							<String ID="string_17" HPOS="874" VPOS="216" WIDTH="107" HEIGHT="26" WC="0.92" CONTENT="föredrag-"/>
						</TextLine>
						<TextLine ID="line_3" HPOS="223" VPOS="248" WIDTH="756" HEIGHT="28">
							<String ID="string_18" HPOS="223" VPOS="248" WIDTH="182" HEIGHT="28" WC="0.90" CONTENT="ningsmemorial,"/><SP WIDTH="17" VPOS="248" HPOS="405"/>
							<String ID="string_19" HPOS="422" VPOS="249" WIDTH="112" HEIGHT="21" WC="0.96" CONTENT="äfvensom"/><SP WIDTH="17" VPOS="249" HPOS="534"/>
							<String ID="string_20" HPOS="551" VPOS="252" WIDTH="32" HEIGHT="18" WC="0.96" CONTENT="att"/><SP WIDTH="16" VPOS="252" HPOS="583"/>
							<String ID="string_21" HPOS="599" VPOS="252" WIDTH="98" HEIGHT="21" WC="0.96" CONTENT="senaten,"/><SP WIDTH="13" VPOS="252" HPOS="697"/>
							<String ID="string_22" HPOS="710" VPOS="250" WIDTH="48" HEIGHT="22" WC="0.96" CONTENT="med"/><SP WIDTH="11" VPOS="250" HPOS="758"/>
							<String ID="string_23" HPOS="769" VPOS="250" WIDTH="103" HEIGHT="22" WC="0.93" CONTENT="afseende"/><SP WIDTH="12" VPOS="250" HPOS="872"/>
							<String ID="string_24" HPOS="884" VPOS="251" WIDTH="12" HEIGHT="21" WC="0.93" CONTENT="å"/><SP WIDTH="11" VPOS="251" HPOS="896"/>
							<String ID="string_25" HPOS="907" VPOS="250" WIDTH="56" HEIGHT="22" WC="0.96" CONTENT="hvad"/><SP WIDTH="12" VPOS="250" HPOS="963"/>
							<String ID="string_26" HPOS="975" VPOS="251" WIDTH="4" HEIGHT="19" WC="0.96" CONTENT="i"/>
						</TextLine>
						<TextLine ID="line_4" HPOS="223" VPOS="283" WIDTH="757" HEIGHT="28">
							<String ID="string_27" HPOS="223" VPOS="283" WIDTH="90" HEIGHT="21" WC="0.92" CONTENT="ärendet"/><SP WIDTH="18" VPOS="283" HPOS="313"/>
							<String ID="string_28" HPOS="331" VPOS="283" WIDTH="99" HEIGHT="28" WC="0.91" CONTENT="förelupit"/><SP WIDTH="15" VPOS="283" HPOS="430"/>
							<String ID="string_29" HPOS="445" VPOS="284" WIDTH="67" HEIGHT="20" WC="0.95" CONTENT="innan"/><SP WIDTH="16" VPOS="284" HPOS="512"/>
							<String ID="string_30" HPOS="528" VPOS="283" WIDTH="23" HEIGHT="22" WC="0.96" CONTENT="åt"/><SP WIDTH="16" VPOS="283" HPOS="551"/>
							<String ID="string_31" HPOS="567" VPOS="287" WIDTH="91" HEIGHT="19" WC="0.93" CONTENT="senaten"/><SP WIDTH="16" VPOS="287" HPOS="658"/>
							<String ID="string_32" HPOS="674" VPOS="284" WIDTH="155" HEIGHT="22" WC="0.92" CONTENT="öfverlämnats"/><SP WIDTH="16" VPOS="284" HPOS="829"/>
							<String ID="string_33" HPOS="845" VPOS="287" WIDTH="31" HEIGHT="19" WC="0.96" CONTENT="att"/><SP WIDTH="16" VPOS="287" HPOS="876"/>
							<String ID="string_34" HPOS="892" VPOS="284" WIDTH="88" HEIGHT="22" WC="0.95" CONTENT="därmed"/>
						</TextLine>
						<TextLine ID="line_5" HPOS="223" VPOS="318" WIDTH="756" HEIGHT="28">
							<String ID="string_35" HPOS="223" VPOS="320" WIDTH="52" HEIGHT="24" WC="0.85" CONTENT="taga"/><SP WIDTH="18" VPOS="320" HPOS="275"/>
							<String ID="string_36" HPOS="293" VPOS="318" WIDTH="124" HEIGHT="27" WC="0.93" CONTENT="befattning,"/><SP WIDTH="16" VPOS="318" HPOS="417"/>
							<String ID="string_37" HPOS="433" VPOS="318" WIDTH="97" HEIGHT="21" WC="0.92" CONTENT="hvarken"/><SP WIDTH="16" VPOS="318" HPOS="530"/>
							<String ID="string_38" HPOS="546" VPOS="318" WIDTH="84" HEIGHT="22" WC="0.95" CONTENT="kunnat"/><SP WIDTH="11" VPOS="318" HPOS="630"/>
							<String ID="string_39" HPOS="641" VPOS="319" WIDTH="6" HEIGHT="20" WC="0.93" CONTENT="i"/><SP WIDTH="11" VPOS="319" HPOS="647"/>
							<String ID="string_40" HPOS="658" VPOS="318" WIDTH="256" HEIGHT="28" WC="0.91" CONTENT="propositionsförslagen"/><SP WIDTH="10" VPOS="318" HPOS="914"/>
							<String ID="string_41" HPOS="924" VPOS="318" WIDTH="55" HEIGHT="28" WC="0.96" CONTENT="gifva"/>
						</TextLine>
						<TextLine ID="line_6" HPOS="224" VPOS="352" WIDTH="756" HEIGHT="28">
							<String ID="string_42" HPOS="224" VPOS="352" WIDTH="85" HEIGHT="27" WC="0.95" CONTENT="uttryck"/><SP WIDTH="20" VPOS="352" HPOS="309"/>
							<String ID="string_43" HPOS="329" VPOS="353" WIDTH="22" HEIGHT="20" WC="0.96" CONTENT="åt"/><SP WIDTH="19" VPOS="353" HPOS="351"/>
							<String ID="string_44" HPOS="370" VPOS="352" WIDTH="33" HEIGHT="21" WC="0.96" CONTENT="sin"/><SP WIDTH="20" VPOS="352" HPOS="403"/>
							<String ID="string_45" HPOS="423" VPOS="352" WIDTH="138" HEIGHT="28" WC="0.96" CONTENT="uppfattning"/><SP WIDTH="19" VPOS="352" HPOS="561"/>
							<String ID="string_46" HPOS="580" VPOS="354" WIDTH="94" HEIGHT="20" WC="0.96" CONTENT="rörande"/><SP WIDTH="18" VPOS="354" HPOS="674"/>
							<String ID="string_47" HPOS="692" VPOS="353" WIDTH="26" HEIGHT="21" WC="0.96" CONTENT="de"/><SP WIDTH="21" VPOS="353" HPOS="718"/>
							<String ID="string_48" HPOS="739" VPOS="352" WIDTH="79" HEIGHT="28" WC="0.95" CONTENT="frågor,"/><SP WIDTH="20" VPOS="352" HPOS="818"/>
							<String ID="string_49" HPOS="838" VPOS="360" WIDTH="47" HEIGHT="14" WC="0.96" CONTENT="som"/><SP WIDTH="19" VPOS="360" HPOS="885"/>
							<String ID="string_50" HPOS="904" VPOS="354" WIDTH="76" HEIGHT="26" WC="0.96" CONTENT="utgöra"/>
						</TextLine>
						<TextLine ID="line_7" HPOS="223" VPOS="386" WIDTH="756" HEIGHT="28">
							<String ID="string_51" HPOS="223" VPOS="386" WIDTH="91" HEIGHT="22" WC="0.96" CONTENT="föremål"/><SP WIDTH="15" VPOS="386" HPOS="314"/>
							<String ID="string_52" HPOS="329" VPOS="386" WIDTH="32" HEIGHT="22" WC="0.96" CONTENT="för"/><SP WIDTH="15" VPOS="386" HPOS="361"/>
							<String ID="string_53" HPOS="376" VPOS="387" WIDTH="80" HEIGHT="21" WC="0.96" CONTENT="nämda"/><SP WIDTH="15" VPOS="387" HPOS="456"/>
							<String ID="string_54" HPOS="471" VPOS="386" WIDTH="87" HEIGHT="28" WC="0.96" CONTENT="förslag,"/><SP WIDTH="17" VPOS="386" HPOS="558"/>
							<String ID="string_55" HPOS="575" VPOS="388" WIDTH="53" HEIGHT="20" WC="0.96" CONTENT="eller"/><SP WIDTH="15" VPOS="388" HPOS="628"/>
							<String ID="string_56" HPOS="643" VPOS="390" WIDTH="71" HEIGHT="18" WC="0.96" CONTENT="ansett"/><SP WIDTH="16" VPOS="390" HPOS="714"/>
							<String ID="string_57" HPOS="730" VPOS="388" WIDTH="32" HEIGHT="26" WC="0.96" CONTENT="sig"/><SP WIDTH="16" VPOS="388" HPOS="762"/>
							<String ID="string_58" HPOS="778" VPOS="388" WIDTH="54" HEIGHT="20" WC="0.92" CONTENT="böra"/><SP WIDTH="14" VPOS="388" HPOS="832"/>
							<String ID="string_59" HPOS="846" VPOS="388" WIDTH="51" HEIGHT="26" WC="0.91" CONTENT="eljes"/><SP WIDTH="11" VPOS="388" HPOS="897"/>
							<String ID="string_60" HPOS="908" VPOS="394" WIDTH="28" HEIGHT="14" WC="0.91" CONTENT="nu"/><SP WIDTH="11" VPOS="394" HPOS="936"/>
							<String ID="string_61" HPOS="947" VPOS="390" WIDTH="32" HEIGHT="18" WC="0.91" CONTENT="ut-"/>
						</TextLine>
						<TextLine ID="line_8" HPOS="223" VPOS="421" WIDTH="757" HEIGHT="28">
							<String ID="string_62" HPOS="223" VPOS="421" WIDTH="45" HEIGHT="21" WC="0.96" CONTENT="tala"/><SP WIDTH="15" VPOS="421" HPOS="268"/>
							<String ID="string_63" HPOS="283" VPOS="421" WIDTH="32" HEIGHT="27" WC="0.96" CONTENT="sig"/><SP WIDTH="16" VPOS="421" HPOS="315"/>
							<String ID="string_64" HPOS="331" VPOS="428" WIDTH="36" HEIGHT="14" WC="0.90" CONTENT="om"/><SP WIDTH="16" VPOS="428" HPOS="367"/>
							<String ID="string_65" HPOS="383" VPOS="421" WIDTH="155" HEIGHT="28" WC="0.90" CONTENT="lagförslagens"/><SP WIDTH="17" VPOS="421" HPOS="538"/>
							<String ID="string_66" HPOS="555" VPOS="422" WIDTH="94" HEIGHT="21" WC="0.96" CONTENT="innehåll"/><SP WIDTH="16" VPOS="422" HPOS="649"/>
							<String ID="string_67" HPOS="665" VPOS="422" WIDTH="42" HEIGHT="21" WC="0.96" CONTENT="och"/><SP WIDTH="15" VPOS="422" HPOS="707"/>
							<String ID="string_68" HPOS="722" VPOS="422" WIDTH="114" HEIGHT="27" WC="0.96" CONTENT="angående"/><SP WIDTH="16" VPOS="422" HPOS="836"/>
							<String ID="string_69" HPOS="852" VPOS="422" WIDTH="128" HEIGHT="21" WC="0.96" CONTENT="ständernas"/>
						</TextLine>
						<TextLine ID="line_9" HPOS="224" VPOS="455" WIDTH="332" HEIGHT="27">
							<String ID="string_70" HPOS="224" VPOS="455" WIDTH="129" HEIGHT="27" WC="0.96" CONTENT="befogenhet"/><SP WIDTH="16" VPOS="455" HPOS="353"/>
							<String ID="string_71" HPOS="369" VPOS="456" WIDTH="6" HEIGHT="21" WC="0.96" CONTENT="i"/><SP WIDTH="16" VPOS="456" HPOS="375"/>
							<String ID="string_72" HPOS="391" VPOS="456" WIDTH="64" HEIGHT="21" WC="0.95" CONTENT="dessa"/><SP WIDTH="15" VPOS="456" HPOS="455"/>
							<String ID="string_73" HPOS="470" VPOS="458" WIDTH="86" HEIGHT="19" WC="0.95" CONTENT="ämnen."/>
						</TextLine>
					</TextBlock>
					<TextBlock ID="block_2" HPOS="221" VPOS="490" WIDTH="760" HEIGHT="374">
						<TextLine ID="line_10" HPOS="293" VPOS="490" WIDTH="686" HEIGHT="28">
							<String ID="string_74" HPOS="293" VPOS="490" WIDTH="34" HEIGHT="21" WC="0.96" CONTENT="De"/><SP WIDTH="18" VPOS="490" HPOS="327"/>
							<String ID="string_75" HPOS="345" VPOS="490" WIDTH="22" HEIGHT="21" WC="0.96" CONTENT="af"/><SP WIDTH="17" VPOS="490" HPOS="367"/>
							<String ID="string_76" HPOS="384" VPOS="493" WIDTH="90" HEIGHT="19" WC="0.96" CONTENT="senaten"/><SP WIDTH="23" VPOS="493" HPOS="474"/>
							<String ID="string_77" HPOS="497" VPOS="491" WIDTH="128" HEIGHT="21" WC="0.93" CONTENT="utarbetade"/><SP WIDTH="18" VPOS="491" HPOS="625"/>
							<String ID="string_78" HPOS="643" VPOS="491" WIDTH="256" HEIGHT="27" WC="0.91" CONTENT="propositionsförslagen"/><SP WIDTH="18" VPOS="491" HPOS="899"/>
							<String ID="string_79" HPOS="917" VPOS="491" WIDTH="62" HEIGHT="20" WC="0.95" CONTENT="hafva"/>
						</TextLine>
						<TextLine ID="line_11" HPOS="221" VPOS="525" WIDTH="758" HEIGHT="28">
							<String ID="string_80" HPOS="221" VPOS="525" WIDTH="70" HEIGHT="26" WC="0.61" CONTENT="jämte"/><SP WIDTH="14" VPOS="525" HPOS="291"/>
							<String ID="string_81" HPOS="305" VPOS="525" WIDTH="235" HEIGHT="26" WC="0.92" CONTENT="generalguvernörens"/><SP WIDTH="16" VPOS="525" HPOS="540"/>
							<String ID="string_82" HPOS="556" VPOS="525" WIDTH="100" HEIGHT="28" WC="0.96" CONTENT="yttrande"/><SP WIDTH="16" VPOS="525" HPOS="656"/>
							<String ID="string_83" HPOS="672" VPOS="525" WIDTH="5" HEIGHT="21" WC="0.96" CONTENT="i"/><SP WIDTH="16" VPOS="525" HPOS="677"/>
							<String ID="string_84" HPOS="693" VPOS="527" WIDTH="74" HEIGHT="20" WC="0.96" CONTENT="ämnet"/><SP WIDTH="16" VPOS="527" HPOS="767"/>
							<String ID="string_85" HPOS="783" VPOS="525" WIDTH="23" HEIGHT="22" WC="0.93" CONTENT="af"/><SP WIDTH="13" VPOS="525" HPOS="806"/>
							<String ID="string_86" HPOS="819" VPOS="528" WIDTH="14" HEIGHT="18" WC="0.92" CONTENT="t."/><SP WIDTH="16" VPOS="528" HPOS="833"/>
							<String ID="string_87" HPOS="849" VPOS="525" WIDTH="12" HEIGHT="21" WC="0.90" CONTENT="f."/><SP WIDTH="11" VPOS="525" HPOS="861"/>
							<String ID="string_88" HPOS="872" VPOS="525" WIDTH="107" HEIGHT="21" WC="0.92" CONTENT="minister-"/>
						</TextLine>
						<TextLine ID="line_12" HPOS="224" VPOS="559" WIDTH="756" HEIGHT="27">
							<String ID="string_89" HPOS="224" VPOS="560" WIDTH="205" HEIGHT="21" WC="0.91" CONTENT="statssekreteraren"/><SP WIDTH="23" VPOS="560" HPOS="429"/>
							<String ID="string_90" HPOS="452" VPOS="559" WIDTH="163" HEIGHT="25" WC="0.91" CONTENT="öfverlämnats,"/><SP WIDTH="18" VPOS="559" HPOS="615"/>
							<String ID="string_91" HPOS="633" VPOS="560" WIDTH="7" HEIGHT="20" WC="0.95" CONTENT="i"/><SP WIDTH="19" VPOS="560" HPOS="640"/>
							<String ID="string_92" HPOS="659" VPOS="559" WIDTH="101" HEIGHT="22" WC="0.93" CONTENT="afseende"/><SP WIDTH="20" VPOS="559" HPOS="760"/>
							<String ID="string_93" HPOS="780" VPOS="559" WIDTH="13" HEIGHT="22" WC="0.92" CONTENT="å"/><SP WIDTH="20" VPOS="559" HPOS="793"/>
							<String ID="string_94" HPOS="813" VPOS="560" WIDTH="117" HEIGHT="26" WC="0.95" CONTENT="utlåtande,"/><SP WIDTH="20" VPOS="560" HPOS="930"/>
							<String ID="string_95" HPOS="950" VPOS="560" WIDTH="30" HEIGHT="21" WC="0.95" CONTENT="till"/>
						</TextLine>
						<TextLine ID="line_13" HPOS="224" VPOS="594" WIDTH="756" HEIGHT="28">
							<String ID="string_96" HPOS="224" VPOS="594" WIDTH="178" HEIGHT="27" WC="0.96" CONTENT="krigsministern,"/><SP WIDTH="21" VPOS="594" HPOS="402"/>
							<String ID="string_97" HPOS="423" VPOS="595" WIDTH="85" HEIGHT="21" WC="0.96" CONTENT="hvilken"/><SP WIDTH="16" VPOS="595" HPOS="508"/>
							<String ID="string_98" HPOS="524" VPOS="595" WIDTH="6" HEIGHT="20" WC="0.96" CONTENT="i"/><SP WIDTH="16" VPOS="595" HPOS="530"/>
							<String ID="string_99" HPOS="546" VPOS="595" WIDTH="112" HEIGHT="21" WC="0.96" CONTENT="skrifvelse"/><SP WIDTH="21" VPOS="595" HPOS="658"/>
							<String ID="string_100" HPOS="679" VPOS="595" WIDTH="23" HEIGHT="20" WC="0.96" CONTENT="af"/><SP WIDTH="18" VPOS="595" HPOS="702"/>
							<String ID="string_101" HPOS="720" VPOS="595" WIDTH="41" HEIGHT="21" WC="0.96" CONTENT="den"/><SP WIDTH="21" VPOS="595" HPOS="761"/>
							<String ID="string_102" HPOS="782" VPOS="595" WIDTH="65" HEIGHT="25" WC="0.93" CONTENT="12/24"/><SP WIDTH="18" VPOS="595" HPOS="847"/>
							<String ID="string_103" HPOS="865" VPOS="595" WIDTH="115" HEIGHT="27" WC="0.90" CONTENT="nyssvikne"/>
						</TextLine>
						<TextLine ID="line_14" HPOS="225" VPOS="629" WIDTH="755" HEIGHT="27">
							<String ID="string_104" HPOS="225" VPOS="629" WIDTH="54" HEIGHT="26" WC="0.96" CONTENT="april"/><SP WIDTH="23" VPOS="629" HPOS="279"/>
							<String ID="string_105" HPOS="302" VPOS="629" WIDTH="100" HEIGHT="21" WC="0.94" CONTENT="anmärkt"/><SP WIDTH="22" VPOS="629" HPOS="402"/>
							<String ID="string_106" HPOS="424" VPOS="629" WIDTH="27" HEIGHT="21" WC="0.93" CONTENT="bl."/><SP WIDTH="20" VPOS="629" HPOS="451"/>
							<String ID="string_107" HPOS="471" VPOS="636" WIDTH="25" HEIGHT="19" WC="0.76" CONTENT="a.,"/><SP WIDTH="21" VPOS="636" HPOS="496"/>
							<String ID="string_108" HPOS="517" VPOS="632" WIDTH="32" HEIGHT="18" WC="0.96" CONTENT="att"/><SP WIDTH="19" VPOS="632" HPOS="549"/>
							<String ID="string_109" HPOS="568" VPOS="630" WIDTH="5" HEIGHT="20" WC="0.96" CONTENT="i"/><SP WIDTH="20" VPOS="630" HPOS="573"/>
							<String ID="string_110" HPOS="593" VPOS="629" WIDTH="107" HEIGHT="27" WC="0.96" CONTENT="förslagen"/><SP WIDTH="16" VPOS="629" HPOS="700"/>
							<String ID="string_111" HPOS="716" VPOS="629" WIDTH="108" HEIGHT="22" WC="0.95" CONTENT="saknades"/><SP WIDTH="20" VPOS="629" HPOS="824"/>
							<String ID="string_112" HPOS="844" VPOS="629" WIDTH="136" HEIGHT="27" WC="0.96" CONTENT="bestämning"/>
						</TextLine>
						<TextLine ID="line_15" HPOS="224" VPOS="663" WIDTH="755" HEIGHT="28">
							<String ID="string_113" HPOS="224" VPOS="663" WIDTH="83" HEIGHT="26" WC="0.96" CONTENT="därom,"/><SP WIDTH="17" VPOS="663" HPOS="307"/>
							<String ID="string_114" HPOS="324" VPOS="666" WIDTH="31" HEIGHT="18" WC="0.96" CONTENT="att"/><SP WIDTH="14" VPOS="666" HPOS="355"/>
							<String ID="string_115" HPOS="369" VPOS="663" WIDTH="164" HEIGHT="28" WC="0.96" CONTENT="ifrågavarande"/><SP WIDTH="16" VPOS="663" HPOS="533"/>
							<String ID="string_116" HPOS="549" VPOS="664" WIDTH="97" HEIGHT="21" WC="0.96" CONTENT="ärenden"/><SP WIDTH="15" VPOS="664" HPOS="646"/>
							<String ID="string_117" HPOS="661" VPOS="664" WIDTH="61" HEIGHT="21" WC="0.96" CONTENT="skola"/><SP WIDTH="10" VPOS="664" HPOS="722"/>
							<String ID="string_118" HPOS="732" VPOS="664" WIDTH="128" HEIGHT="27" WC="0.96" CONTENT="hänskjutas"/><SP WIDTH="10" VPOS="664" HPOS="860"/>
							<String ID="string_119" HPOS="870" VPOS="664" WIDTH="30" HEIGHT="21" WC="0.93" CONTENT="till"/><SP WIDTH="10" VPOS="664" HPOS="900"/>
							<String ID="string_120" HPOS="910" VPOS="664" WIDTH="69" HEIGHT="21" WC="0.90" CONTENT="landt-"/>
						</TextLine>
						<TextLine ID="line_16" HPOS="224" VPOS="698" WIDTH="756" HEIGHT="28">
							<String ID="string_121" HPOS="224" VPOS="698" WIDTH="83" HEIGHT="27" WC="0.96" CONTENT="dagens"/><SP WIDTH="14" VPOS="698" HPOS="307"/>
							<String ID="string_122" HPOS="321" VPOS="698" WIDTH="133" HEIGHT="27" WC="0.96" CONTENT="granskning"/><SP WIDTH="15" VPOS="698" HPOS="454"/>
							<String ID="string_123" HPOS="469" VPOS="699" WIDTH="5" HEIGHT="20" WC="0.96" CONTENT="i"/><SP WIDTH="17" VPOS="699" HPOS="474"/>
							<String ID="string_124" HPOS="491" VPOS="698" WIDTH="40" HEIGHT="21" WC="0.97" CONTENT="den"/><SP WIDTH="18" VPOS="698" HPOS="531"/>
							<String ID="string_125" HPOS="549" VPOS="699" WIDTH="92" HEIGHT="27" WC="0.93" CONTENT="ordning"/><SP WIDTH="16" VPOS="699" HPOS="641"/>
							<String ID="string_126" HPOS="657" VPOS="698" WIDTH="143" HEIGHT="22" WC="0.91" CONTENT="omförmälda"/><SP WIDTH="11" VPOS="698" HPOS="800"/>
							<String ID="string_127" HPOS="811" VPOS="698" WIDTH="169" HEIGHT="27" WC="0.92" CONTENT="grundstadgan-"/>
						</TextLine>
						<TextLine ID="line_17" HPOS="224" VPOS="732" WIDTH="755" HEIGHT="28">
							<String ID="string_128" HPOS="224" VPOS="732" WIDTH="42" HEIGHT="21" WC="0.93" CONTENT="den"/><SP WIDTH="16" VPOS="732" HPOS="266"/>
							<String ID="string_129" HPOS="282" VPOS="732" WIDTH="190" HEIGHT="27" WC="0.45" CONTENT="föreskrifva,&quot;"/><SP WIDTH="-37" VPOS="732" HPOS="472"/>
							<String ID="string_130" HPOS="435" VPOS="728" WIDTH="38" HEIGHT="37" WC="0.93" CONTENT="och"/><SP WIDTH="15" VPOS="728" HPOS="473"/>
							<String ID="string_131" HPOS="488" VPOS="733" WIDTH="56" HEIGHT="27" WC="0.93" CONTENT="förty"/><SP WIDTH="16" VPOS="733" HPOS="544"/>
							<String ID="string_132" HPOS="560" VPOS="732" WIDTH="95" HEIGHT="26" WC="0.95" CONTENT="anhållit,"/><SP WIDTH="17" VPOS="732" HPOS="655"/>
							<String ID="string_133" HPOS="672" VPOS="735" WIDTH="31" HEIGHT="19" WC="0.93" CONTENT="att"/><SP WIDTH="15" VPOS="735" HPOS="703"/>
							<String ID="string_134" HPOS="718" VPOS="735" WIDTH="14" HEIGHT="18" WC="0.92" CONTENT="t."/><SP WIDTH="16" VPOS="735" HPOS="732"/>
							<String ID="string_135" HPOS="748" VPOS="733" WIDTH="12" HEIGHT="20" WC="0.92" CONTENT="f."/><SP WIDTH="17" VPOS="733" HPOS="760"/>
							<String ID="string_136" HPOS="777" VPOS="733" WIDTH="202" HEIGHT="21" WC="0.92" CONTENT="ministerstatssek-"/>
						</TextLine>
						<TextLine ID="line_18" HPOS="224" VPOS="767" WIDTH="757" HEIGHT="28">
							<String ID="string_137" HPOS="224" VPOS="769" WIDTH="110" HEIGHT="19" WC="0.92" CONTENT="reteraren"/><SP WIDTH="23" VPOS="769" HPOS="334"/>
							<String ID="string_138" HPOS="357" VPOS="767" WIDTH="67" HEIGHT="22" WC="0.96" CONTENT="måtte"/><SP WIDTH="22" VPOS="767" HPOS="424"/>
							<String ID="string_139" HPOS="446" VPOS="767" WIDTH="111" HEIGHT="28" WC="0.96" CONTENT="förelägga"/><SP WIDTH="22" VPOS="767" HPOS="557"/>
							<String ID="string_140" HPOS="579" VPOS="767" WIDTH="60" HEIGHT="22" WC="0.93" CONTENT="Hans"/><SP WIDTH="15" VPOS="767" HPOS="639"/>
							<String ID="string_141" HPOS="654" VPOS="767" WIDTH="99" HEIGHT="27" WC="0.96" CONTENT="Majestät"/><SP WIDTH="13" VPOS="767" HPOS="753"/>
							<String ID="string_142" HPOS="766" VPOS="768" WIDTH="82" HEIGHT="26" WC="0.96" CONTENT="jämväl"/><SP WIDTH="16" VPOS="768" HPOS="848"/>
							<String ID="string_143" HPOS="864" VPOS="769" WIDTH="80" HEIGHT="19" WC="0.96" CONTENT="tvänne"/><SP WIDTH="15" VPOS="769" HPOS="944"/>
							<String ID="string_144" HPOS="959" VPOS="767" WIDTH="22" HEIGHT="20" WC="0.96" CONTENT="af"/>
						</TextLine>
						<TextLine ID="line_19" HPOS="224" VPOS="801" WIDTH="755" HEIGHT="28">
							<String ID="string_145" HPOS="224" VPOS="802" WIDTH="89" HEIGHT="26" WC="0.96" CONTENT="honom,"/><SP WIDTH="22" VPOS="802" HPOS="313"/>
							<String ID="string_146" HPOS="335" VPOS="802" WIDTH="176" HEIGHT="26" WC="0.95" CONTENT="krigsministern,"/><SP WIDTH="24" VPOS="802" HPOS="511"/>
							<String ID="string_147" HPOS="535" VPOS="802" WIDTH="120" HEIGHT="27" WC="0.93" CONTENT="uppgjorda"/><SP WIDTH="15" VPOS="802" HPOS="655"/>
							<String ID="string_148" HPOS="670" VPOS="801" WIDTH="234" HEIGHT="28" WC="0.92" CONTENT="propositionsförslag,"/><SP WIDTH="16" VPOS="801" HPOS="904"/>
							<String ID="string_149" HPOS="920" VPOS="802" WIDTH="59" HEIGHT="20" WC="0.92" CONTENT="inne-"/>
						</TextLine>
						<TextLine ID="line_20" HPOS="224" VPOS="837" WIDTH="341" HEIGHT="27">
							<String ID="string_150" HPOS="224" VPOS="837" WIDTH="101" HEIGHT="20" WC="0.96" CONTENT="hållande"/><SP WIDTH="15" VPOS="837" HPOS="325"/>
							<String ID="string_151" HPOS="340" VPOS="837" WIDTH="67" HEIGHT="27" WC="0.96" CONTENT="sagda"/><SP WIDTH="16" VPOS="837" HPOS="407"/>
							<String ID="string_152" HPOS="423" VPOS="837" WIDTH="142" HEIGHT="27" WC="0.95" CONTENT="bestämning."/>
						</TextLine>
					</TextBlock>
					<TextBlock ID="block_3" HPOS="225" VPOS="871" WIDTH="756" HEIGHT="268">
						<TextLine ID="line_21" HPOS="295" VPOS="871" WIDTH="684" HEIGHT="27">
							<String ID="string_153" HPOS="295" VPOS="871" WIDTH="39" HEIGHT="21" WC="0.96" CONTENT="Vid"/><SP WIDTH="22" VPOS="871" HPOS="334"/>
							<String ID="string_154" HPOS="356" VPOS="872" WIDTH="66" HEIGHT="21" WC="0.96" CONTENT="skedd"/><SP WIDTH="24" VPOS="872" HPOS="422"/>
							<String ID="string_155" HPOS="446" VPOS="872" WIDTH="153" HEIGHT="26" WC="0.96" CONTENT="föredragning"/><SP WIDTH="20" VPOS="872" HPOS="599"/>
							<String ID="string_156" HPOS="619" VPOS="872" WIDTH="40" HEIGHT="20" WC="0.96" CONTENT="har"/><SP WIDTH="19" VPOS="872" HPOS="659"/>
							<String ID="string_157" HPOS="678" VPOS="871" WIDTH="60" HEIGHT="21" WC="0.96" CONTENT="Hans"/><SP WIDTH="20" VPOS="871" HPOS="738"/>
							<String ID="string_158" HPOS="758" VPOS="871" WIDTH="100" HEIGHT="27" WC="0.96" CONTENT="Majestät"/><SP WIDTH="19" VPOS="871" HPOS="858"/>
							<String ID="string_159" HPOS="877" VPOS="871" WIDTH="102" HEIGHT="27" WC="0.96" CONTENT="Kejsaren"/>
						</TextLine>
						<TextLine ID="line_22" HPOS="225" VPOS="905" WIDTH="756" HEIGHT="28">
							<String ID="string_160" HPOS="225" VPOS="906" WIDTH="41" HEIGHT="20" WC="0.95" CONTENT="den"/><SP WIDTH="22" VPOS="906" HPOS="266"/>
							<String ID="string_161" HPOS="288" VPOS="906" WIDTH="63" HEIGHT="26" WC="0.93" CONTENT="14/26"/><SP WIDTH="16" VPOS="906" HPOS="351"/>
							<String ID="string_162" HPOS="367" VPOS="906" WIDTH="97" HEIGHT="22" WC="0.92" CONTENT="sistlidne"/><SP WIDTH="18" VPOS="906" HPOS="464"/>
							<String ID="string_163" HPOS="482" VPOS="906" WIDTH="54" HEIGHT="27" WC="0.95" CONTENT="april"/><SP WIDTH="19" VPOS="906" HPOS="536"/>
							<String ID="string_164" HPOS="555" VPOS="906" WIDTH="96" HEIGHT="27" WC="0.96" CONTENT="godkänt"/><SP WIDTH="20" VPOS="906" HPOS="651"/>
							<String ID="string_165" HPOS="671" VPOS="906" WIDTH="26" HEIGHT="21" WC="0.97" CONTENT="de"/><SP WIDTH="19" VPOS="906" HPOS="697"/>
							<String ID="string_166" HPOS="716" VPOS="906" WIDTH="24" HEIGHT="20" WC="0.96" CONTENT="af"/><SP WIDTH="15" VPOS="906" HPOS="740"/>
							<String ID="string_167" HPOS="755" VPOS="905" WIDTH="172" HEIGHT="27" WC="0.91" CONTENT="krigsministern"/><SP WIDTH="22" VPOS="905" HPOS="927"/>
							<String ID="string_168" HPOS="949" VPOS="908" WIDTH="32" HEIGHT="18" WC="0.91" CONTENT="ut-"/>
						</TextLine>
						<TextLine ID="line_23" HPOS="225" VPOS="940" WIDTH="755" HEIGHT="27">
							<String ID="string_169" HPOS="225" VPOS="940" WIDTH="104" HEIGHT="21" WC="0.96" CONTENT="arbetade"/><SP WIDTH="25" VPOS="940" HPOS="329"/>
							<String ID="string_170" HPOS="354" VPOS="940" WIDTH="107" HEIGHT="27" WC="0.96" CONTENT="förslagen"/><SP WIDTH="22" VPOS="940" HPOS="461"/>
							<String ID="string_171" HPOS="483" VPOS="941" WIDTH="30" HEIGHT="20" WC="0.92" CONTENT="till"/><SP WIDTH="25" VPOS="941" HPOS="513"/>
							<String ID="string_172" HPOS="538" VPOS="940" WIDTH="277" HEIGHT="27" WC="0.89" CONTENT="landtdagspropositioner"/><SP WIDTH="27" VPOS="940" HPOS="815"/>
							<String ID="string_173" HPOS="842" VPOS="940" WIDTH="32" HEIGHT="20" WC="0.95" CONTENT="för"/><SP WIDTH="25" VPOS="940" HPOS="874"/>
							<String ID="string_174" HPOS="899" VPOS="942" WIDTH="31" HEIGHT="18" WC="0.91" CONTENT="att"/><SP WIDTH="22" VPOS="942" HPOS="930"/>
							<String ID="string_175" HPOS="952" VPOS="940" WIDTH="28" HEIGHT="20" WC="0.91" CONTENT="till"/>
						</TextLine>
						<TextLine ID="line_24" HPOS="225" VPOS="974" WIDTH="756" HEIGHT="26">
							<String ID="string_176" HPOS="225" VPOS="974" WIDTH="102" HEIGHT="21" WC="0.96" CONTENT="Finlands"/><SP WIDTH="23" VPOS="974" HPOS="327"/>
							<String ID="string_177" HPOS="350" VPOS="975" WIDTH="88" HEIGHT="20" WC="0.93" CONTENT="ständer"/><SP WIDTH="23" VPOS="975" HPOS="438"/>
							<String ID="string_178" HPOS="461" VPOS="975" WIDTH="152" HEIGHT="24" WC="0.92" CONTENT="öfverlämnas,"/><SP WIDTH="24" VPOS="975" HPOS="613"/>
							<String ID="string_179" HPOS="637" VPOS="975" WIDTH="115" HEIGHT="20" WC="0.92" CONTENT="hvarutom"/><SP WIDTH="20" VPOS="975" HPOS="752"/>
							<String ID="string_180" HPOS="772" VPOS="974" WIDTH="59" HEIGHT="21" WC="0.95" CONTENT="Hans"/><SP WIDTH="20" VPOS="974" HPOS="831"/>
							<String ID="string_181" HPOS="851" VPOS="974" WIDTH="99" HEIGHT="26" WC="0.93" CONTENT="Majestät"/><SP WIDTH="19" VPOS="974" HPOS="950"/>
							<String ID="string_182" HPOS="969" VPOS="974" WIDTH="12" HEIGHT="20" WC="0.92" CONTENT="å"/>
						</TextLine>
						<TextLine ID="line_25" HPOS="225" VPOS="1008" WIDTH="755" HEIGHT="28">
							<String ID="string_183" HPOS="225" VPOS="1011" WIDTH="13" HEIGHT="18" WC="0.92" CONTENT="t."/><SP WIDTH="12" VPOS="1011" HPOS="238"/>
							<String ID="string_184" HPOS="250" VPOS="1008" WIDTH="12" HEIGHT="22" WC="0.82" CONTENT="f."/><SP WIDTH="11" VPOS="1008" HPOS="262"/>
							<String ID="string_185" HPOS="273" VPOS="1009" WIDTH="316" HEIGHT="21" WC="0.91" CONTENT="ministerstatssekreterarens"/><SP WIDTH="15" VPOS="1009" HPOS="589"/>
							<String ID="string_186" HPOS="604" VPOS="1009" WIDTH="204" HEIGHT="27" WC="0.92" CONTENT="föredragningsnot"/><SP WIDTH="11" VPOS="1009" HPOS="808"/>
							<String ID="string_187" HPOS="819" VPOS="1009" WIDTH="6" HEIGHT="20" WC="0.96" CONTENT="i"/><SP WIDTH="11" VPOS="1009" HPOS="825"/>
							<String ID="string_188" HPOS="836" VPOS="1010" WIDTH="74" HEIGHT="20" WC="0.93" CONTENT="ämnet"/><SP WIDTH="14" VPOS="1010" HPOS="910"/>
							<String ID="string_189" HPOS="924" VPOS="1008" WIDTH="56" HEIGHT="22" WC="0.92" CONTENT="teck-"/>
						</TextLine>
						<TextLine ID="line_26" HPOS="225" VPOS="1043" WIDTH="755" HEIGHT="27">
							<String ID="string_190" HPOS="225" VPOS="1046" WIDTH="48" HEIGHT="18" WC="0.92" CONTENT="nat:"/><SP WIDTH="24" VPOS="1046" HPOS="273"/>
							<String ID="string_191" HPOS="297" VPOS="1060" WIDTH="10" HEIGHT="10" WC="0.92" CONTENT=","/><SP WIDTH="4" VPOS="1060" HPOS="307"/>
							<String ID="string_192" HPOS="311" VPOS="1043" WIDTH="110" HEIGHT="27" WC="0.93" CONTENT="Frågorna"/><SP WIDTH="19" VPOS="1043" HPOS="421"/>
							<String ID="string_193" HPOS="440" VPOS="1043" WIDTH="113" HEIGHT="27" WC="0.96" CONTENT="angående"/><SP WIDTH="18" VPOS="1043" HPOS="553"/>
							<String ID="string_194" HPOS="571" VPOS="1044" WIDTH="141" HEIGHT="26" WC="0.96" CONTENT="utjämnande"/><SP WIDTH="16" VPOS="1044" HPOS="712"/>
							<String ID="string_195" HPOS="728" VPOS="1043" WIDTH="24" HEIGHT="21" WC="0.93" CONTENT="af"/><SP WIDTH="16" VPOS="1043" HPOS="752"/>
							<String ID="string_196" HPOS="768" VPOS="1043" WIDTH="212" HEIGHT="27" WC="0.90" CONTENT="värnepliktstungan"/>
						</TextLine>
						<TextLine ID="line_27" HPOS="225" VPOS="1078" WIDTH="755" HEIGHT="26">
							<String ID="string_197" HPOS="225" VPOS="1078" WIDTH="62" HEIGHT="21" WC="0.96" CONTENT="skola"/><SP WIDTH="15" VPOS="1078" HPOS="287"/>
							<String ID="string_198" HPOS="302" VPOS="1078" WIDTH="102" HEIGHT="21" WC="0.95" CONTENT="hänföras"/><SP WIDTH="16" VPOS="1078" HPOS="404"/>
							<String ID="string_199" HPOS="420" VPOS="1078" WIDTH="30" HEIGHT="21" WC="0.96" CONTENT="till"/><SP WIDTH="16" VPOS="1078" HPOS="450"/>
							<String ID="string_200" HPOS="466" VPOS="1078" WIDTH="110" HEIGHT="21" WC="0.92" CONTENT="allmänna"/><SP WIDTH="15" VPOS="1078" HPOS="576"/>
							<String ID="string_201" HPOS="591" VPOS="1078" WIDTH="227" HEIGHT="26" WC="0.91" CONTENT="riksangelägenheter"/><SP WIDTH="16" VPOS="1078" HPOS="818"/>
							<String ID="string_202" HPOS="834" VPOS="1080" WIDTH="57" HEIGHT="18" WC="0.96" CONTENT="samt"/><SP WIDTH="15" VPOS="1080" HPOS="891"/>
							<String ID="string_203" HPOS="906" VPOS="1081" WIDTH="74" HEIGHT="23" WC="0.95" CONTENT="genast"/>
						</TextLine>
						<TextLine ID="line_28" HPOS="225" VPOS="1112" WIDTH="589" HEIGHT="27">
							<String ID="string_204" HPOS="225" VPOS="1112" WIDTH="146" HEIGHT="22" WC="0.90" CONTENT="öfverlämnas"/><SP WIDTH="15" VPOS="1112" HPOS="371"/>
							<String ID="string_205" HPOS="386" VPOS="1113" WIDTH="29" HEIGHT="20" WC="0.96" CONTENT="till"/><SP WIDTH="16" VPOS="1113" HPOS="415"/>
							<String ID="string_206" HPOS="431" VPOS="1113" WIDTH="78" HEIGHT="21" WC="0.93" CONTENT="urtima"/><SP WIDTH="16" VPOS="1113" HPOS="509"/>
							<String ID="string_207" HPOS="525" VPOS="1113" WIDTH="143" HEIGHT="26" WC="0.90" CONTENT="landtdagens"/><SP WIDTH="15" VPOS="1113" HPOS="668"/>
							<String ID="string_208" HPOS="683" VPOS="1112" WIDTH="131" HEIGHT="21" WC="0.76" CONTENT="utlåtande&quot;."/>
						</TextLine>
					</TextBlock>
				</ComposedBlock>
				<ComposedBlock ID="cblock_2" HPOS="223" VPOS="1180" WIDTH="759" HEIGHT="229">
					<TextBlock ID="block_4" HPOS="223" VPOS="1180" WIDTH="759" HEIGHT="229">
						<TextLine ID="line_29" HPOS="296" VPOS="1180" WIDTH="685" HEIGHT="28">
							<String ID="string_209" HPOS="296" VPOS="1181" WIDTH="32" HEIGHT="21" WC="0.96" CONTENT="Då"/><SP WIDTH="15" VPOS="1181" HPOS="328"/>
							<String ID="string_210" HPOS="343" VPOS="1182" WIDTH="26" HEIGHT="20" WC="0.96" CONTENT="de"/><SP WIDTH="17" VPOS="1182" HPOS="369"/>
							<String ID="string_211" HPOS="386" VPOS="1182" WIDTH="78" HEIGHT="26" WC="0.91" CONTENT="nådiga"/><SP WIDTH="16" VPOS="1182" HPOS="464"/>
							<String ID="string_212" HPOS="480" VPOS="1182" WIDTH="189" HEIGHT="26" WC="0.90" CONTENT="propositionerna"/><SP WIDTH="15" VPOS="1182" HPOS="669"/>
							<String ID="string_213" HPOS="684" VPOS="1180" WIDTH="92" HEIGHT="22" WC="0.93" CONTENT="sålunda"/><SP WIDTH="11" VPOS="1180" HPOS="776"/>
							<String ID="string_214" HPOS="787" VPOS="1180" WIDTH="155" HEIGHT="22" WC="0.90" CONTENT="öfverlämnats"/><SP WIDTH="11" VPOS="1180" HPOS="942"/>
							<String ID="string_215" HPOS="953" VPOS="1180" WIDTH="28" HEIGHT="21" WC="0.96" CONTENT="till"/>
						</TextLine>
						<TextLine ID="line_30" HPOS="225" VPOS="1214" WIDTH="756" HEIGHT="28">
							<String ID="string_216" HPOS="225" VPOS="1216" WIDTH="119" HEIGHT="20" WC="0.96" CONTENT="ständerna"/><SP WIDTH="16" VPOS="1216" HPOS="344"/>
							<String ID="string_217" HPOS="360" VPOS="1216" WIDTH="6" HEIGHT="20" WC="0.96" CONTENT="i"/><SP WIDTH="17" VPOS="1216" HPOS="366"/>
							<String ID="string_218" HPOS="383" VPOS="1216" WIDTH="40" HEIGHT="21" WC="0.96" CONTENT="den"/><SP WIDTH="20" VPOS="1216" HPOS="423"/>
							<String ID="string_219" HPOS="443" VPOS="1216" WIDTH="98" HEIGHT="26" WC="0.95" CONTENT="ordning,"/><SP WIDTH="20" VPOS="1216" HPOS="541"/>
							<String ID="string_220" HPOS="561" VPOS="1222" WIDTH="46" HEIGHT="14" WC="0.96" CONTENT="som"/><SP WIDTH="22" VPOS="1222" HPOS="607"/>
							<String ID="string_221" HPOS="629" VPOS="1215" WIDTH="67" HEIGHT="21" WC="0.93" CONTENT="finnes"/><SP WIDTH="20" VPOS="1215" HPOS="696"/>
							<String ID="string_222" HPOS="716" VPOS="1215" WIDTH="101" HEIGHT="27" WC="0.91" CONTENT="uppstäld"/><SP WIDTH="16" VPOS="1215" HPOS="817"/>
							<String ID="string_223" HPOS="833" VPOS="1215" WIDTH="5" HEIGHT="20" WC="0.96" CONTENT="i"/><SP WIDTH="18" VPOS="1215" HPOS="838"/>
							<String ID="string_224" HPOS="856" VPOS="1214" WIDTH="26" HEIGHT="21" WC="0.93" CONTENT="de"/><SP WIDTH="21" VPOS="1214" HPOS="882"/>
							<String ID="string_225" HPOS="903" VPOS="1214" WIDTH="78" HEIGHT="27" WC="0.91" CONTENT="kejser-"/>
						</TextLine>
						<TextLine ID="line_31" HPOS="227" VPOS="1249" WIDTH="754" HEIGHT="27">
							<String ID="string_226" HPOS="227" VPOS="1250" WIDTH="42" HEIGHT="26" WC="0.96" CONTENT="liga"/><SP WIDTH="24" VPOS="1250" HPOS="269"/>
							<String ID="string_227" HPOS="293" VPOS="1250" WIDTH="119" HEIGHT="21" WC="0.96" CONTENT="manifestet"/><SP WIDTH="20" VPOS="1250" HPOS="412"/>
							<String ID="string_228" HPOS="432" VPOS="1250" WIDTH="24" HEIGHT="21" WC="0.96" CONTENT="af"/><SP WIDTH="18" VPOS="1250" HPOS="456"/>
							<String ID="string_229" HPOS="474" VPOS="1250" WIDTH="40" HEIGHT="21" WC="0.96" CONTENT="den"/><SP WIDTH="20" VPOS="1250" HPOS="514"/>
							<String ID="string_230" HPOS="534" VPOS="1250" WIDTH="51" HEIGHT="21" WC="0.95" CONTENT="3/15"/><SP WIDTH="20" VPOS="1250" HPOS="585"/>
							<String ID="string_231" HPOS="605" VPOS="1250" WIDTH="92" HEIGHT="21" WC="0.96" CONTENT="februari"/><SP WIDTH="21" VPOS="1250" HPOS="697"/>
							<String ID="string_232" HPOS="718" VPOS="1249" WIDTH="147" HEIGHT="21" WC="0.96" CONTENT="innevarande"/><SP WIDTH="16" VPOS="1249" HPOS="865"/>
							<String ID="string_233" HPOS="881" VPOS="1250" WIDTH="24" HEIGHT="20" WC="0.92" CONTENT="år"/><SP WIDTH="15" VPOS="1250" HPOS="905"/>
							<String ID="string_234" HPOS="920" VPOS="1249" WIDTH="61" HEIGHT="21" WC="0.92" CONTENT="åtföl-"/>
						</TextLine>
						<TextLine ID="line_32" HPOS="223" VPOS="1283" WIDTH="757" HEIGHT="28">
							<String ID="string_235" HPOS="223" VPOS="1284" WIDTH="67" HEIGHT="26" WC="0.92" CONTENT="jande"/><SP WIDTH="23" VPOS="1284" HPOS="290"/>
							<String ID="string_236" HPOS="313" VPOS="1284" WIDTH="225" HEIGHT="27" WC="0.89" CONTENT="grundstadgandena,"/><SP WIDTH="25" VPOS="1284" HPOS="538"/>
							<String ID="string_237" HPOS="563" VPOS="1284" WIDTH="40" HEIGHT="21" WC="0.95" CONTENT="bör"/><SP WIDTH="21" VPOS="1284" HPOS="603"/>
							<String ID="string_238" HPOS="624" VPOS="1284" WIDTH="104" HEIGHT="21" WC="0.95" CONTENT="utskottet"/><SP WIDTH="18" VPOS="1284" HPOS="728"/>
							<String ID="string_239" HPOS="746" VPOS="1285" WIDTH="99" HEIGHT="19" WC="0.96" CONTENT="närmast"/><SP WIDTH="19" VPOS="1285" HPOS="845"/>
							<String ID="string_240" HPOS="864" VPOS="1283" WIDTH="116" HEIGHT="22" WC="0.95" CONTENT="framhålla."/>
						</TextLine>
						<TextLine ID="line_33" HPOS="225" VPOS="1318" WIDTH="756" HEIGHT="28">
							<String ID="string_241" HPOS="225" VPOS="1319" WIDTH="104" HEIGHT="21" WC="0.92" CONTENT="hurusom"/><SP WIDTH="24" VPOS="1319" HPOS="329"/>
							<String ID="string_242" HPOS="353" VPOS="1325" WIDTH="26" HEIGHT="15" WC="0.91" CONTENT="en"/><SP WIDTH="23" VPOS="1325" HPOS="379"/>
							<String ID="string_243" HPOS="402" VPOS="1318" WIDTH="185" HEIGHT="28" WC="0.88" CONTENT="rikslagstiftning,"/><SP WIDTH="24" VPOS="1318" HPOS="587"/>
							<String ID="string_244" HPOS="611" VPOS="1319" WIDTH="69" HEIGHT="21" WC="0.96" CONTENT="sådan"/><SP WIDTH="22" VPOS="1319" HPOS="680"/>
							<String ID="string_245" HPOS="702" VPOS="1325" WIDTH="47" HEIGHT="14" WC="0.95" CONTENT="som"/><SP WIDTH="22" VPOS="1325" HPOS="749"/>
							<String ID="string_246" HPOS="771" VPOS="1318" WIDTH="27" HEIGHT="21" WC="0.96" CONTENT="de"/><SP WIDTH="18" VPOS="1318" HPOS="798"/>
							<String ID="string_247" HPOS="816" VPOS="1318" WIDTH="165" HEIGHT="27" WC="0.96" CONTENT="ifrågavarande"/>
						</TextLine>
						<TextLine ID="line_34" HPOS="225" VPOS="1352" WIDTH="756" HEIGHT="28">
							<String ID="string_248" HPOS="225" VPOS="1353" WIDTH="221" HEIGHT="27" WC="0.91" CONTENT="grundstadgandena"/><SP WIDTH="16" VPOS="1353" HPOS="446"/>
							<String ID="string_249" HPOS="462" VPOS="1353" WIDTH="121" HEIGHT="27" WC="0.96" CONTENT="förutsätta,"/><SP WIDTH="16" VPOS="1353" HPOS="583"/>
							<String ID="string_250" HPOS="599" VPOS="1353" WIDTH="48" HEIGHT="21" WC="0.96" CONTENT="icke"/><SP WIDTH="16" VPOS="1353" HPOS="647"/>
							<String ID="string_251" HPOS="663" VPOS="1353" WIDTH="91" HEIGHT="26" WC="0.96" CONTENT="lagligen"/><SP WIDTH="16" VPOS="1353" HPOS="754"/>
							<String ID="string_252" HPOS="770" VPOS="1352" WIDTH="42" HEIGHT="21" WC="0.93" CONTENT="kan"/><SP WIDTH="17" VPOS="1352" HPOS="812"/>
							<String ID="string_253" HPOS="829" VPOS="1358" WIDTH="41" HEIGHT="21" WC="0.92" CONTENT="ega"/><SP WIDTH="15" VPOS="1358" HPOS="870"/>
							<String ID="string_254" HPOS="885" VPOS="1358" WIDTH="47" HEIGHT="14" WC="0.96" CONTENT="rum"/><SP WIDTH="16" VPOS="1358" HPOS="932"/>
							<String ID="string_255" HPOS="948" VPOS="1352" WIDTH="33" HEIGHT="20" WC="0.96" CONTENT="för"/>
						</TextLine>
						<TextLine ID="line_35" HPOS="225" VPOS="1387" WIDTH="757" HEIGHT="22">
							<String ID="string_256" HPOS="225" VPOS="1387" WIDTH="97" HEIGHT="21" WC="0.95" CONTENT="Finland."/><SP WIDTH="31" VPOS="1387" HPOS="322"/>
							<String ID="string_257" HPOS="353" VPOS="1388" WIDTH="51" HEIGHT="21" WC="0.95" CONTENT="Som"/><SP WIDTH="19" VPOS="1388" HPOS="404"/>
							<String ID="string_258" HPOS="423" VPOS="1388" WIDTH="105" HEIGHT="21" WC="0.96" CONTENT="utskottet"/><SP WIDTH="19" VPOS="1388" HPOS="528"/>
							<String ID="string_259" HPOS="547" VPOS="1388" WIDTH="118" HEIGHT="21" WC="0.95" CONTENT="emellertid"/><SP WIDTH="19" VPOS="1388" HPOS="665"/>
							<String ID="string_260" HPOS="684" VPOS="1388" WIDTH="67" HEIGHT="20" WC="0.96" CONTENT="redan"/><SP WIDTH="17" VPOS="1388" HPOS="751"/>
							<String ID="string_261" HPOS="768" VPOS="1387" WIDTH="5" HEIGHT="20" WC="0.96" CONTENT="i"/><SP WIDTH="16" VPOS="1387" HPOS="773"/>
							<String ID="string_262" HPOS="789" VPOS="1387" WIDTH="37" HEIGHT="21" WC="0.96" CONTENT="sitt"/><SP WIDTH="20" VPOS="1387" HPOS="826"/>
							<String ID="string_263" HPOS="846" VPOS="1387" WIDTH="136" HEIGHT="21" WC="0.96" CONTENT="betänkande"/>
						</TextLine>
					</TextBlock>
				</ComposedBlock>
				<ComposedBlock ID="cblock_3" HPOS="296" VPOS="1433" WIDTH="333" HEIGHT="23">
					<TextBlock ID="block_5" HPOS="296" VPOS="1433" WIDTH="333" HEIGHT="23">
						<TextLine ID="line_36" HPOS="296" VPOS="1433" WIDTH="333" HEIGHT="23">
							<String ID="string_264" HPOS="296" VPOS="1433" WIDTH="133" HEIGHT="23" WC="0.60" CONTENT="Lagutskottets"/><SP WIDTH="13" VPOS="1433" HPOS="429"/>
							<String ID="string_265" HPOS="442" VPOS="1433" WIDTH="109" HEIGHT="18" WC="0.96" CONTENT="betänkande"/><SP WIDTH="14" VPOS="1433" HPOS="551"/>
							<String ID="string_266" HPOS="565" VPOS="1433" WIDTH="34" HEIGHT="17" WC="0.96" CONTENT="N:o"/><SP WIDTH="13" VPOS="1433" HPOS="599"/>
							<String ID="string_267" HPOS="612" VPOS="1434" WIDTH="17" HEIGHT="16" WC="0.96" CONTENT="2."/>
						</TextLine>
					</TextBlock>
				</ComposedBlock>
			</PrintSpace>
		</Page>
	</Layout>
</alto>
