1086 1767
248 132 27 20 32

219 200 82 27 hinder,
325 207 44 15 som
392 201 160 27 vederbörligen
576 201 69 21 blifvit
664 202 76 26 styrkt.
772 200 75 22 Såsom
863 201 112 27 sjukbetyg

219 234 124 28 godkännes
366 236 60 26 intyg
446 235 23 21 af
481 236 75 21 läkare
572 236 39 21 och
627 235 180 28 polismyndighet
822 235 57 27 eller,
896 242 33 15 om
944 236 31 21 Jä-

219 270 52 20 kare
294 270 45 21 icke
361 269 67 23 finnes
445 271 12 21 å
473 270 40 22 den
537 271 73 27 sjukes
632 270 128 26 vistelseort,
780 270 23 21 af
819 271 74 20 ortens
907 272 66 25 prest.

289 316 48 16 Anm.
362 316 62 18 Såsom
442 316 99 23 sjukbetyg
556 316 29 18 för
597 316 105 18 utomlands
713 315 83 18 vistande
808 321 92 17 personer,
912 316 63 18 hvilka

219 343 94 18 uteblifvit
331 344 41 18 från
388 344 79 23 uppbåd,
479 344 106 23 godkännes
598 345 58 23 intyg,
668 344 96 18 utfärdadt
776 344 21 18 af
807 344 69 22 läkare,
889 349 37 13 som
939 344 36 18 för-

219 372 76 17 ordnats
313 374 28 16 att
360 373 90 23 besigtiga
462 373 35 18 den
509 374 53 22 sjuke
575 373 20 18 af
606 373 105 23 Kejserliga
723 373 55 23 ryska
790 372 124 22 ambassaden,
926 373 49 21 lega-

218 400 64 18 tionen
299 401 44 17 eller
361 402 105 18 konsulatet
483 402 11 18 å
512 403 58 20 orten,
587 404 49 16 samt
653 402 85 22 bestyrkt
749 402 21 18 af
783 407 68 13 samma
864 401 111 23 myndighet.

219 428 48 18 Från
287 429 73 22 uppbåd
378 430 99 18 uteblifven
495 436 72 17 person,
584 436 38 12 som
634 431 49 18 efter
695 432 75 21 uttagen
783 431 35 17 lott
830 431 33 17 bör
875 430 99 17 inskrifvas

219 457 30 18 vid
262 457 23 18 de
297 457 75 19 stående
383 460 105 21 trupperna,
501 459 48 18 skall
562 459 48 18 efter
622 459 107 18 ankomsten
741 459 29 18 till
779 459 79 18 Finland
866 458 72 19 anmäla
947 459 27 22 sig

219 486 29 17 till
261 486 104 23 besigtning
376 487 34 18 hos
422 488 134 18 vederbörande
568 488 173 23 värnepligtsnämd.

487 591 70 12 FJERDE
570 591 136 13 AFDELNINGEN.

303 630 36 17 Om
351 631 153 18 bestämmande
517 633 24 16 af
551 632 73 18 åldern
637 633 54 17 efter
703 634 56 21 yttre
771 635 116 16 utseendet.

288 679 50 18 Art.
355 680 41 18 98.
420 677 69 23 Sedan
505 679 199 22 Distriktsnämden
721 679 90 22 anländt
826 679 32 22 till
869 680 102 26 området,

219 710 72 27 börjar
315 711 39 21 den
378 712 31 21 sin
432 713 136 22 verksamhet
591 714 48 21 med
662 715 34 20 att
719 714 53 21 efter
787 716 58 25 yttre
860 714 113 21 utseendet

219 744 118 23 bestämma
353 746 72 22 åldern
441 747 33 22 för
489 748 26 21 de
531 755 109 20 personer,
657 749 81 21 hvilkas
755 749 59 21 ålder
829 749 46 21 icke
890 749 83 20 kunnat

219 779 129 23 bestämmas
370 782 48 21 med
441 783 48 20 stöd
508 783 23 21 af
544 783 74 21 härför
636 783 129 22 föreskrifna
780 783 128 27 handlingar
923 784 50 27 (art.

221 815 25 20 74
259 815 67 26 jemte
341 817 157 27 anmärkning).

289 869 50 19 Art.
356 871 42 18 99.
428 869 31 20 På
477 869 70 27 grund
563 869 23 22 af
598 871 59 25 yttre
672 870 114 21 utseendet
800 869 128 22 bestämmes
944 869 29 21 ål-

219 901 52 21 dern
288 901 23 22 af
323 902 111 22 fullsutten
450 903 170 22 Distriktsnämd
636 910 77 21 genom
723 904 165 27 röstpluralitet.
913 903 59 27 Upp-

219 936 46 21 står
288 937 248 27 meningsskiljaktighet,
552 938 145 21 underställes
720 938 102 21 nämdens
844 937 71 22 beslut
933 937 40 22 Lä-

219 971 131 21 nenämdens
365 971 100 28 pröfning
481 972 38 21 och
535 972 144 27 stadfästelse,
690 973 88 20 hvarvid
789 973 39 20 den
840 972 133 21 sistnämnda

218 1005 42 20 kan
277 1005 133 22 underkasta
425 1006 40 21 den
481 1007 155 27 värnepligtige
651 1007 90 27 förnyad
758 1007 128 26 besigtning,
902 1013 33 14 om
949 1007 25 20 så

218 1039 86 26 pröfvas
320 1040 80 27 nödigt.

288 1095 49 18 Art.
354 1095 54 18 100.
438 1093 32 21 De
485 1099 109 21 personer,
611 1093 72 22 hvilka
698 1093 45 22 icke
758 1093 68 22 blifvit
842 1095 109 25 upptagne
966 1093 7 20 i

218 1127 198 28 uppbådslängden,
432 1135 46 14 men
495 1128 23 21 af
532 1129 160 20 vederbörande
703 1128 64 21 nämd
778 1129 50 26 (art.
840 1128 36 27 99)
886 1127 86 28 pröfvas

217 1161 116 22 innehafva
345 1162 39 21 den
400 1162 33 21 för
446 1163 88 26 uppbåd
550 1163 139 26 erforderliga
704 1163 64 25 ålder,
786 1163 116 20 antecknas
913 1163 13 20 å
938 1162 35 21 be-

217 1195 76 27 höriga
309 1196 76 21 ställen
400 1197 7 20 i
423 1197 66 26 sagda
503 1197 72 26 längd.

491 1305 61 12 FEMTE
564 1304 136 13 AFDELNINGEN,

269 1338 36 18 Om
317 1338 72 22 slutlig
401 1340 130 21 granskning
543 1340 23 16 af
576 1338 210 23 uppbådslängderna
798 1340 38 17 och
850 1344 32 13 om
894 1340 24 17 de

353 1372 105 17 personer,
470 1373 45 13 som
527 1370 37 16 äro
576 1369 155 17 underkastade
744 1368 97 22 lottning.

286 1416 50 19 Art.
353 1417 43 18 101.
426 1414 70 22 Sedan
516 1415 192 27 uppbådslängden
723 1414 69 22 blifvit
807 1414 164 27 kompletterad,

216 1448 55 22 skall
292 1449 196 22 Distriktsnämden
507 1450 47 21 med
570 1450 87 26 ledniug
673 1449 23 21 af
709 1449 191 27 uppbådslängden
916 1451 56 19 samt
