1092 1761
343 129 83 22 Ständ.
443 130 37 21 Sv.
541 130 48 22 Bil.
607 130 30 22 II.
806 132 25 19 77

106 200 38 26 ligt
152 200 129 28 äberopade
290 201 106 27 paragraf
406 199 104 27 samtliga
518 200 28 21 de
554 207 115 20 personer,
678 200 78 21 hvilka
768 200 92 21 befinna

106 234 33 27 sig
154 234 6 21 i
177 234 85 21 sädana
286 234 252 27 familjeförhällanden,
560 237 31 18 att
607 235 27 20 de
651 234 29 27 pä
695 234 76 20 denna
787 233 73 27 grund

106 275 66 14 anses
194 269 138 26 berättigade
354 269 33 20 till
410 268 102 27 eftergift,
532 268 89 27 ätnjuta
637 268 135 21 densamma
789 268 72 20 under

106 302 43 20 alla
166 302 200 26 omständigheter,
382 302 80 24 skulle,
478 302 69 26 enligt
563 305 40 18 art.
620 303 27 19 33
663 302 7 20 i
681 302 179 27 propositionen,

106 337 65 21 dessa
188 343 108 21 personer
310 336 87 21 indelas
413 336 5 20 i
434 339 33 18 tre
484 336 133 26 kategorier,
632 336 120 26 hvarefter,
771 336 90 27 jemlikt

106 373 40 18 art.
164 372 47 22 107,
234 371 81 21 endast
338 378 114 20 personer,
476 370 103 21 hörande
601 370 32 21 till
650 370 70 21 första
737 370 124 26 kategorin,

107 406 92 20 komme
215 408 31 18 att
262 412 53 14 vara
331 405 139 26 berättigade
485 405 32 21 till
534 405 121 26 ovilkorlig
671 405 102 26 eftergift,
790 404 71 21 under

106 440 37 21 det
159 443 31 18 att
212 440 72 20 andra
309 440 43 21 och
368 439 70 28 tredje
455 440 157 26 kategorierna
629 439 72 21 skulle
717 439 87 27 ätnjuta
821 439 40 20 lin-

106 474 66 27 dring
194 474 57 21 blott
274 474 6 20 i
304 474 36 21 det
363 474 46 26 fall,
433 476 31 19 att
487 474 37 21 det
547 474 84 26 nödiga
655 474 83 20 antalet
761 474 100 26 rekryter

107 508 83 25 kunde,
207 511 54 18 utan
277 508 131 21 inkallande
424 508 26 20 af
463 508 67 21 dessa
546 508 133 27 kategorier,
696 508 48 20 frän
758 508 103 21 omrädet

108 543 65 20 utfäs.
190 542 138 26 Omordade,
344 543 49 20 frän
410 543 44 20 den
471 543 6 20 i
490 542 171 27 Kejsaredömet
671 543 104 26 gällande
784 544 77 19 värne-

107 577 132 27 pligtslagen
263 577 80 20 länade
367 577 118 25 indelning
501 577 25 20 af
542 577 173 26 ifrägavarande
732 583 107 21 personer
855 577 6 19 i

108 611 124 26 kategorier
244 617 53 14 vore
313 610 99 26 behöflig
427 610 5 20 i
451 610 45 25 fall,
512 611 29 27 pä
559 612 43 19 sätt
617 613 40 18 art.
675 612 38 19 107
726 611 135 25 förutsätter,

108 645 71 21 behof
193 645 76 20 kunde
289 645 83 21 tänkas
387 645 83 27 uppstä
488 647 31 18 att
534 645 32 21 till
584 645 130 27 krigstjenst
729 645 86 21 inkalla
831 645 31 21 äf-

108 686 42 14 ven
166 686 27 14 en
210 679 35 21 del
262 679 24 20 af
296 679 66 21 dessa
374 686 108 20 personer
493 679 35 21 för
542 679 99 27 fyllande
653 680 25 20 af
686 679 44 21 den
743 679 118 21 bestämda

108 714 206 26 ärskontingenten.
346 714 33 20 Då
402 713 126 21 Ständerna
554 714 124 20 emellertid
694 714 92 20 beslutit
801 714 61 20 bibe-

108 748 60 20 hälla
185 748 103 26 gällande
304 748 193 26 Värnepligtslags
513 748 145 26 bestämning
669 748 86 26 derom,
767 750 31 18 att
807 748 55 20 kon-

107 782 127 26 tingentens
250 782 127 26 fördelning
393 782 29 26 pä
438 782 28 20 de
482 782 74 20 skilda
570 782 124 20 områdena
706 782 41 20 bör
758 782 39 20 ske
808 782 55 20 efter

108 816 116 27 uppbådet
245 816 43 20 och
311 816 56 25 icke,
390 816 77 20 såsom
491 816 6 20 i
521 816 120 27 Ryssland,
665 816 47 20 före
728 816 134 25 detsamma,

108 852 59 19 samt
182 850 37 20 det
234 850 35 20 för
284 850 27 20 de
327 850 77 20 aktiva
418 852 138 25 truppernas
569 850 175 27 komplettering
755 850 108 21 erforder-

108 884 43 27 liga
167 885 84 20 antalet
273 884 119 28 ynglingar
414 886 67 25 utgör
499 884 81 21 endast
595 891 28 14 en
639 885 35 20 del
691 885 25 20 af
729 885 27 20 de
773 884 37 21 vid
826 884 37 20 be-

108 919 126 26 sigtningen
258 918 126 26 godkände,
409 919 42 20 har
467 919 159 26 ifrågakomna
643 919 117 26 indelning
777 921 63 25 synts
855 918 7 20 i

109 953 98 21 Finland
224 953 70 21 sakna
310 953 29 20 all
356 953 104 27 praktisk
477 953 114 27 betydelse
605 954 43 20 och
660 954 75 20 derför
746 953 49 21 icke
807 953 55 21 böra

108 987 7 21 i
131 988 64 26 lagen
211 990 117 24 upptagas.

177 1022 42 20 Vid
240 1022 128 26 jemförelse
392 1022 6 20 i
418 1022 68 26 öfrigt
501 1022 25 20 af
539 1022 202 26 bestämningarna
757 1022 6 20 i
780 1022 83 20 Värne-

109 1056 144 26 pligtslagens
268 1056 13 26 $
296 1056 27 20 26
339 1056 52 20 med
408 1056 161 21 motsvarande
586 1056 140 26 stadganden
742 1056 6 21 i
764 1056 44 21 den
825 1056 38 20 nå-

108 1090 51 26 diga
176 1090 170 27 propositionen
363 1090 107 26 framgär,
486 1093 31 18 att
533 1090 38 21 det
587 1091 2 20 i
605 1091 97 20 Finland
713 1090 70 27 följda
795 1093 68 24 syste-

109 1127 45 17 met
176 1124 35 20 för
233 1124 131 26 eftergifters
388 1124 160 27 medgifvande
574 1125 71 21 delvis
661 1127 25 19 är
702 1126 115 26 strängare
833 1126 29 19 än

108 1158 37 21 det
168 1159 6 19 i
196 1158 170 27 propositionen
391 1159 134 26 föreslagna.
557 1160 101 20 Sälunda
673 1161 40 19 äro
729 1160 68 25 enligt
813 1159 50 20 äbe-

109 1193 84 26 ropade
209 1193 13 25 $
237 1193 27 20 26
279 1193 130 26 grunderna
425 1193 35 20 för
476 1193 96 26 eftergift
588 1194 68 26 nägot
671 1194 58 20 färre
745 1195 29 19 än
791 1194 5 19 i
813 1200 50 20 pro-

109 1227 135 27 positionen,
268 1227 43 20 och
331 1227 6 20 i
354 1227 27 20 de
397 1227 74 21 under
487 1228 130 27 punkterna
633 1235 55 14 a—c
703 1228 6 20 i
726 1235 69 13 mom.
813 1228 12 19 2
841 1227 23 20 af

109 1261 68 26 sagda
193 1261 106 27 paragraf
313 1264 115 24 upptagna
443 1262 39 20 fall
499 1263 25 19 är
540 1262 36 21 för
587 1263 131 20 befrielsens
730 1261 133 28 ätnjutande

108 1296 37 20 det
161 1296 73 20 vilkor
250 1295 104 26 stadgadt
369 1298 32 18 att
416 1296 52 26 den,
485 1303 49 14 som
548 1298 41 25 gör
603 1297 100 27 anspräk
720 1297 28 26 pä
761 1296 102 26 eftergift,

108 1330 42 21 bör
159 1337 54 13 vara
222 1329 113 28 familjens
344 1330 178 27 hufvudsakliga
532 1331 57 26 stöd,
599 1331 82 20 medan
691 1331 172 27 propositionen

108 1364 34 21 för
158 1364 65 21 dessa
239 1364 38 20 fall
294 1364 49 20 icke
360 1364 146 21 föreskrifver
521 1365 73 27 dylikt
610 1365 117 21 förbehåll.
757 1365 107 21 Emeller-

108 1398 31 20 tid
162 1398 67 21 hafva
250 1398 104 26 gällande
377 1398 47 26 lags
448 1398 173 27 bestämningar
643 1399 32 21 uti
691 1398 172 27 ifrägavarande

108 1434 67 19 ämne
191 1445 27 2 —
233 1432 100 21 fränsedt
355 1435 31 18 ait
409 1432 119 21 desamma
544 1433 70 27 enligt
629 1433 138 21 Ständernas
783 1433 81 21 förme-
