1086 1756
801 116 26 20 57

101 184 33 21 för
157 184 105 22 skötande
279 183 22 21 af
315 184 33 20 sin
363 184 67 25 helsa,
446 183 117 27 besigtigas
579 184 55 26 ånyo
650 184 35 20 vid
701 183 157 22 Länenämden.

101 218 108 22 Nämdens
227 218 78 26 utslag,
321 218 137 26 hvarigenom
475 224 124 15 reservman
615 217 107 22 förklaras
739 218 72 26 duglig
825 218 34 20 till

102 252 129 28 krigstjenst,
249 252 39 21 har
303 252 82 27 slutligt
400 252 83 22 vitsord
499 252 38 22 och
553 252 34 21 får
603 252 19 27 ej
640 252 139 27 öfverklagas.

171 306 52 19 Art.
247 306 50 18 198.
329 304 70 22 Sättet
422 304 40 21 och
486 304 117 26 ordningen
626 304 33 20 för
682 306 131 19 reservmäns
829 303 30 21 in-

102 338 99 22 kallande
224 339 32 21 till
272 338 58 22 aktiv
348 338 141 28 tjenstgöring
504 341 59 19 samt
578 338 33 21 för
627 338 196 28 läkarebesigtning
838 337 23 22 af

103 373 62 22 dessa
186 379 102 21 personer
311 372 107 22 äfvensom
438 372 104 22 formulär
558 373 33 21 till
607 372 123 22 skrifvelser
745 373 39 21 och
799 372 60 22 redo-

103 408 107 26 visningar
234 406 23 22 af
271 407 24 21 de
311 407 154 27 myndigheter,
481 413 46 15 som
543 409 51 25 taga
609 407 120 27 befattning
743 407 48 22 med
807 413 52 21 upp-

103 442 70 27 bådet,
190 442 120 21 fastställas
333 448 76 20 genom
430 442 94 21 särskild
539 442 138 26 instruktion,
694 448 45 15 som
755 444 105 26 uppgöres

103 477 24 21 af
141 476 90 22 Senaten
247 476 6 21 i
269 476 84 22 samråd
369 476 48 22 med
432 476 183 27 Krigsministern.

337 620 138 21 FEMTONDE
491 620 138 21 KAPITLET.

196 683 130 27 Stadganden
343 683 105 27 angående
465 684 108 21 officerare
589 684 38 20 och
643 683 124 27 tjenstemän

406 718 32 20 vid
455 723 102 16 reserven.

173 783 50 19 Art.
247 782 51 19 199.
329 780 131 27 Inskrifning
483 780 34 21 vid
540 786 99 15 reserven
660 780 23 21 af
696 779 110 22 officerare
823 780 37 21 och

106 815 131 26 tjenstemän,
261 821 44 15 som
329 815 66 27 enligt
415 816 36 26 lag
467 815 61 21 skola
543 815 89 21 tillhöra
647 821 98 15 reserven
760 815 51 27 (art.
829 815 31 25 13,

105 850 34 26 51,
163 850 26 20 52
208 850 39 20 och
273 850 54 27 136),
351 850 127 20 verkställes
500 856 75 20 genom
599 849 158 21 vederbörande
773 849 88 21 militär-

105 883 68 21 befäls
195 883 84 27 ätgärd.
309 884 31 21 Pä
363 884 66 26 sagda
445 884 59 21 befäl
526 884 126 21 ankommer
670 883 79 27 jemväl
764 883 98 21 förandet

106 918 23 21 af
135 918 54 21 rulla
200 918 59 22 öfver
269 919 109 21 officerare
389 922 56 18 samt
456 919 62 21 deras
529 919 125 21 inkallande
657 914 9 36 i
682 919 71 27 tjenst.

173 965 49 16 Anm.
247 964 112 22 Generalers,
379 965 58 17 stabs-
458 964 32 18 och
509 964 157 18 öfverofficerares
684 966 47 16 samt
743 964 119 22 tjenstemäns

106 992 111 23 anställning
236 992 29 18 vid
283 994 73 16 arméns
368 998 61 13 reserv
442 995 21 15 är
475 993 87 22 antingen
577 993 18 23 1)
608 993 122 22 obligatorisk
743 992 44 18 eller
798 992 19 24 2)
830 992 32 18 fri-

105 1021 56 22 villig.
185 1020 134 24 Obligatoriskt
331 1022 90 18 anställas
434 1022 30 17 vid
477 1022 71 18 armöns
561 1027 62 13 reserv
636 1022 22 17 de
670 1026 85 18 personer
767 1022 5 16 i
782 1020 80 19 officers-

106 1050 50 22 grad,
171 1056 38 12 som
222 1050 70 18 inträdt
305 1050 5 17 i
323 1051 109 22 krigstjenst
444 1051 48 17 efter
507 1051 79 22 lottning
599 1051 45 17 eller
657 1051 60 17 säsom
729 1050 87 22 frivillige
829 1050 33 17 och

106 1079 62 18 hvilka
182 1079 24 22 pä
218 1078 59 23 grund
289 1079 20 17 af
320 1079 59 18 denna
391 1080 30 21 lag
434 1079 102 18 öfverföras
549 1080 30 16 till
591 1084 83 13 reserven
688 1079 39 17 före
739 1078 91 23 utgängen
843 1079 20 17 af

106 1107 46 18 fulla
160 1107 119 22 tjenstetiden
288 1107 43 23 (art.
339 1109 11 16 6
359 1113 51 12 mom.
419 1109 16 20 2,
446 1108 26 21 13,
480 1109 32 16 126
522 1107 34 18 och
563 1108 33 17 135
601 1107 57 23 jemte
667 1107 62 23 anm.).
745 1106 46 18 Före
799 1107 63 22 utgän-

106 1141 34 17 gen
152 1135 21 18 af
184 1135 57 18 denna
254 1135 27 18 tid
293 1136 37 17 kan
339 1136 113 23 anställning
464 1136 30 17 vid
507 1141 84 13 reserven
604 1136 57 17 likväl
670 1135 91 23 upphöra:
772 1136 17 22 1)
797 1141 65 16 genom

107 1164 71 18 inträde
190 1167 5 14 i
208 1164 51 17 aktiv
277 1165 127 22 militärtjenst
416 1165 6 17 i
435 1165 85 20 fredstid,
537 1165 34 17 och
584 1166 19 21 2)
616 1170 64 17 genom
693 1164 116 18 uteslutande
821 1164 41 18 frän

106 1198 83 12 reserven
202 1193 24 22 pä
237 1193 59 22 grund
309 1193 20 18 af
337 1193 101 22 sjuklighet
450 1193 45 18 eller
507 1193 42 22 laga
561 1193 42 18 dom
617 1193 45 18 eller
674 1193 5 17 i
692 1193 46 22 följd
751 1192 20 18 af
778 1192 85 19 dödsfall.

107 1221 99 18 Officerare
215 1221 34 18 och
257 1221 115 22 tjenstemän,
385 1222 63 17 hvilka
463 1222 5 17 i
481 1221 79 18 fredstid
573 1222 71 17 inträdt
658 1222 5 17 i
676 1222 51 17 aktiv
738 1222 58 21 tjenst
804 1221 59 18 säsom

106 1250 104 17 volontärer
222 1250 58 22 enligt
291 1250 64 18 härför
366 1250 86 23 gällande
460 1250 91 18 särskilda
559 1250 122 23 stadganden,
688 1250 74 18 kvarstä
775 1250 88 22 obligato-

106 1279 48 17 riskt
166 1279 5 16 i
184 1279 72 17 arméns
267 1284 61 13 reserv
339 1279 58 22 enligt
410 1284 68 13 samma
490 1279 81 22 grunder
583 1284 38 12 som
630 1279 27 21 de,
667 1279 62 17 hvilka
739 1278 70 18 inträdt
817 1279 47 17 efter

106 1307 80 22 lottning
194 1307 45 18 eller
247 1307 59 18 säsom
312 1307 93 23 frivillige.
418 1307 84 23 Frivillig
511 1307 113 22 anställning
633 1307 31 17 vid
672 1312 84 13 reserven
764 1307 100 22 medgifves

106 1341 86 17 personer
204 1336 6 17 i
223 1335 123 23 officersgrad,
359 1341 38 12 som
410 1336 70 22 uttjent
492 1336 42 17 hela
542 1335 35 18 den
590 1336 59 22 enligt
661 1335 60 18 denna
732 1335 30 22 lag
775 1335 29 18 för
813 1335 50 18 aktiv

107 1364 57 22 tjenst
176 1364 34 18 och
221 1364 121 18 kvarstäende
351 1364 5 17 i
364 1369 85 13 reserven
458 1364 96 18 bestämda
563 1364 33 17 tid.
615 1364 32 21 De,
656 1364 63 17 hvilka
727 1364 69 22 uttjent
805 1363 59 18 denna

106 1392 28 18 tid
147 1393 5 16 i
165 1393 120 22 obligatorisk
303 1393 123 22 reservtjenst,
443 1398 59 17 anses,
520 1393 61 18 derest
594 1393 23 18 de
629 1393 41 17 icke
682 1393 88 17 inlemnat
781 1393 83 17 ansökan

107 1427 28 11 om
144 1421 70 22 afsked,
227 1421 84 22 frivilligt
323 1421 122 18 kvarstäende
457 1422 30 17 vid
496 1427 83 12 reserven
588 1421 41 18 frän
639 1421 59 22 dagen
707 1421 28 18 för
745 1421 91 22 utgängen
845 1420 21 18 af
