1089 1764
229 119 28 20 60

270 189 50 18 Art.
344 188 61 19 209.
436 187 85 26 Flyttar
544 185 73 22 officer
640 186 52 21 eller
716 186 126 27 tjensteman
866 185 47 22 från
928 187 32 20 ett

201 221 86 21 distrikt
310 221 33 21 till
363 223 31 19 ett
409 223 71 24 annat,
497 221 55 21 skall
569 221 41 21 han
626 220 74 21 derom
716 220 84 21 anmäla
815 220 39 21 hos
870 220 89 21 militär-

200 255 175 22 befälhafvarene
393 255 6 21 i
418 255 107 22 hvardera
549 255 115 22 distriktet.
696 255 163 26 Reservintyget
882 254 78 22 företes

200 289 76 22 härvid
292 289 75 22 endast
381 289 39 22 hos
436 289 41 22 den
493 289 236 27 militärbefälbafvare,
745 289 56 21 inom
818 289 64 21 hvars
898 289 61 20 verk-

200 323 185 22 samhetsomräde
408 324 41 21 han
470 325 47 20 med
541 323 100 22 afseende
657 325 13 20 å
686 323 40 22 den
748 329 41 21 nya
808 323 151 26 boningsorten

199 358 99 21 kommer
327 360 32 19 att
381 358 113 21 inskrifvas
521 358 6 21 i
548 358 102 21 rullorna.
681 358 41 21 Vid
745 357 95 27 tillfällig
862 358 98 21 bortresa

200 392 47 21 från
271 392 152 26 boningsorten
444 393 56 20 skall
520 392 146 21 reservofficer
682 392 52 21 eller
748 392 129 27 tjensteman
894 391 65 26 draga

200 427 85 26 försorg
309 432 33 15 om
366 428 31 20 att
412 427 138 27 regeringens
566 426 140 27 förfoganden
721 426 133 22 beträffande
870 425 90 22 kallelse

200 461 6 20 i
223 461 66 27 tjenst
304 461 73 21 kunna
393 463 51 19 utan
460 461 102 27 dröjsmål
579 461 104 27 delgifvas
699 461 85 21 honom.

270 521 50 19 Art.
337 521 52 20 210.
416 519 39 22 Om
476 519 84 22 officers
584 520 39 21 och
648 520 137 27 tjenstemans
806 519 34 21 vid
860 525 98 15 reserven

199 554 128 27 utnämning
350 554 34 21 till
408 555 47 20 civil
479 555 127 26 befattning,
630 561 46 15 som
700 554 82 22 medför
797 553 98 22 befrielse
910 553 47 22 från

200 588 122 21 inkallande
345 589 33 21 till
401 589 58 21 aktiv
483 589 133 27 krigstjenst,
633 595 34 15 om
684 589 77 27 afgång
776 589 48 21 från
840 588 65 22 sådan
922 588 35 21 be-

199 623 94 26 fattning
309 626 55 18 samt
380 630 33 15 om
429 624 65 27 tiden,
511 623 27 22 då
553 624 99 21 tillstånd
668 627 33 18 att
717 623 53 22 efter
785 623 89 22 kallelse
888 623 70 21 afresa

199 657 126 27 meddelats,
342 658 107 21 äfvensom
463 659 111 26 angående
590 658 158 22 reservofficers
766 658 39 21 och
821 658 137 27 tjenstemans

199 693 80 20 timade
295 693 42 20 död
353 699 51 20 eger
419 693 160 22 vederbörande
595 693 173 28 civilmyndighet
779 693 127 21 underrätta
917 692 40 21 den

199 727 339 28 Distriktsmilitärbefälhafvare,
547 728 39 21 hos
595 728 86 21 hvilken
687 727 163 28 ifrågavarande
858 733 101 21 personer

199 763 38 19 äro
253 761 85 22 införda
349 762 7 20 i
366 762 97 21 rullorna
478 763 50 26 (art.
544 762 58 27 207).
626 762 72 21 Sådan
709 762 98 21 anmälan
818 762 56 21 skall
885 763 72 25 göras:

199 795 110 27 angående
325 796 54 26 dem,
395 802 45 15 som
464 796 114 21 innehafva
592 797 67 26 tjenst
679 797 68 26 enligt
762 796 138 27 regeringens
916 795 41 21 för-

199 830 116 26 ordnande,
332 843 26 2 —
375 831 22 20 af
406 831 63 20 deras
485 833 107 19 närmaste
608 831 108 26 chefskap,
732 833 57 19 samt
800 837 33 15 om
846 831 54 26 dem,
912 836 44 15 som

199 864 34 21 stå
249 864 1 21 i
263 864 138 22 kommunens
415 865 71 27 tjenst,
497 877 28 3 —
536 865 24 21 af
568 865 168 22 Guvernörerne.
760 865 105 21 Anmälan
878 865 79 26 derom,

200 901 33 18 att
245 898 147 22 reservofficer
408 900 52 21 eller
471 900 135 27 tjensteman,
618 906 45 15 som
676 900 46 21 icke
736 900 54 21 varit
801 900 84 21 anstäld
897 899 5 21 i
914 902 44 18 sta-

199 936 48 18 tens
263 933 52 22 eller
331 934 138 22 kommunens
492 935 73 27 tjenst,
589 935 76 26 aflidit,
684 937 62 24 göres
762 934 22 21 af
799 934 159 21 vederbörande

199 968 186 27 polismyndighet.

269 1028 50 19 Art.
343 1028 42 19 211.
416 1027 85 20 Allmän
525 1027 229 27 äklagaremyndighet
770 1033 49 21 eger
834 1027 123 21 underrätta

199 1060 161 21 vederbörande
376 1060 332 23 Distriktsmilitärbefälhafvare
724 1062 50 27 (art.
786 1061 50 27 207)
848 1068 34 15 om
893 1061 65 21 väckt

199 1095 44 20 åtal
267 1097 45 18 mot
335 1095 111 21 officerare
470 1095 38 22 och
530 1096 130 27 tjenstemän
680 1097 34 20 vid
730 1102 98 15 reserven
843 1095 33 22 för
891 1096 65 25 brott,

197 1135 46 15 som
260 1129 83 21 medför
358 1129 64 22 straff
436 1129 99 22 förenadt
550 1131 48 20 med
609 1130 77 22 förlust
697 1131 24 20 af
737 1130 167 27 medborgerligt
914 1130 43 21 för-

197 1163 91 21 troende
303 1164 50 27 (art.
371 1164 56 27 201).

268 1223 49 19 Art.
342 1223 49 19 212.
423 1221 41 21 Vid
487 1221 101 22 inträffad
611 1222 89 21 kallelse
717 1222 32 21 till
765 1222 58 21 aktiv
839 1222 70 27 tjenst,
925 1222 33 21 för

197 1255 88 21 arméns
300 1255 163 27 uppbringande
478 1256 32 21 till
526 1256 39 21 full
581 1258 107 24 numerär,
704 1257 52 20 eller
772 1256 32 21 till
816 1256 141 27 öfningsmöte

197 1290 52 26 (art.
268 1289 42 28 17),
327 1290 127 21 underrätta
469 1291 360 21 Distriktsmilitärbefälhafvarene
845 1291 25 21 de
887 1290 69 22 office-

196 1330 48 15 rare
262 1324 40 21 och
318 1324 136 27 tjenstemän,
466 1331 43 16 som
521 1325 61 22 skola
592 1325 123 22 hörsamma
726 1325 110 27 kallelsen,
848 1325 108 27 angäende

197 1358 92 21 enhvars
305 1358 192 23 bestämmelseort.
520 1359 168 22 Vederbörande
703 1359 204 27 polismyndigheter
918 1365 38 21 ega

196 1392 83 26 härvid,
295 1392 35 21 vid
347 1393 119 27 personligt
476 1400 85 21 ansvar,
577 1396 51 19 utan
645 1394 102 27 dröjsmål
763 1394 71 21 lemna
844 1393 112 22 Distrikts-

195 1426 255 23 militärbefälhafvarene
466 1429 29 20 all
510 1428 28 27 pä
554 1429 47 20 dem
618 1428 156 21 ankommande
789 1428 168 27 handräckning.
