1086 1753
411 123 23 22 U.
450 123 22 22 B.
764 126 26 18 61

67 193 42 25 del,
124 192 78 22 hvilka
216 192 37 21 för
268 192 126 21 ändamålet
410 192 26 20 af
449 192 122 22 ständerna
586 192 107 21 anvisats.
716 192 52 21 Den
776 193 44 19 rätt

66 227 34 21 till
123 226 134 28 deltagande
280 226 6 21 i
309 226 43 21 den
374 226 98 21 militära
493 226 128 28 budgetens
645 226 174 26 bestämmande,

66 261 94 22 hvilken
175 268 82 21 genom
273 261 61 21 detta
349 260 126 28 stadgande
490 260 137 22 förbehälles
643 260 127 26 ständerna,
783 260 37 22 be-

67 298 94 26 gränsas
177 295 70 25 däraf,
264 297 32 19 att
318 295 123 21 monarken
461 295 73 21 allena
549 302 54 21 eger
618 294 124 22 bestämma
757 297 63 26 trup-

66 337 81 20 pernas
162 329 130 28 utrustning
308 329 42 21 och
371 329 126 25 underhäll,
513 336 52 14 men
581 332 24 18 är
620 329 7 21 i
643 329 44 21 alla
701 328 40 22 fall
758 329 62 28 bety-

67 364 111 26 delsefull,
194 363 36 22 för
252 365 24 19 sä
290 363 49 21 vidt
361 370 47 14 som
424 365 72 19 större
518 363 67 21 delen
600 363 26 21 af
643 362 125 29 utgifterna
784 363 36 21 för

68 398 112 21 militären
195 397 108 22 bestrides
318 397 51 21 med
384 397 26 21 af
423 397 122 22 ständerna
560 397 107 21 anvisade
682 397 79 26 medel,
777 397 43 22 och

67 433 128 24 ständerna,
218 439 36 14 om
277 431 42 22 ock
339 431 63 21 deras
425 431 166 29 pröfningsrätt
606 431 7 21 i
629 431 62 22 detta
713 431 107 22 afseende

67 469 25 18 är
107 466 133 29 begränsad,
263 466 70 21 likväl
348 473 42 21 ega
412 466 54 28 ingä
481 468 29 26 pä
526 474 28 13 en
569 466 143 28 granskning
726 465 26 22 af
764 465 56 22 bud-

69 501 153 28 getförslaget.
254 500 87 21 Genom
362 500 144 22 uteslutande
528 508 27 13 ur
573 500 209 29 värnepliktslagen
796 500 26 21 af

68 535 172 28 iträgavarande
262 535 147 28 stadganden,
432 535 78 21 hvilka
527 535 104 28 betingas
655 534 61 22 säväl
734 534 26 21 af
776 535 44 20 den

69 572 60 19 stora
144 572 72 25 tunga
230 569 157 28 värneplikten
402 569 8 21 i
425 569 43 22 och
483 570 36 21 för
534 569 35 28 sig
584 569 95 22 innebär
687 569 35 21 för
732 569 87 21 landets

67 603 139 29 befolkning,
222 611 47 14 som
286 603 24 22 af
331 604 49 21 dei
395 599 143 26 förhällande
556 604 35 21 till
606 603 74 28 öfriga
695 603 125 28 statsutgif-

67 640 34 19 ter
117 638 72 29 dryga
204 638 121 21 kostnader
347 638 130 21 densamma
494 638 99 25 kräfver,
608 638 62 28 finge
686 638 134 28 regeringen

68 675 45 18 rätt
128 675 33 18 att
175 673 140 28 fullkomligt
329 673 127 21 oberoende
472 673 26 20 af
510 673 122 20 ständerna
643 673 122 21 bestämma
776 673 43 20 den

66 706 95 22 militära
176 706 114 28 budgeten
305 709 57 19 samt
378 709 32 19 att
425 706 36 22 för
480 709 135 26 truppernas
630 707 130 27 utrustning
776 706 43 22 och

67 741 119 21 underhäll
200 743 55 19 utan
277 741 166 28 inskränkning
466 741 103 21 använda
585 741 28 21 de
629 740 110 22 ordinarie
755 743 65 19 stats-

67 775 159 25 inkomsterna,
249 775 39 22 vid
310 775 86 21 hvilket
418 775 143 22 förhällande
583 775 120 29 möjlighet
720 775 100 28 föreläge

69 812 32 18 att
117 810 64 21 dessa
196 810 76 21 kunde
286 810 90 21 utöfver
392 810 38 21 det
445 810 104 28 värkliga
563 810 109 22 behofvet
687 812 63 26 tagas
766 810 53 20 ian-

69 844 68 28 språk
151 844 37 21 för
202 844 96 21 militära
314 844 103 21 ändamål
431 846 30 27 pä
476 844 126 22 bekostnad
618 844 25 21 af
657 844 69 21 andra
738 843 82 22 oafvis-

67 878 46 28 liga
129 878 131 26 statsbehof,
277 878 50 22 dem
342 879 122 21 ständerna
479 879 29 21 dä
523 879 76 21 blefve
614 881 104 25 tvungna
732 880 33 19 att
776 878 43 20 till-

67 912 83 28 godose
165 920 83 20 genom
263 913 71 21 ökade
349 913 91 21 skatter.
472 913 116 28 Tilläggas
603 913 48 25 bör,
668 915 32 19 att
716 914 32 20 ett
762 914 57 19 utta-

68 946 67 22 lande
149 947 8 21 i
173 949 32 19 ett
227 947 237 29 konferensprotokoll
486 948 25 20 af
524 948 44 20 den
587 950 27 18 28
630 954 59 14 mars
706 948 60 26 1897,
783 954 36 13 en-

66 980 42 29 ligt
123 981 87 21 hvilket
224 982 121 21 ständerna
360 982 73 21 skulle
448 982 8 20 i
471 982 220 28 värnepliktslagens
708 983 39 19 122
763 981 14 28 8
788 981 31 20 in-

68 1014 46 22 fört
129 1022 78 14 senare
230 1016 65 21 delen
310 1016 25 21 af
356 1016 136 24 densamma,
508 1019 24 18 är
555 1016 104 28 oriktigt;
677 1015 143 28 bestämning

68 1049 78 21 därom
161 1049 102 22 förekom
278 1050 69 21 redan
361 1050 8 21 i
384 1050 44 21 den
443 1051 85 28 nädiga
542 1050 177 29 propositionen.

135 1083 98 22 Stäende
249 1085 7 20 i
271 1087 112 19 närmaste
406 1085 109 21 samband
537 1085 51 21 med
608 1084 150 29 nyssberörda
772 1084 47 27 lag-

67 1117 97 29 ändring
186 1118 42 21 och
248 1119 25 20 af
293 1122 60 18 ännu
368 1127 61 13 mera
451 1119 136 29 ingripande
608 1119 117 28 betydelse
740 1121 30 25 är,
786 1120 34 19 att

67 1159 82 21 genom
165 1153 27 20 de
207 1153 83 28 nädiga
304 1153 197 29 propositionerna
511 1153 59 22 afses
581 1153 69 22 äfven
658 1152 161 30 upphäfvande

69 1186 25 21 af
107 1187 44 20 den
166 1187 8 20 i
191 1189 38 19 121
247 1187 7 29 &
275 1188 12 20 i
297 1188 208 28 värnepliktslagen
521 1188 112 29 ingående
647 1187 172 28 bestämningen

65 1228 37 14 om
117 1221 28 21 de
159 1220 74 22 finska
247 1224 134 26 truppernas
396 1222 83 28 högsta
494 1222 174 26 fredsnumerär,
684 1222 66 21 hvars
765 1221 54 21 fast-

65 1254 110 22 ställande
190 1256 86 21 säledes
298 1256 120 22 framdeles
434 1256 91 22 komme
543 1259 33 19 att
595 1256 53 22 bero
663 1258 30 26 pä
708 1255 111 29 Kejsaren

67 1289 44 21 och
131 1289 141 22 Storfursten
288 1290 78 22 allena.
396 1291 52 21 Den
472 1291 73 28 legala
567 1291 197 21 fredsnumerären
778 1290 41 21 har

66 1330 27 14 en
109 1323 113 29 tväfaldig
245 1324 121 29 betydelse.
396 1318 22 28 Ä
434 1332 42 14 ena
492 1326 64 20 sidan
578 1325 123 21 betecknar
716 1325 43 21 den
774 1332 45 14 ma-

65 1358 85 21 ximum
166 1358 25 21 af
204 1358 43 22 den
262 1359 130 28 personliga
409 1359 99 21 militära
522 1359 143 29 tjänsteplikt
680 1359 87 21 landets
782 1359 37 21 be-

64 1391 106 29 folkning
192 1392 41 21 har
256 1395 32 19 att
309 1393 105 28 fullgöra.
445 1393 36 21 Af
494 1394 141 21 densammas
655 1394 83 21 storlek
753 1394 66 21 beror

133 1437 141 23 Lagutskottets
286 1438 120 19 betänkande.
