1086 1748
248 109 40 21 118
569 110 20 22 U.
605 111 22 21 B.

218 179 48 26 gat,
287 177 83 22 tilläter
385 178 35 28 sig
436 178 113 22 utskottet
563 178 98 29 päpeka,
677 179 108 21 hurusom
801 179 176 29 generalguver-

218 212 157 21 nörsämbetet
397 212 39 22 vid
459 212 93 28 angifva
575 212 110 29 tidpunkt
707 213 124 21 innehades
854 214 26 21 af
895 214 81 28 grefve

218 246 95 25 Heiden,
336 246 94 22 hvilken
452 246 148 22 därförinnan
615 247 8 21 i
639 248 115 28 egenskap
770 248 26 21 af
808 248 55 21 chef
875 248 36 22 för
925 248 51 22 huf-

217 280 129 22 vudstaben
368 281 184 28 kontrasignerat
567 282 181 28 krigsministern
766 282 80 28 grefve
862 282 112 28 Miljutins

217 314 181 29 korrespondens
414 316 7 20 i
436 316 81 28 frägan
532 323 37 15 om
584 316 182 29 värnepliktslag
777 316 35 22 för
822 317 98 21 Finland
931 317 43 21 och

216 349 88 28 jämväl
327 350 7 20 i
357 350 70 28 öfrigt
441 352 72 20 måste
530 358 65 14 anses
611 351 70 21 hafva
696 351 60 22 varit
771 351 54 22 fullt
840 352 134 28 kompetent

218 386 34 19 att
267 384 96 22 bedöma
379 385 63 21 detta
457 385 60 28 slags
533 385 83 29 frågor.
647 386 36 21 Då
697 394 32 13 nu
739 386 78 21 härtill
827 386 102 21 kommer
940 388 33 18 att

218 418 70 22 äfven
304 418 57 22 efter
378 420 60 26 1885,
452 419 26 28 ja
493 422 62 19 ännu
570 422 24 19 år
611 422 62 24 1891,
689 420 36 22 till
740 420 110 22 Finlands
858 420 115 26 ständer,
965 414 13 37 i

218 452 65 22 förut
298 452 55 30 öflig
359 454 97 28 ordning
468 454 42 22 och
520 454 52 21 med
585 454 146 22 erkännande
742 454 26 22 af
776 455 133 21 ständernas
920 457 53 20 rätt,

218 488 168 28 propositioner
400 489 51 21 med
469 488 86 29 förslag
572 489 34 21 till
617 489 107 28 partiella
734 489 123 28 ändringar
873 489 6 21 i
895 492 79 19 värne-

217 522 140 29 pliktslagen
372 522 91 28 aflåtits,
479 525 24 19 så
518 523 46 21 kan
579 524 114 21 utskottet
704 524 49 21 icke
764 524 154 28 undertrycka
929 524 44 21 den

218 557 42 21 hos
283 558 114 21 utskottet
419 558 95 21 likasom
537 558 8 20 i
560 558 78 21 landet
656 558 100 21 rådande
777 558 95 26 åsikten,
889 560 34 19 att
945 558 29 21 de

217 592 139 28 vidtgående
372 592 152 28 ändringarna
539 592 41 22 hos
595 592 150 22 monarkerne
760 592 110 29 påyrkats
884 592 8 21 i
903 592 70 22 andra

218 626 78 28 syften
319 629 28 19 än
370 627 28 21 de
415 629 51 19 rent
480 626 105 26 militära,
601 634 29 13 en
645 627 100 28 mening,
761 634 48 14 som
825 627 81 21 vinner
922 627 51 21 stöd

218 660 23 21 af
261 660 55 22 flere
334 661 141 28 uttryckliga
493 661 134 22 uttalanden
642 661 7 21 i
665 661 36 21 till
716 661 123 21 ständerna
854 661 119 22 öfverläm-

218 695 59 22 nade
292 695 208 29 komitéprotokoll.

287 729 54 22 Man
356 730 41 21 har
412 730 36 21 till
464 730 50 22 stöd
530 731 35 21 för
580 731 226 28 ändringsförslagen
822 730 108 29 åberopat
942 730 30 21 äi-

217 771 45 14 ven
286 765 38 20 det
347 765 67 28 tyska
432 765 60 21 riket
506 765 42 22 och
564 765 28 21 de
607 765 100 22 militära
722 765 174 21 förhållandena
911 765 61 20 inom

218 798 136 28 detsamma;
370 807 52 14 men
438 801 34 20 ett
486 799 81 22 sådant
578 800 50 21 stöd
640 799 106 29 erbjuder
757 799 75 21 denna
840 799 132 28 jämförelse

217 833 57 26 icke,
294 836 26 26 ty
334 833 110 22 Finlands
460 834 109 28 ställning
584 837 25 18 är
623 835 64 20 såväl
703 834 7 21 i
724 834 112 21 nationelt
851 833 43 22 och
904 833 69 22 histo-

218 867 64 27 riskt,
298 876 49 14 som
362 868 7 21 i
379 869 102 28 rättsligt
492 869 42 21 och
544 869 105 29 politiskt
659 868 129 22 hänseende
799 876 29 14 en
838 868 49 21 helt
897 876 75 13 annan

218 905 29 18 än
263 902 29 22 de
307 903 67 28 tyska
390 906 117 19 staternas.

288 937 34 21 På
337 940 45 18 sätt
398 937 25 21 af
436 938 123 21 utskottets
575 937 169 28 framställning
759 944 75 21 synes,
844 937 47 21 afse
902 936 27 22 de
941 936 31 22 fö-

217 971 133 29 religgande
370 972 115 28 förslagen
508 979 28 14 en
559 972 136 28 fullständig
711 971 135 28 omändring
862 972 25 20 af
899 971 75 21 hittils

216 1006 101 21 rådande
332 1006 142 22 förhållande
490 1006 141 22 beträffande
647 1006 44 21 den
705 1006 74 21 finska
794 1006 120 21 militären.

286 1040 83 22 Medan
384 1040 98 22 Finland
495 1040 92 28 jämlikt
602 1041 49 21 sina
666 1040 140 28 grundlagar
820 1040 42 21 har
877 1042 46 19 rätt
937 1040 35 21 till

217 1081 59 21 egen
290 1074 153 29 lagstiftning,
460 1075 7 21 i
481 1074 62 22 kraft
558 1074 81 22 hvaraf
655 1074 73 22 folket
743 1082 53 20 eger
812 1074 91 28 deltaga
918 1074 7 20 i
937 1074 36 21 be-

217 1109 153 21 stämmandet
393 1108 25 22 af
438 1109 28 21 de
481 1109 98 21 militära
594 1109 121 26 bördorna,
730 1111 60 19 samt
805 1108 36 22 till
856 1116 58 20 egen
930 1108 43 22 för-

216 1143 113 28 valtning,
346 1143 74 21 såvidt
436 1144 44 20 den
495 1144 49 20 icke
560 1146 71 25 angår
642 1144 27 20 de
680 1143 98 21 militära
788 1143 185 21 kommandomå-

216 1178 45 25 len,
284 1180 67 26 göres
372 1186 31 13 nu
426 1178 7 21 i
449 1178 27 21 de
491 1178 248 22 komitébetänkanden
754 1177 43 22 och
813 1177 160 28 förklaringar,

216 1219 50 15 som
290 1212 101 22 tillstälts
414 1212 128 26 ständerna,
564 1212 117 29 gällande:
705 1214 33 19 att
759 1212 99 21 Finland
874 1212 32 20 als
922 1212 50 20 icke

216 1246 59 28 egde
298 1246 91 28 deltaga
411 1247 7 21 i
440 1246 175 29 lagstiftningen
637 1246 8 22 i
668 1246 74 22 denna
763 1246 73 28 fråga;
854 1248 34 19 att
902 1246 71 27 krigs-

216 1280 205 29 tjänstskyldighet
444 1281 76 21 kunde
542 1281 89 21 landets
650 1281 109 21 invånare
778 1280 143 22 annorlunda
935 1282 38 26 pä-

216 1314 80 28 läggas
318 1318 29 18 än
364 1322 84 21 genom
458 1316 44 28 lag,
514 1322 48 15 som
578 1316 26 20 af
617 1315 84 21 folkets
720 1314 84 22 ombud
820 1314 109 28 antagits;
939 1317 34 19 att

216 1348 87 22 befälet
318 1349 64 22 öfver
398 1350 42 21 och
456 1350 44 21 den
515 1352 114 19 närmaste
644 1350 85 21 vården
742 1356 36 14 om
789 1349 28 21 de
827 1349 74 21 finska
911 1351 62 26 trup-

214 1390 74 21 perna
303 1383 75 22 kunde
393 1383 143 22 handhafvas
551 1383 25 22 af
584 1383 67 29 ryske
662 1383 124 26 officerare,
797 1390 49 15 som
857 1383 115 22 dessutom

286 1429 135 23 Lagutskottets
433 1429 114 18 betänkande.
