1086 1761
448 139 29 22 U.
492 139 28 22 B.
803 140 26 20 59

104 207 169 27 befattningarna
298 208 147 21 företrädesvis
470 208 91 21 besättas
586 208 49 21 med
659 209 14 20 f.
699 208 19 21 d.
745 208 113 27 officerare,

104 242 71 21 hvilka
185 242 95 21 befinnas
296 243 29 20 till
335 242 64 27 sagda
408 242 141 27 befattningar
557 243 49 20 fullt
614 242 105 27 lämpliga.
737 242 39 21 Vid
784 242 76 21 sådant

104 276 133 20 förhållande
258 277 39 20 och
320 277 48 20 med
390 277 83 26 hänsigt
493 277 78 26 jemväl
587 277 70 20 dertill
673 279 36 24 att,
724 283 33 14 om
774 277 38 20 ock
827 277 32 19 in-

105 310 157 21 struktionerna
285 310 32 21 för
340 310 217 28 uppbådsnämderna,
579 310 88 21 likasom
692 310 60 21 äfven
777 311 25 20 de
818 310 41 21 for-

105 345 74 26 mulär,
194 344 72 21 hvilka
277 344 34 21 vid
321 344 117 21 ärendenas
446 345 158 27 handläggning
612 345 21 20 af
641 345 62 20 dessa
713 345 147 27 myndigheter

104 378 59 21 skola
171 378 67 27 följas,
250 374 75 36 jemlikt
334 379 11 26 $
355 379 26 20 49
390 379 5 19 i
405 378 196 28 Värnepligtslagen
611 379 113 21 fastställas
732 378 20 21 af
761 378 98 27 Senaten,

105 413 60 20 dessa
181 413 93 21 ärenden
290 413 69 27 likväl,
375 413 65 27 enligt
456 413 39 21 den
509 413 82 27 lydelse
602 413 109 21 Utskottet
720 413 82 28 gifvit
797 409 12 36 $
820 413 40 21 119

105 453 63 15 mom.
190 448 12 20 3
225 447 6 20 i
252 448 240 26 författningsförslaget,
514 448 73 20 kunna
602 448 171 21 kommuniceras
788 448 72 26 Krigs-

105 482 116 26 ministern,
237 482 59 20 torde
312 482 25 20 de
353 482 89 20 militära
457 482 116 20 intressena
589 482 6 20 i
612 482 186 27 uppbädsnämden
811 482 50 20 böra

106 522 62 14 anses
184 523 50 13 vara
249 516 150 27 erforderligen
415 516 158 27 tillgodosedda.
599 516 63 21 Detta
677 516 23 21 sä
717 516 83 27 mycket
810 522 50 21 mer,

106 556 45 14 som
174 550 33 20 vid
224 550 205 27 uppbädstillfällena
444 551 7 19 i
466 551 91 20 nämden
574 551 60 27 ingär
649 557 26 14 en
692 550 169 21 militärledamot

107 585 38 20 och
169 585 35 20 det
225 585 23 26 ju
267 587 23 18 är
305 585 157 20 vederbörande
478 585 133 20 militärbefäl
627 585 98 26 obetaget
740 587 29 18 att
783 584 78 27 jemväl

107 619 67 20 under
195 619 57 20 tiden
275 619 89 20 emellan
387 619 112 27 uppbäden
514 619 42 21 läta
571 619 120 27 inspektera
708 619 153 27 uppbädsnäm-

107 653 75 20 dernas
198 653 138 21 verksamhet.
365 653 81 21 Härvid
465 653 37 21 bör
517 654 76 27 jemväl
610 653 128 26 observeras,
754 655 30 20 att
798 653 41 21 den
854 652 8 21 i

107 687 111 21 förstärkta
236 687 187 28 uppbädsnämden
442 695 29 13 nu
489 688 104 27 ingäende
609 688 91 20 militära
721 688 139 20 medlemmen

107 721 66 28 enligt
196 723 12 26 $
227 723 27 19 42
270 722 7 20 i
294 722 202 27 Värnepligtslagen,
512 722 69 21 såsom
599 722 70 21 denna
687 722 11 27 $
712 722 63 27 lydde
795 722 66 20 innan

107 755 123 22 densamma
250 763 76 20 genom
347 757 61 20 ofvan
430 757 118 26 äberopade
565 756 120 27 Kejserliga
699 756 123 27 förordning
841 755 21 20 af

107 790 40 21 den
170 791 26 20 25
219 790 89 21 Januari
329 791 53 20 1886
402 791 167 20 underkastades
587 791 96 27 ändring,
699 791 95 20 tillhörde
811 796 51 21 upp-

107 824 156 21 bädsnämdens
284 825 94 26 ständiga
400 825 40 26 del,
460 831 48 15 men
525 827 30 18 att
569 831 76 20 genom
661 825 144 26 nyssnämnda
820 825 42 20 för-

109 859 90 26 ordning
214 859 89 20 berörda
318 859 130 21 förhällande
464 859 103 21 ändrades
584 859 85 26 derhän,
681 861 30 18 att
721 859 39 20 den
772 859 90 20 militära

108 892 131 21 ledamotens
251 893 125 27 deltagande
386 894 7 19 i
405 893 199 27 uppbädsnämdens
614 893 150 27 förrättningar
774 893 88 27 begrän-

107 926 61 21 sades
188 927 32 20 till
236 927 57 21 tiden
310 928 31 20 för
356 927 74 27 sjelfva
446 927 116 27 uppbädets
578 927 160 21 verkställande.
770 927 34 21 Uti
820 926 41 21 den

107 961 35 20 vid
166 961 54 21 1885
244 961 34 21 ärs
300 961 101 27 landtdag
423 961 31 21 till
478 962 116 20 Ständerna
614 961 157 21 öfverlemnade
787 961 76 27 nädiga

108 996 157 26 propositionen
278 1002 34 14 n:o
323 996 26 20 30
362 995 109 27 angående
482 996 90 26 ändring
583 996 21 20 af
614 995 27 21 bl.
652 1002 18 14 a.
681 995 121 21 förberörda
812 996 12 26 &
835 995 27 20 42

109 1030 7 19 i
131 1030 204 26 Värnepligtslagen,
356 1030 86 20 hvilken
462 1030 128 27 proposition
612 1030 31 20 uti
659 1036 29 14 nu
704 1029 159 27 ifrägavarande

109 1064 34 20 del
158 1064 43 21 blef
212 1064 21 20 af
248 1064 117 21 Ständerna
376 1067 49 18 utan
440 1065 139 27 anmärkning
589 1064 105 27 godkänd,
706 1064 114 25 framhölls,
830 1063 33 21 sä-

109 1105 44 14 som
169 1098 46 21 stöd
232 1098 32 21 för
282 1099 40 20 den
338 1098 118 28 föreslagna
469 1099 123 27 ändringen,
602 1099 102 20 hurusom
717 1098 39 21 den
772 1099 90 20 omstän-

109 1133 77 27 dighet,
210 1135 30 19 att
260 1133 40 21 den
323 1133 88 21 militära
433 1133 141 21 medlemmen
597 1133 70 26 ingick
689 1133 6 20 i
711 1133 39 21 den
767 1132 96 27 ständiga

109 1167 60 21 delen
191 1167 20 21 af
232 1167 194 27 uppbädsnämden,
445 1167 63 21 vällat
526 1169 30 19 att
571 1168 41 20 han
629 1168 42 20 ofta
687 1167 43 21 helt
745 1167 39 20 och
798 1166 66 20 hället

108 1201 152 27 undandragits
283 1202 33 20 sin
339 1201 105 27 egentliga
466 1202 64 25 tjenst
552 1201 35 20 vid
610 1203 96 25 truppen,
724 1203 54 18 samt
792 1202 30 18 att
837 1200 26 20 de

108 1235 100 27 göromäl,
224 1242 46 14 som
286 1236 68 20 under
368 1235 58 21 tiden
442 1235 91 21 emellan
544 1235 272 27 uppbädsförrättningarna
827 1240 36 14 an-

109 1270 85 20 kommo
210 1270 12 20 å
238 1270 40 20 den
294 1270 96 27 ständiga
405 1269 62 21 delen
483 1270 21 20 af
518 1269 195 27 uppbädsnämden,
729 1275 48 15 vore
790 1268 21 21 af
822 1268 41 21 den

108 1303 150 27 beskaffenhet,
281 1306 29 18 att
331 1304 93 20 hvarken
440 1310 25 14 en
483 1304 179 20 militärledamots
679 1303 124 27 deltagande
819 1303 45 20 deri

109 1338 51 20 eller
182 1338 140 20 öfverhufvud
346 1344 25 15 en
393 1338 99 27 kollegial
514 1338 128 27 behandling
660 1338 22 20 af
697 1338 60 21 dessa
770 1336 92 28 göromål

109 1378 50 15 vore
180 1372 21 21 af
222 1372 76 26 nöden,
320 1372 107 21 äfvensom
451 1372 99 27 slutligen
566 1374 30 19 att
611 1372 26 21 de
654 1372 162 26 kansliarbeten,
832 1371 33 21 för

109 1406 71 21 hvilka
196 1406 69 21 denne
278 1406 92 21 ledamot
380 1407 53 20 varit
444 1406 85 27 anlitad,
541 1406 71 21 kunde
623 1406 12 21 ä
645 1406 220 27 krigskommissarien

109 1440 39 21 och
163 1441 40 21 den
223 1441 62 21 civile
300 1441 119 21 ledamoten
436 1441 115 21 öfverföras
567 1443 50 19 utan
633 1441 72 21 desses
721 1440 93 27 oskäliga
828 1440 36 20 be-
