1092 1792
250 138 26 20 12
457 136 84 24 Ständ.
559 136 39 23 Sv.
613 149 28 4 —
657 136 48 22 Bil.
720 135 21 23 I.

220 206 53 20 Men
298 205 238 27 Regeringsformerna
556 206 25 20 af
594 206 55 20 ären
667 206 54 20 1719
736 204 43 22 och
797 204 54 20 1720
868 205 59 19 samt
942 202 36 21 fri-

220 240 126 21 hetstidens
363 240 271 26 Konungaförsäkringar
649 240 116 27 inskärpte
781 239 48 20 äter
843 238 45 21 den
903 237 75 27 gamla

220 274 76 27 regeln
316 281 39 14 om
370 274 105 27 tjensters
491 274 134 21 besättande
641 274 81 20 endast
737 273 52 21 med
805 272 94 21 infödde
915 278 63 14 sven-

220 309 42 20 ske
277 309 62 26 män,
356 309 44 20 och
413 315 90 14 samma
518 308 58 27 regel
593 308 56 21 fann
665 308 66 21 äfven
747 307 92 27 uttryck
854 306 7 21 i
879 307 54 20 1772
942 305 36 21 års

221 343 181 26 Regeringsform
418 343 21 26 (8
457 343 33 26 10)
506 345 60 18 samt
582 342 135 27 Förenings-
732 342 44 21 och
787 340 190 22 Säkerhetsakten

222 377 25 20 af
262 377 25 20 är
304 377 54 20 1789
374 377 83 27 (punkt
474 378 26 26 1).

291 411 31 20 På
338 411 74 26 grund
428 411 25 21 af
466 411 66 21 dessa
548 411 142 27 stadganden
706 413 59 18 samt
780 411 13 26 &
806 411 12 19 2
830 409 7 21 i
851 409 128 26 Regerings-

222 446 90 21 formen
332 445 66 27 gälde
421 446 87 21 säledes
524 446 7 20 i
547 446 90 26 Sverige
653 445 44 21 och
714 444 99 21 Finland
829 443 74 21 under
917 443 61 20 tiden

221 481 103 20 närmast
351 480 47 21 före
424 480 111 21 Finlands
562 480 105 27 förening
694 479 51 21 med
772 478 115 28 Ryssland
903 477 76 21 säsom

221 515 118 26 grundlag,
356 517 32 18 att
402 515 59 20 riket
476 515 73 20 skulle
565 517 74 24 styras
654 514 52 21 med
717 513 94 22 infödde
820 513 97 20 svenske
927 511 52 27 (och

221 549 82 25 finske)
327 550 61 19 män.
420 549 68 21 Hvad
509 549 108 21 beträffar
640 548 118 28 inflyttade
782 547 153 26 utländingar,
955 545 24 22 sä

222 583 78 21 kunde
323 583 27 21 de
366 583 37 21 väl
419 583 71 21 blifva
506 583 99 22 svenska
621 583 135 21 undersåtar
772 581 108 27 antingen
897 586 82 21 genom

220 620 33 18 att
275 619 57 19 sätta
355 618 33 26 sig
411 617 44 22 ned
478 620 32 19 att
525 618 74 27 bygga
615 618 44 20 och
675 617 29 21 bo
720 617 7 20 i
743 616 90 26 Sverige
850 615 62 27 (eller
927 614 53 21 Fin-

221 652 63 26 land)
300 652 53 21 eller
369 652 43 21 ock
427 658 82 21 genom
526 652 92 27 formlig
633 651 182 21 naturalisation.
840 649 139 26 Härigenom

221 687 88 20 erhöllo
325 686 27 21 de
368 687 7 20 i
392 687 125 21 allmänhet
530 693 89 15 samma
631 687 130 26 rättigheter
769 692 51 15 som
831 685 73 20 andra
917 691 63 14 sven-

222 721 42 20 ska
288 721 144 26 undersätar;
455 728 53 14 men
524 723 43 19 rätt
583 723 32 19 att
630 721 98 21 bekläda
745 720 106 21 embeten
867 719 44 21 och
925 718 55 27 tjen-

225 757 45 18 ster
285 755 7 20 i
308 755 58 21 riket
381 755 61 27 fingo
458 755 28 21 de
501 756 57 26 icke,
574 758 65 19 utom
656 755 6 20 i
679 755 36 20 det
727 753 177 27 undantagsfall,
915 753 65 20 hvar-

222 796 39 14 om
278 789 91 27 stadgas
384 790 7 20 i
407 791 13 25 &
437 791 26 20 10
478 790 25 21 af
511 790 218 27 Regeringsformen,
745 789 55 21 eller
815 788 30 21 dä
861 788 76 26 nägon
949 789 31 18 ut-

223 823 83 21 ländsk
330 830 54 14 man
400 830 82 20 genom
499 825 94 26 lysande
610 825 44 20 och
670 826 61 19 stora
747 823 142 26 egenskaper
904 821 76 21 kunde

221 859 56 25 göra
293 858 57 21 riket
366 861 47 18 stor
428 859 70 20 heder
513 859 44 20 och
573 859 122 26 märkeligt
709 863 64 22 gagn.

292 893 35 19 Dä
350 899 31 13 nu
405 893 99 20 Finland
520 893 37 20 vid
573 893 89 20 landets
678 892 104 26 förening
798 891 53 21 med
868 890 113 28 Ryssland

222 926 46 20 fick
296 926 77 21 såsom
399 926 50 21 sina
473 927 138 27 grundlagar
634 927 91 20 behålla
746 926 28 20 de
791 925 139 27 grundlagar
945 924 36 20 det

222 960 62 21 förut
306 960 48 22 haft
377 960 153 22 tillsammans
553 961 52 21 med
629 960 96 27 Sverige,
741 960 26 21 sä
783 959 66 27 följer
864 958 73 26 häraf,
951 960 31 18 att

222 995 56 21 efter
299 995 75 21 denna
397 995 32 21 tid
453 996 6 20 i
476 996 97 20 Finland
589 995 73 27 gälde,
679 998 32 18 att
725 994 78 22 landet
819 994 74 20 skulle
909 995 72 25 styras

222 1028 53 21 med
294 1029 94 21 infödde
403 1030 74 20 finske
493 1031 61 24 män,
571 1032 60 18 samt
647 1031 32 19 att
693 1029 74 21 andra
783 1030 30 19 än
830 1027 87 21 sädana
932 1027 49 20 icke

222 1062 79 21 kunde
317 1063 23 21 få
355 1063 99 21 bekläda
470 1064 103 20 embeten
590 1064 44 20 och
650 1063 91 27 tjenster
757 1063 7 20 i
780 1062 85 26 landet,
881 1061 53 21 med
945 1061 37 20 det

223 1097 118 27 undantag
357 1097 77 27 likväl,
451 1105 49 13 som
517 1099 96 19 nämnes
629 1098 7 20 i
652 1099 13 25 $
682 1098 25 20 10
723 1098 24 20 af
761 1096 220 27 Regeringsformen.

223 1131 53 21 Med
300 1132 152 20 användande
474 1132 24 20 af
516 1138 28 14 en
565 1138 71 21 nyare
652 1131 145 27 terminologi
813 1130 78 21 kunde
907 1129 75 21 denna

223 1166 59 26 regel
298 1166 117 26 uttryckas
431 1166 104 26 sålunda,
551 1168 32 18 att
600 1166 111 21 Finlands
723 1166 123 20 Storfurste
858 1170 51 20 eger
922 1166 61 24 styra

222 1200 45 20 och
276 1200 55 20 råda
342 1200 53 20 med
406 1200 87 21 biträde
504 1200 24 21 af
538 1200 76 21 finska
625 1200 166 27 myndigheter,
802 1199 38 20 det
853 1200 25 18 är
889 1198 93 25 sådana,

222 1234 80 20 hvilka
325 1234 78 21 utöfva
426 1234 36 21 sin
485 1234 146 21 verksamhet
646 1234 69 26 enligt
730 1234 62 20 finsk
808 1233 43 26 lag,
867 1232 44 21 och
927 1231 56 21 hvil-

223 1268 43 20 kas
289 1268 149 21 innehafvare
460 1268 105 21 tillsättas
583 1266 45 24 och
644 1268 124 27 entledigas
785 1267 71 26 enligt
871 1266 60 21 finsk
947 1266 36 26 lag

222 1304 68 24 samt,
313 1302 52 21 med
389 1309 55 21 nyss
467 1303 101 20 nämnda
591 1303 124 26 undantag,
738 1302 57 20 böra
818 1307 56 15 vara
890 1300 93 21 infödde

222 1336 75 21 finske
314 1337 155 26 medborgare.

295 1371 143 27 Riktigheten
461 1372 69 20 häraf
549 1372 43 20 har
607 1372 50 20 icke
674 1372 70 20 heller
760 1370 131 27 ifrågasatts
906 1369 77 21 förrän

224 1405 30 27 på
282 1406 56 20 allra
362 1408 88 18 senaste
473 1406 39 26 tid,
536 1406 29 20 då
587 1406 51 20 från
661 1406 55 27 rysk
739 1405 50 21 sida
805 1404 39 21 det
859 1403 124 28 påstående

222 1440 127 21 framstälts
372 1442 32 19 att
427 1441 112 27 uttrycket
564 1441 109 21 »svenske
697 1442 66 19 män»
789 1440 6 20 i
814 1440 9 20 1
841 1438 104 28 punkten
961 1438 25 20 af
