1092 1761
262 138 25 19 18
462 137 84 22 Ständ.
563 137 40 23 Sv.
619 151 27 2 —
661 138 50 22 Bil.
727 138 20 22 I.

230 206 48 27 sigt,
295 206 131 27 uppdrogos
442 207 23 20 åt
479 207 172 21 vederbörande
669 207 192 26 landshöfdingar
876 207 6 21 i
899 207 27 21 de
941 207 49 27 län;

229 240 64 21 inom
316 241 78 20 hvilka
418 241 27 21 de
467 241 75 21 finska
565 244 126 25 trupperna
710 248 56 14 voro
783 241 108 27 förlagda.
921 235 66 34 Ånyo

229 275 133 27 upprättadt
376 275 26 21 år
418 276 62 26 1855,
492 275 94 27 indrogs
599 275 198 21 Kommissariatet
809 275 35 21 för
855 275 72 21 andra
935 276 53 26 gån-

229 314 42 20 gen
293 309 25 20 år
342 310 61 26 1868,
426 310 44 20 och
493 309 28 21 de
536 309 109 27 ärenden,
665 316 50 15 som
731 309 79 21 dittills
825 310 122 26 handlagts
963 310 25 20 af

229 342 134 28 detsamma,
386 344 128 21 fördelades
537 344 30 27 på
590 344 191 28 länestyrelserna
808 344 43 21 och
878 344 109 21 Senatens

229 377 217 28 Militieexpedition.

297 412 36 21 Att
348 412 71 22 också
434 413 38 21 det
488 413 98 21 militära
595 413 205 21 sanitetsväsendet
813 413 111 21 alltsedan
935 413 52 21 Fin-

229 446 66 21 lands
304 447 103 27 förening
415 447 53 21 med
478 447 171 27 Kejsaredömet
660 448 58 20 varit
727 447 173 22 underordnadt
911 447 75 20 finska

229 481 158 27 myndigheter
402 481 100 27 framgår
517 481 25 21 af
555 481 100 28 följande
672 482 203 27 omständigheter.
906 475 28 27 Åt
949 481 37 21 det

228 515 26 20 år
271 516 51 19 1811
339 515 113 22 inrättade
468 515 127 27 Collegium
612 516 115 21 Medicum
744 516 6 21 i
765 510 50 27 Åbo
827 515 159 22 anförtroddes

228 549 85 21 vården
336 550 44 20 och
401 550 118 21 inseendet
534 551 63 20 öfver
613 550 240 21 medicinalärendena
870 550 7 21 i
893 550 94 21 allmän-

228 584 38 20 het
291 585 73 26 »uppå
386 584 28 21 de
432 585 105 26 grunder,
554 592 50 13 som
620 585 70 26 enligt
705 585 105 26 gällande
827 585 160 25 författningar

228 619 40 20 äro
284 618 34 21 för
334 618 126 27 Collegium
479 618 115 21 Medicum
610 619 44 21 och
671 618 293 28 Seraphimerordensgillet
979 618 7 20 i

228 652 89 27 Sverige
340 653 120 21 utstakade
476 653 44 21 och
535 653 139 21 faststälde».
707 653 50 21 Och
773 653 30 21 dä
819 652 166 27 förvaltningen

227 686 25 21 af
266 686 43 22 den
333 687 99 21 militära
456 687 145 27 sjukvärden,
626 687 69 27 enligt
716 688 53 20 1797
787 687 36 21 ärs
840 687 145 26 instruktion,

228 721 68 27 lydde
305 722 73 20 under
386 722 37 20 det
430 722 98 21 svenska
537 722 127 26 Collegium
681 722 122 26 Medicum,
813 722 51 26 äläg
879 721 37 21 det
931 721 55 21 säle-

227 756 40 20 des
290 755 36 21 det
348 756 76 21 finska
443 756 229 26 medicinalkollegiet
688 758 32 19 att
736 756 67 21 äfven
819 756 80 20 utöfva
915 755 70 21 öfver-

226 790 118 20 inseendet
359 790 63 21 öfver
434 790 204 21 sanitetsväsendet
649 790 38 21 vid
699 791 75 20 finska
786 790 121 21 militären.
934 790 8 20 I
954 790 31 20 öf-

226 825 212 20 verensstämmelse
461 824 96 21 härmed
573 825 72 26 stodo,
667 825 68 27 enligt
751 824 196 22 instruktionerna
962 824 25 20 af

226 858 45 21 den
287 860 26 19 25
328 858 64 27 April
409 860 61 25 1839,
481 859 77 21 läkare
569 860 44 20 och
625 860 91 20 lasarett
731 859 38 21 vid
781 858 116 27 lifgardets
909 858 75 21 finska

226 893 249 27 skarpskyttebataljon
498 895 60 18 samt
582 894 54 19 1:sta
659 893 76 21 finska
757 893 140 27 sjöekipaget
912 893 73 20 under

226 927 234 26 generaldirektörens
468 927 35 20 för
512 927 201 21 medicinalverket
725 927 179 21 öfverinseende.
933 927 52 20 Vid-

226 961 140 21 kommande
376 961 104 27 slutligen
490 961 139 27 sjukvården
638 962 38 21 vid
687 962 28 21 de
728 962 86 20 indelta
825 961 159 27 bataljonerna

226 995 139 27 stadgades
357 991 14 36 i
381 996 84 26 nådiga
480 996 86 21 brefvet
581 996 26 21 af
619 996 45 21 den
681 997 26 20 19
720 996 43 27 juli
781 997 64 25 1860,
863 998 31 18 att
910 995 13 21 å
935 995 50 27 Kej-

226 1030 81 27 serliga
322 1030 98 21 Senaten
436 1030 86 21 ankom
538 1033 32 18 att
586 1031 109 20 förordna
711 1037 38 14 om
765 1030 145 27 densamma.
943 1029 41 21 Lä-

225 1064 180 27 karetjensterna
419 1064 39 21 vid
474 1064 28 21 de
513 1065 76 20 finska
599 1067 125 24 trupperna
735 1065 99 20 besattes
845 1064 138 20 åtminstone

225 1099 74 20 under
314 1099 27 20 de
357 1099 71 20 första
438 1099 152 20 decennierna
600 1099 55 20 efter
665 1099 26 20 år
703 1099 54 20 1809
770 1098 26 21 af
805 1098 179 26 Regeringskon-

225 1133 77 27 seljen,
318 1133 44 21 och
378 1133 63 20 såväl
457 1133 75 20 denna
547 1133 33 20 tid
596 1139 51 14 som
662 1133 96 20 derefter
773 1133 74 26 gälde,
863 1134 32 19 att
906 1132 77 21 veder-

224 1167 102 21 börande
342 1167 77 21 chefer
433 1167 39 20 vid
488 1167 152 27 upprättande
655 1167 26 20 af
689 1167 85 26 förslag
785 1167 33 20 till
829 1166 88 21 sådana
927 1166 56 26 tjen-

224 1204 46 18 ster
286 1201 54 27 egde
356 1202 43 20 hos
413 1201 240 27 medicinalkollegiets
665 1201 54 21 chef
726 1201 104 21 inhemta
842 1200 140 28 upplysning

224 1242 39 14 om
286 1235 28 21 de
330 1236 115 20 sökandes
466 1236 133 26 kunskaper
615 1236 44 20 och
674 1234 162 27 erfarenhet”).
852 1247 28 2 —
895 1234 37 21 Att
949 1234 35 21 för

293 1333 16 22 +)
323 1334 6 16 I
343 1334 68 16 sådant
423 1334 87 16 afseende
523 1334 30 16 må
565 1334 76 16 anföras
654 1333 112 21 stadgandet
779 1333 5 16 i
797 1332 12 22 &
822 1333 9 16 7
844 1333 21 15 af
875 1332 67 21 nådiga
955 1332 28 16 in-

223 1362 121 16 struktionen
356 1363 21 15 af
388 1363 35 16 den
437 1364 10 15 8
461 1363 89 16 Februari
564 1363 49 19 1816,
628 1362 35 16 der
675 1362 32 16 det
719 1362 64 16 heter:
797 1362 48 21 ,,och
858 1366 41 11 som
908 1361 29 16 till
949 1361 33 16 Re-

222 1392 192 19 gements-Fältskärs
421 1392 35 16 och
463 1392 59 16 andre
534 1392 122 20 Chirurgiske
665 1391 72 21 sysslor
745 1390 38 16 wid
793 1390 37 16 den
838 1390 70 16 Finska
917 1390 63 16 Natio-

222 1420 122 20 nal-Milicen,
351 1420 71 16 hwilka
432 1420 18 16 af
462 1420 28 16 Oss
496 1424 67 17 genom
575 1420 45 16 Wår
633 1419 185 22 Regerings-Conseil
832 1419 5 16 i
851 1418 62 17 Nåder
929 1419 53 16 bort-

221 1449 71 21 gifwas,
311 1449 41 20 inga
370 1449 60 16 andra
442 1450 46 16 böra
501 1450 5 15 i
520 1449 150 20 underdånighet
682 1448 87 16 anmälas
782 1457 23 3 —
817 1456 22 4 —
851 1452 32 14 —;
902 1447 20 17 så
934 1447 46 17 wele
