1092 1764
262 131 27 20 80
461 129 84 23 Ständ.
562 129 38 24 Sv.
617 143 28 2 —
662 130 46 23 Bil.
725 130 29 22 I.

234 199 44 20 den
301 200 13 19 8
336 199 94 27 Augusti
455 200 52 19 1872
524 200 126 27 uppställer
666 200 6 20 i
695 201 6 25 $
716 200 27 20 20
759 207 28 13 en
804 200 64 20 ålder
883 200 24 20 af
919 200 71 20 9—12

233 233 26 20 år
275 233 75 21 såsom
375 233 74 21 vilkor
472 233 34 21 för
529 233 88 21 inträde
640 234 6 20 i
670 234 239 23 elementarläroverk,
931 234 59 20 dock

234 267 52 21 med
310 269 43 19 rätt
376 268 35 20 för
426 267 138 22 läroverkets
580 268 156 21 föreståndare
752 270 32 19 att
800 268 6 21 i
822 268 169 26 undantagsfall

235 305 113 24 emottaga
371 302 66 21 äfven
462 302 62 21 äldre
547 303 79 20 elever.
658 303 46 20 För
719 302 272 21 folkskolläraresemina-

235 336 73 21 rierna
327 338 26 19 är
375 343 27 14 en
419 336 155 21 minimiälder
590 337 24 20 af
629 337 25 20 18
671 337 25 20 år
712 337 112 24 faststäld,
841 343 51 14 nien
908 337 83 26 många

235 371 73 20 elever
323 372 40 19 äro
385 371 38 20 vid
445 371 98 20 inträdet
559 370 6 21 i
582 371 164 20 seminarierna
762 371 53 20 vida
831 371 72 25 äldre;
919 370 73 21 under

235 405 133 20 nuvarande
393 405 159 20 förhållanden
575 405 64 20 torde
658 406 28 20 20
701 405 26 20 år
742 405 80 20 kunna
839 406 102 26 angifvas
958 405 33 20 så-

235 445 50 14 som
307 439 138 21 medelålder
469 439 37 20 vid
530 439 103 20 inträdet.
665 439 43 21 Det
730 441 26 18 är
772 439 88 21 således
879 440 64 24 klart,
960 442 32 18 att

232 473 86 27 jemväl
343 473 38 20 vid
404 473 97 21 utträdet
520 480 26 13 ur
562 473 233 27 läroinrättningarna
811 474 104 21 eleverna
930 474 62 20 inne-

235 507 69 21 hafva
321 507 61 21 olika
399 508 72 24 ålder;
487 507 43 21 och
547 510 31 18 ett
593 508 55 20 efter
664 508 27 21 de
708 507 75 21 skilda
798 508 194 26 inrättningarnas

237 542 80 21 kurser
333 542 86 26 afmätt,
436 542 29 27 på
481 542 98 21 förhand
596 542 114 21 bestämdt
725 542 99 21 anstånd
841 543 52 20 med
904 542 88 21 inträde

235 576 7 20 i
258 576 67 26 tjenst
349 577 72 20 skulle
445 577 59 26 förty
527 576 6 21 i
556 583 28 14 en
608 577 85 26 mängd
717 577 37 20 fall
772 577 65 20 ställa
854 577 34 26 sig
903 577 88 26 mycket

235 611 94 26 obilligt.

305 645 36 20 Att
357 645 37 20 det
409 645 74 21 skulle
499 647 62 18 möta
572 646 129 26 synnerliga
713 645 139 27 svårigheter
865 648 31 18 att
909 645 6 20 i
927 645 64 26 lagen

237 682 100 24 upptaga
353 680 44 20 alla
409 680 27 20 de
447 679 61 21 olika
522 680 133 20 läroverken
669 680 6 20 i
687 680 83 25 landet,
782 681 55 19 enär
848 686 45 21 nya
906 679 86 21 sådana

236 713 99 27 ständigt
358 714 137 26 tillkomma,
518 714 83 21 medan
625 714 47 21 åter
688 715 62 20 äldre
766 714 105 21 läroverk
887 714 103 27 upphöra

236 748 52 21 med
307 748 35 21 sin
358 749 153 24 verksamhet,
527 749 25 20 är
568 749 136 26 uppenbart.
734 742 18 27 Å
768 749 72 20 andra
857 748 64 21 sidan
938 755 53 14 vore

236 783 37 20 det
289 783 59 20 dock
364 783 73 25 äfven,
453 783 52 20 med
521 783 105 20 afseende
642 783 13 20 å
666 783 132 27 betydelsen
808 783 24 20 af
842 783 24 20 de
875 783 117 20 allmänna

237 817 179 26 medborgerliga
433 817 135 26 rättigheter,
584 817 79 20 hvilka
678 818 40 19 äro
734 817 114 20 beroende
859 817 25 20 af
890 817 101 26 åtnjuten

236 851 165 26 undervisning
416 851 39 21 vid
470 851 27 21 de
514 851 73 21 skilda
603 851 239 26 läroinrättningarna,
858 851 7 20 i
881 851 44 26 hög
937 851 55 26 grad

236 885 127 26 oegentligt,
379 892 38 14 om
433 885 64 27 lagen
514 885 79 21 endast
609 885 73 21 skulle
698 885 97 21 hänvisa
811 885 33 20 till
860 892 28 13 en
899 885 94 20 förteck-

240 919 55 26 ning
311 919 63 21 öfver
389 919 65 21 dessa
471 919 157 27 inrättningar,
645 927 51 13 men
713 919 140 21 öfverlemna
866 921 128 26 uppgöran-

236 953 37 21 det
297 953 24 20 af
342 953 135 21 densamma
502 954 22 20 åt
546 954 28 20 de
597 954 183 20 administrativa
796 953 195 28 myndigheterna.

236 988 57 21 Vida
318 989 132 26 lämpligare
473 989 42 20 har
537 989 36 20 det
597 991 63 24 synts
679 995 54 14 vara
749 991 38 23 att,
804 989 6 20 i
826 988 99 27 enlighet
941 988 50 21 med

236 1022 189 27 förfaringssättet
449 1023 6 20 i
478 1023 104 26 gällande
607 1023 42 26 lag,
672 1023 91 26 angifva
787 1023 81 20 endast
889 1023 26 20 de
931 1022 60 21 olika

236 1059 90 18 arterna
350 1057 25 20 af
396 1057 110 20 läroverk.
538 1057 33 20 Då
595 1057 70 20 likväl
688 1057 70 26 några
778 1057 26 20 af
816 1057 28 20 de
860 1057 6 20 i
883 1056 15 28 $
914 1056 29 23 32
960 1056 32 21 uti

236 1091 210 27 Värnepligtslagen
463 1091 150 27 uppräknade
629 1091 105 21 läroverk
745 1098 96 13 numera
853 1091 100 27 upphört
961 1093 32 18 att

237 1125 102 26 existera,
361 1126 83 20 medan
461 1126 47 20 åter
523 1125 53 21 flere
592 1132 45 21 nya
653 1125 111 26 läroverk,
782 1125 108 20 särskildt
905 1125 87 27 privata

237 1160 94 25 sådana,
354 1160 140 25 tillkommit,
511 1160 41 20 har
567 1167 27 14 en
612 1159 189 26 omformulering
817 1159 25 20 af
855 1159 138 20 bestämnin-

236 1199 70 20 garna
331 1193 5 20 i
354 1194 129 27 åberopade
500 1194 107 27 paragraf
620 1194 117 21 befunnits
753 1193 117 28 påkallad,
886 1193 107 21 särskildt

237 1227 6 20 i
268 1228 56 27 syfte
346 1230 32 18 att
401 1227 79 28 sjelfva
502 1229 64 26 lagen
590 1228 24 21 så
637 1229 98 26 generelt
750 1235 51 14 som
818 1227 87 27 möjligt
921 1227 72 21 skulle

237 1262 92 26 angifva
352 1262 188 21 läroanstalterna
562 1262 56 21 efter
640 1262 66 21 deras
722 1262 108 20 ändamål
847 1261 43 21 och
906 1261 88 20 kurser-

237 1303 42 14 nas
302 1296 99 27 omfång.
434 1296 7 20 I
466 1296 81 21 sådant
569 1297 106 20 afseende
696 1297 42 19 har
752 1297 14 25 8
781 1297 27 19 32
825 1295 168 26 omredigerats,

237 1330 96 21 hvarvid
350 1330 22 21 åt
388 1330 97 21 Senaten
501 1330 161 21 öfverlemnats
678 1333 32 18 att
724 1330 19 27 ej
760 1329 97 26 mindre,
874 1330 6 19 i
896 1330 98 25 enlighet

237 1365 53 20 med
313 1364 27 21 de
363 1365 6 20 i
393 1365 133 26 paragrafen
549 1365 92 26 angifna
664 1365 106 26 grunder,
786 1365 106 20 närmare
907 1364 86 20 fördela

237 1399 189 20 läroanstalterna
451 1399 25 20 af
495 1399 61 20 olika
580 1399 47 26 slag
650 1399 29 26 på
695 1399 27 20 de
739 1398 74 21 skilda
830 1398 163 26 kategorierna,

237 1434 30 19 än
295 1432 6 21 i
332 1433 189 20 förekommande
544 1433 38 20 fall
606 1433 86 27 pröfva,
716 1433 93 20 hvilken
829 1432 164 26 förkortning
982 1428 14 36 i
