1086 1761
273 127 39 20 102
589 126 22 23 U.
628 126 22 22 B.

241 194 116 28 genheter,
372 202 49 14 som
436 195 50 22 icke
502 195 47 22 afse
564 195 154 22 förhällandet
731 195 35 22 till
781 195 141 22 främmande
937 195 59 22 mak-

241 231 41 23 ter,
298 231 33 19 att
345 229 52 21 hela
412 229 69 22 rikets
497 229 112 22 intressen
624 230 65 21 skola
703 229 139 29 tillgodoses,
857 232 25 19 sä
897 230 99 22 kommer

241 263 63 22 detta
318 263 7 21 i
340 263 160 29 värkligheten
522 266 33 19 att
570 271 55 15 vara
645 264 110 29 liktydigt
770 264 52 21 med
836 265 113 27 yrkandet
964 267 31 19 att

241 296 69 22 äfven
325 299 51 20 värt
397 298 65 21 lands
479 298 48 21 inre
551 298 193 28 angelägenheter
760 298 70 26 skola,
846 300 24 20 sä
886 300 60 20 snart
964 301 32 19 ett

240 331 57 21 visst
319 331 131 23 förfarande
473 332 102 22 befinnes
597 336 58 18 mest
678 332 245 22 öfverensstämmande
945 333 49 21 med

240 365 163 29 kejsardömets
426 366 105 26 fördelar,
554 367 91 29 afgöras
661 367 8 21 i
684 366 101 29 enlighet
807 367 51 21 med
874 368 65 20 dessa
953 366 41 22 och

240 400 86 22 säledes
348 400 108 23 Finlands
479 404 46 19 rätt
548 402 43 21 och
613 401 75 22 fördel
710 402 53 20 vika
782 401 36 21 för
834 401 160 29 kejsardömets

240 433 115 23 intressen.

309 469 40 21 Ett
370 470 81 21 sädant
473 470 133 22 förfarande
629 473 25 18 är
669 470 124 21 emellertid
809 470 102 21 hvarken
926 469 68 22 erfor-

239 503 84 28 derligt
345 504 53 21 eller
421 504 246 22 öfverensstämmande
689 505 51 21 med
756 505 44 21 den
816 505 114 28 ställning,
946 511 47 15 som

241 539 55 20 1809
311 540 23 19 ät
348 538 98 23 Finland
461 539 185 22 tillförsäkrades.

308 573 131 26 Monarken,
455 573 68 22 hvars
539 574 63 21 makt
617 573 73 29 enligt
704 573 109 21 Finlands
824 574 138 28 grundlagar
969 577 24 18 är

238 606 151 22 vidsträktare
412 610 28 19 än
464 608 72 28 enligt
558 608 108 22 moderna
689 608 180 26 konstitutioner,
892 608 101 28 förfogar

238 641 115 28 nämligen
368 642 101 28 lagligen
484 642 69 22 redan
568 650 33 14 nu
619 642 64 22 öfver
699 650 27 14 en
742 644 25 20 sä
782 642 112 22 vidsträkt
909 642 62 22 makt
986 643 5 20 i

238 675 103 27 Finland,
357 678 33 20 att
405 676 45 22 han
465 677 45 21 kan
525 676 40 22 här
581 677 94 28 vidtaga
691 677 147 28 deätgärder,
850 684 48 14 som
908 680 38 18 äro
954 680 38 19 nö-

238 709 54 29 diga
306 710 36 22 för
357 711 199 28 upprätthällande
571 711 26 21 af
610 712 70 20 rikets
695 711 173 29 maktställning
878 713 114 26 gentemot

238 744 108 22 utlandet.
376 745 84 22 Därtill
475 746 107 25 kommer,
599 748 33 19 att
647 746 108 21 Finlands
770 745 50 22 folk
835 746 110 21 erkänner
957 746 34 21 sin

237 778 141 29 förpliktelse
394 782 32 19 att
442 780 94 28 bidraga
545 780 34 21 till
591 780 75 22 denna
673 780 184 28 maktställnings
865 780 126 22 bevarande

237 812 44 22 och
295 813 96 23 förvisso
408 814 68 22 äfven
487 814 115 29 framgent
613 815 57 21 skall
678 822 55 14 vara
740 814 76 28 villigt
824 816 33 19 att
864 814 36 22 för
908 822 83 14 samma

236 847 105 22 ändamäl
357 848 6 21 i
378 850 53 20 män
446 849 26 21 af
485 849 49 21 sina
555 849 87 21 krafter
657 851 68 26 ätaga
740 849 36 28 sig
789 849 133 28 ytterligare
936 856 55 21 upp-

236 881 111 29 offringar
361 883 73 28 enligt
449 883 121 22 rättvisans
587 883 42 22 och
646 883 144 28 billighetens
801 882 57 22 kraf.
883 883 107 21 Finlands

236 916 92 21 ständer
350 916 70 22 hafva
442 918 42 21 ock
507 918 39 21 vid
561 918 111 21 särskilda
687 917 105 22 tillfällen
807 917 51 21 med
869 917 122 28 anledning

236 949 27 21 af
274 950 126 27 yrkanden,
416 959 48 14 som
479 952 52 21 frän
547 953 65 28 ryskt
627 952 47 21 häll
689 951 79 29 gjorts,
784 952 85 21 lämnat
884 951 34 22 sin
931 951 58 21 med-

235 984 87 21 värkan
339 985 34 21 till
396 986 270 29 lagstiftningsätgärder.
682 994 48 13 som
746 986 79 21 endast
840 986 51 21 med
906 985 83 28 svärig-

235 1017 41 22 het
290 1018 87 23 kunnat
392 1020 112 22 försvaras
519 1020 60 22 inför
595 1021 44 21 den
654 1021 7 20 i
676 1021 78 21 landet
768 1020 100 21 rädande
878 1022 111 26 rättsupp-

235 1051 137 30 fattningen,
388 1055 42 21 och
446 1063 54 18 som,
516 1055 75 22 därest
607 1055 38 21 det
660 1055 50 21 icke
725 1055 59 21 hade
799 1054 47 28 gält
862 1056 33 19 att
909 1054 80 28 ädaga-

234 1085 70 30 lägga
318 1090 32 19 ett
366 1089 195 28 tillmötesgäende
580 1089 52 22 frän
647 1089 60 22 finsk
722 1089 54 25 sida,
792 1088 133 28 visserligen
940 1088 49 21 icke

234 1121 74 22 skulle
322 1123 120 27 godkänts.

303 1156 73 22 Yrkas
392 1157 38 22 det
445 1166 31 13 nu
492 1158 7 21 i
514 1158 73 28 grund
605 1158 27 21 af
640 1158 108 21 Finlands
759 1157 106 29 politiska
876 1157 113 27 ställning,

234 1191 34 19 att
289 1191 130 27 monarken,
442 1192 91 22 utöfver
555 1192 43 22 den
621 1192 128 21 makt'han
765 1191 69 21 redan
850 1198 59 21 eger,
925 1190 63 26 skall,

233 1226 43 18 när
290 1224 59 22 hälst
372 1226 69 22 rikets
457 1227 110 21 intressen
589 1234 66 14 anses
670 1226 82 22 kräfva
775 1226 45 26 det,
835 1226 77 20 kunna
934 1226 54 20 utan

232 1258 140 23 medvärkan
388 1260 26 22 af
426 1261 108 21 Finlands
557 1261 92 21 ständer
671 1260 92 22 utfärda
777 1260 39 28 lag
830 1262 34 19 att
879 1260 60 28 gälla
953 1259 35 21 för

232 1292 109 23 Finlands
357 1294 55 26 folk,
429 1295 86 22 säledes
538 1295 45 28 lag,
599 1302 49 14 som
667 1295 93 28 älägger
776 1294 38 22 det
828 1294 74 21 finska
917 1293 70 22 folket

232 1327 44 21 och
298 1328 73 22 finska
394 1330 159 28 myndigheter
575 1330 80 21 hvilka
677 1328 153 29 förpliktelser
853 1336 48 14 som
922 1327 65 26 hälst,

231 1368 50 15 som
299 1363 65 21 dessa
386 1364 112 21 intressen
520 1371 65 14 anses
604 1364 83 25 fordra,
711 1365 24 19 sä
750 1366 26 18 är
798 1362 61 22 detta
874 1362 113 22 stridande

230 1399 49 19 mot
301 1398 44 22 den
367 1398 107 28 politiska
495 1398 115 28 ställning,
634 1405 49 14 som
699 1400 55 19 1809
776 1396 146 22 tillerkändes
936 1396 51 21 Fin-

300 1444 140 23 Lagutskottets
453 1444 121 17 betänkande.
