1086 1756
251 137 41 20 134

672 204 15 28 $
701 206 34 20 32.

469 251 110 25 Personer,
601 257 46 14 som
669 250 120 27 innehafva
803 250 173 20 nedannämnda

426 284 196 28 bildningsgrader,
634 285 92 27 åtnjuta,
738 284 29 21 dä
778 284 25 21 de
815 286 77 25 utgöra
903 285 74 19 värne-

422 319 83 27 pligten
522 319 51 27 efter
584 319 99 27 lottning,
699 319 116 27 förkortad
830 318 104 28 tjenstetid
940 325 37 13 en-

425 353 39 27 ligt
477 353 98 27 följande
589 354 107 26 grunder:

468 388 24 27 1)
507 388 44 26 De,
576 394 58 14 som
649 388 174 27 genomgått
837 388 139 26 fullstän-

424 422 48 27 dig
495 422 70 20 kurs
587 422 8 20 i
610 422 90 26 högre
714 422 165 27 folkskola,
896 422 81 27 lägre

424 457 313 24 elementarläroverk,
783 456 72 20 eller
895 456 81 27 lägre

423 490 83 21 skola
529 490 47 27 för
600 490 117 25 handel,
736 490 117 27 sjöfart,
877 490 98 20 landt-

424 524 80 27 bruk,
532 524 132 21 industri
693 525 71 20 eller
788 525 72 20 skön
884 525 91 24 konst,

424 559 72 20 eller
511 559 51 20 ock
577 559 397 27 aflagtmotsvarandekun-

423 593 167 28 skapsprof,
607 593 80 27 tjena
703 593 8 20 i
725 593 82 20 aktiv
830 593 144 27 tjensttvä

423 628 33 20 år
470 627 51 20 och
537 627 48 21 vid
599 634 135 14 reserven
751 628 63 20 åtta
830 628 37 20 år.

466 662 24 27 2)
513 662 117 24 Deysom
649 663 174 26 genomgått
837 662 44 27 sju
899 662 74 20 klas-

422 702 45 14 ser
482 695 8 21 i
504 696 202 27 fullständigt
721 697 121 26 lyceum,
858 697 70 20 eller
943 696 31 20 de

422 731 157 20 allmänna
602 731 159 20 klasserna
785 730 7 21 i
809 730 103 27 finska
928 731 44 20 ka-

422 764 164 25 dettkåren,
603 765 74 20 eller
691 765 281 27 folkskollärarese-

423 798 170 25 minarium,
610 799 72 20 eller
704 799 79 27 högre
799 799 90 27 yrkes-
901 799 71 20 eller

423 833 182 25 konstskola,
635 834 71 19 eller
730 833 98 27 aflagt
852 835 120 19 motsva-

423 867 91 20 rande
528 867 235 28 kunskapsprof,
780 868 79 27 tjena
875 867 99 21 iaktiv

424 901 88 27 tjenst
527 903 38 19 ett
580 903 32 19 år
627 902 50 20 och
693 909 49 14 sex
759 902 139 20 månader
908 903 67 20 samt

423 935 43 20 vid
480 942 111 14 reserven
607 937 54 20 åtta
678 937 29 20 år
722 936 48 21 och
786 943 44 14 sex
843 937 129 20 månader.

465 969 23 27 3)
504 970 43 24 De,
563 977 54 13 som
636 970 210 20 vunnitinträde
859 970 43 20 vid
916 965 56 35 uni-

422 1003 153 21 versitetet
599 1004 73 20 eller
694 1004 214 28 polytekniska
934 1004 38 20 in-

421 1037 124 27 stitutet,
576 1039 71 19 eller
680 1040 172 26 genomgått
881 1039 91 20 landt-

422 1072 219 21 bruksinstitut
670 1074 73 20 eller
768 1073 117 20 dermed
907 1073 66 27 jem-

420 1106 110 27 förligt
553 1107 141 21 läroverk
716 1108 49 26 för
781 1109 94 19 annat
891 1108 81 26 prak-

421 1140 73 20 tiski
518 1141 70 26 yrke
611 1142 72 20 eller
698 1142 72 20 skön
787 1142 92 24 konst,
895 1142 77 27 tjena

421 1174 105 21 iaktiv
548 1175 90 27 tjensi
657 1177 38 19 ett
709 1177 31 19 är
756 1176 50 20 och
823 1176 48 20 vid
886 1182 86 14 reser-

422 1215 50 13 ven
489 1208 48 21 nio
553 1210 37 20 är.

463 1236 17 26 Ä
506 1243 127 21 Senaten
659 1244 170 20 ankommer
855 1245 24 26 ej
904 1245 67 20 min-

420 1276 48 21 dre
493 1278 43 20 att
556 1279 139 19 närmare
715 1278 117 28 fördela
856 1279 115 21 läroan-

419 1312 148 20 stalterna
589 1312 34 27 af
642 1312 80 21 olika
743 1313 70 27 slag,
830 1314 85 20 säväl
934 1314 37 27 of-

419 1345 130 27 fentliga
574 1353 57 13 som
659 1346 144 28 enskilda,
823 1348 36 26 pä
882 1348 88 26 ofvan

420 1379 129 27 anförda
565 1382 42 18 tre
623 1380 176 28 kategorier,
815 1382 34 20 än
867 1382 49 20 ock
932 1384 41 19 att

420 1412 8 21 i
448 1414 242 26 förekommande
715 1415 60 27 fall
797 1415 96 27 enligt
911 1416 33 21 de
965 1417 7 20 i

419 1447 97 22 denna
531 1448 16 28 $
561 1448 126 29 angifna
709 1450 132 26 grunder
855 1450 115 28 afgöra,
