1092 1731
438 199 47 21 Den
508 199 115 27 personela
643 200 218 27 värnepligtstungan
877 200 6 21 i
898 199 92 22 Finland

370 233 38 21 och
425 233 6 21 i
447 233 164 28 Kejsaredömet
626 234 55 21 skall
696 235 107 26 utjemnas
819 234 92 22 sålunda
926 235 33 20 att
971 233 22 22 af

368 267 152 28 befolkningen
536 269 7 20 i
560 268 91 22 Finland
671 270 86 26 uttages
773 269 99 27 rekryter
886 269 8 21 i
909 275 82 15 samma

370 303 227 26 procentförhållande
620 303 32 22 till
676 304 85 21 antalet
775 303 133 28 besigtigade
923 309 46 16 som
984 303 7 21 i

369 337 170 28 Kejsaredömet,
556 338 89 21 hvarvid
661 338 42 21 den
719 338 102 27 behöriga
831 337 160 28 rekrytkontin-

369 374 80 25 genten
466 373 61 26 skall,
544 373 67 21 sedan
629 373 26 22 de
669 373 70 22 finska
755 375 121 26 trupperna
885 373 106 27 komplet-

370 407 77 26 terats,
472 407 105 22 anställas
592 408 8 21 i
615 408 68 27 tjenst
698 408 35 21 vid
749 408 26 21 de
790 408 7 21 i
813 408 92 21 Finland
921 407 70 22 äfven-

370 447 46 15 som
431 441 7 21 i
455 441 25 22 de
496 441 72 22 dertill
583 444 98 19 närmast
695 443 92 26 belägna
802 443 153 26 guvernement
971 441 24 22 af

370 475 172 28 Petersburgska
559 471 10 38 —
577 477 194 22 militärdistriktet
800 477 97 27 förlagda
927 477 65 27 ryska

372 512 102 25 trupper;

440 545 8 21 i
464 545 95 28 enlighet
574 546 89 21 härmed
678 547 55 21 skall
749 548 40 19 art.
808 547 10 20 7
835 546 7 21 i
858 546 36 21 det
909 545 32 22 till
956 552 36 14 ur-

372 579 54 21 tima
433 579 143 28 landtdagens
585 581 133 27 granskning
727 581 156 21 öfverlemnade
889 580 104 27 förslaget

372 614 32 21 till
428 615 170 28 värnepligtslag
621 615 34 22 för
676 615 92 22 Finland
785 616 78 21 ändras
879 615 39 22 och
933 616 60 21 kom-

370 649 106 27 pletteras
499 650 48 21 med
563 656 26 15 en
606 650 143 27 anmärkning
772 650 66 28 enligt
853 649 94 28 följande
962 649 31 28 ly-

372 683 68 22 delse:

440 719 56 21 Art.
517 720 19 21 7.
568 719 89 22 Antalet
679 720 112 27 manskap,
815 725 46 16 som
885 719 108 22 erfordras

371 753 33 22 för
420 754 89 27 uppbåd
520 754 32 21 till
564 754 133 27 krigstjenst,
708 754 129 22 bestämmes
849 754 80 27 årligen
938 759 55 16 sam-

372 788 68 27 tidigt
462 789 48 20 med
525 788 164 22 fastställandet
705 789 24 21 af
743 789 82 21 antalet
840 789 105 26 manskap
961 788 33 21 för

371 822 49 22 hela
436 823 86 22 arméns
536 823 176 28 komplettering,
729 823 66 28 enligt
805 823 189 27 Krigsministerns

372 857 109 22 allmänna
504 857 82 28 förslag
609 858 112 27 angående
745 858 60 21 detta
824 857 68 22 behof.
923 857 72 27 Sagda

372 891 81 28 förslag
469 893 123 26 stadfästes,
608 893 29 26 på
652 893 160 26 framställning
826 892 23 21 af
857 892 137 27 Krigsminis-

372 928 56 25 tern,
444 927 8 21 i
468 927 40 21 den
531 927 35 22 för
585 927 164 27 lagstiftningen
765 927 29 27 på
809 927 61 21 detta
885 927 88 21 område
987 926 8 21 i

373 961 164 27 Kejsaredömet
552 961 100 28 gällande
666 962 91 27 ordning
769 961 38 22 och
819 961 108 22 meddelas
937 961 58 21 Diri-

373 996 96 27 gerande
484 995 94 22 Senaten
594 1002 77 21 genom
686 995 70 28 Nådig
771 996 66 21 Ukas.

442 1030 42 22 Vid
509 1031 153 27 uppgörandet
689 1031 23 21 af
731 1031 82 26 förslag
836 1030 110 27 angående
969 1030 26 21 de

374 1064 71 23 finska
462 1067 131 25 truppernas
611 1065 68 27 årliga
686 1065 169 27 komplettering
863 1071 50 20 eger
921 1065 74 27 Krigs-

374 1100 114 21 ministern
505 1102 51 25 taga
571 1100 84 27 hänsyn
672 1100 32 21 till
720 1100 26 21 de
761 1099 48 22 från
826 1099 169 28 Generalguver-

375 1136 68 19 nören
468 1134 38 22 och
529 1135 217 21 Kommenderanden
769 1136 121 25 trupperna
912 1134 7 21 i
935 1134 61 21 detta

374 1168 103 22 afseende
492 1169 103 22 inkomna
611 1169 116 27 uppgifter.

443 1203 191 28 Anmärkning.
665 1203 32 22 De
720 1203 55 22 efter
797 1203 26 22 de
845 1203 70 21 finska
934 1204 62 26 trup-

374 1244 80 20 pernas
470 1238 169 27 komplettering
655 1238 138 22 återstående
809 1238 98 26 rekryter
915 1237 81 22 anstäl-

373 1272 39 26 las,
436 1279 76 20 genom
535 1273 190 27 Krigsministerns
747 1272 133 27 förfogande,
903 1272 7 21 i
929 1272 68 27 tjenst

374 1306 36 22 vid
427 1307 27 21 de
470 1307 64 27 ryska
550 1309 98 25 trupper,
664 1314 46 14 som
727 1309 37 19 äro
779 1307 98 27 förlagda
888 1307 7 21 i
905 1306 92 22 Finland

374 1341 52 21 eller
442 1342 71 21 dertill
528 1343 99 20 närmast
641 1342 92 27 belägna
749 1345 156 24 guvernement
921 1341 23 21 af
957 1341 40 21 Pe-

375 1376 143 27 tersburgska
533 1376 202 26 militärdistriktet;

446 1410 41 22 den
510 1411 63 21 ofvan
589 1411 88 27 angifna
692 1411 104 27 åtgärden
811 1410 33 22 för
859 1411 138 27 utjemnande

374 1445 23 21 af
411 1445 41 21 den
469 1446 113 26 personela
604 1446 219 28 värnepligtstungan
839 1445 55 22 skall
909 1446 88 27 bringas
