1086 1770
259 149 26 20 66
567 148 29 22 U.
612 148 28 22 B.

227 217 127 27 pligtslagen
376 217 48 21 sker
445 217 93 21 nämnda
557 217 121 27 fördelning
697 217 53 27 efter
768 217 219 27 uppbådsförrättnin-

227 257 49 20 gen,
291 251 7 20 i
313 251 130 21 förhållande
459 251 30 21 till
505 251 159 27 sammanlagda
680 251 78 21 antalet
773 251 22 21 af
810 251 54 26 dem,
880 251 70 21 hvilka
965 252 21 25 a)

229 285 113 28 undergått
357 285 95 27 lottning,
473 285 18 25 b)
507 285 57 21 förut
582 286 76 27 uttagit
677 285 39 22 lott
731 285 31 21 till
777 285 58 21 aktiv
851 286 68 27 tjenst,
935 292 50 14 men

228 319 83 22 erhållit
327 320 90 27 uppskof
432 320 31 21 till
477 320 56 21 årets
545 320 91 27 uppbåd,
653 322 54 19 samt
722 322 18 23 c)
754 320 46 21 från
814 320 118 27 lottningen
942 320 42 20 för-

227 353 93 22 fallolöst
338 354 106 21 uteblifvit
459 355 21 26 ($
497 354 32 27 76,
546 354 66 27 enligt
628 355 48 20 dess
690 355 82 26 lydelse
787 355 7 20 i
809 354 118 28 Kejserliga
942 354 43 21 för-

228 388 119 27 ordningen
362 388 40 21 den
419 389 26 20 20
461 388 121 21 November
598 389 68 26 1882).

297 423 39 20 3:0.
365 422 47 21 Den
436 423 76 20 minsta
535 423 124 21 territoriala
682 423 89 21 enheten
792 423 35 20 vid
846 423 138 27 uppbådsför-

226 456 120 27 rättningen
367 456 69 21 blefve
455 456 197 28 uppbådsområdet,
668 457 79 21 hvilket
762 457 88 20 likasom
867 463 27 14 nu
912 457 72 21 kunde

227 490 88 21 omfatta
331 497 26 14 en
372 491 52 21 eller
439 491 50 21 flere
505 491 127 21 kommuner
648 493 54 19 samt
716 491 46 21 icke
778 491 56 27 finge
849 491 63 21 hafva
928 491 56 21 min-

227 525 36 21 dre
284 527 26 19 än
331 526 61 26 5,000
413 526 51 20 eller
481 526 5 20 i
503 526 57 26 regel
576 532 45 14 mer
636 528 27 18 än
679 526 96 26 omkring
791 526 75 25 50,000
882 526 101 21 invånare

226 560 45 25 (art.
289 560 39 26 55).
358 560 72 27 Enligt
445 560 97 27 gällande
558 560 171 27 Värnepligtslag
744 560 58 20 delas
818 560 165 27 uppbädsomrä-

226 594 36 20 det
280 594 31 20 uti
326 594 50 20 flere
392 594 208 27 lottningsomräden,
618 595 60 20 hvart
693 594 38 21 och
747 596 29 19 ett
792 594 147 21 motsvarande
955 601 26 14 en

226 628 109 27 kommun,
357 628 52 21 dock
430 628 88 21 sälunda
539 631 30 18 att
588 628 102 21 kommun
712 628 47 21 med
780 628 82 21 mindre
878 630 26 19 än
920 629 62 26 2,000

225 662 102 21 invänare
343 663 138 21 sammansläs
496 663 48 21 med
560 665 93 18 närmast
668 663 53 20 intill
738 663 88 27 belägen
838 663 100 20 kommun
950 663 30 20 till

225 699 30 18 ett
270 697 188 27 lottningsomräde
473 698 21 26 (S
510 698 38 25 71).

295 731 134 21 Beträffande
455 732 105 21 olikheten
588 731 91 22 emellan
703 732 25 21 de
753 732 6 20 i
783 731 196 28 Värnepligtslagen

226 766 11 21 å
261 772 40 14 ena
323 768 54 18 samt
400 766 40 21 den
464 766 74 27 nådiga
562 767 156 26 propositionen
734 766 27 27 pä
776 766 41 21 den
837 766 65 20 andra
919 766 61 20 sidan

224 800 105 27 ingäende
351 799 157 22 föreskrifterna
529 801 89 21 rörande
637 801 40 21 den
698 801 98 21 inbördes
815 801 116 26 ordningen
947 801 35 20 för

224 835 149 26 besigtningen
389 835 39 20 och
443 835 117 27 lottningen
576 837 67 24 yttrar
658 835 42 21 den
716 835 83 25 komitö,
815 841 45 14 som
873 835 106 20 förberedt

225 869 170 27 propositionens
417 869 219 28 författningsförslag,
651 870 7 20 i
679 869 143 27 förklaringen
846 869 30 21 till
892 871 36 19 art.
945 870 35 25 32,

224 904 30 20 att
279 903 111 20 hvartdera
408 903 20 20 af
452 903 144 27 ifrägakomna
620 905 80 25 system
725 904 37 20 har
787 904 46 20 sina
858 904 123 26 förtjenster

223 938 40 20 och
286 937 81 26 brister,
389 938 46 20 sina
456 938 112 20 teoretiska
591 938 39 21 och
649 938 106 27 praktiska
771 937 97 25 fördelar,
883 940 51 18 utan
950 939 30 19 att

221 971 97 21 komitén
334 972 53 20 dock
403 972 56 20 velat
473 972 49 27 ingå
537 972 7 20 i
560 972 132 21 bedömande
704 972 68 26 häraf;
786 972 116 26 hvarjemte
913 972 67 20 komi-

222 1007 35 19 tön
274 1006 35 20 vid
325 1008 37 18 art.
379 1006 39 20 101
435 1006 67 20 säsom
519 1006 45 21 skäl
578 1006 33 21 för
625 1006 129 28 lottningens
770 1006 154 21 verkställande
934 1006 47 21 före

223 1040 146 27 besigtningen
393 1040 60 21 anför
475 1043 35 24 att,
532 1041 77 21 medan
630 1041 66 27 enligt
715 1041 98 26 gällande
832 1040 56 21 finsk
903 1040 33 27 lag
952 1047 25 14 en

222 1074 154 21 administrativ
396 1074 129 28 myndighet,
545 1075 227 27 värnepligtsnämden,
785 1075 59 25 afgör
854 1074 125 21 hufvudfrä-

221 1115 48 20 gan,
285 1108 107 28 nämligen
409 1109 60 20 hvem
485 1116 46 14 som
546 1109 54 21 skall
615 1109 82 21 inträda
708 1110 8 19 i
728 1110 64 26 tjenst
803 1109 39 20 och
852 1109 62 20 hvem
925 1108 54 26 icke,

222 1142 71 21 denna
307 1142 59 28 fråga
382 1143 6 20 i
404 1142 159 28 Kejsaredömet
578 1143 83 27 afgöres
675 1150 76 20 genom
760 1143 97 27 lottning,
869 1143 109 21 äfvensom

221 1179 36 24 att,
281 1176 26 21 dä
327 1177 35 21 det
382 1177 69 21 finnes
472 1184 26 14 en
519 1178 83 26 allmän,
619 1178 71 26 hvarje
707 1177 111 21 undersäte
831 1177 97 27 gällande
943 1177 36 27 lag

221 1218 34 14 om
274 1211 108 27 personlig
400 1212 122 27 värnepligt,
541 1212 111 27 lösningen
671 1212 21 20 af
710 1211 138 21 omförmälda
867 1211 58 27 fräga
941 1211 38 21 bör

221 1245 141 21 öfverlemnas
382 1246 22 20 ät
422 1246 79 20 enhvar
519 1246 139 27 personligen.
690 1246 114 20 Dessutom
824 1245 99 27 upplyser
942 1245 36 21 ko-

220 1279 66 21 miten
309 1282 29 18 att
361 1280 110 20 enahanda
494 1280 90 28 ordning
607 1286 49 15 vore
679 1280 68 21 införd
768 1280 33 20 vid
818 1280 41 20 alla
874 1280 103 20 arméer
963 1275 17 38 i

220 1313 91 27 Europa.

290 1347 63 21 Emot
368 1348 70 21 denna
454 1349 162 26 knapphändiga
632 1348 126 27 motivering
770 1347 34 21 mä
817 1347 130 20 framhällas:

289 1383 30 19 att
345 1383 230 27 värnepligtsnämdens
598 1382 117 28 inflytande
737 1384 23 19 är
783 1381 129 28 fullkomligt
933 1381 43 21 lika

219 1416 160 27 betydelsefullt
395 1418 5 20 i
417 1418 110 20 hvartdera
546 1418 63 27 fallet.
626 1420 50 18 enär
692 1418 35 20 det
739 1419 23 19 är
773 1416 204 28 besigtningsresul-
