1092 1739
244 103 28 21 40
525 102 85 23 Ständ.
627 101 38 23 Sv.

522 205 148 23 Landtvärnet.

288 277 85 28 Enligt
400 275 18 34 $
445 273 31 27 19
503 277 7 21 i
538 277 119 28 gällande
685 276 205 29 Värnepligtslag
911 275 64 22 skall

218 311 170 29 värnepligtig
414 311 63 23 efter
505 311 110 22 afslutad
643 311 128 29 tjenstetid
794 311 43 22 vid
856 317 119 16 reserven

218 345 136 22 inskrifvas
382 345 42 22 vid
452 346 171 26 landtvärnet,
643 346 45 21 der
706 346 51 21 han
776 345 119 22 kvarstär
913 345 63 22 intill

217 379 80 29 fyllda
315 379 92 29 fyratio
427 381 35 21 är.

288 414 190 29 Förändringen
496 415 25 22 af
533 415 263 22 reservinstitutionen
809 415 167 22 sammanstär

219 449 57 22 med
301 449 79 22 sädan
407 449 150 30 förändring
575 449 161 23 beträffande
754 449 168 26 landtvärnet,
942 451 35 20 att

219 483 37 23 till
284 483 137 22 detsamma
449 484 156 22 omedelbart
623 484 142 22 öfverföras
785 484 30 22 de
835 484 141 29 värneplig-

219 518 57 29 tige,
304 518 86 22 hvilka
412 519 33 28 pä
464 519 83 28 grund
568 519 25 22 af
610 519 142 28 lottningen
770 519 54 22 icke
843 519 107 22 inkallas
969 519 7 21 i

220 553 70 22 aktiv
309 553 83 28 tjenst.
425 553 92 22 Vidare
536 553 72 22 skola
627 553 36 22 till
681 553 163 22 landtvärnet
856 553 120 22 hänföras

220 587 38 26 de,
277 593 52 16 som
349 587 101 22 afslutat
469 588 38 21 sin
520 588 77 28 tjenst
610 588 43 21 vid
667 588 31 22 de
711 588 105 22 stäende
829 590 146 25 trupperna.

289 621 87 29 Enligt
394 622 48 22 den
461 622 94 29 nädiga
571 623 204 28 propositionens
788 622 96 29 förslag
897 622 81 22 skulle

219 656 162 22 landtvärnet
408 657 103 22 omfatta
539 657 43 22 tvä
606 657 154 28 kategorier:
784 663 31 16 en
834 657 85 26 första,
937 657 41 21 be-

220 691 104 21 stående
354 691 24 21 af
405 691 62 26 dem,
494 698 53 15 som
575 691 136 22 öfverförts
738 691 58 22 från
824 691 31 22 de
874 691 103 22 stående

220 726 145 27 trupperna,
378 725 46 22 och
438 725 25 22 af
475 725 31 22 de
519 726 193 29 värnepligtige,
727 725 87 22 hvilka
827 725 54 22 icke
895 725 84 29 dragit

220 759 46 22 lott
294 759 35 22 till
358 759 69 22 aktiv
455 761 81 28 tjenst,
564 767 56 15 men
643 761 109 21 derefter
771 760 43 22 vid
833 760 145 29 besigtning

220 793 129 23 befunnits
368 794 56 22 fullt
442 794 102 29 duglige
559 795 35 21 till
607 795 158 28 krigstjenst,
780 796 65 20 samt
857 801 31 15 en
899 794 80 22 andra

220 828 122 29 kategori,
361 828 153 23 omfattande
534 829 49 22 alla
602 829 81 29 öfriga
702 829 55 22 icke
771 829 36 22 till
821 829 69 22 aktiv
904 830 75 27 trupp

221 862 125 23 hänförda
365 863 160 28 uppbädade,
546 863 57 22 med
621 864 132 28 undantag
772 863 90 22 endast
876 863 25 22 af
914 863 64 26 dem,

223 903 69 16 »som
320 897 42 22 vid
390 897 144 30 besigtning
552 898 34 28 pä
613 898 84 29 grund
720 898 25 22 af
764 899 65 27 yttre
849 897 131 22 utseendet

222 933 95 20 ansetts
336 931 150 30 fullkomligt
505 932 148 29 oförmögne
673 934 36 20 att
727 932 63 22 bära
810 939 105 21 vapen».

293 965 142 23 Ständerna
463 967 76 21 hafva
560 968 81 21 ansett
660 967 42 22 det
721 973 63 16 vara
803 966 122 29 riktigare
944 967 36 21 att

222 1000 112 22 vidhålla
362 1001 48 21 den
438 1001 7 21 i
473 1001 117 28 gällande
609 1001 206 29 Värnepligtslag
835 1001 144 28 tillämpade

222 1035 178 28 grundsatsen,
416 1037 34 20 att
470 1035 171 29 fullgörandet
661 1035 24 22 af
703 1035 145 29 värnepligt
867 1035 47 22 bör
932 1035 48 22 for-

222 1069 60 21 dras
302 1069 89 22 endast
411 1069 25 21 af
454 1070 96 22 sådana
563 1077 130 21 personer,
708 1077 53 15 som
775 1069 130 22 befunnits
918 1076 62 14 vara

222 1102 56 22 fullt
305 1103 104 29 dugliga
436 1104 36 22 till
500 1104 156 28 krigstjenst.
693 1104 92 22 Derför
808 1104 78 22 hafva
910 1103 71 22 Stän-

222 1137 80 22 derna
321 1138 53 21 icke
393 1138 83 22 funnit
494 1138 42 22 det
555 1138 157 26 motiveradt,
731 1140 36 20 att
786 1144 31 16 en
837 1138 80 22 sådan
931 1138 50 22 sär-

222 1171 66 23 skild
316 1178 83 22 grupp
428 1172 79 22 skulle
535 1172 82 22 bildas
645 1173 67 21 inom
739 1172 170 26 landtvärnet,
928 1179 53 15 som

221 1212 62 22 nyss
302 1206 109 22 nämnda
431 1207 79 21 andra
528 1207 123 28 kategori.

292 1240 11 22 I
326 1241 110 29 enlighet
454 1241 57 22 med
530 1242 49 21 den
598 1242 93 28 nådiga
710 1241 205 29 propositionens
934 1241 47 22 för-

222 1274 56 29 slag
305 1275 47 21 har
380 1275 194 29 åldersgränsen
594 1276 39 22 för
651 1276 170 22 kvarstående
841 1276 43 21 vid
903 1276 79 22 landt-

222 1309 92 22 värnet
332 1309 82 22 blifvit
432 1310 122 22 utsträckt
573 1310 36 22 till
627 1310 132 29 fyratiotre
779 1310 36 22 år.

293 1344 86 28 Enligt
405 1350 74 16 mom.
501 1344 11 22 1
534 1344 26 22 af
578 1342 17 34 $
615 1341 37 27 20
671 1344 8 22 i
697 1344 119 29 gällande
834 1344 43 28 lag
895 1344 87 21 kunna

222 1378 190 22 värnemännen
443 1378 104 22 »endast
575 1379 42 22 vid
636 1378 127 30 fiendtligt
781 1378 71 22 infall
871 1378 8 22 i
897 1378 86 22 landet

222 1412 135 28 uppbådas
382 1412 35 22 till
436 1413 58 22 dess
512 1413 123 22 försvar».
674 1413 176 28 Affattningen
871 1412 24 22 af
914 1412 68 22 detta
