1092 1753
246 131 28 20 26
529 129 86 23 Ständ.
631 129 38 23 Sv.

218 202 86 28 någon
332 208 34 22 ny
394 201 160 29 bestämning
583 201 94 25 afsetts,
708 207 56 15 men
789 200 42 22 det
850 200 71 22 torde
941 207 35 15 er-

218 236 99 22 kännas
342 242 63 16 vara
430 236 131 28 tillbörligt
581 237 34 21 att
634 235 169 29 uttryckligen
822 236 99 28 utsäga,
942 236 34 20 att

219 271 43 21 det
290 272 27 20 är
342 271 7 21 i
374 270 83 22 denna
481 270 43 29 lag
548 270 49 22 den
617 270 185 28 värnepligtige
820 269 83 22 finner
922 269 54 21 sina

219 305 149 29 rättigheter
396 305 44 21 och
470 305 173 28 skyldigheter
673 304 142 22 utstakade.
853 304 123 28 Tillägget

219 341 142 20 motsvarar
379 339 40 22 för
437 339 77 28 öfrigt
532 339 129 22 slutorden
681 339 7 21 i
703 340 44 20 art.
764 339 11 21 1
793 338 24 21 af
829 338 147 28 propositio-

218 380 64 15 nens
300 373 104 29 förslag.

291 407 143 23 Ständerna
462 407 78 22 hafva
559 407 77 22 ofvan
655 407 91 22 uttalat
765 407 38 28 sig
821 407 39 22 för
880 413 31 15 en
929 407 48 22 för-

220 443 110 28 ändring
359 443 25 21 af
412 443 42 21 det
481 442 150 22 nuvarande
658 443 209 26 reservsystemet
888 441 44 22 och
951 441 25 22 få

219 477 44 22 vid
289 477 14 28 $
328 477 16 22 9
370 477 135 28 anledning
534 478 35 21 att
596 477 116 21 närmare
739 475 128 23 behandla
895 476 82 21 denna

219 512 82 28 fråga.
334 511 86 29 Enligt
438 511 84 22 denna
540 511 150 28 förändring
709 511 98 21 komme
827 510 48 22 den
895 510 82 22 finska

220 546 125 22 militären
365 547 42 25 att,
428 546 7 21 i
453 546 79 21 likhet
550 545 56 22 med
621 545 204 29 Kejsaredömets
838 545 137 25 härsmakt,

220 580 105 22 omfatta
350 581 92 21 tvenne
467 580 255 28 hufvudkategorier:
743 579 105 22 stående
873 580 104 27 trupper

220 615 47 21 och
294 614 143 26 landtvärn,
467 614 45 22 och
540 614 30 22 de
599 614 104 22 stående
731 616 138 26 trupperna
889 615 35 20 att
942 615 35 20 ut-

220 650 76 28 göras
325 649 25 21 af
378 649 86 22 aktiva
491 650 104 27 trupper
620 649 45 22 och
685 655 94 15 reserv.
817 648 11 22 I
847 646 14 32 $
881 644 16 27 3
917 654 60 22 upp-

220 685 72 26 tages
312 684 83 21 denna
414 684 128 27 indelning
561 683 8 21 i
588 683 58 22 dess
665 683 126 21 allmänna
810 682 71 29 drag.
919 682 58 21 Mot-

220 717 128 22 svarande
368 717 158 29 stadganden
544 717 60 29 ingå
624 717 7 22 i
651 718 45 21 art.
717 717 24 26 5,
762 717 15 22 6
797 717 45 22 och
856 717 15 22 8
886 716 25 22 af
929 716 48 22 den

220 752 95 29 nådiga
334 752 202 28 propositionens
554 751 103 29 förslag.

291 785 17 33 S
326 783 26 26 4.
377 787 33 21 Af
424 787 123 21 särskilda
562 786 179 29 stadganden
731 779 12 43 i
755 785 119 29 gällande
887 785 91 22 Värne-

221 821 121 28 pligtslag
370 821 94 28 (såsom
483 821 32 28 $$
543 821 23 25 3,
587 821 24 26 4,
631 821 40 26 86,
692 820 43 27 87)
764 821 27 20 är
819 820 98 28 tydligt,
944 821 34 20 att

221 855 69 22 finsk
317 855 167 28 medborgare
509 855 64 22 skall
591 855 109 28 fullgöra
719 855 38 21 sin
777 854 143 29 värnepligt
939 860 39 15 en-

222 889 58 22 dast
303 889 42 22 vid
370 890 67 21 finsk
460 891 81 26 trupp.
580 889 99 22 Jemväl
699 889 26 22 af
743 889 125 21 allmänna
887 888 92 29 grund-

221 923 218 30 lagsstadganden
452 924 119 29 framgär,
585 925 35 20 att
634 923 82 22 finske
730 923 185 28 värnepligtige
925 923 53 22 icke

222 958 87 22 kunna
339 960 99 27 uttagas
466 959 35 22 till
520 959 169 28 tjenstgöring
708 957 42 22 vid
770 957 77 29 ryska
867 959 110 26 trupper,

222 999 62 15 vare
312 993 38 28 sig
378 993 66 22 inom
466 993 58 22 eller
542 994 69 21 utom
630 993 93 21 landet.
761 992 36 28 Ty
817 991 77 29 enligt
912 991 67 22 finsk

222 1027 128 28 grundlag
385 1027 51 22 kan
474 1027 66 22 finsk
574 1027 167 28 medborgare
777 1026 54 22 icke
861 1025 118 22 hberöfvas

221 1060 133 22 förmänen
383 1063 35 20 att
446 1061 37 22 stä
502 1061 81 22 under
603 1061 56 28 eget
677 1060 74 22 lands
778 1060 73 28 lagar
875 1059 45 22 och
945 1061 35 20 att

223 1095 88 22 dömas
341 1095 78 29 enligt
446 1096 81 25 dessa,
547 1095 96 22 hvilket
671 1094 137 23 emellertid
829 1093 84 23 blefve
936 1093 43 22 fal-

222 1129 42 26 let,
302 1136 39 15 om
377 1130 51 21 han
456 1130 79 22 skulle
564 1129 101 29 tvingas
694 1130 35 21 att
756 1129 100 22 inträda
883 1129 8 21 i
918 1128 61 29 rysk

223 1165 84 27 trupp.
359 1164 37 21 De
426 1164 77 29 ryska
537 1165 111 27 trupper,
677 1163 87 22 hvilka
792 1163 44 22 äro
863 1163 116 28 förlagda

222 1197 9 22 i
250 1197 114 27 Finland,
394 1199 140 28 underlyda
562 1198 53 22 icke
643 1198 98 22 landets
771 1197 79 29 lagar,
872 1197 108 22 änskönt

223 1232 32 22 de
284 1233 44 21 äro
355 1233 107 28 pligtiga
491 1234 35 21 att
552 1233 147 28 respektera
727 1232 64 22 dem.
830 1231 47 22 Om
896 1231 84 22 derför

222 1266 69 22 finsk
319 1267 177 29 värnepligtig,
525 1273 53 16 som
605 1267 136 28 fullgjorde
770 1266 38 22 sin
833 1266 147 28 krigstjenst

224 1301 44 22 vid
291 1301 79 22 sådan
390 1303 83 26 trupp,
493 1301 134 22 tilltalades
646 1301 39 22 för
703 1300 160 29 förbrytelse,
883 1300 97 21 komme

223 1335 52 22 han
304 1337 36 20 att
364 1335 88 22 dömas
480 1335 77 29 enligt
582 1335 60 29 rysk
661 1335 121 29 krigslag.
820 1335 11 21 I
851 1335 31 21 än
902 1335 78 28 högre

223 1369 65 28 grad
316 1369 84 23 blefve
427 1370 68 22 finsk
522 1377 65 19 man,
609 1376 52 15 som
679 1369 137 29 fullgjorde
836 1369 38 22 sin
893 1369 87 21 värne-

223 1403 65 29 pligt
311 1404 8 21 i
344 1403 135 29 Ryssland,
499 1404 124 22 beröfvad
641 1404 31 22 de
691 1403 135 26 förmåner,
847 1409 52 15 som
918 1402 61 22 höra

223 1438 37 21 till
279 1438 63 22 hans
362 1438 210 29 medborgarrätt,
592 1440 26 26 ty
638 1438 35 22 till
692 1438 56 22 dem
767 1437 46 23 bör
831 1437 150 29 ovedersäg-
