1092 1750
350 128 85 23 Ständ.
452 128 38 23 Sv.
549 129 48 22 Bil.
612 128 21 22 I.
814 130 25 20 51

113 198 79 25 slagna
216 198 73 20 skulle
312 198 102 20 deremot
436 198 50 20 icke
508 198 95 26 framgå,
620 198 62 20 hvad
697 198 36 20 för
748 198 122 20 framtiden

113 232 93 20 komme
222 234 32 18 att
269 232 58 26 gälla
344 239 38 13 om
397 231 38 21 det
449 231 100 22 militära
564 231 213 27 indelningsverket.

182 266 43 20 Det
240 265 94 22 afsedda
350 265 174 28 upphäfvandet
539 266 25 21 af
577 266 135 26 stadgandet
727 273 38 14 om
782 265 88 22 militie-

113 299 98 22 fondens
226 300 149 26 användning
390 300 43 20 har
448 300 123 21 emellertid
588 300 67 21 äfven
671 307 28 14 en
715 307 77 14 annan
809 300 62 21 inne-

113 333 65 21 börd.
208 334 95 21 Jemlikt
318 334 12 27 $
347 335 40 19 122
403 333 7 21 i
426 334 210 27 Värnepligtslagen
652 334 35 21 får
702 335 81 20 endast
793 341 28 14 en
834 334 37 21 be-

114 368 75 21 stämd
205 368 35 21 del
256 368 26 21 af
294 368 28 21 de
338 368 114 21 ordinarie
463 368 220 27 statsinkomsterna,
692 368 179 21 militiefondens

114 402 131 27 disponibla
267 402 127 27 tillgångar,
418 402 118 21 användas
558 403 34 20 till
611 402 145 21 bestridande
772 403 26 20 af
811 403 60 20 kost-

114 436 103 22 naderna
239 437 35 20 för
296 439 136 25 truppernas
456 437 130 26 utrustning
609 437 43 20 och
675 437 128 26 underhåll,
826 437 44 20 och

114 471 62 20 hvad
191 471 129 20 derutöfver
336 471 113 21 erfordras
465 471 106 21 betäckes
587 471 52 21 med
650 471 81 27 medel,
745 471 79 21 hvilka
835 471 36 20 för

114 505 132 20 ändamålet
261 505 25 20 af
299 505 127 21 Ständerna
442 505 106 22 anvisats.
572 506 50 20 Den
637 507 44 19 rätt
692 505 32 21 till
736 505 134 27 deltagande

115 539 6 20 i
144 539 44 21 den
211 539 99 21 militära
333 539 126 27 budgetens
482 539 180 27 bestämmande,
678 540 93 20 hvilken
787 545 83 21 genom

115 573 60 21 detta
199 573 124 27 stadgande
346 573 138 22 förbehålles
507 574 132 26 Ständerna,
661 574 124 27 begränsas
801 573 69 27 deraf,

116 610 31 19 att
163 608 127 21 Monarken
306 608 74 21 allena
396 614 51 21 eger
454 608 129 21 bestämma
593 611 136 25 truppernas
741 608 130 26 utrustning

116 643 44 20 och
175 642 128 27 underhåll,
319 649 52 14 men
388 644 26 19 är
429 642 6 21 i
452 643 44 20 alla
512 643 39 20 fall
563 642 165 28 betydelsefull,
745 643 34 20 för
788 643 25 20 så
823 642 49 21 vidt

116 683 50 14 som
182 678 70 19 större
268 677 65 20 delen
350 677 24 20 af
387 677 122 26 utgifterna
524 677 35 21 för
570 677 113 21 militären
696 677 111 20 bestrides
818 677 53 20 med

116 711 24 21 af
154 711 127 21 Ständerna
297 711 109 21 anvisade
422 711 80 27 medel,
519 712 43 20 och
579 711 133 27 Ständerna,
729 718 37 14 om
780 711 44 21 ock
835 711 36 20 de-

116 752 37 14 ras
168 745 164 28 pröfningsrätt
347 745 7 21 i
370 745 61 22 detta
446 746 105 21 afseende
567 747 26 19 är
608 746 134 26 begränsad,
751 745 70 21 likväl
831 751 40 20 ega

116 780 53 26 ingå
192 780 29 27 på
244 786 28 14 en
291 779 141 27 granskning
448 780 24 21 af
486 780 197 26 budgetförslaget.
722 779 87 21 Genom
825 781 46 18 ute-

116 814 105 21 slutande
237 821 27 13 ur
278 814 210 27 Värnepligtslagen
505 814 25 21 af
538 813 172 28 ifrågavarande
722 813 149 27 stadganden,

116 848 79 21 hvilka
218 848 103 27 betingas
344 849 63 20 såväl
423 848 25 21 af
461 848 44 21 den
522 851 60 18 stora
597 851 78 24 tunga,
691 847 157 28 värnepligten
864 847 7 20 i

116 883 44 20 och
183 883 35 20 för
240 882 34 27 sig
295 882 96 21 innebär
407 882 34 21 för
456 883 89 20 landets
560 882 140 27 befolkning,
717 889 49 14 som
783 882 25 20 af
821 881 27 21 de
864 881 7 20 i

117 916 142 21 förhållande
282 917 32 20 till
338 916 71 27 öfriga
433 917 146 26 statsutgifter
594 916 71 27 dryga
681 916 123 21 kostnader
819 915 53 21 den-

116 957 90 14 samma
221 951 97 26 kräfver,
334 951 60 26 finge
410 951 139 26 Regeringen
564 952 43 19 rätt
624 953 32 18 att
672 950 139 27 fullkomligt
821 950 51 21 obe-

116 985 84 21 roende
223 985 25 20 af
268 985 128 20 Ständerna
416 985 129 21 bestämma
567 985 45 21 den
636 985 98 20 militära
757 985 114 26 budgeten

116 1022 60 18 samt
191 1021 32 19 att
238 1019 35 21 för
288 1021 137 26 truppernas
441 1019 130 26 utrustning
586 1019 44 21 och
641 1019 122 21 underhåll
775 1021 56 18 utan
840 1019 33 20 in-

116 1053 143 27 skränkning
283 1054 107 20 använda
413 1053 27 21 de
463 1053 114 21 ordinarie
596 1053 221 26 statsinkomsterna,
833 1053 38 20 vid

117 1088 85 20 hvilket
217 1088 144 20 förhållande
376 1087 118 27 möjlighet
510 1088 97 26 förelåge
623 1090 32 18 att
669 1087 67 21 dessa
751 1087 79 20 kunde
839 1089 32 18 ut-

116 1122 63 21 öfver
201 1122 38 20 det
261 1122 100 26 verkliga
383 1122 107 21 behofvet
505 1124 63 24 tagas
584 1122 6 20 i
607 1121 100 28 anspråk
723 1122 34 20 för
773 1121 99 21 militära

116 1156 109 21 ändamål
240 1156 30 27 på
286 1156 128 21 bekostnad
430 1156 25 21 af
463 1156 73 21 andra
546 1156 118 27 oafvisliga
676 1155 131 27 statsbehof,
819 1155 53 21 dem

117 1190 126 21 Ständerna
266 1191 29 20 då
311 1191 73 20 blefve
400 1193 103 24 tvungna
518 1193 32 18 att
564 1190 119 27 tillgodose
699 1196 83 21 genom
798 1189 74 21 ökade

117 1225 90 21 skatter.
243 1225 115 26 Tilläggas
380 1225 48 26 bör,
450 1227 33 18 att
504 1227 30 18 ett
557 1225 116 20 uttalande
696 1225 6 20 i
725 1227 30 18 ett
779 1223 94 22 komité-

116 1259 114 27 protokoll
254 1259 25 20 af
299 1259 44 21 den
362 1260 28 19 28
405 1259 62 21 Mars
484 1260 61 25 1897,
561 1259 68 26 enligt
645 1259 86 21 hvilket
747 1258 125 21 Ständerna

117 1293 73 21 skulle
213 1293 6 21 i
243 1293 223 28 Värnepligtslagens
489 1294 13 26 $
526 1294 39 20 122
589 1293 69 21 infört
673 1300 78 14 senare
768 1293 66 20 delen
850 1292 25 21 af

116 1328 143 25 densamma,
276 1329 25 19 är
316 1327 101 27 oriktigt;
433 1327 146 27 bestämning
594 1327 79 21 derom
689 1327 104 21 förekom
802 1326 70 21 redan

116 1362 7 20 i
139 1361 45 22 den
199 1362 84 26 nådiga
299 1362 180 27 propositionen.

186 1396 97 21 Stående
306 1397 6 20 i
331 1397 115 20 närmaste
463 1396 113 21 samband
592 1396 52 21 med
660 1395 153 28 nyssberörda
829 1395 44 26 lag-

117 1430 97 27 ändring
236 1431 43 20 och
303 1431 25 20 af
348 1432 63 19 ännu
434 1437 63 14 mera
513 1430 134 27 ingripande
663 1430 114 27 betydelse
793 1431 32 24 är,
841 1431 33 18 att
