1092 1745
426 139 85 22 Ständ.
527 139 39 22 Sv.
810 140 40 21 103

121 210 33 23 64
182 211 114 25 nämnas,
320 210 54 22 icke
393 210 39 22 för
451 210 38 29 sig
508 210 58 23 stält
585 210 101 26 ombud,
707 210 109 26 straffas,
834 210 45 23 der

121 245 21 28 ej
172 245 94 22 brottet
287 244 46 23 bör
353 251 74 16 anses
446 245 78 29 enligt
543 245 15 28 8
580 245 56 26 112,
656 244 58 23 med
732 244 72 23 böter
821 244 57 23 från

120 279 47 22 och
186 279 57 22 med
263 279 34 22 tio
315 279 36 22 till
370 279 47 22 och
435 279 57 22 med
511 279 135 22 etthundra
666 279 71 22 mark
754 279 60 22 eller
826 279 52 22 fän-

121 313 68 29 gelse
217 313 7 22 i
252 313 75 29 högst
355 319 30 16 en
413 313 98 26 månad,
533 313 46 22 och
598 319 61 16 vare
677 313 94 29 jemväl
789 313 89 30 pligtig

122 349 35 21 att
184 347 100 23 inträda
306 348 7 21 i
333 347 69 23 aktiv
421 348 76 28 tjenst
516 348 82 22 såsom
617 348 8 21 i
644 347 15 30 $
681 348 48 22 112
749 348 28 21 är
796 348 81 29 sagdt.

454 433 15 29 8
490 434 57 22 114.

191 485 63 26 Den,
283 491 53 16 som
364 486 28 21 är
419 485 90 29 pligtig
534 487 36 20 att
591 485 73 22 träda
682 485 7 22 i
710 485 69 22 aktiv
797 485 82 29 tjenst,

122 526 56 15 men
206 521 62 20 utan
289 519 58 29 laga
366 519 85 23 förfall
468 520 32 28 på
521 520 49 22 den
588 519 131 23 bestämda
738 520 68 22 tiden
825 519 53 24 icke

122 553 110 23 infinner
260 554 39 29 sig
321 554 7 21 i
347 554 82 29 tjenst,
448 555 104 22 straffas
570 554 57 23 med
646 554 113 29 fängelse
778 555 7 21 i
804 554 75 29 högst

121 588 43 22 två
183 588 128 23 månader.

191 623 140 22 Uteblifver
359 629 96 16 reserv-
483 623 60 22 eller
571 623 139 22 värneman
730 622 149 23 förfallolöst

122 657 57 22 från
198 657 169 29 öfningsmöte
386 657 59 22 eller
465 657 70 22 aktiv
554 657 76 29 tjenst
642 657 60 22 eller
714 657 113 22 inställer
840 657 39 28 sig

123 691 90 22 dervid
232 691 104 26 sentida,
349 691 102 22 straffas
465 691 83 23 såsom
561 691 8 22 i
582 691 148 30 strafflagen
743 691 39 22 för
795 691 83 22 finska

122 726 124 22 militären
265 727 81 28 säges.

455 811 15 29 8
492 811 56 22 119.

192 857 255 28 Öfverbefälhafvare
475 863 39 22 för
542 863 32 21 de
591 863 85 21 finska
694 864 138 26 trupperna
851 863 28 21 är

124 897 271 29 Generalguvernören
414 897 72 22 öfver
504 897 114 26 Finland,
637 897 105 22 såframt
758 897 21 29 ej
795 903 83 15 annan

122 938 93 22 person
234 932 82 22 dertill
330 932 25 22 af
368 931 123 29 Kejsaren
505 931 46 23 och
566 931 155 23 Storfursten
735 931 141 22 förordnas.

123 966 53 22 Har
199 973 84 15 annan
302 967 32 21 än
353 966 272 29 Generalguvernören
643 966 83 22 blifvit
744 966 36 22 till
798 965 81 22 öfver-

123 1001 174 22 befälhafvare
324 1001 97 26 utsedd,
445 1001 47 22 bör
510 1001 65 22 hans
593 1000 118 29 yttrande
730 1000 122 22 inhemtas
871 1000 8 21 i

124 1035 30 22 de
183 1035 119 26 ärenden,
331 1035 86 22 hvilka
446 1035 79 29 enligt
549 1035 83 22 denna
650 1035 43 28 lag
712 1035 134 22 ankomma
864 1034 15 22 å

123 1069 135 22 samrådan
286 1069 90 22 mellan
406 1069 110 23 Senaten
535 1069 46 22 och
600 1069 278 29 Generalguvernören.

193 1104 207 29 Krigsministern
419 1104 8 21 i
446 1103 191 30 Kejsaredömet
656 1110 60 23 eger
733 1103 146 28 handlägga

123 1138 46 22 och
188 1138 46 23 hos
254 1138 123 29 Kejsaren
395 1138 137 29 föredraga
551 1138 97 22 sådana
666 1138 32 22 de
716 1137 83 23 finska
812 1139 68 26 trup-

122 1179 80 22 perna
229 1173 109 22 rörande
367 1173 221 28 angelägenheter,
617 1179 53 16 som
697 1172 53 22 icke
771 1171 108 23 hänföra

123 1207 39 29 sig
186 1207 35 22 till
240 1207 191 29 lagstiftningen
450 1207 60 22 eller
529 1207 49 22 den
597 1207 163 22 ekonomiska
778 1206 102 23 förvalt-

122 1241 101 29 ningen,
251 1243 64 20 samt
337 1241 102 22 utöfvar
457 1241 8 22 i
484 1241 78 30 öfrigt
580 1241 48 22 den
647 1241 159 29 befogenhet,
826 1247 54 16 som

122 1275 8 22 i
150 1275 82 23 denna
251 1275 42 30 lag
313 1277 28 21 är
358 1276 93 22 honom
471 1275 95 30 tillagd.

193 1310 140 28 Angående
360 1310 218 22 kommunikation
597 1309 57 23 med
673 1309 207 29 Krigsministern

124 1344 25 22 af
171 1344 32 22 de
221 1344 120 26 ärenden,
361 1350 53 16 som
435 1344 133 22 ankomma
588 1344 14 22 å
621 1343 259 23 Ministerstatssekre-

123 1379 114 21 terarens
266 1378 40 22 för
337 1378 242 23 Storfurstendömet
608 1378 182 29 föredragning
820 1377 60 22 eller

122 1412 102 22 hvilkas
243 1412 140 29 afgörande
403 1414 28 20 är
449 1412 185 23 öfverlemnadt
654 1412 25 22 åt
699 1412 115 26 Senaten,
829 1411 51 29 gäl-

122 1446 37 22 ler
178 1446 69 23 hvad
266 1447 86 22 derom
372 1446 25 23 af
416 1447 124 29 Kejsaren
560 1446 119 23 särskildt
697 1446 141 22 förordnas.
