1089 1742
243 134 26 20 23
556 134 26 22 U.
599 134 28 22 B.

283 202 107 20 Utskottet
412 208 61 14 anser
496 202 36 21 det
554 202 71 21 derför
642 202 47 21 icke
705 202 52 21 blott
773 208 50 14 vara
837 202 138 20 förestafvadt

213 236 22 20 af
251 236 98 21 omtanke
369 243 34 14 om
419 236 26 21 de
461 236 67 21 finske
545 236 158 27 värnepligtige,
719 238 49 18 utan
785 236 39 20 ock
840 235 50 21 fullt
906 236 68 21 öfver-

213 272 129 20 ensstämma
364 270 49 21 med
435 270 64 21 rikets
522 270 90 21 militära
637 271 103 21 intressen
757 270 22 21 sä
798 271 6 20 i
824 270 67 21 freds-
906 276 46 15 som
968 270 6 20 i

213 304 96 28 krigstid,
324 306 30 20 att
374 305 7 20 i
403 304 198 28 Värnepligtslagen
617 307 102 25 upptages
735 307 29 19 ett
779 305 124 27 uttryckligt
918 304 56 20 stad-

214 339 69 27 gande
301 339 78 25 derom,
396 341 30 19 att
440 339 55 21 finsk
511 339 138 27 medborgare
665 339 78 27 fullgör
758 339 32 21 sin
807 339 117 27 värnepligt
940 338 34 20 vid

214 373 55 21 finsk
290 375 69 25 trupp.
389 373 64 21 Detta
472 374 123 26 stadgande,
610 380 77 20 genom
703 373 80 21 hvilket
797 373 47 21 icke
860 373 69 27 någon
946 379 27 20 ny

214 408 113 26 grundsats
343 408 78 20 införes
437 408 5 20 i
458 408 68 26 lagen,
542 408 32 20 får
589 408 114 27 lämpligen
719 408 32 20 sin
766 408 53 27 plats
830 408 69 20 såsom
910 407 64 21 första

214 444 95 18 moment
324 442 7 20 i
347 442 12 26 $
375 443 19 26 4,
410 443 61 20 hvars
487 442 66 21 andra
568 445 95 18 moment
679 442 84 20 komme
779 444 30 19 att
819 442 62 20 hafva
894 448 80 14 samma

214 476 101 26 innehåll,
337 482 44 14 som
405 476 12 27 8
433 478 13 19 4
465 477 5 19 i
487 476 98 28 gällande
601 476 39 28 lag.
671 476 78 21 Vidare
764 476 90 21 föreslår
867 476 108 20 Utskottet

215 511 30 19 att
267 510 7 20 i
296 516 81 14 samma
399 511 12 26 $
429 510 64 22 måtte
509 510 69 21 såsom
594 510 67 28 tredje
676 513 95 18 moment
786 510 96 27 tilläggas
898 516 26 14 en
940 509 34 21 be-

215 544 112 27 stämning,
343 545 148 21 motsvarande
507 547 37 18 art.
560 545 11 20 2
588 545 6 20 i
610 545 168 27 propositionens
789 544 119 27 lagförslag,
916 546 59 18 näm-

214 578 59 28 ligen
289 578 76 21 förbud
381 581 30 19 att
426 579 53 27 köpa
495 580 32 26 sig
542 580 26 20 fri
583 580 46 20 från
646 579 143 27 värnepligten
807 579 51 21 eller
868 578 60 21 ställa
938 585 37 14 an-

216 619 42 14 nan
274 619 48 14 man
338 613 33 20 för
386 613 37 27 sig.
453 613 41 21 Det
509 613 92 27 framgår
617 614 122 26 visserligen
756 613 65 21 redan
837 613 21 20 af
873 612 102 21 särskilda

215 647 131 27 stadganden
363 648 7 19 i
385 647 98 25 gällande
498 648 176 27 Värnepligtslag,
691 650 29 18 att
735 648 75 20 sådant
820 647 120 21 förfarande
953 648 23 19 är

215 681 113 26 förbjudet.
358 681 50 21 Men
428 682 35 20 det
478 682 40 20 kan
535 682 53 20 dock
605 682 104 20 erkännas
725 688 49 14 vara
789 682 99 26 riktigare
904 683 30 19 att
949 688 25 14 en

215 715 24 21 så
262 715 149 27 betydelsefull
434 716 113 27 grundsats
569 719 23 18 är
612 716 64 21 skildt
691 717 32 20 för
738 716 32 27 sig
785 716 142 27 uttryckligen
944 718 31 18 ut-

216 750 63 20 talad.

286 783 10 21 I
311 783 16 28 S
343 784 14 20 5
373 786 23 18 är
411 784 60 27 sagdt
486 786 29 19 att
531 784 79 21 antalet
625 785 21 20 af
661 785 36 21 det
712 785 32 20 för
759 784 26 21 de
800 784 68 21 finska
881 786 94 25 trupper-

216 824 39 15 nas
270 818 163 27 komplettering
449 819 135 27 erforderliga
600 819 103 28 manskap
719 819 78 27 ärligen
816 818 126 21 bestämmes
955 818 21 20 af

215 852 103 27 Kejsaren
336 852 39 20 och
391 852 128 21 Storfursten
535 853 26 26 pä
576 853 155 26 framställning
747 854 21 19 af
783 853 91 20 Senaten
885 852 33 21 för
927 852 49 21 Fin-

216 886 56 20 land.
302 885 33 22 Dä
351 893 26 14 en
393 887 6 20 i
416 887 118 20 militäriskt
556 887 119 21 hänseende
691 887 22 20 sä
729 887 149 27 betydelsefull
900 886 72 27 ätgärd

216 920 111 27 rätteligen
344 920 38 21 bör
397 921 50 20 höra
458 921 31 20 till
499 921 26 20 de
536 921 100 25 ärenden,
647 928 44 13 som
701 921 22 20 af
735 921 175 27 Krigsministern
921 921 54 20 före-

216 954 82 27 dragas,
307 954 38 21 har
353 954 108 21 Utskottet
475 955 64 20 infört
555 957 28 19 ett
599 955 73 27 tillägg
687 955 72 20 härom
775 955 6 20 i
798 956 41 25 &:n,
855 955 46 20 med
919 955 57 20 bibe-

217 988 98 21 hällande
331 989 22 20 af
368 989 161 27 bestämningen
545 991 30 19 att
590 989 78 27 förslag
683 990 6 19 i
705 991 72 19 ämnet
791 989 54 21 skall
856 989 89 26 afgifvas
956 989 21 20 af

217 1022 98 24 Senaten,
338 1025 51 18 enär
410 1023 90 21 Senaten
524 1024 39 20 och
583 1023 48 21 dess
654 1023 197 27 Militieexpedition
875 1023 49 20 böra
940 1029 37 14 an-

216 1063 62 14 svara
293 1057 32 20 för
341 1057 125 26 riktigheten
483 1058 39 20 och
537 1057 128 28 lagligheten
681 1057 22 21 af
718 1057 89 21 berörda
822 1057 83 27 förslag.

287 1091 89 20 Jemlikt
391 1091 16 28 &
424 1091 14 22 6
454 1092 6 20 i
476 1092 97 27 gällande
589 1092 170 27 Värnepligtslag
776 1091 66 21 kallas
852 1091 79 27 årligen
945 1091 31 21 till

217 1125 91 26 lottning
331 1125 26 20 de
375 1125 119 28 yngliugar,
509 1126 71 20 hvilka
596 1126 44 21 året
655 1126 44 21 före
715 1126 41 21 den
774 1126 9 20 1
800 1125 89 21 Januari
905 1125 35 21 det
955 1125 23 20 är

216 1159 108 26 uppbädet
335 1159 52 21 skall
399 1160 37 21 ske
448 1160 47 27 fyllt
506 1161 91 26 tjuguett
608 1160 27 21 är.
651 1160 76 21 Denna
740 1160 134 27 åldersgräns
886 1161 22 19 är
920 1160 6 19 i
938 1162 38 18 art.

217 1193 12 20 9
246 1193 31 20 uti
293 1193 40 21 den
349 1193 78 27 nådiga
443 1194 155 27 propositionen
615 1194 90 21 sålunda
720 1194 119 26 förändrad,
855 1195 30 20 att
897 1193 79 27 uppbä-

217 1227 35 20 det
277 1227 83 21 komme
381 1230 29 18 att
426 1228 87 21 omfatta
528 1228 26 21 de
569 1228 119 27 ynglingar,
704 1228 71 21 hvilka
790 1228 45 21 före
851 1228 39 20 den
909 1228 25 19 13
951 1228 27 26 (1)

217 1261 94 20 Oktober
333 1261 36 21 det
392 1261 23 21 är
437 1262 106 27 uppbädet
565 1262 53 21 skall
641 1262 37 21 ske
697 1262 89 27 uppnått
801 1262 93 26 antydda
910 1261 67 21 ålder:

217 1295 40 20 och
280 1295 68 21 skulle
365 1296 61 27 förty,
442 1303 35 14 om
492 1297 57 20 detta
565 1297 168 26 propositionens
748 1296 79 27 förslag
843 1296 69 20 blefve
928 1296 51 26 god-

217 1329 72 27 kändt,
305 1329 34 21 det
356 1330 125 27 uppbädade
498 1331 123 26 manskapet
645 1330 114 21 framdeles
775 1330 5 20 i
798 1330 57 27 regel
869 1333 49 17 vara
934 1336 44 14 om-

217 1363 63 27 kring
295 1363 48 27 9!/,
359 1364 102 21 månader
477 1371 66 21 yngre
558 1367 26 18 än
601 1365 40 26 det,
657 1371 46 14 som
718 1365 13 20 f.
748 1371 19 14 n.
784 1365 66 20 kallas
861 1364 32 21 till
905 1366 74 19 värne-

216 1397 93 26 pligtens
332 1399 122 26 utgörande.
485 1399 123 20 Emellertid
631 1399 109 20 framhölls
762 1398 66 21 redan
844 1399 31 20 uti
891 1398 41 21 den
947 1398 32 21 till

217 1431 144 21 1877—1878
381 1432 34 21 ärs
436 1433 101 27 landtdag
555 1433 158 20 öfverlemnade
729 1433 76 27 nädiga
821 1432 157 28 propositionen
