1086 1750
438 112 23 22 U.
478 112 22 22 B.
792 114 26 19 93

95 181 150 21 kännedom
260 189 39 14 om
315 182 49 21 den
375 181 127 29 rättsliga
512 181 160 29 betydelsen
683 181 28 21 af
719 182 41 20 sin
770 180 78 22 hand-

94 216 67 28 ling,
184 216 116 21 stadfäst
322 216 58 21 icke
404 216 115 21 allenast
541 216 50 21 den
607 216 28 21 af
649 216 144 21 ständerna
808 222 40 14 an-

94 252 81 26 tagna
198 250 258 28 värnepliktslagen,
471 252 65 19 utan
551 250 49 22 ock
615 250 76 22 deras
707 250 89 22 beslut
810 251 39 19 att

98 292 33 14 en
147 284 41 22 del
203 284 156 29 paragrafer
373 285 8 20 i
396 285 149 21 densamma
560 285 87 21 skulle
663 285 128 21 hänföras
807 284 42 21 till

98 319 206 28 grundlagarna,
319 319 115 21 hvarefter
450 318 112 29 Kejsaren
577 319 165 21 undertecknat
758 321 32 19 ett
805 321 44 19 sär-

96 353 69 22 skildt
180 353 106 21 manifest
301 353 88 26 härom;
406 354 35 21 och
456 354 58 21 detta
529 356 27 19 är
571 354 35 21 det
621 354 127 28 afgörande.

163 388 119 22 Utskottet
304 395 64 14 anser
392 388 34 28 sig
442 388 20 28 ej
479 388 100 21 behöfva
600 391 103 18 närmare
724 388 125 25 framhålla,

97 423 106 21 hurusom
226 422 44 21 den
288 422 90 26 tanken,
398 424 32 19 att
453 430 29 13 en
497 422 25 21 af
535 422 125 22 monarken
682 423 96 21 stadfäst
800 423 49 27 lags

97 457 106 28 giltighet
226 456 42 22 och
290 456 62 22 kraft
374 457 72 21 skulle
469 457 77 21 kunna
569 460 66 25 göras
657 457 147 29 tvifvelaktig
821 458 29 27 på

98 492 75 27 grund
188 491 26 21 af
227 490 82 22 efteråt
323 490 133 22 framstälda
470 491 164 22 förmenanden
650 494 33 18 att
695 492 123 21 monarken
829 490 19 29 ej

97 525 68 22 fattat
186 525 134 29 betydelsen
342 526 25 20 af
387 526 35 21 sin
445 526 150 26 stadfästelse,
615 526 94 22 innebär
724 526 127 28 någonting

100 560 30 21 all
146 560 114 21 samhälls-
276 560 42 21 och
328 560 155 29 rättsordning
494 560 159 22 omstörtande.
678 560 118 22 Utskottet
806 560 45 21 kan

98 595 122 21 inskränka
243 595 35 28 sig
299 595 35 21 till
357 598 32 18 att
404 595 96 28 påpeka,
516 597 33 19 att
564 595 38 22 det
617 595 50 22 icke
683 595 87 22 kunnat
785 597 66 26 göras

99 629 87 28 troligt,
209 631 33 19 att
264 629 82 28 Kejsar
368 629 129 22 Alexander
511 630 29 25 II,
556 630 101 25 hvilken,
673 632 72 19 såsom
761 629 90 25 bekant,

100 671 40 14 var
151 664 37 21 väl
198 663 117 28 förtrogen
325 664 51 21 med
387 664 28 21 de
425 664 74 21 finska
510 665 226 28 angelägenheterna,
748 664 20 29 ej
780 663 72 22 skulle

100 697 69 23 hafva
183 698 62 25 känt,
260 698 61 22 hvad
343 698 56 22 hans
415 699 143 21 stadfästelse
573 699 100 21 innebar.
704 699 45 21 Det
764 701 25 18 är
804 698 48 21 där-

98 732 35 22 för
148 735 81 19 nästan
244 732 146 29 öfverflödigt
400 735 33 19 att
444 733 125 26 framhålla,
581 733 108 22 hurusom
699 733 74 21 finska
783 732 69 22 komi-

98 767 57 26 téns,
170 767 124 22 monarken
302 767 117 28 förelagda
431 767 114 29 protokoll
555 767 36 22 för
603 767 44 22 den
658 770 27 19 30
696 767 91 28 augusti
799 768 53 19 1878

99 801 105 28 upptagit
222 801 44 22 den
280 802 140 28 uttryckliga
436 802 95 25 erinran,
547 804 34 19 att
596 809 83 22 genom
693 802 160 21 tillerkännan-

101 836 40 21 det
155 835 26 22 af
194 836 194 29 grundlagshälgd
404 839 22 18 åt
442 844 28 13 en
486 837 36 21 del
537 836 132 29 paragrafer
684 836 6 21 i
705 835 149 29 värneplikts-

100 870 70 28 lagen
193 870 51 26 ,det
263 870 143 22 förhållande
424 871 52 21 med
491 871 82 21 nämda
588 871 132 28 paragrafer
735 870 72 22 skulle
822 869 32 21 in-

102 904 70 27 träda,
194 907 33 18 att
250 905 96 28 ändring
361 905 26 21 af
400 905 113 22 desamma
528 905 49 22 icke
593 905 73 22 skulle
681 905 77 21 kunna
774 907 80 25 åväga-

104 939 92 28 bringas
212 939 146 26 annorlunda,
374 942 29 18 än
419 942 33 19 att
467 940 63 21 Hans
545 939 130 29 Kejserliga
682 939 105 28 Majestät
801 941 54 25 toge

102 973 96 22 initiativ
214 974 76 21 därtill
304 973 43 22 och
362 974 44 21 alla
420 974 53 28 fyra
483 974 95 21 stånden
590 976 12 19 å
612 974 110 28 landtdag
733 974 35 27 sig
778 973 78 21 därom

100 1008 126 21 förenade",

169 1043 35 21 Af
216 1043 60 21 hvad
298 1043 111 22 utskottet
431 1038 124 27 framhållit
578 1051 75 20 synes,
676 1045 41 19 att
739 1043 52 21 den
807 1049 49 14 om-

104 1077 213 28 ständigheten,
333 1077 142 22 huruvida
497 1077 237 29 krigsministern
756 1076 100 29 grefve

103 1111 131 28 Miljutin
255 1112 68 21 känt
343 1112 71 21 eller
429 1112 63 21 icke
507 1112 75 26 känt,
598 1114 42 19 att
655 1112 111 28 fjorton
781 1117 76 22 para-

103 1145 99 29 grafer
217 1146 7 21 i
239 1147 273 28 värnepliktslagen
535 1149 111 19 ansetts
666 1147 67 21 böra
747 1145 109 23 erhålla

103 1180 254 28 grundlagsnatur,
382 1181 62 22 icke
470 1182 41 20 als
536 1182 137 21 invärkar
697 1183 34 26 på
755 1180 103 28 frågan

102 1222 42 14 om
159 1215 170 21 ständernas
345 1218 59 19 rätt
419 1218 42 19 att
476 1216 116 28 deltaga
607 1216 8 20 i
628 1215 230 29 lagstiftningen

103 1256 42 14 om
167 1248 97 23 finska
285 1250 203 28 medborgares
510 1250 174 28 värneplikt.
714 1250 82 21 Denna
814 1256 44 14 om-

107 1283 130 29 ständighet
252 1284 82 21 saknar
349 1286 25 20 så
388 1284 93 29 mycket
495 1292 61 14 mera
571 1285 31 21 all
613 1284 123 28 betydelse,
748 1291 48 14 som
806 1283 52 21 den-

107 1325 84 14 samma
206 1318 180 29 uppenbarligen
400 1319 136 21 framhållits
551 1319 86 25 endast,
649 1319 93 21 emedan
752 1326 53 13 man
815 1317 44 22 för-

106 1354 75 19 menat
198 1352 122 22 ständerna
334 1354 50 20 icke
399 1353 71 22 hafva
484 1353 50 21 haft
549 1356 44 18 rätt
609 1356 33 18 att
657 1354 90 27 deltaga
762 1353 8 21 i
785 1359 75 15 annan

106 1386 146 29 lagstiftning
266 1390 29 18 än
310 1387 45 22 den
370 1395 36 14 om
421 1388 175 28 grundlagarna,
611 1395 29 14 en
650 1388 98 27 mening,
759 1386 101 25 hvilken,

170 1432 142 24 Lagutskottets
324 1433 122 18 betänkande.
