1086 1761
434 135 30 22 U.
480 135 28 22 B.
793 136 25 21 7

416 237 61 28 Kap.
493 237 31 22 X.

160 306 44 21 Art.
222 306 62 20 109
279 302 15 36 i
308 306 39 21 den
372 306 77 27 nådiga
472 306 157 28 propositionen
653 306 117 21 innehåller
793 306 58 22 stad-

92 341 69 25 gande
177 341 72 20 derom
265 342 36 25 att,
315 340 46 20 ifall
376 340 140 28 värnepligtig
532 340 34 21 vid
579 340 148 27 besigtningen
739 341 112 27 uppgifver

92 375 33 27 sig
147 381 49 14 vara
219 374 98 20 behäftad
334 374 48 21 med
398 374 126 21 fallandesot
540 374 51 21 eller
607 381 69 14 annan
693 374 82 21 fördold
791 375 60 27 sjuk-

93 409 55 26 dom,
169 415 46 14 som
236 408 87 21 hindrar
343 409 79 20 honom
438 410 29 19 att
482 409 91 26 fullgöra
590 409 127 26 krigstjenst,
733 416 47 13 men
799 416 52 20 upp-

93 443 77 26 giftens
191 442 196 27 sanningsenlighet
410 449 64 20 synes
494 443 133 27 tvifvelaktig
642 443 39 20 och
696 443 47 20 icke
758 443 41 21 kan
815 449 36 22 ge-

93 479 46 18 nast
162 477 89 26 styrkas,
274 477 40 20 den
337 477 151 27 värnepligtige
509 476 52 21 skall
577 477 7 20 i
600 477 90 27 sjukhus
713 477 138 21 underkastas

93 511 88 28 profkur
196 511 33 20 för
251 511 117 21 utrönande
390 511 22 20 af
434 511 52 20 hans
508 511 180 27 tjenstduglighet.
718 511 64 26 Dylik
797 512 55 20 före-

94 545 61 21 skrift
169 545 114 21 återfinnes
305 545 46 20 icke
366 545 7 20 i
388 545 148 22 motsvarande
552 545 16 28 &
585 545 30 22 68
633 545 7 20 i
659 545 97 27 gällande
773 545 79 21 Värne-

94 579 103 27 pligtslag.
227 579 33 21 Då
276 579 116 21 emellertid
408 579 98 21 tillvaron
522 579 21 21 af
562 586 26 14 en
609 579 65 21 sådan
694 579 97 27 sjukdom
810 580 42 20 kan

95 620 49 14 vara
167 615 75 25 ytterst
261 614 48 20 svår
329 615 29 19 att
376 613 130 21 omedelbart
523 614 126 26 konstatera,
665 615 55 19 samt
735 614 34 20 det
785 613 67 21 måste

95 654 62 15 anses
180 655 50 13 vara
247 648 20 20 af
283 650 42 18 stor
341 648 49 27 vigt,
412 648 5 20 å
433 654 40 14 ena
488 648 59 21 sidan
564 650 29 19 att
609 654 26 15 en
652 648 139 27 värnepligtig
805 648 47 21 icke

96 684 49 19 utan
160 682 50 21 fullt
224 682 79 27 lagliga
317 682 45 21 skäl
377 682 83 27 undgår
476 682 32 21 sin
524 682 192 28 tjenstskyldighet,
729 689 49 14 men
789 682 63 21 äfven

96 716 11 21 å
130 716 40 21 den
194 716 66 21 andra
282 718 30 19 att
333 716 47 21 icke
403 716 69 27 någon
496 717 82 27 tvingas
593 717 7 19 i
616 717 64 27 tjenst
702 717 32 20 för
749 719 30 19 att
794 718 59 20 snart

96 751 96 27 derefter,
215 750 101 28 möjligen
339 750 48 21 med
409 751 122 27 ytterligare
553 751 112 27 försvagad
681 751 64 27 helsa,
760 751 93 21 derifrån

95 785 101 27 frigifvas,
211 785 39 21 har
270 785 108 21 Utskottet
396 786 69 20 ansett
480 785 32 27 sig
528 785 49 21 böra
592 785 78 21 föreslå
685 787 29 19 att
729 786 6 20 i
751 786 12 26 $
779 785 28 21 68
822 785 32 21 uti

95 819 200 27 Värnepligtslagen
317 819 63 21 måtte
395 820 79 20 införas
490 819 106 21 föreskrift
611 820 6 20 i
634 820 35 20 det
685 820 30 20 uti
730 820 123 20 förberörda

96 856 37 18 art.
157 854 39 20 109
220 854 6 19 i
251 854 73 20 anförd
347 854 63 20 måtto
433 853 105 27 ingående
559 854 65 26 syfte;
646 854 39 20 och
700 860 65 20 synes
783 854 70 21 denna

95 887 113 24 föreskrift,
224 887 69 20 såsom
309 888 6 19 i
331 887 157 27 propositionen
504 889 23 19 är
541 887 147 25 förhållandet,
704 887 49 21 böra
765 888 88 21 omfatta

96 922 61 20 äfven
174 921 35 21 det
224 921 43 26 fall,
283 923 30 19 att
328 921 25 28 på
369 922 69 27 grund
454 922 21 20 af
492 922 40 21 den
544 922 150 27 försiggångna
704 922 148 27 besigtningen

96 956 41 21 kan
156 959 87 24 antagas
259 958 29 19 att
303 956 104 27 sjukdom,
424 963 44 14 som
485 958 61 25 utgör
562 957 75 20 hinder
652 957 32 20 för
700 956 130 21 anställande
846 956 6 20 i

96 991 69 26 tjenst,
180 992 23 19 är
218 990 125 21 framkallad
360 991 38 20 och
415 991 134 20 underhålles
565 990 26 27 på
608 991 96 20 konstlad
721 993 44 24 väg.
792 990 61 21 Dock

96 1025 38 20 har
149 1025 107 20 Utskottet
271 1025 70 20 funnit
356 1025 120 27 lämpligast
491 1027 29 19 att
536 1025 31 20 för
583 1025 26 21 de
624 1025 7 20 i
644 1025 137 21 förevarande
793 1025 12 27 &
817 1025 37 20 be-

96 1059 61 20 rörda
179 1059 36 20 fall
238 1059 46 20 icke
307 1059 64 21 borde
394 1059 82 20 fordras
498 1059 111 28 ovilkorlig
631 1059 87 27 profkur
735 1059 7 20 i
757 1059 96 27 sjukhus,

96 1095 51 19 utan
169 1095 29 19 att
220 1093 78 27 jemväl
320 1100 69 14 annan
414 1093 133 21 observation
570 1093 21 21 af
613 1093 71 21 läkare
706 1093 71 21 kunde
793 1093 60 20 med-

96 1127 73 26 gifvas.

165 1161 32 20 Då
214 1161 107 21 Utskottet
336 1161 63 21 redan
416 1162 56 20 förut
488 1162 69 20 anfört
571 1161 73 21 skälen
660 1162 32 20 för
705 1161 147 21 bibehållande

97 1195 20 20 af
138 1195 98 27 gällande
260 1195 180 27 Värnepligtslags
462 1196 157 27 bestämningar
640 1196 6 20 i
666 1195 16 28 &
702 1196 25 21 71
743 1195 110 28 angående

96 1230 209 26 lottningsområden,
328 1230 32 20 får
382 1230 108 21 Utskottet
512 1230 6 21 i
540 1230 56 21 detta
611 1230 153 27 sammanhang
779 1230 76 20 endast

96 1263 88 21 hänvisa
199 1264 31 20 till
246 1264 94 26 antydda
355 1264 114 21 uttalande.

166 1298 36 20 Uti
216 1298 41 21 den
269 1298 76 27 nådiga
356 1298 169 28 propositionens
536 1301 35 18 art.
584 1298 47 27 102,
642 1298 147 21 motsvarande
800 1297 16 28 S
825 1297 28 22 72

96 1332 7 20 i
120 1332 205 27 Värnepligtslagen,
341 1332 113 21 återfinnes
471 1333 18 27 ej
506 1332 36 21 det
557 1333 6 20 i
579 1332 65 27 sagda
655 1333 12 26 $
678 1332 104 27 ingående
794 1332 59 21 med-

97 1366 109 27 gifvandet
225 1366 34 21 för
274 1366 54 27 dem,
344 1366 71 21 hvilka
430 1367 149 21 företrädesvis
594 1366 67 22 önska
676 1366 81 22 inträda
773 1367 7 20 i
796 1366 56 21 aktiv

97 1400 70 28 tjenst,
183 1402 30 19 att
228 1400 7 20 i
251 1401 75 21 sädant
341 1401 100 21 afseende
458 1403 72 25 uttaga
545 1401 26 21 de
586 1401 87 21 främsta
688 1401 95 21 lotterna.
813 1400 41 21 Till

97 1434 46 20 stöd
165 1434 33 21 för
219 1434 70 22 denna
311 1435 131 27 uteslutning
458 1436 84 20 anföres
556 1436 7 20 i
580 1435 25 21 de
622 1435 145 27 förklaringar,
783 1434 72 21 hvilka
