1086 1781
278 149 27 21 36

318 220 50 18 Art.
394 220 53 19 109.
487 219 53 25 Den,
565 224 46 16 som
637 218 35 22 vid
697 219 147 27 besigtningen
869 226 81 20 uppger
974 220 33 26 sig

248 258 53 16 vara
323 253 102 21 behäftad
440 254 48 20 med
504 253 131 22 fallandesot
650 254 52 20 eller
717 260 70 15 annan
803 253 84 22 fördold
903 254 103 27 sjukdom,

248 293 46 15 som
310 287 88 21 hindrar
412 288 78 21 honom
506 290 34 19 att
549 287 94 28 fullgöra
653 288 132 27 krigstjenst,
797 288 63 27 skall,
872 288 70 22 derest
952 295 53 21 upp-

248 320 78 28 giftens
345 321 197 27 sanningsenlighet
557 328 64 21 synes
637 322 140 27 tvifvelaktig,
793 322 24 21 af
830 322 90 21 nämden
936 322 70 21 afsän-

248 355 39 21 das
298 356 32 20 till
340 358 108 20 närmaste
460 356 87 27 sjukhus
558 356 33 22 för
599 356 122 22 utrönande
728 356 24 22 af
758 356 54 22 hans
821 356 183 28 tjenstduglighet.

247 389 33 21 På
290 390 111 22 enahanda
412 392 44 20 sätt
466 390 67 22 förfar
543 391 99 27 nämden,
653 391 28 21 då
692 391 67 27 enligt
769 391 115 21 läkarenes
895 390 110 22 utlåtande

248 426 90 24 antagas
361 424 41 21 kan
418 427 32 19 att
466 425 105 27 sjukdom,
587 431 46 15 som
648 426 64 26 utgör
726 425 77 21 hinder
817 425 35 21 för
867 425 119 27 antagande
999 425 6 21 i

247 458 73 27 tjenst,
340 460 24 19 är
378 458 129 22 framkallad
523 460 39 21 och
578 459 137 21 underhålles
730 459 28 27 på
772 460 100 21 konstlad
888 461 46 25 väg.
965 459 39 21 Om

248 492 190 23 distriktsnämden
461 500 69 20 anser,
554 496 33 19 att
610 496 111 19 närmaste
742 494 89 27 sjukhus
846 494 48 22 icke
909 493 95 27 förfogar

248 528 59 21 öfver
322 528 130 28 tillräckliga
468 528 159 28 vetenskapliga
642 529 128 27 hjelpmedel
781 528 34 22 för
825 529 135 27 sjukdomars
970 530 34 20 ut-

247 562 97 21 rönande
366 563 52 21 eller
441 565 32 19 att
496 563 111 27 sjukhuset
621 563 8 21 i
645 562 65 28 öfrigt
732 562 48 22 icke
803 562 63 28 fyller
886 563 25 21 de
926 562 77 28 vilkor,

248 602 44 16 som
308 596 108 23 erfordras
431 598 34 21 för
480 598 99 26 behörigt
594 598 157 21 verkställande
767 597 23 21 af
801 598 80 20 sådana
892 597 53 27 prof,
956 604 45 14 som

247 631 40 21 här
302 633 39 20 äro
356 632 6 21 i
378 632 60 27 fråga
447 632 98 21 afsändes
555 638 111 21 personen,
678 632 62 21 hvars
751 632 98 21 tillstånd
860 632 55 21 skall
926 633 78 20 under-

247 665 71 27 sökas,
334 666 8 21 i
357 666 76 21 sådant
448 666 99 21 afseende
563 667 33 20 till
612 667 167 20 länelasarettet.

316 725 52 19 Art.
384 726 42 18 110.
450 723 196 22 Distriktsnämden
657 726 24 19 är
693 724 18 27 ej
723 724 85 21 bunden
819 723 35 21 vid
865 724 136 27 besigtnings-

245 757 87 22 läkares
356 757 110 22 utlåtande
488 757 109 28 angående
618 758 26 21 de
666 758 144 27 besigtigades
826 758 110 27 duglighet
952 758 52 21 eller

248 792 124 27 oduglighet
387 793 32 21 till
434 793 131 26 krigstjenst.
595 792 42 21 Vid
652 792 151 27 besigtningen
813 792 132 21 närvarande
956 799 48 20 per-

246 833 64 15 soner
335 827 50 27 (art.
413 828 49 27 105)
486 833 40 21 ega
548 829 43 20 rätt
614 829 33 20 att
670 827 85 21 anmäla
778 827 100 26 missnöje
901 829 44 19 mot
967 827 37 21 be-

246 861 51 27 slut,
312 861 137 27 hvarigenom
465 861 68 28 någon
548 862 117 21 förklarats
676 862 87 27 oduglig
774 862 33 21 till
817 861 131 28 krigstjenst.
966 861 38 22 Så-

246 895 41 22 dan
303 896 99 21 anmälan
418 897 55 20 skall
488 897 84 27 intagas
589 897 6 20 i
611 896 208 22 Distriktsnämdens
834 896 114 27 protokoll,
964 896 40 21 och

246 932 25 19 är
292 930 153 22 Länenämden
461 931 7 21 i
484 931 75 21 sådant
579 931 38 21 fall
632 931 122 27 berättigad
770 933 32 19 att
817 931 93 21 anställa
924 937 28 20 ny
967 931 36 20 be-

245 965 94 27 sigtning
355 965 61 21 äfven
432 965 48 21 med
496 972 83 20 person,
596 972 34 15 om
646 966 85 21 hvilken
746 965 210 22 Distriktsnämdens
969 967 34 20 ut-

246 999 88 22 låtande
350 1000 57 22 varit
422 1001 110 27 enhälligt.

314 1053 51 19 Art.
382 1054 31 18 111.
443 1052 199 27 Kompletteringen
659 1053 23 20 af
692 1053 35 20 det
743 1053 58 20 antal
818 1059 102 20 personer
932 1053 70 20 områ-

245 1086 37 21 det
297 1086 67 27 enligt
379 1086 147 28 fördelningen
541 1087 38 21 bör
589 1087 108 27 uppställa
707 1087 7 21 i
724 1087 74 21 stället
806 1087 33 21 för
850 1087 57 21 dem:
924 1087 22 27 1)
956 1093 46 15 som

244 1119 70 22 blifvit
329 1120 124 22 förklarade
468 1121 33 21 för
516 1121 111 27 oduglige;
644 1121 22 28 2)
682 1127 46 15 som
743 1121 53 21 böra
811 1121 97 26 undergä
922 1127 28 21 ny
966 1121 36 21 be-

244 1155 105 26 sigtning;
363 1155 23 27 3)
397 1161 46 15 som
454 1155 70 21 blifvit
534 1155 89 22 afsände
633 1156 34 21 till
678 1155 195 28 sjukvärdsanstalt
883 1155 33 21 för
926 1155 76 21 under-

244 1189 101 27 sökning;
364 1190 22 26 4)
403 1196 45 15 som
464 1189 107 22 uteblifvit
586 1189 48 22 frän
649 1190 121 27 uppbädet;
786 1190 23 27 5)
825 1196 45 15 som
887 1190 33 21 stä
935 1189 67 22 under

243 1223 73 28 tilltal,
332 1223 39 22 och
387 1224 22 27 6)
425 1230 45 15 som
486 1224 85 21 erhållit
587 1225 93 26 uppskof
695 1225 32 20 till
743 1224 92 27 följande
850 1224 88 27 uppbåd
952 1225 50 26 (art.

243 1258 35 25 32,
298 1259 34 25 41,
356 1260 34 25 42,
413 1259 28 20 44
464 1258 38 21 och
521 1259 44 26 53),
581 1258 105 27 försiggär
701 1258 54 22 efter
771 1258 154 21 lottsedlarnas
940 1264 60 15 num-

243 1291 100 28 merföljä
359 1293 40 21 och
414 1293 7 20 i
438 1293 40 21 den
493 1293 7 20 i
516 1293 91 21 artikeln
625 1293 40 21 107
681 1293 104 27 stadgade
801 1293 98 26 ordning.

312 1343 50 17 Anm.
386 1343 33 18 Om
431 1343 57 18 bland
500 1343 45 22 dem,
554 1349 38 12 som
601 1343 130 18 underkastats
739 1343 106 22 besigtning
853 1343 30 17 för
891 1342 111 23 komplette-

241 1371 43 23 ring
296 1371 21 18 af
328 1372 32 18 det
372 1372 50 18 antal
434 1373 85 22 rekryter
531 1372 82 18 omrädet
625 1373 34 17 bör
670 1372 108 23 uppställa
770 1367 9 33 i
788 1371 63 19 stället
859 1371 30 18 för
897 1371 22 18 de
930 1371 3 17 i
942 1371 60 18 denna

242 1400 68 18 artikel
322 1400 53 24 (111)
388 1401 109 18 omnämnda
508 1406 93 18 personer,
614 1400 60 19 finnas
687 1401 74 21 sådana,
773 1400 30 18 för
810 1400 63 18 hvilka
882 1399 82 18 inträdet
971 1399 31 18 vid

241 1430 104 21 trupperna
361 1429 34 18 bör
413 1430 111 22 uppskjutas
539 1430 29 18 till
584 1430 57 22 nägot
655 1430 82 22 följande
750 1429 73 23 uppbäd
836 1429 43 22 (art.
892 1429 28 21 32,
932 1429 27 21 41,
972 1430 28 20 42,
