1089 1781
260 133 27 20 14
542 133 85 23 Ständ.
643 134 38 22 Sv.

230 204 78 22 lunda
336 204 130 30 begagnas
493 206 84 22 såsom
599 207 34 21 ett
652 206 175 28 tvångsmedel
844 206 41 22 för
903 206 83 22 utbre-

231 238 83 23 dande
342 240 25 21 af
393 240 61 28 rysk
482 240 195 28 språkkunskap
696 240 7 22 i
722 240 113 22 Finland.
872 241 43 21 Att
936 240 49 22 den

230 273 102 23 bildade
358 274 144 29 ungdomen
521 274 7 22 i
549 274 241 23 Storfurstendömet
816 275 8 21 i
852 275 74 28 fråga
945 281 40 16 om

231 307 138 29 eftergifter
396 309 7 21 i
430 309 202 29 militärtjensten
659 309 146 29 derigenom
830 310 80 22 skulle
936 308 49 22 för-

232 343 78 21 sättas
329 342 7 22 i
355 349 31 15 en
404 343 60 22 vida
483 350 193 22 ogynsammare
695 344 119 28 ställning
833 345 32 21 än
884 344 49 22 den
942 343 44 22 bil-

232 376 65 22 dade
321 377 144 29 ungdomen
483 378 8 22 i
510 378 198 28 Kejsaredömet,
735 379 28 21 är
785 384 30 16 en
834 378 152 29 omständig-

231 410 50 27 het,
310 412 43 22 vid
380 412 127 22 hvilken
497 406 15 40 i
534 412 122 29 förslaget
683 413 22 28 ej
733 412 64 22 fästs
824 413 78 29 något
924 412 62 22 afse-

232 446 71 22 ende.
340 446 12 22 I
372 446 99 30 analogi
489 447 56 22 med
565 447 42 22 det
627 447 106 22 anförda
751 447 109 22 vilkoret
875 447 111 29 uppstäl-

230 480 37 22 les
286 480 8 22 i
312 480 120 30 förslaget
451 482 133 22 enahanda
602 481 105 23 fordran
726 482 39 22 för
783 482 153 28 rättigheten
950 482 36 21 att

232 514 83 22 såsom
333 515 103 29 frivillig
454 516 109 29 fullgöra
583 516 184 29 värnepligten.
791 511 83 27 Äfven
894 516 90 26 denna,

231 548 39 22 för
289 549 31 22 de
338 550 79 28 högre
435 550 101 22 bildade
559 550 105 22 afsedda
685 550 108 27 förmån,
813 551 77 21 hvars
910 550 76 23 bevil-

231 584 77 28 jande
336 584 76 22 tillika
440 585 80 29 ligger
547 585 8 21 i
583 586 151 27 truppernas
761 585 115 26 intresse,
906 585 79 22 skulle

232 618 72 22 alltså
323 618 7 22 i
349 618 107 23 Finland
480 620 164 28 kringskäras
666 626 91 22 genom
779 620 105 22 fordran
902 620 33 28 på
954 626 31 15 en

232 652 124 29 kunskap,
376 654 38 21 för
432 654 77 22 hvars
531 654 161 22 inhemtande
721 654 144 29 ungdomen
884 655 8 21 i
911 654 75 29 Ryss-

231 687 59 22 land
309 687 54 22 icke
381 688 121 22 behöfver
521 689 138 29 anstränga
678 689 45 29 sig.

303 721 142 23 Ständerna
462 723 165 22 underskatta
638 723 140 29 ingalunda
793 723 147 29 betydelsen
960 722 26 22 af

231 756 61 28 rysk
311 757 194 29 språkkunskap
524 758 8 21 i
550 757 115 23 Finland.
692 758 55 22 Alla
759 758 44 22 äro
816 764 60 16 ense
889 757 94 26 derom,

233 792 36 20 att
287 790 93 23 befälet
406 792 42 22 vid
472 792 98 22 landets
595 792 91 22 militär
705 792 46 22 bör
770 798 47 23 ega
836 792 150 28 skicklighet

230 825 7 21 i
257 825 68 22 detta
353 826 87 28 språk;
460 826 45 22 och
524 826 32 22 då
576 826 25 22 af
619 826 130 28 praktiska
769 826 54 22 skäl
841 826 117 28 kunskap
977 826 8 21 i

230 860 95 28 ryskan
345 861 28 21 är
392 860 110 30 behöflig
520 861 93 29 jemväl
631 861 44 22 vid
689 868 30 14 en
730 861 40 22 del
784 860 200 23 administrativa

230 894 112 28 tjenster,
371 895 86 22 kunna
476 896 38 21 för
533 896 74 21 dessa
635 896 66 21 båda
730 895 117 22 ändamål
874 895 110 28 positiva

229 928 146 30 fordringar
402 929 56 23 från
486 932 95 20 statens
609 930 54 22 sida
691 930 147 28 uppställas.
876 930 50 21 För
953 929 31 22 de

229 963 101 27 privata
348 970 128 22 personer,
499 971 52 15 som
574 964 38 22 stä
631 964 7 22 i
657 964 247 22 affärsförbindelser
926 964 59 22 eller

230 998 80 21 andra
337 998 97 22 direkta
462 999 133 21 relationer
622 999 57 21 med
702 998 122 22 invänare
844 998 6 22 i
870 998 115 28 Kejsare-

230 1032 90 26 dömet,
347 1032 62 22 skall
436 1033 42 22 det
504 1040 65 22 egna
593 1034 124 25 intresset,
742 1034 3 21 i
765 1033 48 22 den
832 1033 58 22 män
910 1032 74 22 dessa

228 1066 168 23 förbindelser
418 1067 70 27 ökas,
508 1069 117 27 nogsamt
650 1074 75 15 mana
748 1067 35 22 till
802 1067 182 22 förvärfvande

230 1101 26 21 af
274 1102 80 21 större
372 1102 141 22 kännedom
532 1102 7 22 i
557 1102 110 22 nämnda
686 1102 85 28 spräk.
797 1102 57 22 Men
873 1108 40 15 om
926 1108 58 15 man

229 1135 54 22 icke
303 1136 101 22 alldeles
431 1136 114 26 förbiser,
575 1138 36 20 att
637 1136 121 22 Finlands
777 1136 46 22 och
842 1135 142 29 Rysslands

228 1170 124 22 invänare
362 1170 100 22 tillhöra
472 1170 150 29 fullkomligt
632 1171 67 21 olika
712 1170 181 26 folkstammar,
904 1170 80 22 mäste

229 1204 43 22 det
289 1204 40 22 för
348 1204 55 27 alla,
427 1212 53 15 som
500 1205 81 22 förmä
603 1205 116 28 uppfatta
741 1204 148 29 betydelsen
909 1204 25 22 af
952 1210 32 16 en

229 1238 81 22 sädan
329 1239 155 29 etnografisk
502 1240 133 26 ätskilnad,
655 1241 65 21 samt
739 1240 68 21 ännu
825 1245 53 15 mer
891 1238 39 22 för
944 1245 40 15 en-

228 1273 73 26 hvar,
321 1280 54 15 som
393 1274 96 22 känner
507 1274 42 23 det
567 1274 82 22 finska
667 1274 155 28 folklynnets
836 1273 146 29 oböjlighet,

228 1307 104 23 framstä
352 1308 82 22 säsom
454 1308 120 29 omöjligt,
599 1309 35 21 att
657 1308 42 22 det
717 1308 78 29 ryska
815 1307 104 29 spräket
936 1307 48 22 här

228 1342 126 28 nägonsin
382 1342 79 22 skulle
488 1343 85 21 kunna
601 1342 95 22 erhälla
715 1349 31 15 en
766 1342 92 22 allmän
883 1341 101 23 utbred-

228 1376 70 29 ning.
335 1376 12 22 I
365 1376 107 23 Finland
489 1377 106 22 likasom
614 1377 8 21 i
641 1376 48 23 alla
707 1376 89 23 länder
820 1377 46 28 gör
885 1376 39 29 sig
942 1376 42 22 det

227 1410 159 23 förhällande
414 1412 125 28 gällande,
568 1413 35 21 att
630 1418 101 15 massan
759 1411 26 22 af
803 1410 181 29 befolkningen

227 1445 55 22 icke
307 1445 37 22 lär
368 1445 38 29 sig
424 1446 78 28 något
521 1447 77 21 annat
616 1446 77 28 språk
712 1446 32 21 än
763 1446 42 22 sitt
823 1444 159 23 modersmål.
