1086 1756
447 403 23 27 L

83 470 108 27 Inledning.
208 483 26 2 —
251 469 199 28 Indelningsvärket;
474 469 206 28 värnepliktslagens
698 471 96 28 ställning
809 470 29 23 till

83 505 128 27 detsamma;
227 503 174 28 förändringarna
417 504 5 22 i
437 504 51 28 följd
504 503 26 23 af
542 502 76 30 nådiga
632 503 175 30 förordningarna
817 504 26 23 af

83 539 38 22 den
137 539 14 21 5
162 538 81 28 augusti
259 538 56 23 1886
331 537 107 29 angäende
454 537 115 24 rusthällen
580 539 40 22 och
632 539 207 28 vakansafgifterna
832 533 11 38 ;

173 573 54 22 hvad
243 572 25 23 af
281 573 34 22 det
331 573 91 22 militära
438 573 191 28 indelningsvärket
644 571 106 24 kvarstär.

151 630 80 22 Under
247 630 62 21 äldre
324 630 35 21 tid
376 631 42 20 har
433 630 8 21 i
456 631 170 28 konungariket
652 631 94 28 Sverge,
762 631 80 21 hvaraf

84 664 98 22 Finland
197 665 36 20 till
248 666 24 19 är
289 666 53 19 1809
358 664 90 29 utgjort
464 672 28 13 en
508 665 43 26 del,
567 665 49 28 gält
628 665 45 21 den
683 665 158 28 grundsatsen,

85 702 34 18 att
135 699 38 22 det
189 699 75 28 älegat
279 699 79 28 hvarje
373 699 113 28 vapenför
501 707 53 14 man
564 702 35 19 att
609 701 30 27 pä
649 700 136 28 konungens
795 699 47 22 bud

85 737 56 24 göra
154 733 136 28 krigstjänst
305 733 35 22 till
355 733 91 22 landets
461 734 95 21 försvar.
583 735 11 20 I
605 734 237 21 öfverensstämmelse

85 768 52 21 med
161 768 74 21 denna
258 768 123 28 grundsats
397 768 124 28 stadgades
536 768 8 21 i
559 771 12 18 2
588 769 14 28 &
618 770 13 19 2
647 769 51 28 kap.
715 769 41 20 och
772 770 13 19 3
800 769 14 28 $
830 770 12 19 5

85 803 51 28 kap.
156 802 192 28 konungabalken
370 802 23 21 af
415 803 96 28 konung
529 802 139 22 Kristoffers
683 803 110 28 landslag,
809 804 34 19 att

86 837 43 20 alla
148 844 54 14 vore
226 837 106 28 skyldiga
350 839 34 19 att
398 844 56 14 vara
469 837 125 28 konungen
609 837 36 21 till
660 837 72 28 tjänst
748 837 95 26 ,särlika

86 871 53 21 med
154 871 92 21 härfärd
261 871 35 21 till
310 871 143 26 landameris,
468 871 69 28 Rijke
553 871 43 22 och
611 871 67 22 Land
693 871 52 22 med
760 871 84 22 honom

86 905 83 26 väria*,
181 906 57 25 ,och
249 913 28 20 ey
287 908 101 25 ytermer
399 906 70 21 medh
479 906 101 21 Härfärd
590 906 56 25 fara,
658 906 72 21 uthan
738 905 106 28 godwilia

87 940 65 21 thera
166 940 129 28 fangnom*.

155 974 43 21 Att
222 974 180 26 ,bondehären*,
419 982 49 13 som
483 974 9 21 i
506 974 123 22 behofvets
645 974 70 22 stund.
729 974 115 29 uppkalla-

89 1009 45 25 des,
148 1008 50 22 icke
213 1008 77 21 kunde
306 1008 72 22 under
394 1016 63 14 mera
472 1009 137 21 utvecklade
625 1008 159 22 förhållanden
791 1016 54 14 vara

88 1043 35 21 till
138 1042 67 29 fylles
222 1046 24 18 är
261 1042 43 22 lätt
320 1042 82 22 insedt.
432 1043 77 21 Bland
525 1043 28 21 de
568 1043 82 25 medel,
667 1050 49 14 som
730 1043 115 21 användes

88 1078 35 20 för
146 1077 131 21 erhållande
301 1077 22 21 af
343 1077 119 28 krigsfolk,
479 1084 56 15 voro
550 1078 200 28 utskrifningarna
765 1077 28 21 de
809 1084 36 14 an-

88 1111 247 29 märkningsvärdaste.
366 1112 44 20 Till
432 1112 77 28 grund
531 1111 36 21 för
586 1111 52 21 dem
656 1112 38 28 läg
709 1112 37 21 väl
761 1113 85 26 ytterst

89 1146 45 21 den
155 1146 72 21 redan
249 1146 95 21 anförda
362 1148 78 19 satsen
456 1153 37 14 om
508 1146 126 28 allmogens
650 1145 195 29 krigstjänstskyl-

89 1181 89 28 dighet;
201 1188 54 14 men
273 1180 89 22 faktum
378 1184 24 18 är
418 1183 34 19 att
468 1188 53 14 man
536 1182 71 26 ansåg
623 1180 36 28 sig
674 1180 55 22 böra
743 1180 36 20 till
795 1180 51 20 dem

90 1216 82 27 begära
192 1215 118 28 samtycke
330 1215 23 21 af
367 1215 74 21 folket
457 1215 55 21 eller
528 1215 51 21 dess
596 1215 92 21 ombud.
719 1214 10 21 I
745 1214 102 28 enlighet

88 1250 94 21 härmed
206 1249 152 28 ,beviljades*
382 1249 167 29 utskrifningar
567 1251 30 27 pä
614 1249 121 21 1600-talet
749 1248 24 22 af
788 1250 59 20 stän-

89 1284 76 26 derna,
190 1284 59 21 dock
271 1286 30 24 sä,
325 1286 34 19 att
380 1284 82 28 hvarje
485 1284 67 21 ständ
567 1284 36 21 för
619 1284 36 28 sig
669 1283 118 22 bestämde
803 1282 44 22 den

89 1318 140 28 utskrifning
253 1318 91 21 ståndet
365 1318 55 21 ville
443 1318 92 28 bevilja,
558 1318 97 21 likasom
679 1318 67 21 äfven
761 1317 8 21 i
783 1317 64 28 fråga

89 1360 37 14 om
149 1352 88 22 skatter
260 1352 43 21 och
325 1352 88 28 gärder.
445 1352 102 22 Sålunda
569 1352 67 21 heter
659 1352 40 21 det
713 1352 8 20 i
737 1353 54 19 1642
813 1353 34 19 års

89 1386 182 28 riksdagsbeslut
289 1387 14 28 &
318 1388 23 20 4:
366 1386 111 26 ,Därföre
499 1386 70 22 hafva
587 1386 24 22 vi
634 1386 57 28 godt
713 1386 82 26 funnit,
811 1386 37 21 be-

158 1432 141 23 Lagutskottets
312 1432 121 18 betänkande.
