1086 1675
268 107 40 21 130
590 107 20 21 U.
628 107 20 21 B.

304 175 34 21 På
354 174 64 21 dessa
434 174 49 21 skäl
500 182 63 14 anser
578 175 159 27 lagutskottet,
754 178 33 18 att
804 176 77 27 frågor
897 183 36 13 om
949 176 45 28 lag-

235 210 137 27 stittningen
388 209 42 21 och
446 209 44 21 den
506 209 148 21 ekonomiska
669 210 171 28 förvaltningen
857 210 95 22 rörande
967 210 27 20 de

235 244 76 21 finska
333 247 124 25 trupperna
481 244 141 21 fortfarande
645 244 55 21 böra
723 244 120 21 ankomma
867 247 30 26 på
920 244 72 21 finska

235 277 161 29 myndigheter
411 278 50 25 och,
477 278 74 21 såvidt
567 278 27 21 de
610 278 65 21 skola
691 280 25 19 af
728 279 126 20 monarken
868 279 56 27 själf
932 279 62 27 afgö-

234 320 44 17 ras,
302 312 54 21 böra
373 313 130 27 föredragas
520 313 63 20 Hans
599 313 107 27 Majestät
722 314 25 19 at
760 313 234 21 ministerstatssekre-

236 350 89 18 teraren
342 347 35 20 för
393 347 219 21 storfurstendömet.

305 382 51 20 Den
381 381 137 28 befogenhet
540 382 51 21 med
615 382 106 21 afseende
737 384 12 19 å
765 382 74 21 finska
859 382 134 27 angelägen-

237 416 70 23 heter,
330 416 93 21 hvilken
446 416 7 21 i
476 416 109 28 förslaget
608 416 34 21 till
666 416 180 28 värnepliktslag
867 416 127 21 tillerkänts

236 451 68 27 ryske
327 451 117 20 ministern
461 451 35 20 för
512 451 226 28 folkupplysningen,
755 454 25 17 är
795 451 133 28 visserligen
944 451 49 20 icke

236 485 118 21 vidsträkt.
371 493 51 13 men
439 488 22 18 så
473 486 91 27 mycket
575 493 48 13 mer
634 485 129 28 opåkallad,
776 485 87 21 hvilket
875 486 41 20 ock
928 485 65 21 fram-

236 522 40 25 går
292 519 67 22 däraf
373 523 32 18 att
421 522 71 26 något
509 521 48 20 skäl
573 520 35 21 till
624 523 33 18 ett
674 520 78 21 sådant
769 520 96 28 ingrepp
882 520 6 21 i
905 520 89 21 landets

235 557 45 19 rätt
296 554 35 22 till
347 554 47 21 inre
411 554 148 29 själfstyrelse
576 554 18 28 ej
614 562 38 14 ens
669 555 88 21 kunnat
774 554 97 22 anföras.

305 589 58 21 Lika
385 589 50 21 litet
458 590 48 20 skäl
529 590 72 20 finnes
624 590 73 27 enligt
720 589 123 21 utskottets
867 590 67 20 tanke
960 591 33 19 för

236 624 44 20 den
296 624 111 20 afvikelse
423 624 50 21 från
489 624 153 28 grundlagens
659 624 126 28 stadgande
802 632 36 13 om
849 624 88 21 landets
949 629 45 23 sty-

236 658 56 21 relse
306 658 52 21 med
370 658 87 21 biträde
469 659 24 20 at
503 658 117 22 inhemska
632 658 167 28 myndigheter,
811 666 46 14 som
870 659 123 21 innefattas

235 692 6 20 i
260 692 108 28 förslaget
383 696 33 18 att
432 693 173 28 publicerandet
617 694 25 20 af
654 693 111 21 särskilda
774 693 167 21 förordnanden
950 693 42 21 och

235 727 106 21 kallelser
363 727 73 21 skulle
457 728 39 20 ske
512 735 82 20 genom
612 728 135 28 förmedling
764 728 25 20 af
803 728 142 27 dirigerande
962 736 31 12 se-

234 764 69 18 naten
319 762 8 20 i
342 762 158 27 kejsardömet.

304 796 181 22 Vidkommande
502 797 79 27 frågan
598 804 36 14 om
650 797 132 28 chefskapet
800 798 34 20 tör
849 797 73 21 finska
937 797 56 20 mili-

234 833 64 18 tären
323 830 39 21 har
385 831 118 21 utskottet,
523 830 61 21 inom
600 830 87 21 hvilket
704 830 61 21 olika
780 830 119 28 meningar
914 830 78 21 härom

233 864 63 27 gjort
318 865 34 27 sig
374 865 113 27 gällande,
511 865 57 20 etter
590 864 143 27 omröstning
757 864 92 21 beslutit
869 867 73 18 såsom
958 865 34 20 sin

235 899 60 20 åsikt
312 899 81 21 nttala:
411 903 40 18 att,
467 902 53 17 enär
536 899 38 20 det
589 906 27 13 ur
626 899 84 21 militär
717 899 118 28 synpunkt
846 901 71 19 måste
929 907 64 13 anses

233 933 143 28 nödvändigt
393 936 32 18 att
442 933 151 29 öfverbetälet
604 933 65 21 öfver
680 933 26 21 de
717 933 74 22 finska
803 936 123 25 trupperna
937 936 54 18 utan

234 967 80 22 hinder
331 968 25 20 af
369 969 36 26 lag
420 967 45 22 kan
481 968 113 21 anförtros
611 967 43 21 den
671 975 80 20 person
769 975 46 14 som
833 968 75 21 därtill
919 968 73 21 finnes

233 1002 7 20 i
263 1002 44 21 allo
330 1002 136 28 lämpligast,
489 1002 173 28 lagförändring
686 1003 43 20 kan
746 1002 128 28 medgifvas
891 1003 6 20 i
913 1003 79 20 sådant

233 1037 68 27 sytte,
325 1039 33 18 att
381 1037 133 28 chefskapet
530 1037 63 20 öfver
609 1045 70 19 sagda
695 1040 94 25 trupper
805 1037 76 21 kunde
897 1037 95 28 uppdra-

232 1078 42 20 gas
297 1071 68 20 äfven
388 1074 23 18 ät
427 1079 74 13 annan
517 1071 242 21 militärbefälhafvare
775 1074 29 18 än
820 1072 172 27 generalguver-

233 1108 77 18 nören.
340 1105 35 22 Nu
392 1106 101 28 antydda
508 1105 133 29 förändring
656 1105 41 22 har
713 1105 113 22 utskottet
836 1106 58 21 dock
905 1106 86 21 kunnat

232 1140 92 21 förorda
348 1140 80 21 endast
450 1140 71 21 under
544 1140 44 21 den
612 1141 164 27 förutsättning
793 1143 39 23 att,
849 1148 73 14 såsom
938 1148 54 21 nyss

234 1175 94 24 anförts,
352 1174 43 21 den
419 1175 147 21 ekonomiska
590 1176 170 27 förvaltningen
776 1188 26 2 —
823 1175 7 21 i
846 1175 94 21 motsats
957 1176 35 20 till

233 1208 45 21 den
301 1212 49 18 rent
373 1210 98 20 militära
495 1223 27 1 —
546 1210 86 20 således
653 1210 88 26 jämväl
765 1209 196 22 sundhetsvärden
985 1210 6 20 i

232 1242 80 28 hvarje
328 1243 40 21 fall
386 1243 141 21 handhafves
544 1243 26 21 af
582 1244 59 20 finsk
658 1244 141 28 myndighet.

303 1277 52 21 Med
379 1278 123 28 anledning
525 1278 67 21 däraf
613 1281 33 18 att
669 1286 53 13 man
745 1278 111 21 förebrätt
871 1278 119 22 ständerna

232 1311 38 21 vid
297 1312 111 22 1877—78
432 1314 35 19 års
491 1312 109 28 landtdag
624 1312 38 21 det
682 1312 26 21 de
725 1312 82 21 ändrat
823 1315 32 18 ett
872 1313 25 20 at
909 1312 83 27 Kejsar

232 1346 130 21 Alexander
382 1347 20 20 II
421 1346 71 22 delvis
508 1347 129 27 redigeradt
652 1347 126 27 stadgande
797 1347 117 27 angående
933 1347 59 21 chet-

231 1380 81 27 skapet
336 1382 35 19 för
394 1382 73 20 finska
490 1381 120 25 militären,
634 1389 65 12 anser
722 1381 35 27 sig
778 1382 113 20 utskottet
906 1382 5 19 i
929 1382 62 21 detta

303 1426 134 22 Lagulskottets
450 1427 115 16 betänkande.
