1092 1775
260 137 13 20 4
535 137 84 23 Ständ.
638 138 38 22 Sv.

231 207 204 30 Värnepligtslag
455 208 59 23 eller
532 209 34 29 på
585 209 56 23 dem
663 210 134 28 grundade
818 209 169 23 institutioner

231 242 81 22 skulle
331 242 152 29 upphäfvas,
503 245 62 21 utan
584 244 46 22 ock
641 244 125 22 allmänna
780 243 207 30 grundlagsstad-

230 276 101 29 ganden
350 277 114 29 undergå
484 278 116 29 ändring.

302 311 141 23 Ständerna
462 312 78 22 hafva
560 314 82 21 ansett
660 313 39 29 sig
717 313 63 22 böra
803 319 91 23 genom
913 312 74 22 dessa

231 346 171 29 antydningar
420 347 156 22 omedelbart
595 347 104 29 angifva
717 347 31 23 de
761 347 225 28 förutsättningar,

230 380 83 22 under
341 380 88 23 hvilka
458 381 146 23 Ständerna
623 382 95 22 skridit
736 382 42 22 till
797 381 190 29 behandlingen

231 415 33 21 af
288 414 168 24 förevarande
483 416 103 22 ärende.
623 416 127 29 Derjemte
773 416 26 22 få
820 415 167 23 Ständerna
972 410 18 39 i

231 449 204 29 underdånighet
454 450 106 26 anmäla,
579 452 36 21 att
634 450 159 30 afgifvandet
806 450 26 22 af
844 452 35 20 ett
889 456 98 23 gemen-

231 485 65 21 samt
323 490 59 16 svar
406 485 31 28 på
458 485 31 22 de
508 485 68 22 båda
595 485 94 29 nådiga
707 485 222 29 propositionerna
947 484 40 22 be-

229 518 97 22 funnits
356 519 218 29 ändamålsenligt,
603 520 106 22 emedan
739 520 31 22 de
798 519 105 29 förslag,
934 525 53 15 som

228 553 140 23 framstälts
394 554 8 21 i
422 554 135 26 desamma,
575 554 38 22 stå
632 554 8 22 i
659 554 28 22 så
705 555 63 21 nära
788 553 124 23 samband
931 553 55 22 med

229 588 155 26 hvarandra,
405 590 35 21 att
459 588 192 30 granskningen
669 589 8 22 i
697 589 61 22 flere
777 588 45 23 fall
835 588 79 22 måste
927 588 60 22 hän-

230 622 56 23 föra
305 623 39 28 sig
362 623 32 28 på
413 630 95 15 samma
526 623 70 30 gång
615 623 35 22 till
669 623 67 23 båda
755 623 137 29 förslagen.

300 795 12 22 I
339 795 48 22 den
414 795 94 30 nådiga
535 796 190 28 propositionen
751 795 59 23 med
837 795 96 29 förslag
952 794 35 23 till

230 830 204 29 Värnepligtslag
458 830 39 22 för
524 830 243 23 Storfurstendömet
787 830 109 22 Finland
914 829 74 22 fram-

230 864 88 27 hålles,
338 866 36 21 att
392 865 49 22 den
460 865 77 28 ryska
556 865 154 22 riksarméns
729 865 77 29 enhet
823 864 104 22 kräfver
945 863 44 22 lik-

230 899 136 29 formighet
393 899 8 22 i
428 899 31 22 de
482 900 167 28 stadganden,
669 899 87 23 hvilka
774 899 141 22 bestämma
934 898 55 22 ord-

231 934 94 28 ningen
343 933 40 23 för
402 934 98 22 arméns
519 934 194 29 komplettering
732 934 7 22 i
758 934 81 22 freds-
851 934 46 21 och
911 933 78 29 krigs-

231 968 43 22 tid.
297 968 126 29 Derjemte
442 970 107 21 emotses
568 968 65 22 dock
653 968 24 22 af
697 968 144 23 Ständerna
860 967 129 23 utlåtande

232 1002 94 26 derom,
350 1003 21 21 »i
397 1002 69 23 hvad
493 1003 58 22 mån
579 1003 31 22 de
637 1003 8 22 i
670 1002 239 29 Värnepligtslagen
927 1002 63 22 före-

232 1036 89 30 slagna
340 1043 50 23 nya
410 1037 207 29 anordningarna
637 1038 51 26 äro,
709 1038 56 22 med
778 1037 102 29 hänsyn
893 1036 36 22 till
941 1036 49 22 för-

231 1071 153 23 hållandena
402 1072 8 21 i
429 1071 93 27 landet,
542 1072 127 28 praktiskt
687 1071 150 29 tillämpliga
857 1071 14 22 å
890 1070 99 30 gestalt-

232 1106 94 28 ningen
346 1106 26 22 af
388 1106 72 22 lifvet
478 1106 7 22 i
504 1106 131 22 Finland».
660 1106 53 22 Och
731 1106 8 22 i
757 1106 51 22 den
827 1105 94 29 nådiga
934 1111 55 22 pro-

231 1140 143 28 positionen
397 1140 131 29 angående
547 1140 146 29 grunderna
711 1140 39 23 för
769 1140 32 22 de
819 1140 86 22 finska
923 1140 67 27 trup-

231 1181 93 22 pernas
349 1175 172 29 organisation
540 1175 46 22 och
605 1175 155 29 förvaltning
780 1174 78 23 äskas
876 1174 113 22 landtda-

231 1215 63 22 gens
313 1209 129 22 uttalande
461 1209 159 23 beträffande
639 1211 35 21 ett
692 1209 140 29 uppgjordt
844 1209 97 28 förslag
954 1207 36 23 till

231 1243 151 30 förordning
399 1244 8 21 i
426 1243 68 23 detta
514 1245 79 25 ämne,
615 1244 52 22 »för
684 1245 35 21 att
733 1243 256 23 Storfurstendömets

232 1277 126 23 särskilda
381 1278 57 22 kraf
456 1278 84 23 blefve
559 1278 36 23 till
613 1279 62 22 fullo
693 1277 172 30 uppskattade
884 1277 46 22 och
949 1277 40 22 be-

232 1312 114 22 aktade»>.

301 1346 63 22 Häri
390 1347 81 29 ligger
499 1349 34 20 ett
561 1347 162 22 erkännande
751 1347 82 26 deraf,
854 1347 36 21 att
909 1345 80 23 åstad-

230 1381 164 22 kommandet
418 1381 26 22 af
467 1381 171 29 likformighet
656 1381 56 22 med
732 1381 206 29 Kejsaredömets
956 1380 33 22 la-

230 1421 50 22 gar
306 1415 54 22 icke
387 1415 50 23 kan
465 1423 62 15 vara
549 1416 42 22 det
610 1416 64 22 enda
693 1415 118 29 syftemål
830 1421 31 16 en
879 1415 110 22 revision

231 1449 27 22 af
276 1449 121 23 Finlands
416 1450 206 29 Värnepligtslag
640 1450 46 22 har
706 1451 35 21 att
758 1449 117 29 fullfölja,
891 1450 60 21 enär
965 1449 26 22 af
