1089 1750
427 110 22 22 U.
466 110 22 22 B.
772 114 28 18 83

67 179 77 21 landet
161 180 54 20 1809
238 178 110 26 inträdde,
363 180 71 20 mäste
454 178 58 29 hysa
526 178 37 22 för
578 179 147 29 utskrifning,
746 180 82 22 aktade

67 212 84 29 Kejsar
165 212 130 22 Alexander
309 213 12 21 I
335 213 81 28 nödigt
431 213 47 21 läta
493 213 7 21 i
516 213 44 21 den
574 213 36 21 till
624 214 79 28 Borgä
717 214 111 29 landtdag

67 247 89 28 afgifna
171 247 170 29 propositionen
364 254 41 22 om
421 247 157 29 inrättningen
601 248 26 21 af
640 248 89 22 landets
744 248 84 22 militär

67 281 106 22 särskildt
188 282 78 28 intaga
281 282 38 21 det
330 282 26 20 af
368 282 113 21 utskottet
490 282 95 28 tidigare
595 282 99 22 anförda
703 283 123 24 uttalande,

68 316 62 21 hvari
145 316 113 28 Kejsaren
267 315 98 29 afgifver
376 316 44 21 den
431 316 127 26 försäkran,
567 318 34 20 att
609 318 79 27 nägon
695 318 52 20 med
754 319 73 26 tväng

67 350 94 22 förenad
177 350 144 28 rekrytering
337 350 54 22 eller
406 350 141 29 utskrifning
563 350 51 22 icke
629 351 7 21 i
644 351 99 22 Finland
753 351 73 22 skulle

67 392 42 21 ega
124 392 56 14 rum.

135 419 38 22 Nu
187 418 95 22 innebar
304 418 109 29 förslaget
436 426 37 14 om
491 419 83 21 allmän
589 420 187 29 värnepliktslag,
793 423 33 19 att

67 461 28 13 en
110 454 37 21 del
162 453 26 21 af
201 453 88 21 landets
304 453 102 28 ungdom
425 453 59 21 efter
499 454 100 28 lottning
614 454 90 21 komme
720 457 32 19 att
767 458 58 19 utta-

67 495 39 21 gas
121 488 35 21 till
178 490 103 26 tvungen
304 487 141 29 krigstjänst,
469 488 43 21 och
534 488 70 28 ingen
622 488 42 22 bör
679 488 96 23 förväna
790 490 36 28 sig

67 522 71 26 öfver,
154 524 33 19 att
203 522 70 21 saken
288 522 26 21 af
327 522 121 21 ständerna
464 522 144 22 betraktades
624 522 52 22 med
686 523 140 29 bekymmer,

67 564 48 14 som
130 556 83 22 ökades
229 564 82 21 genom
327 556 44 22 den
391 557 201 28 omständigheten
615 559 33 19 att
663 557 74 22 finska
752 558 72 22 folket

67 591 48 22 icke
137 591 76 22 kunde
237 591 88 28 begära,
349 593 33 20 att
405 591 50 22 dess
480 592 140 28 önskningar
644 592 54 21 eller
713 593 111 22 intressen

66 625 73 22 skulle
153 626 71 21 varda
239 625 169 22 bestämmande
423 626 8 21 i
446 625 78 29 frägor
541 633 36 14 om
588 627 52 28 krig
648 627 44 21 och
699 627 56 22 fred.
779 627 44 22 Det

67 660 40 21 bör
122 660 86 21 säledes
223 667 55 14 vara
292 660 42 21 lätt
349 659 137 29 förklarligt,
502 663 33 18 att
551 661 129 26 ständerna,
695 663 29 27 pä
739 669 85 14 samma

66 696 61 27 gäng
143 695 27 21 de
185 694 61 22 höllo
262 695 39 20 det
315 694 36 22 för
366 694 35 22 sin
422 695 61 28 plikt
498 697 48 19 mot
562 695 64 22 säväl
640 696 125 22 monarken
781 697 41 21 och

65 729 115 28 Ryssland
195 736 49 15 som
259 729 38 21 sitt
313 731 52 26 eget
379 728 51 22 folk
445 731 35 19 att
494 730 118 28 samtycka
631 730 35 21 till
676 730 83 22 allmän
774 733 50 19 vär-

65 763 94 29 neplikt,
175 763 73 22 tillika
263 763 100 22 önskade
379 765 23 19 ät
417 763 111 22 särskilda
544 764 142 28 stadganden
701 765 61 21 iden
777 773 47 20 nya

65 798 74 28 lagen,
154 797 78 22 hvilka
255 797 78 29 afsägo
357 800 33 19 att
405 800 86 26 trygga
508 797 85 23 folkets
609 799 43 21 och
667 799 28 21 de
710 799 114 22 enskildes

66 834 50 23 rätt,
132 831 64 29 gifva
218 832 70 21 sädan
311 832 122 28 egenskap,
457 835 34 18 att
506 832 28 22 de
553 833 51 21 icke
618 833 77 22 kunde
710 835 56 20 utan
781 834 43 21 alla

65 866 107 21 ständens
187 866 65 21 bifall
267 866 124 22 förändras.

134 901 36 21 En
185 901 67 28 giltig
274 901 132 28 rättsgrund
421 901 37 22 för
481 901 110 29 förslaget
614 904 34 19 att
662 902 64 28 gifva
741 902 82 29 ifräga-

66 935 98 22 varande
180 935 141 28 stadganden
341 935 195 28 grundlagsnatur
545 936 71 22 hafva
626 937 121 21 ständerna
758 937 67 22 emel-

65 970 72 27 lertid,
153 971 74 20 säsom
245 969 70 22 redan
331 969 25 22 af
369 969 39 30 det
425 969 140 29 föregäende
580 970 107 29 framgär,
703 971 50 21 haft
768 971 8 21 i
791 979 32 14 re-

64 1004 188 28 geringsformen.
281 1004 94 21 Dennas
392 1006 26 19 18
434 1005 14 28 &
465 1005 95 21 innebär
570 1005 122 28 nämligen,
707 1007 64 20 utom
786 1013 37 14 an-

64 1041 46 23 nat,
132 1041 33 19 att
187 1041 33 19 ett
242 1039 109 21 kavalleri
373 1039 59 21 skall
454 1039 126 29 uppställas
604 1039 27 22 af
651 1039 130 27 rusthällen,
800 1042 23 19 ät

64 1073 78 22 hvilka
156 1073 37 22 för
208 1073 127 21 ändamälet
351 1073 65 22 skola
432 1081 57 14 vara
504 1073 110 29 anslagna
630 1074 135 21 rusthällens
780 1074 43 21 och

64 1110 148 25 augmentens
235 1110 86 23 räntor;
344 1109 34 19 att
400 1108 99 21 knektar
521 1108 35 21 till
578 1108 61 21 vissa
653 1108 171 29 infanterirege-

63 1144 92 19 menten
170 1141 64 22 skola
255 1142 126 28 uppställas
397 1141 25 22 af
443 1142 45 21 alla
503 1142 28 21 de
546 1143 105 20 roterade
666 1142 134 22 hemmanen
816 1143 5 21 i

64 1176 76 22 landet
156 1176 71 28 enligt
242 1176 235 26 knektekontrakten;
493 1179 63 23 samt,
573 1177 6 21 i
595 1176 59 29 följd
669 1177 26 21 af
707 1177 71 26 dessa,
790 1179 33 19 att

64 1210 113 29 allmogen
199 1210 43 22 och
265 1211 105 21 städerna
392 1211 66 21 skola
477 1218 56 15 vara
548 1211 102 21 befriade
665 1211 51 21 frän
731 1211 91 21 utskrif-

64 1244 87 29 ningar,
174 1245 120 21 hvarutom
317 1245 74 28 öfriga
413 1246 110 21 invänare
545 1247 30 27 pä
598 1246 110 21 särskilda
722 1245 102 29 grunder

63 1279 58 21 varit
143 1278 51 22 frän
217 1279 84 21 sädana
323 1279 106 28 fritagne.
460 1280 123 21 Dessutom
606 1280 110 21 inneburo
736 1279 87 22 ständs-

63 1313 166 28 privilegierna,
245 1320 48 14 som
315 1313 20 29 ej
352 1314 89 21 kunnat
466 1314 80 21 ändras
567 1316 55 18 utan
638 1314 44 21 alla
696 1313 52 29 fyra
763 1316 60 19 stän-

63 1347 55 21 dens
134 1348 123 28 samtycke,
280 1348 134 28 ytterligare
436 1348 112 28 trygghet
571 1350 47 19 mot
633 1351 103 25 tvungen
750 1348 72 28 krigs-

62 1381 76 28 tjänst.
173 1382 36 20 Dä
231 1389 32 14 nu
285 1382 44 21 den
351 1382 36 20 till
410 1384 114 19 1877—78
548 1384 36 19 ärs
606 1382 110 28 landtdag
738 1382 83 22 aflätna

130 1427 141 23 Lagutskottets
285 1427 122 17 betänkande.
