1092 1759
342 131 85 23 Ständ.
443 131 39 23 Sv.
499 145 26 2 —
542 132 47 22 Bil.
606 132 20 22 I.
802 134 25 19 17

98 200 80 21 dition.
210 200 81 21 Denna
312 200 130 28 expedition
463 200 94 28 indrogs
572 201 132 27 visserligen
720 207 83 21 genom
819 202 39 20 nä-

98 234 53 26 diga
175 234 128 21 manifestet
324 234 25 21 af
369 234 45 21 den
437 236 26 19 21
486 235 63 27 April
567 236 61 25 1841,
647 235 43 21 och
706 236 28 20 de
750 235 107 26 ärenden,

100 268 79 21 hvilka
204 268 78 21 dittills
308 268 137 22 behandlats
471 269 24 21 af
518 269 144 26 densamma,
688 270 132 27 uppdrogos
835 270 23 20 åt

101 302 102 26 Finans-,
227 303 117 20 Kammar-
367 303 44 20 och
433 303 153 28 räkenskaps-
606 305 60 19 samt
689 303 169 28 Kansliexpedi-

100 336 112 27 tionerna,
229 343 52 14 men
297 337 25 20 är
340 337 54 20 1858
409 337 124 21 inrättades
549 337 48 21 äter
613 344 28 14 en
658 337 98 21 särskild
768 337 91 28 expedi-

99 371 50 20 tion
165 371 36 20 för
223 371 169 26 behandlingen
407 371 26 20 af
445 371 99 21 militära
561 371 107 27 ärenden,
685 372 43 20 och
744 372 23 20 ät
782 372 76 20 denna

102 405 48 26 gafs
166 411 28 14 en
218 405 163 21 vidsträcktare
396 405 137 26 befogenhet
549 407 29 19 än
596 406 44 21 den
657 406 202 27 Militieexpeditio-

101 446 45 14 nen
162 439 95 27 tidigare
272 439 69 27 enligt
356 440 145 26 reglementet
517 440 36 21 för
564 440 242 27 Regeringskonseljen
817 443 41 24 egt,

102 473 7 21 i
125 474 37 21 det
177 474 71 21 bland
261 476 70 19 annat
346 474 71 21 ocksä
432 474 76 27 frägor
523 475 99 20 rörande
637 475 28 20 de
678 475 108 20 värfvade
798 477 61 25 trup-

103 515 71 20 perna
189 508 34 21 till
239 508 171 27 expeditionens
425 509 143 26 behandling
584 509 190 26 öfverlemnades,
794 509 66 21 hvar-

99 543 71 26 jemte
194 543 115 26 samtidigt
331 543 137 26 bestämdes,
490 545 32 19 att
546 543 60 21 vissa
630 543 187 27 militieärenden,
837 543 25 21 af

103 577 79 20 hvilka
202 577 38 20 mä
256 578 97 20 nämnas
372 577 57 21 »alla
445 577 82 27 frägor,
543 585 51 14 som
610 578 7 20 i
634 577 167 22 administrativ
817 579 43 26 väg

103 613 52 19 röra
178 611 84 21 indelta
285 612 92 21 arméns
399 612 33 21 till
456 613 66 20 lands
545 613 42 20 och
605 613 46 26 sjös
667 613 90 26 slutliga
773 613 87 26 organi-

103 645 97 27 sation»,
217 646 72 20 skulle
304 646 59 21 intill
378 646 52 21 dess
446 646 27 21 de
489 647 86 20 indelta
591 649 137 25 truppernas
746 647 114 26 organisa-

103 680 49 20 tion
168 680 74 21 blifvit
257 680 125 26 fulländad,
399 681 6 20 i
421 687 27 14 en
466 681 99 20 särskild
581 681 116 26 afdelning
712 681 26 21 af
751 681 109 21 Senatens

104 714 288 27 Ekonomiedepartement
412 715 142 26 handläggas
580 715 43 21 och
645 715 96 27 afgöras.
772 716 88 21 Genom

104 755 80 14 senare
197 749 121 20 tillkomna
333 749 160 26 författningar
508 750 43 20 har
562 749 252 28 Militieexpeditionens
824 750 37 21 be-

104 783 108 26 fogenhet
227 783 126 27 ytterligare
369 783 120 26 utvidgats.

175 817 176 20 Intendenturen
369 817 136 22 handhades
520 817 34 21 till
570 824 28 14 en
614 818 81 27 början
714 818 24 21 af
752 818 109 21 Senatens

105 851 217 27 Militieexpedition,
338 858 53 14 men
403 851 182 22 öfverlemnades
594 852 50 21 frän
654 852 24 21 är
691 853 53 20 1820
755 853 23 20 ät
786 853 37 20 det
832 853 29 20 dä

106 885 119 26 inrättade,
249 885 121 27 Kejserliga
394 885 97 21 Senaten
512 887 44 20 och
580 886 51 21 dess
652 887 209 27 Militieexpedition

106 919 173 28 underlydande
305 919 86 21 Finska
420 920 266 27 Krigskommissariatet.
718 921 65 21 Detta
806 927 56 21 upp-

106 954 68 20 löstes
198 954 47 21 åter
267 959 81 21 genom
371 954 84 27 nådiga
478 955 87 20 brefvet
588 955 24 20 af
633 955 43 21 den
700 956 12 20 9
728 955 55 21 Juni
800 956 62 25 1881,

106 988 114 21 hvarefter
235 988 52 21 dess
302 989 138 24 funktioner,
457 989 73 20 under
541 989 252 28 Militieexpeditionens
807 996 56 21 upp-

106 1099 239 20 skarpskyttebataljonen;
364 1099 109 17 manifestet
491 1099 20 16 af
524 1099 36 16 den
581 1099 51 16 18/30
651 1099 102 16 December
772 1099 43 16 1857
831 1103 33 11 an-

106 1127 71 20 gäende
196 1127 36 16 den
252 1127 70 16 indelta
340 1128 96 15 militären
456 1128 5 15 i
478 1128 90 19 Finland;
582 1128 125 21 kungörelsen
720 1128 20 15 af
750 1127 36 16 den
800 1127 20 16 25
833 1127 31 16 Ja-

107 1156 55 15 nuari
176 1157 43 15 1858
232 1156 94 21 angäende
338 1157 166 20 verkställigheten
517 1157 20 16 af
545 1157 67 20 nädiga
622 1157 107 16 manifestet
738 1157 19 15 af
764 1156 37 16 den
812 1156 52 20 18/30

107 1184 104 17 December
225 1185 54 19 1857;
293 1185 124 20 kungörelsen
431 1185 20 16 af
461 1185 36 16 den
511 1186 9 15 7
534 1186 36 20 Maj
585 1186 43 15 1858
641 1185 95 21 angående
748 1186 38 15 stat
798 1185 29 15 för
841 1184 23 16 de

108 1213 76 16 indelta
203 1214 60 15 finska
281 1214 261 21 skarpskyttebataljonerna;
555 1214 125 21 kungörelsen
692 1215 20 15 af
723 1214 36 16 den
773 1214 20 16 18
806 1213 58 16 Okto-

107 1241 35 16 ber
156 1242 45 16 1858
213 1242 94 21 angäende
319 1243 140 20 behandlingen
472 1243 21 16 af
501 1243 63 21 frägor
572 1248 31 11 om
614 1243 71 16 indelta
695 1243 104 16 militärens
808 1242 56 16 dislo-

108 1270 74 20 kation;
201 1271 124 20 kungörelsen
343 1271 21 16 af
382 1271 36 16 den
437 1272 21 15 28
478 1272 49 15 Mars
546 1272 44 15 1859
606 1271 95 21 angäende
714 1270 151 17 förminskandet

107 1299 106 16 tillsvidare
225 1300 20 15 af
256 1299 31 16 det
299 1299 86 17 roterade
401 1300 122 21 manskapets
535 1300 52 16 antal
600 1300 32 16 vid
646 1300 72 21 Kuopio
732 1299 54 22 (4:de)
794 1299 71 16 indelta

108 1327 63 16 finska
184 1328 215 21 skarpskyttebataljon
398 1323 9 31 ;
412 1329 126 20 kungörelsen
551 1329 20 16 af
579 1329 36 16 den
628 1329 22 16 23
660 1329 44 16 Juni
716 1329 43 15 1859
770 1327 95 22 angående

108 1356 95 17 särskilda
216 1357 130 21 förändringar
359 1357 5 16 i
377 1357 36 16 den
426 1357 62 16 finska
501 1357 105 16 militärens
620 1357 136 21 organisation;
767 1356 98 21 kungörel-

108 1389 33 11 sen
154 1385 21 16 af
187 1385 35 16 den
235 1386 22 15 25
270 1385 84 16 Oktober
367 1386 43 15 1867
423 1385 96 21 angäende
532 1386 115 21 upplösning
659 1386 104 15 tillsvidare
776 1385 20 16 af
806 1385 23 16 de
838 1385 27 16 in-

108 1413 53 16 delta
174 1414 61 16 finska
247 1414 262 21 skarpskyttebataljonerna;
521 1414 135 21 förordningen
670 1415 19 15 af
697 1414 35 16 den
740 1415 21 15 23
771 1414 39 16 Juli
821 1414 44 16 1868

107 1441 98 22 angäende
219 1443 110 20 indragning
341 1443 20 16 af
372 1443 202 20 inspektörsstyrelsen
587 1443 29 16 för
629 1443 60 16 finska
701 1443 101 16 militären.

785 1482 11 11 2
