1086 1778
245 132 27 21 50
555 132 30 22 U.
600 131 28 23 B.

214 200 113 27 Ryssland,
346 200 46 27 före
412 201 122 26 detsamma,
553 203 55 18 samt
624 201 35 21 det
674 201 33 20 för
722 201 25 20 de
764 201 70 20 aktiva
849 203 125 25 truppernas

214 235 165 27 komplettering
402 235 137 26 erforderliga
559 235 79 20 antalet
653 235 113 27 ynglingar
781 236 62 26 utgör
857 235 75 21 endast
946 242 27 14 en

214 269 33 20 del
280 269 21 20 af
323 269 26 20 de
371 269 34 20 vid
428 269 148 27 besigtningen
600 269 118 27 godkände,
741 275 64 21 synes
827 269 146 28 ifrågakomna

213 303 112 26 indelning
341 303 7 20 i
366 303 89 20 Finland
479 303 66 20 sakna
568 303 28 20 all
614 303 94 27 praktisk
724 303 109 27 betydelse
849 304 39 20 och
904 303 70 21 derför

214 337 47 20 icke
277 337 50 20 böra
342 337 8 20 i
364 337 62 27 lagen
442 339 108 25 upptagas.

283 371 41 20 Vid
348 372 120 26 jemförelse
490 372 7 20 i
520 372 63 26 öfrigt
606 371 21 21 af
653 371 184 27 bestämningarna
862 372 6 20 i
893 372 79 20 Värne-

213 405 139 27 pligtslagens
374 406 5 26 $
396 406 26 20 26
439 406 48 21 med
504 406 149 20 motsvarande
669 406 131 27 stadganden
815 406 7 20 i
839 406 40 21 den
896 406 76 26 nådiga

212 440 159 27 propositionen
390 440 98 28 framgår,
512 442 30 19 att
563 440 35 21 det
613 440 7 20 i
635 440 90 21 Finland
741 440 66 28 följda
823 442 101 25 systemet
939 440 33 20 för

213 474 128 26 eftergifters
360 474 149 28 medgifvande
532 474 67 21 delvis
619 476 23 19 är
657 476 108 26 strängare
781 477 26 18 än
824 475 35 21 det
874 475 7 19 i
897 481 73 21 propo-

213 508 91 21 sitionen
329 508 124 28 föreslagna.
486 508 93 22 Sålunda
605 511 35 19 äro
666 509 66 27 enligt
757 509 118 27 åberopade
901 510 11 26 $
944 509 26 20 26

212 543 145 27 eftergifterna
381 543 63 28 något
466 544 54 20 färre
540 545 25 19 än
582 544 6 20 i
605 544 164 27 propositionen,
785 544 39 20 och
839 544 7 20 i
861 544 26 20 de
903 543 69 21 under

212 577 119 27 punkterna
357 584 52 15 a—c
432 578 6 20 i
455 585 63 14 mom.
541 580 12 18 2
577 579 22 20 af
617 579 64 26 sagda
697 579 12 26 $
726 580 107 25 upptagna
848 578 37 21 fall
901 580 22 19 är
938 578 33 20 för

211 611 127 21 befrielsens
361 612 123 27 åtnjutande
505 612 35 21 det
563 613 68 20 vilkor
653 613 97 26 stadgadt
765 615 30 18 att
810 612 46 27 den,
873 619 42 14 som
933 614 38 25 gör

211 646 91 27 anspråk
324 647 27 26 på
370 647 98 27 eftergift,
488 647 38 20 bör
544 654 50 13 vara
613 647 106 26 familjens
737 647 163 26 hufvudsakliga
916 647 52 26 stöd,

210 681 78 20 medan
312 681 155 26 propositionen
491 681 33 20 för
546 681 61 21 dessa
630 681 37 20 fall
689 681 46 21 icke
751 681 136 20 föreskrifver
902 681 68 26 dylikt

210 714 110 21 förbehåll.
351 714 123 22 Emellertid
499 716 62 20 hafva
585 715 97 27 gällande
705 715 45 27 lags
767 715 157 26 bestämningar
939 715 29 20 uti

209 749 163 26 ifrågavarande
396 752 68 24 ämne,
487 750 94 20 frånsedt
597 752 30 18 att
647 750 107 20 desamma
771 749 64 27 enligt
852 749 116 21 Utskottets

209 784 140 20 förmenande
365 784 70 27 borde,
451 785 7 19 i
473 784 123 28 anslutning
612 784 31 21 till
657 784 40 21 den
711 784 77 27 nådiga
801 784 167 27 propositionens

209 818 80 26 förslag
303 818 7 20 i
326 820 36 18 art.
380 819 26 20 33
422 825 62 14 mom.
501 819 10 20 1
528 819 69 27 punkt
613 825 16 20 e,
646 818 150 28 kompletteras
811 818 48 20 med
879 818 89 20 bestäm-

208 852 53 27 ning
287 852 72 21 derom
387 855 30 18 att
442 853 62 20 oäkta
529 859 44 19 son,
599 853 86 20 hvilken
711 859 74 15 ensam
810 852 98 27 försörjer
935 852 31 20 sin

208 886 80 27 moder,
316 893 50 14 vore
400 886 115 28 berättigad
545 887 32 21 till
603 887 41 21 den
670 887 6 19 i
703 887 12 27 $
741 886 27 20 26
791 886 113 21 omordade
932 886 35 21 be-

208 920 78 28 frielse,
308 923 60 24 synts
393 921 106 21 Utskottet
521 922 7 19 i
551 921 63 27 öfrigt
634 921 104 21 innefatta
759 922 29 19 ett
803 920 108 27 tillbörligt
926 920 41 21 till-

208 954 135 27 godoseende
366 955 21 21 af
409 955 252 27 familjeförhållandenas
691 955 47 20 kraf
763 957 54 18 samt
839 955 60 20 torde
920 955 46 21 icke

207 988 68 22 heller
296 989 61 27 gifvit
380 990 115 26 anledning
518 990 31 20 till
570 990 103 26 befogade
693 989 111 27 klagomål.
835 989 40 20 Vid
893 989 74 27 antydt

206 1023 132 21 förhållande
362 1024 39 20 och
424 1024 27 20 då
474 1024 35 20 det
530 1026 23 18 är
578 1024 22 20 af
622 1024 108 26 synnerlig
756 1024 43 26 vigt
825 1025 28 19 att
877 1023 89 21 bestäm-

206 1058 83 26 ningar,
308 1058 78 21 sådana
404 1065 44 14 som
468 1065 29 14 nu
516 1059 167 26 ifrågavarande,
699 1061 35 18 äro
751 1058 58 20 klara
825 1058 39 20 och
880 1058 86 26 tydliga,

206 1092 24 20 så
252 1094 30 19 att
304 1092 40 21 den
372 1095 57 18 stora
454 1093 141 21 allmänheten
621 1093 35 20 må
681 1093 72 20 kunna
777 1092 64 20 blifva
870 1092 34 20 väl
924 1092 41 20 för-

206 1128 74 24 trogen
302 1126 49 21 med
375 1126 114 26 desamma,
512 1129 54 19 samt
581 1126 98 27 gällande
694 1126 45 28 lags
755 1126 130 21 föreskrifter
900 1126 6 20 i
922 1128 43 18 äm-

205 1162 37 19 net
267 1160 65 22 måste
358 1168 62 14 anses
443 1168 49 14 vara
508 1161 104 27 betydligt
631 1168 44 14 mer
691 1160 160 27 öfverskådliga,
870 1162 25 18 än
912 1162 53 19 mot-

205 1194 104 21 svarande
331 1195 130 27 stadganden
483 1195 7 21 i
512 1196 41 20 den
577 1195 76 27 nådiga
672 1195 164 27 propositionen,
852 1195 39 20 och
907 1194 58 21 dess-

204 1230 60 19 utom
290 1229 106 21 allaredan
421 1230 60 20 vuxit
503 1230 21 20 in
547 1230 6 20 i
577 1229 201 26 folkmedvetandet,
802 1230 37 20 har
858 1228 106 21 Utskottet

204 1262 88 22 heslutit
307 1264 83 26 föresiä,
407 1266 29 18 att
452 1264 64 26 sagda
532 1264 137 26 föreskrifter,
684 1263 166 27 kompletterade
866 1263 50 20 med
929 1263 35 21 be-

204 1298 107 26 stämning
322 1298 7 20 i
343 1298 127 27 nyssantydt
478 1298 62 26 syfte,
552 1298 65 21 måtte
633 1298 6 20 i
649 1298 62 26 öfrigt
720 1297 117 21 bibehållas
847 1297 79 21 sådana
938 1297 25 21 de

202 1331 72 21 finnas
289 1332 98 21 affattade
402 1332 6 20 i
423 1332 10 27 &
442 1332 26 20 26
478 1333 30 20 uti
518 1332 204 27 Värnepligtslagen.
738 1331 60 21 Dock
807 1332 37 20 har
854 1331 109 27 ingressen

204 1366 31 20 till
246 1366 90 21 berörda
353 1366 16 28 &,
385 1367 88 21 likasom
490 1367 39 21 ock
547 1367 64 20 slutet
619 1366 21 21 af
653 1373 49 14 anm.
715 1368 8 19 3
734 1366 5 20 i
749 1366 128 26 densamma,
887 1365 77 21 under-

202 1400 81 21 kastats
300 1400 42 21 den
358 1401 162 27 omredigering,
536 1408 45 14 som
597 1401 102 27 påkallats
715 1401 21 21 af
751 1400 118 22 Utskottets
885 1400 78 27 förslag

202 1434 91 21 rörande
309 1435 42 20 den
366 1435 68 21 finska
450 1435 116 21 militärens
583 1435 147 27 organisation,
747 1434 90 21 hvarhos
852 1434 7 20 i
875 1440 61 14 mom.
949 1435 12 19 2
