1086 1750
457 106 20 21 U.
494 106 21 22 B.
796 106 38 21 121

106 174 120 28 godoses
251 176 65 19 utan
339 174 99 28 dylika
462 174 156 28 ändringar,
642 181 54 14 som
720 181 28 13 en
769 173 95 21 likfor-

107 208 107 28 mighet
237 208 103 21 mellan
363 208 32 21 de
419 208 95 21 finska
533 208 49 21 och
605 208 85 28 ryska
712 210 152 26 trupperna

107 242 84 22 redan
214 250 34 13 nu
268 242 7 21 i
290 242 162 22 hufvudsak
468 242 160 26 förefinnes,
645 242 46 21 där
714 242 100 22 sådant
832 249 32 14 ur

108 276 150 22 militärisk
281 277 139 28 synpunkt
442 276 54 21 kan
518 276 85 22 hafva
625 276 155 28 betydelse.

178 414 108 21 Utkottet
308 413 39 21 bör
367 414 6 20 i
390 414 165 27 sammanhang
569 414 94 21 härmed
681 413 79 22 beröra
776 422 25 12 en
819 421 45 14 om-

109 447 137 28 ständighet,
269 455 49 14 som
339 447 7 21 i
368 447 46 22 viss
434 450 54 19 mån
504 451 24 18 är
543 448 75 27 egnad
635 450 33 19 att
683 447 106 26 förklara,
805 447 58 21 huru

109 481 165 29 förändringar,
290 481 84 22 sådana
390 489 48 15 som
454 482 28 21 de
497 490 54 21 nyss
567 482 142 25 framhållna,
725 482 88 21 kunnat
828 481 35 22 för

109 516 89 21 landets
214 516 91 21 ständer
321 516 143 21 framställas.

178 551 34 21 De
235 551 130 27 lagförslag,
389 551 79 21 hvilka
491 559 30 13 nu
541 555 37 18 äro
601 551 123 21 ständerna
739 550 124 28 förelagda,

110 585 69 22 hafva
194 586 126 21 utarbetats
337 586 22 21 af
374 586 110 21 särskilda
500 586 68 29 ryska
583 585 112 22 komitéer
711 586 71 27 enligt
797 592 67 21 grun-

109 621 46 25 der,
180 620 119 22 faststälda
321 622 30 26 på
372 620 165 28 föredragning
559 620 26 22 af
598 620 181 28 krigsministern
794 620 8 20 i
818 619 46 28 kej-

110 655 119 21 sardömet.
260 655 67 21 Hvad
353 655 107 21 beträffar
487 655 108 27 förslaget
617 654 36 22 till
676 654 186 29 värnepliktslag,

109 692 26 19 så
156 690 40 21 har
216 690 109 21 Finlands
348 694 64 17 senat
432 690 38 21 väl
488 689 51 22 haft
561 689 35 28 sig
611 689 129 28 uppdraget
755 692 34 18 att
804 691 59 19 utar-

110 724 53 22 beta
186 724 86 28 förslag
293 724 35 22 till
349 724 70 28 nådig
434 724 139 28 proposition
590 724 8 20 i
614 726 76 18 ämnet
706 723 34 21 för
756 726 34 18 att
804 726 59 18 stän-

110 759 69 21 derna
201 759 135 27 föreläggas.
366 758 54 22 Men
435 758 29 22 då
480 759 62 21 detta
558 758 85 28 förslag
658 758 53 21 bort
725 760 115 26 uppgöras
856 757 7 21 i

109 800 121 21 noggrann
252 793 236 21 öfverensstämmelse
508 792 49 22 med
574 792 168 22 ofvanberörda
756 792 106 28 grunder,

109 835 40 13 var
160 830 94 18 senaten
266 827 90 21 bunden
367 828 25 20 af
400 828 126 21 innehållet
536 828 7 20 i
555 827 38 21 det
605 827 26 21 af
639 827 44 21 den
691 826 38 21 vid
738 826 68 28 ryska
814 825 49 21 huf-

108 861 128 22 vudstaben
259 862 105 21 nedsatta
386 862 102 21 komiten
507 862 134 21 utarbetade
656 861 150 28 lagförslaget
820 860 43 21 och

109 896 75 21 kunde
208 896 75 22 därför
302 896 8 21 i
332 896 126 22 detsamma
478 896 95 28 vidtaga
589 896 121 27 ändringar
725 894 139 22 hufvudsak-

109 930 62 28 ligen
186 930 80 22 endast
280 930 142 22 beträffande
437 931 95 21 formen.
562 931 34 21 På
611 930 74 28 grund
702 930 25 21 af
736 929 127 28 krigsmini-

109 968 72 18 sterns
204 964 8 21 i
231 964 153 29 kejsardömet
404 965 137 21 hemställan
557 964 181 22 öfverlämnades
754 964 34 21 till
804 966 59 18 stän-

110 999 80 21 dernas
213 998 140 29 behandling
375 1000 39 20 det
429 1000 39 20 vid
484 999 171 22 hufvudstaben
671 998 133 22 utarbetade
819 998 44 21 för-

109 1033 73 28 slaget
201 1034 50 20 med
267 1036 71 26 några
353 1034 87 21 mindre
457 1034 165 28 förändringar.
653 1033 83 21 Likaså
750 1032 52 22 blef
814 1039 50 21 pro-

109 1067 130 29 positionen
262 1068 116 28 angående
398 1068 132 28 grunderna
546 1068 34 21 för
595 1068 28 21 de
639 1068 74 21 finska
728 1070 135 25 truppernas

109 1102 155 28 organisation
279 1102 43 22 och
337 1102 143 28 förvaltning
496 1102 94 22 affattad
606 1102 7 21 i
627 1100 235 23 öfverensstämmelse

108 1136 52 22 med
176 1138 33 19 ett
224 1136 25 22 af
262 1136 181 28 krigsministern
458 1137 127 28 uppgjordt
601 1136 91 28 förslag.
722 1135 51 22 Med
788 1134 75 22 anled-

108 1171 57 28 ning
187 1171 67 22 häraf
274 1171 65 22 utber
358 1172 34 27 sig
407 1172 115 21 utskottet
537 1174 34 19 att
586 1171 23 21 få
624 1171 121 21 framhålla
760 1169 102 29 följande

107 1206 149 28 synpuakter.

177 1240 34 21 Af
224 1240 150 28 grundsatsen
390 1243 34 18 att
440 1241 126 21 monarken
583 1248 54 20 eger
649 1244 63 25 styra
722 1239 78 22 landet
811 1239 52 20 med

110 1274 86 21 biträde
213 1275 25 20 af
250 1275 120 21 inhemska
384 1275 162 28 myndigheter
562 1275 73 28 följer,
651 1277 34 19 att
701 1274 67 21 äfven
787 1273 77 21 bered-

108 1309 86 27 ningen
213 1309 25 21 af
254 1309 125 28 lagförslag
395 1309 41 21 bör
451 1309 114 21 anförtros
583 1309 90 21 sädana.
700 1309 81 21 Denna
801 1307 63 28 regel

109 1342 41 22 har
166 1342 68 22 äfven
249 1343 60 21 intill
324 1346 89 18 senaste
424 1343 34 21 tid
470 1343 64 22 alltid
545 1343 70 27 följts,
626 1343 8 21 i
645 1343 38 21 det
695 1345 33 19 att
738 1342 126 28 lagförslag

108 1377 127 21 utarbetats
258 1377 109 28 antingen
390 1377 142 22 omedelbart
553 1384 84 21 genom
655 1380 93 18 senaten
772 1376 54 22 eller
842 1379 20 17 at

177 1423 135 23 Lagutskottets
324 1423 116 19 betänkande,
