1092 1759
245 142 28 20 54
455 141 84 23 Ständ.
557 141 39 23 Sv.
612 154 28 3 —
656 142 48 22 Bil.
720 141 20 23 I.

217 210 275 27 Landtdagsordningen).
524 211 164 27 Uppkommen
715 210 70 21 redan
813 210 73 21 under
913 211 62 21 1600-

215 245 62 26 talet,
301 245 70 26 gäller
393 245 139 21 fortfarande
556 245 44 21 den
625 245 7 20 i
654 246 13 26 8
683 246 26 20 24
725 245 25 21 af
764 245 211 26 Regeringsformen

217 278 108 28 stadgade
343 279 159 27 grundsatsen,
518 281 32 19 att
565 286 28 14 en
610 279 56 27 årlig
680 282 77 23 »stat»,
769 279 146 27 upptagande
926 279 50 21 kro-

217 320 60 14 nans
293 313 127 21 inkomster
436 314 43 20 och
496 313 96 27 utgifter,
608 314 59 20 skall
683 314 114 26 uppgöras
813 313 43 21 och
873 315 31 19 att
915 313 61 21 detta

217 347 142 27 statsförslag
381 348 56 26 icke,
461 350 64 18 utom
541 348 7 20 i
564 348 177 26 undantagsfall,
765 348 35 20 får
814 347 160 21 öfverskridas.

216 382 83 20 Vidare
315 382 43 20 har
373 382 127 21 Monarken
517 382 71 21 redan
604 382 62 27 långt
676 382 48 21 före
734 382 140 20 tillkomsten
886 382 25 20 af
921 383 54 19 1772

216 416 37 21 års
276 416 182 27 Regeringsform
479 419 85 19 ansetts
580 416 151 21 oförhindrad
747 418 32 19 att
794 416 70 21 också
880 416 7 20 i
903 416 72 21 andra

216 451 39 20 fall
271 452 30 19 än
317 450 28 22 de
362 451 6 21 i
385 451 144 27 Landslagen
546 451 151 27 uppräknade
709 450 198 27 undantagsfallen
919 451 56 20 äska

216 485 126 27 bevillning
358 485 25 21 af
396 485 75 21 folket.
503 485 109 27 Slutligen
628 486 26 20 är
669 485 37 21 det
721 491 97 15 numera
832 484 82 22 endast
929 485 46 20 lan-

215 520 50 20 dets
287 520 34 20 till
344 520 109 26 landtdag
473 520 139 21 församlade
628 520 102 26 Ständer,
747 520 78 20 hvilka
841 525 40 21 ega
897 519 78 21 utöfva

216 554 82 20 folkets
314 554 76 26 gamla
405 556 44 19 rätt
465 557 31 18 att
512 554 33 27 sig
561 554 59 27 sjelft
635 554 109 21 beskatta.
770 554 90 20 Uttalad
873 554 7 20 i
891 554 13 26 $
914 554 27 20 45
953 553 24 21 af

217 588 220 27 Regeringsformen,
453 589 70 26 gäller
537 588 152 27 grundsatsen
705 590 31 19 att
752 588 127 21 Monarken
896 588 18 27 ej
929 588 45 20 kan

216 622 96 28 pälägga
329 623 164 21 undersätarne
502 629 45 21 nya
561 623 85 21 skatter
656 625 55 18 utan
723 622 139 21 Ständernas
872 622 102 27 vetskap,

216 656 43 21 fria
274 656 54 28 vilja
343 657 45 20 och
405 657 123 27 samtycke,
544 657 44 20 och
604 657 69 26 enligt
684 658 12 20 5
708 657 103 27 punkten
822 656 7 20 i
841 656 134 26 Förenings-

216 691 44 20 och
277 691 191 21 Säkerhetsakten
484 696 40 22 ega
540 691 127 21 Ständerna
683 692 43 20 rätt
737 693 32 18 att
780 690 46 21 fritt
836 690 68 26 gifva,
913 690 62 21 hvad

215 725 34 20 till
265 725 89 21 landets
370 725 121 21 underhäll
507 725 74 21 finnes
597 725 86 27 nödigt,
699 727 59 19 samt
774 727 32 18 att
821 724 52 21 med
885 724 90 21 Monar-

216 759 44 21 ken
277 759 79 21 derom
372 760 83 26 rädslä,
469 759 85 27 jemka,
570 760 57 20 afslä
644 760 43 20 och
704 759 206 21 öfverenskomma.

290 794 52 20 Men
360 794 126 20 Monarken
504 794 45 20 kan
566 794 49 20 icke
631 794 71 20 heller
712 793 72 21 ändra
794 793 53 21 eller
856 792 118 28 upphäfva

215 828 106 25 gällande
337 828 36 26 lag
388 828 117 26 angäende
522 828 84 20 skatter
615 830 55 18 utan
679 827 139 21 Ständernas
827 827 146 21 medverkan.

216 862 43 20 Väl
275 862 120 21 utfärdade
411 862 138 27 Regeringen
567 862 29 28 pä
610 862 117 21 1840-talet
738 862 6 20 i
753 861 168 21 administrativ
932 862 42 26 väg

217 896 172 27 bestämningar
413 897 116 26 angäende
553 896 345 28 räntepersedelomsättningen,
921 902 52 14 men

215 931 77 21 denna
316 931 78 27 åtgärd
417 931 64 27 afsäg
503 931 49 21 icke
576 931 133 26 förändring
727 931 25 20 af
766 930 100 21 skattens
882 930 91 27 belopp,

215 967 57 19 utan
289 966 102 26 äsyftade
402 966 130 20 införandet
545 966 25 20 af
582 968 30 18 ett
621 965 133 27 lämpligare
764 965 43 21 och
821 964 100 27 redigare
931 966 42 19 sätt

215 1001 32 19 att
264 999 101 21 beräkna
378 1000 44 20 och
438 1000 104 27 uppbära
559 1000 44 20 den
619 1000 25 20 sä
660 1000 90 20 kallade
761 999 114 21 ordinarie
891 1000 81 19 räntan

215 1033 6 21 i
237 1034 123 26 persedlar,
376 1034 33 20 till
426 1034 37 21 sitt
478 1034 69 21 värde
563 1040 59 21 noga
638 1033 162 22 motsvarande
816 1033 27 21 de
854 1033 61 21 förra
926 1040 47 20 per-

215 1068 112 26 sedlarna,
344 1069 44 20 och
403 1068 121 27 åtgärdens
540 1068 106 27 laglighet
661 1069 43 20 har
718 1068 30 28 pä
764 1068 66 20 dessa
846 1068 43 20 och
901 1067 72 21 andra

214 1102 100 26 grunder
330 1102 123 22 försvarats
470 1103 25 20 af
507 1110 114 20 personer,
638 1102 79 21 hvilka
732 1102 60 21 dock
808 1102 49 20 icke
868 1102 105 20 förnekat

214 1136 152 26 grundsatsen
390 1139 32 18 att
443 1144 47 20 nya
513 1137 85 21 skatter
620 1136 18 27 ej
664 1137 21 20 fä
709 1136 107 28 päläggas
832 1136 70 20 folket
918 1138 54 18 utan

215 1170 140 21 Ständernas
379 1171 122 27 samtycke.
534 1171 42 21 Det
597 1171 81 26 riktiga
694 1172 30 24 är,
741 1170 77 21 såsom
834 1170 44 20 ock
894 1176 78 14 senare

214 1204 137 27 medgifvits,
370 1207 32 19 att
417 1205 108 27 ätgärden
541 1205 19 27 ej
577 1205 51 21 bort
643 1205 103 27 vidtagas
762 1207 55 18 utan
834 1204 139 21 Ständernas

214 1238 148 24 medverkan,
386 1246 53 14 men
464 1239 52 21 dess
531 1239 138 27 vidtagande
685 1239 46 21 kan
747 1239 49 21 icke
813 1245 66 14 anses
895 1238 77 21 säsom

213 1272 66 21 bevis
301 1273 36 27 pä,
361 1275 32 19 att
415 1274 151 26 grundsatsen
588 1280 38 14 om
643 1273 139 21 Ständernas
798 1274 43 19 rätt
857 1272 58 21 varit
930 1272 43 21 för-

214 1301 82 21 nekad.

283 1332 72 24 Äfven
371 1336 118 26 angäende
506 1336 332 26 bränvinsbränningsafgiften
854 1335 75 27 gäller,
941 1337 32 19 att

213 1370 138 21 densamma
367 1370 46 21 kan
430 1370 117 28 uppbäras
562 1370 81 21 endast
658 1370 29 28 pä
698 1370 75 26 grund
784 1370 26 20 af
818 1370 42 26 lag,
873 1369 100 21 tillkom-

213 1410 54 15 men
283 1404 74 21 under
372 1404 140 22 Ständernas
523 1405 146 20 medverkan.
696 1405 48 20 Den
756 1403 216 21 bränvinsarrende-

213 1438 71 26 afgift,
306 1445 49 14 som
379 1438 70 27 enligt
472 1438 201 27 riksdagsbeslutet
696 1438 24 21 af
741 1438 44 20 den
804 1439 25 19 15
844 1437 56 21 Juni
918 1438 53 20 1800
