1089 1753
256 131 26 21 90
532 132 85 23 Ständ.
633 133 39 22 Sv.

297 202 25 29 3)
342 203 219 29 Kofferdisjömän,
580 205 87 22 hvilka
680 205 62 22 intill
755 205 121 28 uppnådd
890 205 92 22 trettio-

227 237 43 22 två
290 237 40 22 års
350 237 75 27 ålder,
444 245 90 22 genom
553 239 160 28 uppvisande
733 239 25 22 af
771 239 211 29 tjenstekontrakt

227 271 60 22 eller
303 271 115 29 bestyrkt
431 273 99 22 afskrift
543 273 78 27 deraf,
634 274 96 28 årligen
743 274 81 22 under
836 274 146 29 seglations-

227 305 68 22 tiden
324 306 158 30 ådagalägga
506 307 39 29 sig
563 314 63 16 vara
645 309 7 21 i
672 308 116 29 utöfning
807 308 25 22 af
850 309 42 22 sitt
911 308 69 29 yrke.

567 410 15 29 s
602 410 40 22 38.

296 479 43 21 Ett
360 479 221 29 uppbådsområde
600 480 51 21 kan
670 480 104 22 omfatta
793 486 30 15 en
843 480 59 22 eller
920 479 61 22 flere

226 512 83 22 lands-
336 513 59 23 eller
422 514 226 26 stadskommuner,
677 520 56 16 men
760 514 39 22 får
827 514 53 22 icke
904 514 77 22 hafva

226 547 98 22 mindre
352 548 31 22 än
410 548 78 26 5,000
515 548 60 22 eller
602 555 69 15 mera
696 550 31 20 än
747 548 43 22 vid
808 555 59 22 pass
887 548 94 26 50,000

227 582 129 22 invänare.
397 583 69 21 Dock
493 583 39 21 mä
560 583 191 22 stadskommun
778 583 56 22 med
862 583 119 22 talrikare

226 616 148 30 befolkning
393 618 91 28 utgöra
502 618 33 21 ett
555 618 64 22 enda
639 617 228 29 uppbädsomräde.

567 721 14 28 S
601 721 40 21 44.

296 783 54 22 Den
369 784 118 29 ständiga
499 784 72 22 delen
585 784 26 22 af
624 784 234 28 uppbädsnämden,
872 784 108 25 hvilken,

226 818 82 22 såsom
336 817 77 23 ofvan
432 819 7 21 i
459 819 14 28 $
493 819 32 21 42
545 820 28 21 är
592 819 81 28 sagdt,
693 819 86 22 består
798 819 25 21 af
841 819 139 28 krigskom-

224 853 132 21 missarien
376 853 44 22 och
440 853 181 26 sekreteraren,
642 853 110 29 åligger:

296 887 24 28 1)
350 888 35 21 att
412 889 116 27 uppgöra
551 887 128 29 uppbäds-
697 887 47 22 och
762 887 218 29 fyllnadslängder

226 921 39 22 för
293 921 48 22 alla
360 921 148 23 kommuner
527 922 66 22 inom
612 922 31 22 de
661 921 246 29 uppbädsomräden,
927 927 52 16 som

224 955 142 29 underlyda
384 956 119 27 nämden;

294 990 26 28 2)
349 991 35 21 att
411 991 35 21 till
474 991 149 22 omrädenas
645 990 211 29 samlingsställen
874 990 51 22 läta
944 990 36 22 till

225 1023 83 23 dertill
327 1026 93 21 utsatta
438 1025 81 29 dagar
537 1025 120 28 uppbåda
676 1025 31 22 de
726 1025 195 28 värnepligtige;

294 1058 24 28 3)
340 1060 35 20 att
393 1060 111 28 mottaga
523 1059 36 22 till
575 1059 108 22 nämden
696 1059 98 29 ingifna
808 1058 172 29 ansökningar

224 1098 40 16 om
283 1092 122 27 befrielse,
423 1093 111 29 uppskof
551 1094 46 21 och
617 1093 120 29 eftergift;

294 1127 25 28 4)
348 1129 35 20 att
402 1127 35 22 till
456 1128 166 22 länenämden
641 1128 108 21 insända
768 1126 100 30 uppgift
886 1126 32 28 pä
939 1133 40 15 an-

223 1161 61 22 talet
312 1161 26 22 af
356 1162 31 22 de
406 1168 120 22 personer
545 1162 7 22 i
570 1162 91 28 hvarje
679 1162 126 25 kommun,
826 1161 86 22 hvilka
932 1168 47 22 ega

223 1195 144 22 hörsamma
386 1196 121 22 kallelsen
527 1198 35 20 att
580 1197 91 28 utgöra
688 1196 187 28 värnepligten;

293 1230 26 28 5)
339 1231 35 21 att
393 1230 7 22 i
419 1230 110 29 enlighet
547 1231 56 22 med
616 1230 191 22 föreskrifterna
820 1230 8 21 i
841 1230 83 22 denna
937 1229 42 29 lag

223 1264 147 26 bestämma,
397 1265 86 22 hvilka
506 1265 70 22 skola
595 1265 8 21 i
623 1265 68 22 aktiv
711 1265 76 29 tjenst
805 1264 108 26 inträda,
934 1264 44 22 och

222 1298 88 22 hvilka
329 1298 63 22 böra
411 1299 140 22 öfverföras
570 1299 36 23 till
625 1305 120 16 reserven
764 1298 59 23 eller
842 1298 136 22 inskrifvas

222 1332 44 22 vid
284 1332 173 28 landtvärnet;

292 1366 26 29 6)
346 1368 36 22 att
410 1368 146 22 underrätta
584 1368 31 22 de
634 1368 36 22 till
689 1368 70 22 aktiv
778 1367 76 29 tjenst
872 1366 106 23 utsedde

222 1407 41 15 om
282 1401 68 22 hvad
370 1402 56 21 dem
446 1402 77 29 enligt
541 1402 83 22 denna
643 1402 42 29 lag
704 1402 7 21 i
731 1401 119 22 afseende
864 1401 14 22 ä
891 1402 87 21 värne-

221 1435 97 29 pligten
347 1435 96 30 äligger
471 1436 112 29 iakttaga
611 1437 64 21 samt
703 1437 43 25 att,
767 1435 32 22 dä
818 1434 161 30 vederbörlig
