1086 1753
419 110 22 23 U.
458 111 22 21 B.
772 113 26 19 81

143 179 258 29 Landtdagsordningen
417 180 41 21 har
473 180 50 21 icke
538 182 23 19 ät
577 180 122 22 ständerna
709 180 68 28 gifvit
789 182 39 19 nä-

73 220 48 22 gon
137 213 206 29 lagstiftningsrätt,
359 221 48 15 som
422 214 29 22 de
466 214 61 22 förut
543 215 72 21 skulle
626 215 92 26 saknat;
729 215 45 21 den
783 214 45 22 för-

73 250 96 19 utsätter
185 248 74 21 denna
274 248 63 22 deras
353 251 45 19 rätt
413 250 74 20 såsom
502 249 69 21 redan
587 249 129 21 bestående.
744 248 84 22 Landt-

75 282 194 28 dagsordningens
292 282 92 29 uppgift
405 290 42 14 var
469 285 33 19 att
522 283 130 26 bestämma,
668 283 69 22 bland
753 285 75 24 annat,

75 316 59 22 huru
156 317 76 28 giltigt
254 317 166 21 ständerbeslut
443 318 172 25 ästadkommes,
639 325 37 14 om
691 318 7 20 i
714 318 44 21 alla
775 318 54 21 eller

74 351 81 21 endast
169 352 8 20 i
191 352 60 21 vissa
272 351 40 21 fall
327 351 88 22 fordras
431 352 45 21 alla
491 352 77 21 ständs
584 352 200 28 samstämmighet,
801 359 27 14 en

74 385 73 29 fräga,
170 393 48 14 som
239 385 95 28 tidigare
353 386 50 21 icke
422 393 42 14 var
486 386 26 21 af
532 386 37 28 lag
592 386 138 28 uttryckligt
752 386 77 22 besva-

76 420 45 21 rad.
159 420 85 21 Härom
268 420 108 28 stadgade
402 427 32 14 nu
456 420 250 29 landtdagsordningen
728 421 7 20 i
758 423 26 19 71
808 421 21 28 &,

74 456 35 19 att
123 455 8 20 i
147 454 202 29 grundlagsfrägor
371 455 96 21 likasom
482 455 8 20 i
504 455 193 28 privilegiifrägor
717 455 112 22 erfordras

74 489 119 28 samtycke
208 488 26 21 af
247 489 43 21 alla
305 488 52 29 fyra
371 489 103 25 stånden,
490 489 6 21 i
513 491 27 19 72
555 489 21 28 &,
591 489 60 21 huru
666 489 96 22 förfaras
771 489 57 22 skall

78 523 6 20 i
99 523 99 28 anslags-
221 523 42 21 och
285 523 222 29 bevillningsfrägor,
522 524 7 21 i
546 526 26 19 73
595 523 44 22 och
654 525 27 19 74
695 524 35 28 88,
748 526 33 19 att
796 526 34 19 tre

77 558 78 20 ständs
178 557 74 21 beslut
273 560 66 26 utgör
362 558 133 21 ständernas
517 558 75 22 beslut
608 558 6 20 i
630 558 75 28 öfriga
724 558 105 26 ärenden,

77 592 77 21 hvilka
176 592 121 21 ständerna
318 599 43 21 ega
382 592 81 28 afgöra
481 592 52 21 med
547 592 126 22 monarken
689 592 53 22 eller
758 592 72 22 allena

78 626 35 22 för
128 626 41 28 sig,
186 626 42 22 och
242 626 8 21 i
266 628 26 19 75
307 626 20 29 &,
343 626 57 22 huru
416 626 98 22 förfaras
530 627 58 21 skall
603 627 7 21 i
625 627 85 21 sädana
725 626 105 26 ärenden,

78 661 6 20 i
99 660 78 22 hvilka
199 661 120 21 ständerna
341 660 19 29 ej
384 661 71 21 hafva
477 661 186 25 beslutanderätt,
679 663 55 19 utan
751 661 80 22 endast

77 702 50 21 ega,
142 698 41 18 när
198 695 123 21 monarken
336 696 80 20 sådant
432 696 72 25 äskar,
520 695 88 29 afgifva
624 696 138 21 utlåtanden.

146 729 74 21 Bland
236 729 83 28 frågor,
335 737 47 14 som
397 730 51 21 icke
460 733 38 18 äro
509 729 25 22 af
542 730 200 28 grundlagsnatur,
753 729 78 29 skiljer

78 764 247 28 landtdagsordningen
340 764 86 21 således
442 765 83 20 mellan
540 764 105 26 ärenden,
662 765 7 20 i
684 764 78 22 hvilka
772 766 59 19 stän-

77 798 71 21 derna
163 798 79 21 endast
257 805 42 22 ega
314 801 140 26 gemensamt
469 799 53 21 eller
538 799 67 22 hvart
620 799 67 21 stånd
701 798 36 22 för
752 799 36 28 sig
800 798 32 21 af-

80 833 63 28 gifva
157 833 122 26 utlåtande,
294 835 41 19 när
350 833 125 22 monarken
490 833 81 22 sådant
586 833 72 26 äskar,
675 835 57 19 samt
746 833 85 28 frågor,

78 868 8 20 i
100 867 78 22 hvilka
200 867 130 22 ständernas
353 867 117 29 samtycke
486 871 24 18 är
530 867 151 29 erforderligt,
697 867 42 22 och
754 867 78 22 hvilka

79 901 90 29 afgöras
184 909 82 21 genom
280 904 34 19 tre
330 902 77 21 stånds
422 902 81 21 beslut.

147 937 43 20 Att
211 936 81 29 frågan
315 944 36 14 om
373 937 98 28 ändring
488 937 26 21 af
526 937 216 28 värnepliktslagen,
758 936 74 22 såvidt

78 971 76 21 denna
177 971 19 28 ej
220 971 41 21 har
282 971 136 22 karaktären
440 971 23 22 af
486 971 120 28 grundlag,
624 971 41 22 hör
681 971 34 27 till
730 971 39 21 det
784 971 48 21 sist-

81 1005 82 22 nämda
178 1006 78 27 slaget,
272 1005 66 28 följer
354 1005 25 22 af
391 1006 219 28 regeringsformens
626 1006 112 21 allmänna
749 1005 83 28 grund-

81 1042 70 19 satser
173 1042 74 19 såsom
269 1040 42 21 ock
333 1040 107 21 särskildt
455 1040 26 21 af
494 1040 38 21 det
547 1040 70 21 redan
632 1040 126 28 åberopade
774 1039 58 21 stad-

81 1074 85 27 gandet
180 1074 8 21 i
203 1074 50 21 dess
268 1076 27 19 45
310 1074 21 29 $.
361 1074 36 21 En
412 1076 56 19 utan
491 1074 132 21 ständernas
646 1074 139 21 medvärkan
799 1075 34 20 ut-

81 1107 80 22 färdad
180 1108 38 28 lag
234 1116 36 14 om
285 1109 120 28 manskaps
420 1109 125 28 uttagande
560 1109 35 20 till
611 1108 133 29 krigstjänst
760 1107 72 22 skulle

81 1142 113 28 nämligen
217 1143 108 21 innebära
338 1143 77 28 påbud
431 1151 37 13 om
482 1143 141 28 utskrifning
638 1145 48 20 mot
701 1143 131 21 ständernas

80 1177 121 28 samtycke.

148 1211 42 21 Att
205 1212 60 21 vissa
279 1212 131 28 paragrafer
425 1213 8 20 i
443 1212 210 29 värnepliktslagen
663 1215 38 18 äro
713 1211 119 29 grundlag,

81 1245 42 22 har
137 1246 93 25 således,
247 1246 59 22 hvad
322 1246 150 22 förevarande
486 1246 66 29 fråga
567 1246 114 27 beträffar,
698 1246 79 21 endast
790 1245 43 21 den

81 1279 138 29 betydelsen,
235 1283 33 19 att
284 1281 27 21 de
325 1281 20 28 ej
362 1281 78 21 kunna
456 1281 81 21 ändras
553 1281 51 21 med
619 1281 88 20 mindre
721 1280 43 21 alla
775 1281 59 20 stån-

80 1314 45 21 den
141 1317 38 18 äro
194 1315 78 22 därom
287 1323 58 15 ense.

148 1349 138 29 Visserligen
301 1349 137 22 tillkommer
454 1349 36 22 för
506 1349 203 29 grundlagsfrågor
719 1349 116 22 dessutom

79 1385 35 19 ett
128 1391 41 20 par
184 1384 198 28 omständigheter,
398 1384 116 28 nämligen
529 1386 33 19 att
573 1384 27 21 de
611 1384 78 21 kunna
699 1383 135 29 uppskjutas

148 1429 140 23 Lagutskottets
301 1429 120 18 betänkande.
756 1430 11 16 6
