1086 1767
249 124 27 20 78

290 194 49 19 Art.
363 194 56 19 277.
450 186 17 27 Å
487 192 47 27 den,
551 198 46 16 som
613 192 147 26 undandragit
775 192 32 26 sig
823 192 154 27 värnepligten,

220 225 109 27 tillämpas
352 226 46 21 icke
421 226 107 21 allmänna
550 226 76 27 lagens
649 226 136 27 stadganden
805 226 110 27 angående
930 232 48 21 pre-

220 260 112 26 skription.

290 314 49 18 Art.
357 314 57 19 278.
445 312 39 21 Till
500 312 149 22 underbefälet
665 311 51 22 eller
726 311 129 27 manskapet
865 311 35 22 vid
910 317 68 16 reser-

220 351 40 15 ven
277 345 95 22 hörande
388 353 89 20 person:
500 347 19 26 1)
537 353 45 14 som
598 346 119 21 underlåtit
732 347 33 19 att
780 346 58 21 inom
853 347 38 20 två
905 346 73 21 måna-

220 379 38 21 der
282 379 129 22 underrätta
430 381 40 21 den
486 379 338 27 Distriktsmilitärbefälhafvare,
840 380 39 21 hos
894 379 84 22 hvilken

220 413 43 22 han
280 415 24 20 är
320 416 110 26 upptagen
446 415 6 21 i
468 415 62 26 rulla,
547 415 112 27 angående
675 415 67 21 skedd
757 415 128 26 utnämning
900 414 31 22 till
942 414 36 21 be-

220 447 103 28 fattning,
340 455 45 14 som
400 449 82 22 medför
497 449 97 22 befrielse
609 449 47 21 från
672 449 111 21 inkallelse
799 449 31 21 till
843 449 59 21 aktiv
912 449 66 28 tjenst

220 483 52 26 (art.
292 483 30 25 18,
340 483 51 27 bil),
408 483 51 22 eller
475 483 79 27 derom,
571 485 32 20 att
619 483 42 22 han
679 483 68 27 afgått
763 483 47 21 från
823 484 66 21 sådan
900 483 78 22 befatt-

220 517 58 27 ning,
303 517 83 22 straffes
410 519 47 20 med
479 518 63 21 böter
557 519 18 26 ej
592 518 59 22 öfver
674 518 119 21 trehundra
808 519 71 25 mark;
895 518 22 27 2)
933 524 45 15 som

220 551 121 22 underlåtit
363 553 33 20 att
414 554 53 25 göra
482 553 89 26 behörig
587 553 100 21 anmälan
705 553 110 26 angående
831 552 100 27 flyttning
947 552 31 21 till

220 591 74 15 annan
311 587 34 20 ort
361 587 51 20 eller
433 586 91 27 tillfällig
540 593 49 15 resa
604 587 32 21 till
652 589 35 19 ort
702 589 59 19 utom
776 587 65 27 ryska
857 587 55 21 riket
928 587 51 20 eller

221 619 39 21 och
283 620 92 27 tillfällig
399 627 47 16 resa
469 621 33 21 för
526 621 75 28 längre
621 621 31 22 tid
669 623 27 20 än
711 621 80 28 fjorton
808 622 72 27 dagar,
896 621 31 21 till
944 623 34 19 ort

220 655 62 19 utom
298 655 36 21 det
351 655 195 27 uppbådsdistrikt,
565 656 87 21 hvarest
667 656 42 21 han
726 658 24 18 är
766 656 79 26 bosatt,
861 657 28 25 på
904 655 74 27 längre

221 688 88 21 afständ
325 690 27 20 än
368 689 72 22 femtio
457 690 112 21 kilometer
585 690 49 21 från
649 690 118 26 hemorten,
783 690 84 22 straffes
883 690 48 21 med
941 690 37 20 bö-

221 723 34 20 ter
271 723 17 27 ej
306 723 58 21 öfver
380 724 72 22 femtio
469 725 67 26 mark,
553 724 39 22 och
607 725 22 27 3)
646 731 46 15 som
702 726 53 20 utan
766 724 49 27 laga
825 724 70 22 förfall
905 724 29 27 på
944 726 34 18 ut-

220 758 47 19 satt
282 757 42 27 dag
338 758 46 21 icke
400 758 94 22 infunnit
509 759 32 26 sig
557 759 32 21 till
606 758 159 27 kontrollmöte,
781 758 51 22 böte
847 758 64 27 högst
923 758 55 26 fyra-

220 790 31 21 tio
268 792 67 21 mark.

290 840 51 18 Art.
361 841 58 18 279.
450 840 129 20 Reservman
595 840 51 20 eller
661 841 116 19 värneman
794 838 23 22 af
830 838 148 22 landtvärnets

220 870 70 22 första
311 872 105 28 kategori,
436 880 45 15 som
498 875 52 19 utan
566 874 49 26 laga
630 873 71 21 förfall
716 873 121 21 uraktlåter
853 875 32 19 att
901 873 31 21 till
948 872 30 22 öf-

220 906 123 26 ningsmöte
359 908 12 20 å
387 909 71 20 utsatt
473 908 31 21 tid
520 908 31 26 sig
567 908 93 26 inställa,
676 908 144 21 underkastas
836 908 37 20 det
887 908 7 20 i
904 906 74 22 Straff-

220 940 62 27 lagen
299 940 33 22 för
347 941 69 22 finska
432 942 106 22 militären
554 942 33 21 för
603 942 146 22 uteblifvande
761 942 50 22 eller
822 942 98 26 rymning
931 941 46 21 från

220 974 95 27 tjensten
331 976 104 27 stadgade
452 983 84 15 ansvar.

291 1023 50 19 Art.
357 1024 61 18 280.
450 1022 119 22 Enahanda
586 1028 78 16 ansvar
681 1022 93 21 drabbar
789 1028 129 20 reservman,
933 1027 45 15 som

221 1054 34 21 vid
272 1054 88 22 kallelse
376 1056 31 20 till
424 1057 59 20 aktiv
498 1057 144 27 tjenstgöring
655 1058 53 20 utan
719 1056 48 26 laga
777 1056 70 21 förfall
858 1056 121 20 uraktlåter

220 1090 34 19 att
270 1089 12 20 å
298 1091 71 19 utsatt
384 1090 32 21 tid
432 1090 81 21 infinna
528 1091 32 26 sig
575 1091 35 20 vid
626 1091 32 20 sin
674 1092 73 25 trupp.

291 1143 49 19 Art.
357 1144 49 19 281.
438 1142 77 21 Officer
542 1143 51 21 eller
616 1143 128 26 tjensteman
759 1142 36 21 vid
810 1148 106 20 reserven,
932 1147 45 16 som

220 1175 126 22 underlåter
370 1178 33 19 att
426 1177 111 27 angående
560 1177 32 21 sin
616 1183 78 21 person
715 1176 90 22 aflemna
822 1176 25 21 de
863 1175 115 28 uppgifter,

220 1215 46 15 som
283 1209 109 22 erfordras
408 1210 34 21 för
458 1217 111 16 reservens
585 1211 159 26 förtecknande,
762 1211 50 21 eller
828 1209 102 22 aflemnar
944 1210 35 21 de-

220 1249 82 16 samma
326 1245 92 26 sentida,
443 1245 51 22 eller
517 1252 45 15 som
585 1245 128 22 försummat
736 1247 33 19 att
784 1245 49 27 foga
849 1245 81 21 anstalt
946 1251 33 15 om

220 1277 126 22 erhållande
352 1273 14 39 ä
390 1279 92 28 tillfällig
505 1280 122 21 vistelseort
643 1280 23 21 af
680 1279 101 22 utfärdad
796 1279 88 21 kallelse
900 1280 32 20 att
947 1279 32 20 in-

220 1311 59 22 finna
295 1312 32 27 sig
342 1313 7 20 i
364 1313 73 27 tjenst,
461 1320 50 15 vare
535 1314 97 21 förfallen
657 1314 31 21 till
704 1314 62 21 böter
781 1313 63 28 högst
861 1313 118 21 trehundra

219 1347 68 20 mark.

290 1395 51 18 Art.
365 1396 60 18 282.
457 1389 50 27 Åtal
523 1395 6 20 i
545 1395 26 21 de
587 1396 6 20 i
609 1397 40 19 art.
673 1396 42 20 278
738 1395 39 21 och
793 1396 39 20 281
851 1395 128 21 omnämnda

221 1427 38 21 fall
282 1427 82 22 utföres
380 1428 24 21 af
417 1429 79 21 allmän
520 1429 107 27 åklagare,
651 1429 54 22 efter
726 1429 252 22 Distriktsmilitärbefäl-
