1081 1731
389 394 150 27 Lagutskottets
561 393 128 22 betänkande
713 394 34 20 N:o
770 394 13 21 2
808 395 4 21 i
836 400 34 16 an-

321 428 81 28 ledning
423 428 20 22 af
463 428 55 22 Hans
539 428 116 27 Kejserliga
674 428 106 27 Majestäts
796 429 74 27 nådiga

321 463 150 27 propositioner
495 462 107 28 angående
630 462 129 28 utjämnande
785 464 21 21 af
830 464 39 21 den

322 498 116 27 personella
459 498 193 26 värneplikstungan
674 498 5 20 i
701 498 82 21 Finland
806 499 37 21 och
865 499 5 20 i

323 532 140 27 Kejsardömet
488 532 53 22 samt
566 532 106 27 angående
697 532 130 27 utjämnande
850 533 21 21 af

323 568 38 20 den
376 567 118 21 finansiella
508 567 199 27 värnepliktstungan
719 567 4 21 i
736 567 82 22 Finland
833 568 37 21 och

323 602 4 20 i
345 601 148 27 Kejsardömet.

186 676 71 22 Sedan
273 676 64 21 dessa
353 676 79 27 nådiga
447 676 161 27 propositioner
621 676 68 27 jämte
705 676 26 22 de
744 677 5 20 i
761 683 110 15 samman-

116 711 59 26 hang
196 711 46 21 med
264 710 49 22 dem
332 711 31 20 till
383 710 118 22 ständerna
522 710 161 22 öfverlämnade
703 711 129 27 handlingar
851 712 21 20 at

118 746 100 26 samtliga
233 744 64 22 stånd
312 745 132 21 remitterats
460 745 30 21 till
508 745 146 27 lagutskottet,
670 745 40 21 har
726 746 104 21 utskottet
845 746 27 26 på

108 780 105 27 begäran
229 779 40 21 fått
283 779 46 21 från
347 779 114 27 kejserliga
477 782 96 23 senaten,
588 780 68 26 jämte
667 780 206 27 tillkännagifvande

117 816 32 19 att
164 815 72 26 någon
252 814 246 27 meningsskiljaktighet
509 814 35 20 vid
560 814 101 21 ärendets
672 814 131 27 behandling
813 814 59 22 inom

116 851 92 19 senaten
228 848 47 22 icke
294 851 35 24 egt
348 855 55 20 rum,
423 851 119 25 emottaga:
565 851 102 19 senatens
687 849 78 27 förslag
783 849 30 21 till
834 850 38 20 nå-

118 883 50 27 diga
188 883 275 27 landtdagspropositioner
479 883 6 20 i
500 883 93 21 berörda
613 885 79 20 ämnen
710 883 113 21 äfvensom
839 889 34 15 se-

118 920 78 18 natens
212 918 147 26 underdåniga
375 918 129 21 hemställan
521 918 5 20 i
543 924 84 14 samma
643 918 85 21 ärende.

189 1089 136 21 Beträffande
341 1089 159 27 behandlingen
516 1089 23 21 af
552 1090 143 21 förevarande
711 1089 78 27 frågor,
808 1090 66 20 innan

118 1124 28 21 de
167 1124 101 27 förelagts
289 1124 125 26 ständerna,
435 1124 94 26 framgår
545 1124 20 21 af
584 1124 26 22 de
626 1124 29 21 till
671 1124 118 21 ständerna
805 1124 69 21 öfver-

119 1158 101 22 lämnade
243 1158 128 27 handlingar
389 1159 42 21 och
451 1159 27 21 de
495 1159 6 20 i
521 1158 112 28 kejserliga
653 1161 90 19 senaten
763 1158 112 21 tillkomna

120 1193 61 21 akter
196 1192 177 27 hufvudsakligen
391 1192 99 28 följande.

189 1227 71 21 Sedan
276 1233 27 15 en
319 1227 35 20 vid
370 1227 63 27 ryska
450 1227 160 21 hufvudstaben
625 1227 86 21 nedsatt
726 1227 81 21 komité
823 1233 53 21 upp-

118 1262 58 26 gjort
191 1261 79 27 förslag
287 1261 29 21 till
335 1261 163 27 bestämningar
513 1262 114 26 angående
642 1262 140 27 utjämnande
799 1261 23 21 af
835 1261 41 21 den

121 1296 121 26 personella
258 1296 42 21 och
319 1296 120 21 finansiella
456 1296 214 27 värnepliktstungan
686 1297 5 20 i
707 1296 89 21 Finland
813 1296 41 21 och
871 1296 5 20 i

122 1330 151 27 kejsardömet,
291 1330 38 21 har
345 1330 172 27 krigsministern
533 1331 5 20 i
554 1331 146 27 kejsardömet
714 1331 5 20 i
734 1330 143 27 underdånigt

121 1364 279 28 föredragningsmemorial
420 1365 23 21 af
461 1366 41 21 den
524 1366 27 20 22
573 1366 95 25 mars/3
689 1365 53 27 april
762 1365 55 21 1899
838 1365 40 21 hos

190 1410 134 23 Lagutskottets
337 1410 109 18 betänkande
460 1410 33 18 N:o
506 1412 18 16 2.
