1086 1773
289 138 27 18 86
608 137 22 22 U.
647 137 22 22 B.

259 204 73 28 enligt
347 204 231 30 indelningsvärket*;
601 206 121 22 hvarutom
736 206 175 29 bestämningen
926 214 36 14 om
977 207 40 21 mi-

259 238 145 22 litiefondens
420 240 150 22 användande
585 240 118 22 bibehölls.

328 273 42 21 Att
386 274 123 22 emellertid
532 275 44 21 den
599 275 98 29 ändring
711 276 7 20 i
736 275 218 29 indelningsvärket,
969 283 47 15 som

259 307 134 29 härigenom
408 308 53 22 kom
476 309 34 21 till
525 310 73 25 stånd,
614 317 41 14 var
670 310 26 21 af
708 310 48 21 helt
773 317 77 14 annan
860 310 156 21 beskaffenhet

259 344 30 18 än
304 342 28 21 de
348 343 111 27 åtgärder,
475 344 34 20 till
524 344 78 21 hvilka
617 344 77 28 Borgå
709 344 111 28 landtdag
830 344 138 26 föranledde,
979 344 36 22 be-

258 383 38 14 ror
310 378 31 26 på
356 376 101 29 följande
472 378 200 28 omständigheter.
695 379 78 28 Borgå
788 379 110 28 landtdag
912 379 103 21 lämnade

258 410 212 29 indelningsvärket
492 413 119 25 orubbadt,
631 415 74 20 såsom
721 413 43 21 ock
779 414 156 28 uttryckligen
950 416 64 26 säges

257 445 7 21 i
280 445 129 23 manifestet
424 446 26 22 af
463 447 45 21 den
525 449 64 26 15/27
613 455 59 14 mars
689 450 61 19 1810.
781 448 34 21 På
831 448 131 21 ständernas
980 449 34 20 be-

257 482 72 25 gäran
345 480 127 23 förklarade
494 482 36 28 sig
544 482 126 22 monarken
694 483 56 21 blott
761 483 58 27 jicke
841 482 56 29 vilja
912 483 102 28 begagna

256 514 37 28 sig
308 514 26 22 af
347 515 44 21 den
405 518 45 19 rätt
472 516 46 22 han
538 517 57 28 egde
618 519 33 19 att
666 517 77 21 fordra
766 517 210 29 upprätthållandet
991 517 25 21 af

256 556 29 13 en
300 548 72 22 indelt
386 550 68 26 armé,
471 558 51 14 men
537 551 46 21 han
596 552 73 21 skulle
679 554 42 19 när
731 558 49 14 som
790 552 61 20 hälst
861 552 87 21 kunnat
958 554 56 26 göra

256 582 44 26 det,
317 584 43 21 och
376 584 62 22 detta
453 585 142 22 förhållande
612 586 109 28 åberopas
736 586 98 22 faktiskt
849 586 6 21 i
871 586 83 28 nådiga
968 594 45 14 ma-

255 617 94 22 nifestet
364 618 26 22 af
409 619 44 21 den
470 621 64 27 11/23
554 620 51 28 juni
622 623 55 19 1854
699 620 120 29 angående
835 622 177 27 återupprättan-

255 652 39 20 det
316 652 27 22 af
362 653 71 22 indelt
455 654 88 22 militär.
574 648 21 28 Å
611 656 70 20 andra
704 656 65 20 sidan
788 656 122 20 kvarstodo
926 656 44 21 alla
984 656 28 20 de

255 686 170 30 bestämningar
440 689 7 20 i
463 689 230 27 knektekontrakten,
710 690 72 28 enligt
797 690 79 21 hvilka
891 697 75 14 annan
973 690 39 21 mi-

254 720 125 30 litärtunga
394 722 20 28 ej
432 723 72 22 skulle
519 724 24 21 få
558 724 80 28 läggas
654 726 30 27 på
699 724 78 26 folket,
793 724 141 28 fullkomligt
947 724 64 22 orub-

254 754 58 22 bade
328 756 70 26 däraf,
415 760 33 18 att
462 758 124 22 monarken
601 759 32 21 lät
649 759 44 21 den
711 759 85 21 indelta
812 759 76 21 armén
903 758 109 22 förblifva

253 789 99 29 upplöst.
384 792 36 20 Då
442 793 158 28 värneplikten
623 793 107 26 infördes,
746 793 142 21 förklarades
910 793 100 21 däremot

253 830 83 21 genom
351 824 44 29 lag,
412 829 32 18 att
459 827 112 28 krigsfolk
593 828 72 28 enligt
686 828 212 28 indelningsvärket
913 827 19 28 ej
949 827 61 29 finge

252 858 73 22 äskas.
349 860 53 21 Men
417 861 49 21 icke
481 869 47 21 nog
543 862 100 21 härmed.
666 862 35 22 De
717 863 6 20 i
738 862 224 21 knektekontrakten
977 861 33 22 fö-

252 893 161 24 rekommande
435 895 176 30 bestämningar,
635 905 48 13 som
706 897 101 21 befriade
830 897 114 28 allmogen
958 897 51 20 från

252 929 104 27 tvungen
371 929 140 29 krigstjänst,
527 931 77 22 blefvo
621 933 84 20 ersatta
717 938 84 21 genom
812 931 197 28 bestämningarna

253 961 6 20 i
277 963 215 30 värnepliktslagen,
516 973 47 14 som
587 966 64 21 ålade
675 966 178 27 medborgarene
876 965 132 28 krigstjänst

251 996 72 29 enligt
346 997 74 22 denna
442 999 45 28 lag,
503 1000 86 21 således
608 1003 104 25 tvungen
731 999 142 29 krigstjänst,
889 1000 42 21 och
947 1000 61 21 detta

251 1029 69 23 äfven
336 1032 7 20 i
358 1033 70 21 andra
451 1033 40 22 fall
510 1037 28 18 än
561 1035 27 20 de
611 1034 7 21 i
642 1037 10 18 7
669 1035 14 28 $
699 1035 25 20 af
738 1035 126 27 allmogens
879 1034 129 28 privilegier

250 1063 127 25 förutsatta.

319 1101 37 21 Då
370 1108 32 14 nu
417 1103 214 28 värnepliktslagen,
648 1103 69 21 äfven
732 1103 41 21 där
788 1103 70 27 ingen
873 1103 36 20 del
923 1102 24 21 af
958 1103 49 21 den-

249 1140 86 16 samma
351 1135 58 22 hade
424 1136 121 22 förklarats
561 1137 36 21 för
613 1138 120 27 grundlag,
750 1137 59 21 dock
824 1144 41 14 var
881 1136 78 22 afsedd
974 1139 32 19 att

249 1168 35 20 till
299 1169 44 21 alla
359 1170 61 21 delar
436 1170 71 22 blifva
530 1179 27 13 en
573 1172 44 28 lag,
637 1179 49 14 som
701 1172 20 27 ej
737 1171 78 21 kunde
831 1171 81 21 ändras
928 1178 78 14 annor-

248 1201 70 23 lunda
334 1206 29 18 än
378 1212 83 20 genom
477 1205 247 22 öfverensstämmande
739 1206 76 20 beslut
825 1205 26 21 af
859 1205 94 21 monark
964 1205 42 21 och

248 1237 98 25 ständer,
370 1240 24 19 så
416 1239 94 21 innebar
524 1242 13 18 2
553 1240 13 28 8
582 1240 7 21 i
605 1240 82 28 själfva
709 1240 88 25 värket,
820 1242 33 18 att
869 1240 27 20 de
912 1239 94 21 bestäm-

247 1270 89 29 ningar,
353 1280 47 14 som
416 1274 100 28 angingo
537 1274 163 28 skyldigheten
716 1277 33 18 att
764 1274 115 28 uppställa
894 1273 112 29 krigsfolk

247 1304 72 29 enligt
334 1306 217 29 indelningsvärket,
575 1316 83 20 genom
679 1308 38 28 lag
731 1308 131 28 upphäfdes
878 1308 42 21 och
935 1308 71 20 likaså

246 1338 45 22 den
316 1340 103 22 befrielse
441 1342 52 21 från
515 1342 141 28 krigstjänst,
680 1350 46 14 som
749 1342 128 21 tillerkänts
893 1342 112 28 allmogen

245 1380 84 21 genom
344 1375 229 27 knektekontrakten,
598 1377 59 21 dock
680 1376 102 27 sålunda,
803 1378 40 23 att,
859 1384 37 13 om
910 1376 94 21 monark

244 1408 44 21 och
304 1410 91 20 ständer
411 1410 76 22 blifvit
512 1418 52 14 ense
581 1418 36 14 om
640 1413 33 19 att
688 1410 153 22 härväsendet
864 1410 48 21 icke
928 1410 77 22 vidare

313 1455 141 23 Lagutskottets
468 1456 121 18 betänkande.
