1089 1767
276 124 27 20 48
596 123 22 23 U.
635 123 22 22 B.

248 192 7 20 i
271 192 158 28 diplomatiska
445 192 138 28 aktstycken
594 192 70 28 ryska
675 192 43 21 och
729 192 75 21 finska
815 191 79 29 fartyg
904 191 105 21 särskildt

247 229 139 23 omnämnas,
401 226 131 22 framhälles
547 228 30 26 pä
594 228 72 20 annat
678 226 65 21 ställe
754 225 26 22 af
788 226 63 20 detta
860 225 148 22 betänkande.

316 261 42 21 Att
374 261 44 21 den
433 260 230 29 grunduppfattning
679 260 118 28 angäende
813 260 105 28 samtliga
931 268 31 13 nu
972 260 37 21 be-

249 295 66 21 rörda
327 294 165 26 förhällanden,
503 294 36 22 för
550 295 93 21 hvilken
656 295 7 20 i
676 295 37 21 det
724 294 140 28 föregäende
875 294 133 28 redogjorts,

249 329 102 21 altsedan
367 331 24 19 är
413 331 54 19 1809
487 329 92 21 erkänts
595 328 26 22 af
635 329 90 21 landets
740 329 121 21 monarker
876 330 58 20 samt
948 328 8 21 i
972 328 36 22 all-

248 363 92 21 mänhet
356 363 68 22 äfven
439 364 80 28 riktigt
534 363 103 29 uttrykts
655 363 20 28 ej
692 363 87 21 mindre
795 363 8 21 i
818 363 60 21 finsk
894 366 29 18 än
936 362 72 28 irysk

249 398 145 28 lagstiftning
409 398 43 22 och
467 398 8 21 i
491 398 160 28 diplomatiska
669 397 143 29 aktstycken,
829 400 24 18 är
869 405 28 13 en
913 399 95 19 omstän-

249 432 85 28 dighet,
351 439 48 14 som
414 432 49 21 icke
479 432 52 21 bort
545 432 86 21 lämnas
643 432 114 21 obeaktad
767 432 40 21 vid
818 431 158 29 uppgörandet
985 430 25 21 af

249 466 28 21 de
289 466 35 21 till
335 467 122 21 ständerna
467 466 140 28 hänskjutna
618 465 274 29 författningsförslagen.
917 465 91 29 Uppen-

250 501 102 28 barligen
373 501 102 28 framgår
497 501 34 20 till
547 508 28 13 en
591 500 88 29 början,
695 500 140 29 exempelvis
850 508 26 13 ur
892 501 116 28 ingressen

248 535 35 21 till
305 535 149 28 reglementet
470 535 36 22 för
521 535 240 28 regeringskonseljen
775 535 26 21 af
815 535 45 21 den
876 537 26 19 18
918 535 90 28 augusti

250 572 55 19 1809
329 572 38 23 att,
388 570 71 28 enligt
481 569 110 22 Finlands
614 569 158 26 konstitution,
795 569 213 22 storfurstendömet

248 604 97 21 Finland
369 606 73 19 säsom
465 606 32 19 ett
512 603 105 29 politiskt
632 603 53 26 helt,
705 603 44 22 och
764 603 20 28 ej
802 603 28 22 de
845 603 75 22 finska
934 603 73 25 länen,

248 641 71 18 mäste
343 638 121 21 betecknas
487 645 48 14 som
558 640 33 19 ett
614 637 258 29 lagstiftningsomräde.
905 638 11 21 I
938 638 69 28 sagda

249 673 138 28 reglemente
403 675 74 26 säges:
495 673 88 25 ,Bland
598 673 91 21 medlen
703 675 33 18 att
747 672 82 28 stadga
839 672 108 21 Finlands
958 672 49 21 säll-

248 707 45 26 het,
309 707 42 21 har
366 707 155 28 inrättningen
537 707 26 21 af
575 707 58 21 Dess
650 707 115 21 allmänna
780 707 96 28 styrelse
890 709 64 26 synts
966 706 41 21 Oss

249 749 54 14 vara
319 741 25 22 af
357 741 44 22 den
417 744 83 19 största
515 741 174 28 angelägenhet.
716 741 93 21 Statens
821 741 113 21 allmänna
944 741 63 20 bästa

248 775 113 26 fordrade,
371 778 32 19 att
416 776 44 21 den
469 775 120 22 särskildta
597 775 179 22 Embetsmanna
784 775 124 28 verknings
917 775 90 21 kretsen

249 811 6 20 i
271 810 153 21 Provincerne
440 810 74 21 skulle
529 811 55 20 ernä
597 817 30 13 en
636 809 218 28 Förenings-punkt,
866 809 54 22 eller
931 817 27 14 en
970 805 37 25 Öf-

248 844 158 29 ver-Styrelse,
423 851 48 14 som
485 844 59 21 hade
555 846 33 19 att
598 844 51 21 leda
661 844 57 25 dem,
730 846 34 19 att
774 844 114 21 bibehälla
899 851 108 14 samman-

249 879 128 20 stämmelse
392 879 7 20 i
415 879 153 28 grundsatser,
585 878 63 28 gifva
670 878 105 28 Lagarne
791 878 80 29 styrka
886 878 42 21 och
943 878 64 21 verk-

248 913 94 25 samhet,
365 912 60 22 vaka
447 913 65 21 öfver
527 912 122 21 rättvisans
669 912 117 29 skipande,
803 912 43 21 och
861 912 103 21 meddela
979 919 28 14 en

248 947 123 28 förmånlig
386 946 147 22 rörelsekraft
549 947 35 20 till
600 946 127 29 främjande
737 946 26 21 af
772 947 84 21 allmän
866 946 141 29 upplysning

248 981 43 21 och
315 981 114 28 idoghet*.
460 981 72 21 Dessa
555 981 147 28 grundsatser
720 981 116 21 bekräftas
852 981 154 28 ytterligare
997 977 12 36 i

247 1015 85 28 nädiga
343 1016 152 28 kungörelsen
504 1015 26 22 af
536 1015 45 22 den
591 1017 26 19 21
627 1015 99 22 februari
737 1017 61 21 1816.
816 1011 191 33 ,Öfvertygade*,

248 1049 65 22 heter
329 1050 44 25 det,
389 1052 47 24 ,att
449 1050 44 21 den
503 1049 148 29 Författning
662 1050 16 27 (i
689 1050 120 28 originalet
820 1045 16 37 ,,
834 1050 172 27 konstitution")

247 1084 44 21 och
316 1084 27 21 de
366 1085 81 27 Lagar,
464 1091 48 14 som
527 1084 249 21 öfverensstämmande
791 1084 53 21 med
858 1084 84 21 Finska
957 1085 49 20 Fol-

247 1118 50 21 kets
313 1119 76 28 lynne,
406 1119 65 21 seder
487 1118 42 22 och
545 1118 113 28 bildning,
674 1119 73 21 under
763 1126 28 13 en
806 1119 55 28 läng
876 1118 58 29 följd
949 1119 25 21 af
983 1121 23 18 är

247 1153 89 28 utgjort
359 1153 142 28 grundvalen
523 1153 36 21 för
583 1153 50 21 dess
655 1153 130 28 borgerliga
801 1153 70 22 frihet
886 1153 42 22 och
944 1153 62 28 lugn,

247 1187 51 21 icke
313 1187 83 26 kunde,
412 1189 55 19 utan
481 1187 60 22 väda
556 1187 37 21 för
609 1187 71 26 dessa,
696 1187 136 22 inskränkas
848 1187 53 22 eller
916 1187 90 25 rubbas,

247 1220 70 22 hafve
332 1221 39 22 Wi
387 1221 51 21 frän
453 1221 72 21 första
540 1221 101 21 stunden
651 1221 26 21 af
686 1221 56 22 Wär
752 1222 108 28 regering
870 1221 65 22 öfver
946 1221 61 22 detta

247 1255 72 26 Land,
338 1256 50 21 icke
403 1256 95 21 allenast
513 1257 30 26 pä
559 1255 37 21 det
613 1255 163 29 högtidligaste
792 1255 116 22 bekräftat
923 1263 83 14 samma

246 1289 148 28 Författning
409 1290 16 27 (i
441 1289 120 28 originalet
586 1289 189 28 ,konstitution*)
798 1290 43 21 och
858 1291 82 28 Lagar,
955 1291 51 20 med

247 1323 28 21 de
291 1323 79 28 hvarje
386 1324 71 20 Finsk
476 1323 157 28 Medborgare,
649 1324 8 20 i
673 1323 55 29 följe
749 1324 71 26 deraf,
836 1324 170 22 tillkommande

247 1358 94 22 friheter
357 1359 43 21 och
416 1358 139 29 rättigheter,
572 1361 55 19 utan
643 1359 44 21 ock
703 1358 58 22 efter
777 1358 143 28 föregängen
934 1358 72 22 öfver-

246 1392 113 29 läggning
381 1393 52 21 med
456 1393 99 21 Landets
580 1392 137 22 församlade
733 1392 105 26 Ständer,
853 1392 153 22 tillförordnat

316 1438 141 23 Lagutskottets
470 1438 121 18 betänkande.
