1089 1756
269 135 25 21 96
578 137 28 22 U.
623 137 29 22 B.

308 204 73 21 Såsom
404 205 64 20 motiv
494 205 70 21 härför
579 206 87 21 anförde
683 206 119 21 Ständerna
817 206 6 20 i
839 206 35 21 sitt
890 205 106 22 underdå-

240 238 49 27 niga
304 245 48 14 svar
367 239 12 20 å
395 239 40 21 den
451 239 77 28 nådiga
544 240 166 27 propositionen:
729 240 83 21 »Jemte
828 240 36 21 det
879 240 118 21 Ständerna

239 273 94 26 godkänt
355 274 125 27 stadgandet
502 274 7 20 i
526 275 11 26 $
554 275 40 20 127
611 275 55 26 (119)
687 275 79 26 derom,
783 277 29 18 att
828 275 122 26 chefskapet
964 275 33 20 för

239 307 27 20 de
281 307 68 21 finska
368 310 114 25 trupperna
497 309 129 20 tillkommer
642 309 232 26 Generalguvernören,
890 309 37 20 har
942 309 54 20 dock

239 347 27 14 en
282 341 91 28 ändring
387 342 21 21 af
423 343 147 26 ordalydelsen
587 343 6 20 i
610 343 69 20 denna
694 343 34 21 del
744 343 109 21 befunnits
868 343 69 27 nödig.
956 343 41 20 För

240 375 69 21 denna
331 376 89 27 ändring
440 377 59 20 torde
516 379 96 19 närmare
628 377 128 27 motivering
771 378 18 26 ej
807 377 90 21 behöfva
912 377 84 21 anföras

239 411 28 19 än
275 412 30 19 att
314 412 80 19 termen
406 419 9 11 »
418 411 129 21 Finländska
555 411 203 27 militärdistriktet»,
766 418 46 14 som
823 411 104 26 svårligen
944 411 53 21 låter

240 443 96 28 begagna
351 445 32 26 sig
398 445 5 20 i
420 451 26 14 en
462 445 54 21 finsk
531 445 41 27 lag,
588 446 74 20 hänför
677 446 32 27 sig
723 446 32 21 till
764 453 24 14 en
798 446 33 21 för
838 446 26 21 de
871 446 67 21 Eders
945 445 51 28 Kej-

239 478 77 27 serliga
338 478 108 28 Majestäts
468 480 55 27 spira
543 480 161 26 underlydande
719 480 74 21 länder
808 480 97 27 gällande
920 480 76 21 militä-

239 513 44 20 risk
306 513 117 28 iodelning,
446 514 62 21 hvars
530 515 108 20 ändrande
662 515 51 20 eller
729 515 148 27 upphäfvande
892 515 46 20 icke
954 515 42 20 kan

240 553 50 14 vara
306 547 106 22 beroende
428 549 21 20 af
464 549 69 20 denna
550 549 270 27 värnepligtsförfattning.»

309 581 11 20 I
343 582 121 21 förberörda
488 583 108 20 memorial
613 583 76 20 uttalar
704 583 176 27 Krigsministern
896 583 40 21 den
952 589 44 15 me-

240 615 52 27 ning
316 617 30 19 att
372 616 134 27 landtdagen,
530 623 34 15 om
592 617 136 27 stadgandets
742 617 82 27 lydelse
840 617 6 20 i
862 617 41 21 den
920 617 76 28 nådiga

240 650 156 27 propositionen
412 651 22 20 af
449 651 78 28 viktiga
543 651 86 21 orsaker
644 652 75 27 ansågs
735 652 104 26 oförenlig
848 652 47 21 med
905 652 90 27 lagarna,

239 684 54 20 hade
310 684 46 21 bort
372 685 151 28 underdånigst
538 686 109 21 hemställa
664 693 33 14 om
713 686 91 27 ändring
820 687 20 20 af
856 687 70 20 denna
936 686 59 21 orda-

239 718 88 27 lydelse,
350 721 53 19 samt
419 722 29 18 att
464 720 118 21 Ständerna
596 721 88 20 handlat
700 721 19 19 »i
735 721 51 20 strid
803 723 56 18 emot
875 721 69 20 denna
959 727 36 14 na-

239 752 76 28 turliga
339 753 111 28 ordning»,
472 754 26 21 då
521 755 25 21 de
570 757 50 19 utan
638 755 69 27 någon
729 755 66 21 sådan
818 755 124 21 hemställan
958 756 37 20 än-

239 787 65 21 drade
330 788 130 27 paragrafen.
490 788 63 22 Emot
578 790 57 20 detta
661 789 114 26 uttalande,
800 796 46 14 som
870 790 76 20 vittnar
961 796 33 14 om

239 828 27 14 en
288 822 129 21 förvånande
434 823 142 27 obekantskap
592 824 48 20 med
657 824 40 20 den
714 824 182 20 konstitutionella
912 824 85 20 ordnin-

239 862 41 20 gen
297 856 32 20 för
344 856 137 28 lagstiftning,
497 858 65 20 måste
578 858 127 24 framhållas,
718 860 30 18 att
763 858 118 20 Ständerna
897 859 29 24 (se
944 858 53 26 Lag-

239 890 112 21 utskottets
368 890 137 28 betänkande,
517 892 71 27 början
601 892 21 20 af
630 899 15 13 s.
658 893 47 25 131)
717 892 66 26 enligt
792 892 105 27 grundlag
910 894 34 18 äro
958 892 38 20 och

239 924 59 20 alltid
316 925 53 20 varit
386 925 128 27 berättigade
530 926 58 20 såväl
604 928 29 19 att
648 926 70 27 afböja
734 928 30 19 ett
779 926 48 21 dem
840 926 103 27 förelagdt
954 926 43 26 lag-

239 958 84 27 förslag,
334 965 45 14 som
395 960 39 20 ock
453 962 29 18 att
498 960 91 21 förklara
605 960 35 21 det
656 961 25 20 de
697 963 76 25 antaga
789 963 29 18 ett
833 960 75 21 sådant
923 960 74 21 endast

238 992 7 20 i
261 999 27 14 en
304 993 21 20 af
342 993 47 21 dem
405 994 98 26 godkänd
519 994 112 21 förändrad
647 995 87 26 lydelse;
751 997 55 18 samt
821 997 29 18 att
863 994 35 21 det
906 994 91 21 derefter

238 1026 63 21 beror
316 1027 26 27 på
364 1027 116 22 Monarken
496 1030 29 19 att
540 1029 65 27 sagda
620 1029 81 27 lydelse
717 1029 101 21 stadfästa
834 1029 52 21 eller
901 1030 38 19 ock
955 1028 41 21 låta

238 1061 73 26 frågan
328 1061 6 20 i
351 1061 48 21 dess
415 1062 71 21 helhet
500 1063 88 20 förfalla.

307 1096 10 20 I
333 1102 80 15 samma
429 1097 108 21 memorial
552 1099 61 25 säges
628 1098 83 26 jemväl,
727 1099 29 19 att
772 1097 117 21 Ständerna
904 1097 92 21 ändrade

238 1130 125 26 paragrafen
389 1131 18 19 vi
429 1132 89 26 grund»,
540 1132 68 20 ehuru
632 1131 127 21 Ständernas
775 1132 6 19 i
798 1131 150 21 ofvanstäende
965 1134 31 18 ut-

238 1164 53 26 drag
306 1164 87 20 anförda
409 1166 135 26 uppfattning
560 1173 36 14 var
612 1166 46 26 den,
675 1168 29 18 att
720 1166 25 20 de
760 1166 76 20 endast
850 1166 76 20 ändrat
936 1166 60 20 orda-

237 1198 104 26 lydelsen.
371 1195 70 25 Äfven
465 1200 90 20 Senaten
578 1200 102 20 hänförde
698 1200 6 20 i
722 1200 35 20 sitt
772 1200 98 26 yttrande
886 1206 33 14 om
936 1200 60 20 Stän-

237 1232 78 21 dernas
331 1232 69 22 beslut
416 1234 70 21 denna
501 1235 89 26 ändring
605 1235 32 20 till
652 1234 26 21 de
696 1234 52 21 blott
762 1234 159 21 redaktionella.
952 1234 43 20 Och

237 1266 42 21 den
296 1267 120 21 dävarande
434 1268 174 27 Krigsministern
630 1269 72 27 grefve
727 1269 93 26 Miljutin
847 1275 64 20 synes
930 1268 66 21 likasä

237 1300 64 21 hafva
316 1301 71 21 funnit
410 1304 30 18 att
455 1303 136 26 stadgandets
607 1303 163 27 hufvudsakliga
786 1303 93 21 innehäll
896 1316 26 2 —
938 1305 58 18 näm-

237 1335 57 27 ligen
318 1337 30 19 att
371 1336 122 27 chefskapet
508 1337 32 20 tör
555 1338 26 20 de
597 1337 65 21 finska
676 1338 39 20 och
730 1338 26 20 de
772 1338 6 20 i
796 1337 89 21 Finland
902 1337 94 27 förlagda

237 1369 64 26 ryska
317 1371 115 25 trupperna
447 1371 68 21 skulle
528 1378 48 14 vara
588 1372 96 20 förenadt
695 1372 38 20 hos
744 1378 80 14 samma
838 1378 81 20 person,
928 1371 68 21 Gene-

237 1403 174 28 ralguvernören,
429 1418 27 2 —
473 1406 46 20 icke
534 1406 87 20 rubbats
637 1412 76 20 genom
730 1406 41 20 den
787 1406 127 20 förändrade
930 1406 66 20 affatt-

240 1437 85 27 ningen.
356 1438 108 22 Utskottet
487 1440 41 21 kan
548 1441 46 20 icke
610 1441 48 20 med
674 1441 41 20 den
731 1441 123 20 nuvarande
870 1440 126 27 Krigsmini-
