1086 1775
261 139 13 19 6
580 141 21 22 U.
619 141 22 22 B.

233 206 83 29 ningar
338 208 42 21 och
402 208 43 22 alle
468 209 40 21 där
526 210 45 21 wid
588 210 132 29 hängiande
734 210 95 26 beswär,
844 210 62 22 hvad
921 218 69 14 namn

236 240 28 22 de
279 240 60 23 hälst
353 242 76 22 hafwa
444 243 83 25 kunne,
544 246 58 20 samt
615 245 169 28 Fördublingar
794 245 43 22 och
847 245 143 21 wäldsamme

234 275 146 29 wärfningar,
402 284 32 14 nu
456 278 43 21 och
517 278 7 21 i
546 278 166 22 tilkommande
733 279 69 28 tijder
823 286 61 14 wara
907 279 83 22 aldeles

235 310 78 28 gwitte
329 310 41 22 och
386 311 130 29 befrijade*.
534 326 26 3 —
576 313 45 21 Till
636 313 96 22 befälets
749 314 120 21 underhåll
884 313 105 29 anslogos

235 344 55 21 eller
305 344 89 23 indeltes
409 346 47 22 dels
471 347 61 21 vissa
546 347 90 22 kronan
647 348 116 28 tillhöriga
774 348 133 28 lägenheter
917 349 73 20 säsom

235 378 112 22 boställen
362 392 26 3 —
404 380 51 22 från
470 380 78 23 hvilka
563 382 208 22 boställshafvaren
786 382 45 22 fick
844 399 8 9 ,
856 384 30 27 på
896 382 35 22 sin
938 382 51 21 lön"

235 412 161 29 tillgodonjuta
412 418 115 24 ,räntan*,
543 416 21 21 d.
580 424 22 14 v.
618 424 17 14 s.
652 416 44 22 den
711 416 145 29 grundskatt,
872 424 49 14 som
935 416 54 28 eljes

235 446 59 21 hade
320 446 50 22 bort
394 449 34 21 till
450 450 89 22 kronan
562 450 104 29 erläggas
689 464 28 3 —
740 451 48 21 dels
811 453 107 20 räntorna
940 450 51 22 från

235 480 82 22 krono-
333 482 42 22 och
390 484 213 29 skattelägenheter,
620 485 43 22 och
677 488 31 26 pä
723 486 62 21 detta
801 488 45 19 sätt
860 486 45 21 fick
913 485 78 29 hvarje

236 515 7 21 i
259 516 74 27 grund
356 517 26 21 af
401 518 194 23 knektekontrakt
615 520 118 29 uppstäldt
753 520 238 28 infanteriregemente

237 550 49 25 »Sin
301 550 138 30 indelning*.

305 585 116 23 Kavalleri
444 588 83 22 erhölls
542 588 102 27 sälunda,
661 591 33 20 att
708 589 40 22 vid
764 589 70 22 ofvan
850 588 94 29 angifna
959 589 32 22 tid

237 619 102 22 enskilde
351 620 120 30 jordegare
486 623 86 22 utfäste
587 623 36 28 sig
633 625 40 24 att,
684 626 60 19 emot
757 623 104 22 befrielse
869 623 51 22 från
929 626 62 23 ,rän-

237 655 60 24 tan*,
323 656 113 27 uppställa
459 665 28 14 en
509 660 86 26 ryttare
618 658 51 21 med
692 658 147 29 mundering;
856 657 136 30 jordegaren

237 687 46 22 fick
299 688 28 22 dä
342 689 55 29 själf
409 691 161 30 tillgodonjuta
585 695 81 19 räntan
682 693 52 21 från
744 693 144 28 lägenheten,
899 693 93 21 hvilken

238 722 71 22 erhöll
324 731 68 15 namn
415 725 26 22 af
453 727 101 21 rusthåll.
584 727 92 28 Ansågs
692 727 148 28 lägenhetens
856 735 58 20 egen
929 729 63 19 ränta

238 756 50 22 icke
303 757 127 31 tillräcklig,
446 762 25 19 så
485 761 135 22 förstärktes
636 761 120 22 rusthållet
771 761 52 22 med
834 764 33 19 ett
878 761 53 22 eller
939 761 53 22 flere

237 798 17 14 s.
271 791 22 22 k.
309 794 230 27 augmentshemman,
555 795 90 22 hvilkas
661 798 77 19 räntor
748 795 120 22 rusthället
879 796 57 28 egde
946 795 47 22 helt

239 825 43 22 och
301 826 70 23 hället
390 829 53 21 eller
461 829 72 22 delvis
548 831 109 28 uppbära.
687 831 113 28 Formligt
816 830 108 21 kontrakt
939 837 54 21 upp-

239 859 91 29 gjordes
353 863 37 20 väl
412 863 49 22 icke
483 865 97 21 emellan
602 865 89 21 kronan
708 865 43 21 och
767 865 156 25 rusthällaren,
939 866 54 19 utan

239 893 36 22 för
299 894 72 23 denne
394 897 131 23 utfärdades
543 898 7 22 i
569 899 76 21 stället
668 906 16 14 s.
704 899 21 23 k.
744 898 176 29 rustningsbref,
943 906 51 14 men

239 928 58 22 hans
319 930 132 29 skyldighet
472 932 101 29 uppkom
592 940 83 22 genom
695 936 52 26 eget
770 932 112 29 ätagande
905 932 43 22 och
962 932 32 22 in-

239 963 134 23 stitutionen
395 965 143 23 betraktades
562 969 74 20 säsom
658 968 105 28 grundad
781 969 31 27 pä
827 967 168 22 öfverenskom-

240 997 69 22 melse
324 999 83 22 mellan
421 1000 84 22 honom
521 1002 42 21 och
579 1002 95 25 kronan,
700 1002 69 22 Säväl
784 1001 137 22 rusthällens
937 1009 58 21 egna

239 1034 84 24 räntor,
339 1040 48 15 som
402 1038 148 25 augmentens
565 1044 56 14 voro
637 1036 57 22 altså
711 1036 119 27 ,indelta*.
858 1035 137 22 Härutöfver

239 1066 59 22 hade
320 1067 66 23 hvart
405 1072 136 26 regemente,
556 1072 30 27 pä
602 1078 85 14 samma
702 1073 44 19 sätt
762 1078 49 14 som
826 1070 169 28 infanterirege-

239 1104 112 24 mentena,
374 1104 35 20 sin
432 1104 118 29 indelning
571 1105 37 21 för
631 1105 147 22 officerarene
800 1104 82 22 liksom
901 1104 36 22 för
951 1107 44 19 sär-

241 1136 74 23 skilda
330 1138 70 22 andra
414 1138 157 22 funktionärer
586 1139 40 22 vid
642 1141 147 27 regementet.

309 1172 87 26 Denna,
412 1173 79 22 endast
506 1174 34 21 till
556 1174 49 21 sina
620 1174 149 28 hufvuddrag
784 1173 41 22 här
840 1172 107 30 antydda,
963 1180 32 14 or-

240 1207 134 26 ganisation,
390 1207 68 22 hvars
474 1208 95 29 detaljer
583 1215 57 15 voro
656 1208 71 22 delvis
742 1208 94 28 mycket
856 1207 139 25 invecklade,

240 1240 127 23 utbildades
383 1242 43 22 och
440 1242 130 22 faststäldes
585 1243 73 21 under
674 1242 51 22 Carl
740 1242 55 21 XT:s
804 1242 112 28 regering,
925 1241 71 21 ehuru

240 1274 158 29 begynnelsen
419 1277 35 21 till
477 1285 28 14 en
527 1277 70 22 sädan
619 1277 155 28 organisation
788 1283 42 14 var
845 1275 66 29 gjord
927 1275 69 22 redan

240 1309 103 29 tidigare.
373 1311 137 22 Densamma
529 1311 41 22 har
592 1311 133 22 betecknats
748 1310 52 22 med
823 1309 117 29 uttrycket
959 1309 37 21 det

241 1345 97 22 militära
348 1346 54 21 eller
412 1345 306 28 militie-indelningsvärket,
728 1345 89 21 hvilket
832 1343 95 22 sälunda
935 1343 61 21 inne-

241 1380 87 21 fattade
353 1380 269 28 rusthällsinrättningen,
648 1379 38 22 det
709 1379 106 28 ständiga
840 1377 155 22 knektehället

241 1414 54 21 eller
311 1415 135 28 roteringen,
463 1414 193 25 bätsmanshället,
671 1412 252 27 boställsinrättningen
939 1413 56 20 samt

309 1460 140 23 Lagutskottets
462 1459 120 19 betänkande.
