1086 1750
248 132 27 21 38
555 132 30 23 U.
601 132 28 22 B.

218 201 62 21 fälets
302 203 40 19 rätt
365 201 90 21 sålunda
478 202 100 26 bestämd,
601 204 29 18 att
645 202 125 27 permission
786 201 56 28 finge
858 202 116 27 medgifvas

218 235 33 21 för
270 236 155 27 sammanlagdt
440 238 29 19 ett
484 236 23 21 är
522 236 21 21 af
557 236 48 21 hela
620 236 142 27 tjenstetiden.
778 236 69 27 Något
863 236 64 21 motiv
943 236 33 21 för

219 270 41 21 den
284 270 118 27 föreslagna
422 270 117 28 ändringen
555 270 84 21 anföres
655 270 18 27 ej
690 270 31 21 uti
736 270 26 21 de
778 270 41 21 den
835 270 77 28 nädiga
927 277 47 21 pro-

219 304 118 26 positionen
365 304 84 28 bilagda
473 304 172 27 förklaringarna.
687 304 125 21 Emellertid
837 304 43 27 har,
907 304 68 21 sävidt

219 338 108 21 Utskottet
349 338 72 21 härom
445 345 49 21 eger
516 339 126 26 kännedom,
665 338 209 28 Värnepligtslagens
899 339 75 27 ifräga-

220 372 92 21 varande
333 373 115 27 stadgande
464 373 46 21 icke
526 373 61 27 gifvit
602 373 116 27 anledning
732 373 32 21 till
779 373 65 27 nägra
860 380 44 14 som
921 373 53 21 helst

218 406 204 27 missförhållanden;
446 408 39 20 och
504 407 119 27 uppenbart
637 409 23 19 är
674 408 23 26 ju
714 407 60 21 äfven
791 409 30 19 att
836 407 36 21 det
886 408 67 27 ligger
968 408 6 20 i

220 441 158 21 vederbörande
398 442 66 21 befäls
486 444 47 25 eget
553 442 89 21 intresse
658 443 30 20 att
703 442 46 21 icke
765 442 107 27 medgifva
888 442 86 27 permis-

221 475 46 21 sion
290 475 7 20 i
319 476 65 21 andra
405 476 43 27 fall,
470 478 26 19 än
519 476 26 21 dä
569 476 75 21 sädant
666 478 51 19 utan
732 476 45 21 fara
792 476 33 21 för
839 477 135 26 manskapets

218 510 72 27 jemna
306 510 39 21 och
361 511 83 20 ostörda
456 511 121 27 utbildning
588 511 40 20 kan
639 511 43 20 ske.
706 511 40 20 Vid
758 511 75 20 sädant
843 511 130 20 förhällande

218 544 40 21 och
274 544 26 21 dä
316 544 86 22 befälets
418 545 96 27 åtgärder
529 545 30 20 uti
574 545 160 27 ifrågavarande
750 545 100 21 afseende
866 545 107 21 dessutom

218 578 60 22 alltid
301 579 70 21 kunna
393 579 21 21 af
435 580 63 26 högre
514 579 124 28 myndighet
653 579 145 28 kontrolleras,
814 579 38 21 har
866 579 108 22 Utskottet

218 613 72 21 funnit
305 614 44 20 skäl
364 614 47 21 icke
426 613 131 22 förekomma
573 614 31 21 till
615 614 129 27 frängäende
756 614 21 20 af
786 614 98 27 gällande
893 614 80 21 Värne-

218 647 109 28 pligtslags
342 648 156 28 bestämningar
513 649 30 20 uti
560 649 57 20 detta
632 650 68 19 ämne.

287 682 165 22 Föreskrifterna
475 683 7 20 i
506 682 16 28 $
545 682 28 22 12
596 684 21 20 af
642 682 196 28 Värnepligtslagen
864 683 109 27 angäende

218 716 74 27 dagen,
317 716 46 21 frän
388 717 85 21 hvilken
498 717 135 27 tjenstetiden
657 717 53 21 skall
733 717 103 21 beräknas
861 717 32 21 för
918 717 55 27 dem,

218 750 72 21 hvilka
312 751 81 21 inträda
416 752 27 26 pä
465 752 67 26 grund
553 752 21 20 af
589 752 96 26 lottning,
701 752 61 20 hafva
778 752 6 20 i
800 753 37 19 art.
854 752 26 20 14
895 752 21 20 af
931 752 40 20 den

218 784 78 28 nådiga
320 786 156 26 propositionen
502 786 147 20 underkastats
673 786 115 26 väsentliga
813 785 119 28 ändringar.
962 786 11 20 I

218 819 70 21 stället
303 819 31 21 för
349 822 29 18 att
394 820 133 27 tjenstetiden
536 820 65 27 enligt
609 820 279 27 Värnepligtslagen
812 815 13 37 i
833 815 57 37 regel
897 820 76 20 räknas

218 852 47 21 frän
288 854 39 20 och
349 854 49 21 med
420 854 41 21 den
484 854 64 21 första
568 854 68 27 dagen
653 854 6 21 i
675 854 103 21 mänaden
796 856 46 19 näst
858 854 52 21 efter
925 854 48 26 den,

219 887 122 22 hvarunder
361 888 42 21 den
426 889 149 27 värnepligtige
594 888 91 27 antagits
701 889 7 20 i
723 889 69 27 tjenst,
808 889 84 20 komme
907 888 66 28 enligt

219 922 156 27 propositionen
396 923 74 21 endast
485 923 34 21 tvä
535 923 108 21 bestämda
659 923 65 27 dagar
738 923 68 21 under
822 923 47 21 hela
884 923 45 21 äret
943 924 30 20 att

217 956 118 28 medgifvas
351 957 69 21 säsom
436 958 197 27 begynnelsedagar
647 958 33 20 för
695 958 144 26 beräkningen
854 958 22 20 af
888 958 85 26 tjenste-

217 990 93 27 tiderna;
333 992 39 20 och
394 992 68 20 skulle
482 992 60 20 dessa
557 992 56 26 förty
628 992 83 20 räknas:
728 992 32 20 för
775 992 41 20 alla
832 992 54 26 dem,
902 992 71 20 hvilka

216 1025 81 21 inträdt
312 1026 67 20 under
394 1026 57 20 tiden
467 1026 47 20 frän
530 1026 41 21 den
588 1026 25 21 13
629 1026 28 27 (1)
672 1026 88 21 Januari
777 1026 31 20 till
824 1026 40 21 och
874 1026 48 20 med
931 1026 41 20 den

216 1060 28 20 26
261 1060 44 26 (14)
320 1060 98 27 Augusti,
438 1060 45 21 frän
504 1060 40 21 den
565 1061 26 20 27
611 1061 43 25 (15)
672 1060 91 28 Augusti
779 1066 81 14 samma
875 1060 28 27 är,
919 1062 54 18 samt

216 1094 34 20 för
265 1094 54 27 dem,
335 1094 71 21 hvilka
421 1094 78 21 inträdt
515 1094 67 21 under
597 1094 58 22 tiden
671 1094 47 21 frän
734 1094 41 21 den
791 1095 25 19 27
828 1094 42 26 (15)
881 1095 92 26 Augusti

216 1128 33 20 till
265 1128 39 21 och
319 1128 48 21 med
384 1128 40 21 den
442 1129 26 20 12
483 1128 88 22 Januari
587 1129 36 27 (31
639 1128 131 27 December),
786 1128 46 21 frän
849 1128 41 21 den
906 1129 26 20 13
945 1129 28 26 (1)

216 1161 90 22 berörde
321 1162 95 21 Januari.
446 1162 32 22 Dä
491 1163 168 28 propositionens
669 1162 160 28 ifrägavarande
840 1162 133 28 bestämning

216 1197 118 20 emellertid
349 1197 8 20 i
371 1197 51 21 flere
438 1197 37 21 fall
491 1198 83 21 komme
590 1200 30 19 att
635 1197 63 21 hafva
713 1204 26 14 en
755 1197 111 28 opäkallad
882 1197 91 28 förläng-

216 1231 52 27 ning
284 1231 20 20 af
319 1232 134 27 tjenstetiden
470 1232 31 21 till
515 1232 85 27 påföljd,
616 1232 39 21 och
667 1232 69 21 denna
748 1231 134 28 bestämning
891 1231 82 22 således

216 1265 48 21 icke
291 1265 40 21 kan
357 1273 61 14 anses
440 1266 7 20 i
472 1266 42 21 lika
540 1267 50 26 grad
614 1273 45 14 som
687 1265 209 28 Värnepligtslagens
917 1266 56 21 stad-

217 1299 70 27 gande
310 1302 105 19 motsvara
436 1301 111 20 rättvisans
568 1300 125 27 fordringar,
715 1302 55 19 samt
792 1299 26 21 dä
842 1299 56 21 detta
917 1301 56 20 stad-

216 1333 70 27 gande
301 1334 7 20 i
324 1334 160 27 tillämpningen
500 1334 46 21 icke
562 1334 64 21 vällat
641 1334 65 28 nägra
722 1334 136 27 olägenheter
873 1334 32 20 för
915 1336 58 26 trup-

216 1373 72 21 perna,
311 1368 38 20 har
371 1368 107 21 Utskottet
499 1370 68 20 ansett
587 1368 117 21 detsamma
720 1368 50 21 böra
786 1368 116 20 bibehällas
917 1368 55 21 oför-

216 1401 96 21 ändradt.
