1089 1770
256 155 41 20 102
534 155 85 22 Ständ.
636 155 38 23 Sv.

227 226 35 21 att
281 225 89 30 sjelfve
389 226 91 23 sådant
497 226 78 23 hafva
594 227 85 26 vållat,
699 225 80 24 undfå
797 227 139 22 understöd
954 233 30 16 ur

225 259 288 30 krigsmanshuskassan
532 261 63 22 efter
614 261 108 22 särskild
741 261 127 29 pröfning.

558 347 15 29 8
595 347 58 22 105.

295 397 109 23 Hustrur
432 400 64 21 samt
524 399 137 28 omyndiga
690 399 45 22 och
758 399 142 29 oförsörjda
919 399 64 22 barn

227 431 37 23 till
282 438 122 22 personer
422 433 8 21 i
450 433 68 22 aktiv
537 433 82 29 tjenst,
633 433 130 22 äfvensom
777 433 36 22 till
826 433 62 27 dem,
897 433 86 23 hvilka

227 466 81 22 under
336 466 107 30 krigstid
471 467 56 22 från
554 474 120 16 reserven
693 467 60 22 eller
771 468 160 22 landtvärnet
949 468 35 21 in-

226 500 80 22 kallas
334 501 37 21 till
398 502 70 22 aktiv
491 502 176 29 tjenstgöring,
688 502 95 22 erhålla
801 502 81 22 under
900 502 82 22 denna

226 534 45 27 tid,
292 535 84 22 derest
395 536 31 22 de
445 536 79 22 sakna
537 536 81 22 medel
631 536 39 22 för
684 536 41 22 sitt
738 536 142 29 uppehälle,
894 536 88 23 under-

226 569 58 22 stöd
304 570 24 22 af
346 570 31 22 de
397 570 79 22 stads-
495 570 59 22 eller
572 570 229 27 landskommuner,
819 571 7 21 i
845 571 86 22 hvilka
950 570 31 23 de

226 604 45 22 äro
298 604 212 23 mantalsskrifna.
550 605 113 23 Sålunda
682 605 79 29 gifvet
780 606 138 22 understöd
937 606 43 22 äro

225 638 200 29 familjefäderne
444 640 22 29 ej
486 640 104 29 pligtige
610 641 36 21 att
665 640 138 29 återgälda.

296 673 45 22 Om
361 673 154 30 försörjning
535 674 25 22 af
577 674 104 23 hustrur
700 676 64 21 samt
783 674 135 29 omyndiga
935 674 45 22 och

225 707 143 29 oförsörjda
393 708 64 23 barn
476 709 35 22 till
530 715 129 22 personer,
680 715 53 16 som
753 710 85 27 stupat
856 709 59 22 eller
933 708 48 23 för-

225 742 104 22 svunnit
356 742 8 22 i
389 743 63 29 krig,
472 743 58 22 eller
549 743 54 22 dött
622 743 36 22 till
677 743 62 30 följd
759 743 25 22 af
802 743 131 29 blessyrer,
953 744 27 21 är

225 776 120 23 särskildt
364 777 125 29 stadgadt.

556 863 15 29 8
593 864 56 21 112.

294 914 62 26 Den,
377 921 61 20 som,
457 915 38 22 för
510 916 35 21 att
557 915 168 29 undandraga
740 915 38 29 sig
791 914 188 29 värnepligtens

224 948 174 29 uppfyllande,
422 949 63 22 efter
503 950 122 28 uppnådd
645 950 109 28 tjuguett
773 949 41 22 års
834 949 69 22 ålder
921 948 59 23 olof-

224 983 68 29 ligen
311 983 116 29 begifver
440 984 39 28 sig
491 990 30 16 ur
534 984 85 22 landet
633 984 60 22 eller
705 985 62 21 utan
781 983 110 23 tillstånd
904 990 76 21 uppe-

224 1017 80 22 håller
332 1018 38 28 sig
398 1019 68 21 utom
494 1018 144 26 detsamma,
666 1018 102 22 straffas
793 1018 56 22 med
867 1018 113 28 fängelse

224 1052 57 22 från
300 1052 46 22 och
364 1052 57 22 med
440 1059 44 15 sex
503 1052 121 22 månader
643 1052 35 22 till
695 1052 46 22 och
754 1052 56 22 med
824 1054 34 20 ett
871 1052 35 26 år,
921 1052 59 22 eller

224 1086 57 22 med
309 1086 72 22 böter
408 1086 57 22 från
492 1087 46 21 och
565 1087 57 22 med
641 1086 144 23 tvåhundra
805 1086 35 22 till
858 1086 46 22 och
924 1086 56 22 med

224 1122 99 20 ettusen
341 1120 83 27 mark;
444 1128 60 15 vare
523 1121 46 22 ock
589 1121 101 29 skyldig
710 1122 43 25 att,
773 1121 8 21 i
797 1120 119 23 händelse
929 1120 50 22 han

223 1154 83 22 finnes
334 1154 83 23 dertill
443 1155 110 29 lämplig,
583 1156 73 22 träda
680 1156 8 21 i
707 1155 71 22 aktiv
796 1156 82 28 tjenst,
896 1155 84 22 derest

222 1188 52 22 han
294 1190 21 28 ej
336 1189 56 29 fyllt
411 1190 127 22 trettiotvå
558 1190 35 25 år,
613 1190 8 21 i
639 1190 96 22 hvilket
754 1189 43 22 fall
810 1190 50 21 han
874 1189 105 22 omedel-

223 1222 57 23 bart
299 1223 135 23 inskrifves
454 1224 42 22 vid
514 1224 169 22 landtvärnet.

554 1310 14 28 8
590 1310 55 22 113.

292 1360 144 29 Uppbådad
463 1361 178 29 värnepligtig,
670 1367 53 16 som
751 1362 61 21 utan
839 1361 58 29 laga
925 1361 54 22 skäl

222 1394 146 23 underlåter
390 1397 37 21 att
446 1396 13 22 å
478 1397 77 21 utsatt
574 1396 35 22 tid
628 1396 97 22 infinna
745 1396 39 28 sig
802 1396 32 28 på
852 1396 127 22 föreskrif-

221 1430 44 21 vet
283 1429 193 29 samlingsställe
495 1430 59 22 eller
573 1430 130 29 aflägsnar
722 1430 39 28 sig
777 1430 112 22 derifrån
902 1430 77 22 innan

221 1463 51 22 han
300 1464 136 29 undergått
463 1464 152 29 besigtning,
639 1464 60 22 eller
717 1464 8 22 i
744 1464 31 22 de
794 1464 50 26 fall,
865 1470 53 16 som
936 1465 7 21 i
964 1464 14 29 8
