1089 1731
336 473 273 30 Reservation.

164 555 34 21 Då
220 556 21 20 vi
261 555 45 22 icke
321 555 83 22 kunnat
418 555 136 28 fullständigt
568 556 75 22 förena
659 562 36 16 oss
711 563 34 15 om
762 557 40 21 den
818 556 36 22 be-

95 590 108 27 stämning
218 590 91 21 rörande
323 589 194 28 fredsnumerären,
533 597 48 15 som
595 590 62 28 ingår
673 591 7 21 i
695 590 12 28 &
723 591 39 21 121
779 590 22 22 af
815 591 38 21 Ut-

96 624 91 22 skottets
209 624 81 27 förslag
312 624 31 22 till
364 624 132 28 förordning,
519 624 84 22 anhälla
617 625 22 21 vi
653 627 32 19 att
699 625 119 21 härmedels
834 624 22 22 fä

95 658 67 22 uttala
176 659 38 21 vär
230 658 110 22 afvikande
355 659 62 27 äsigt.

164 693 76 21 Ehuru
255 694 21 20 vi
291 693 81 27 medge,
388 695 32 19 att
434 693 37 21 det
486 700 25 14 ur
526 694 114 21 militärisk
650 694 110 27 synpunkt
772 696 23 19 är
807 694 46 21 skä-

95 728 40 27 ligt
157 730 31 19 att
210 728 214 26 värnepligtstungan
447 728 58 26 ökas,
520 728 55 27 våga
590 729 21 20 vi
626 728 65 21 likväl
706 728 45 21 icke
767 728 45 22 deri
828 729 28 26 gä

97 762 24 22 sä
134 762 66 27 längt,
216 768 47 15 som
279 762 111 22 Utskottet
404 761 120 28 föreslagit;
539 765 23 25 ty
577 763 40 21 den
633 762 115 22 märkbara
763 763 54 21 brist
827 763 29 27 pä

96 796 124 26 arbetsfolk,
237 803 46 15 som
298 797 7 21 i
320 796 115 22 allmänhet
450 797 66 21 redan
531 803 30 15 nu
577 798 23 20 är
615 796 105 26 kännbar,
731 796 125 28 isynnerhet

96 831 29 27 pä
143 830 140 28 jordbrukets
306 831 92 26 omräde,
422 831 39 21 och
484 837 46 15 som
545 831 69 21 under
630 831 26 21 de
672 833 85 19 senaste
773 831 84 21 tiderna

97 871 76 21 genom
196 865 41 21 den
260 865 124 27 tilltagande
412 866 156 26 emigrationen
591 868 27 18 än
641 865 123 27 ytterligare
788 865 67 26 ökats,

97 899 67 22 skulle
186 900 28 26 pä
236 900 37 21 det
294 900 134 27 ömtäligaste
450 900 77 21 beröra
541 900 41 21 den
595 900 164 27 jordbrukande
775 899 80 22 befolk-

96 934 86 27 ningen,
195 940 34 15 om
246 934 48 22 dess
311 934 60 22 bästa
386 934 153 22 arbetskrafter
554 935 7 21 i
577 934 72 22 alltför
666 934 43 28 hög
724 934 53 27 grad
794 933 61 22 »afle-

97 969 38 21 das
151 968 46 22 frän
214 969 32 21 sin
262 969 106 27 naturliga
383 969 159 28 användning».
559 982 24 2 —
601 969 34 22 Dä
649 969 48 22 värt
712 969 63 22 lands
790 969 67 27 karga

97 1005 63 20 natur
176 1004 28 27 pä
219 1004 70 27 grund
304 1003 23 22 af
340 1006 31 19 ett
385 1003 52 22 kallt
452 1003 75 22 klimat
541 1003 46 22 icke
602 1004 23 21 ät
640 1003 48 22 vårt
699 1003 45 22 folk
756 1003 101 27 erbjuder

98 1038 47 21 sina
159 1038 76 22 häfvor
251 1040 51 19 utan
318 1040 31 20 ett
364 1040 84 25 strängt
464 1038 160 27 ansträngande
636 1037 23 22 af
667 1037 189 26 arbetskrafterna,

97 1074 38 20 äro
155 1073 141 27 jordegarens
318 1073 119 21 inkomster
460 1073 107 21 beroende
590 1072 23 22 af
635 1074 32 20 att
681 1072 28 22 all
724 1071 133 22 arbetskraft

99 1107 69 21 sävidt
182 1107 84 27 möjligt
280 1107 114 21 användes.
422 1107 42 21 Om
480 1107 64 22 dessa
558 1107 80 21 krafter
649 1107 7 21 i
666 1106 70 22 alltför
747 1108 46 20 stor
804 1107 52 26 grad

97 1141 105 28 förflyttas
218 1142 31 21 till
264 1142 67 21 andra
346 1141 257 26 verksamhetsomräden,
619 1141 41 21 blir
675 1141 37 22 det
727 1141 31 21 till
786 1141 70 27 grund

97 1175 35 22 för
157 1176 157 27 produktionen
329 1176 99 27 liggande
443 1176 103 27 kapitalet
561 1176 122 21 ofruktbart
698 1177 56 20 samt
769 1175 88 27 bringar

98 1217 77 20 egaren
194 1211 28 26 pä
236 1211 90 21 branten
342 1211 22 21 af
377 1210 114 27 fattigdom
506 1210 39 22 och
561 1211 81 25 armod,
657 1209 76 22 hvaraf
747 1209 62 27 följer
825 1211 33 19 ett

97 1245 97 21 tillstånd
208 1245 24 21 af
244 1245 82 27 andligt
340 1245 40 21 och
395 1245 138 21 ekonomiskt
547 1244 76 22 förfall.

168 1279 33 21 De
216 1282 74 19 senast
304 1279 101 22 förflutna
420 1279 52 22 ären
488 1279 62 21 hafva
564 1279 56 21 varit
634 1278 33 22 för
683 1278 47 22 värt
745 1278 50 21 land
802 1278 54 27 jem-

98 1313 111 22 förelsevis
232 1314 95 27 lyckliga,
349 1320 48 15 men
420 1313 32 22 till
468 1313 39 22 och
522 1314 49 21 med
587 1320 26 15 en
629 1313 55 22 enda
697 1312 104 22 frostnatt
815 1312 41 21 kan

98 1347 33 22 för
154 1350 31 19 ett
207 1348 45 21 helt
272 1349 24 20 är
315 1351 49 25 taga
379 1348 78 21 brödet
472 1354 25 15 ur
512 1347 77 22 folkets
605 1354 59 15 mun.
679 1360 26 2 —
722 1347 41 22 Om
781 1347 77 26 12,000

99 1384 56 25 män,
176 1383 191 27 representerande
390 1383 26 21 de
431 1382 62 22 bästa
508 1382 187 26 arbetskrafterna,
711 1388 25 15 ur
752 1382 48 20 värt
814 1381 44 21 lilla

99 1416 44 22 folk
159 1418 60 26 tagas
234 1417 7 21 i
256 1417 131 27 krigstjenst,
402 1417 78 21 verkar
491 1416 61 22 äfven
563 1417 59 21 detta
633 1423 46 15 som
690 1418 31 19 ett
730 1415 127 22 missväxtår

99 1451 28 27 pä
143 1452 50 20 vära
208 1452 138 21 ekonomiska
360 1451 154 22 förhällanden.
543 1451 74 27 Enligt
631 1451 38 21 vär
684 1451 55 27 äsigt
754 1456 52 16 vore
822 1450 36 20 det
