1086 1773
259 134 26 20 32
566 133 28 23 U.
612 133 28 22 B.

228 202 124 20 Alexander
372 202 33 20 III
426 202 54 20 visat
502 202 32 27 sig
555 202 115 21 innehafva
693 208 26 15 en
741 202 51 27 grad
816 202 21 20 af
860 201 125 27 utbildning,

228 236 87 20 hvilken
331 236 107 20 tillvunnit
453 236 31 27 sig
500 236 114 27 Kejsarens
631 236 76 27 nädiga
719 236 145 26 erkännande;
877 236 38 20 och
926 235 58 21 torde

228 270 42 20 den
291 270 68 21 finska
380 276 97 15 reserven
500 270 56 26 förty
578 270 47 21 icke
648 270 72 21 kunna
742 272 51 19 utan
817 270 71 21 vidare
908 270 76 20 förkla-

229 310 35 14 ras
285 311 48 14 vara
355 304 31 21 för
407 305 35 20 sitt
462 304 97 21 ändamål
583 304 92 28 oduglig.
711 304 50 21 Men
784 304 36 21 det
842 304 66 20 måste
931 304 53 20 dock

228 338 105 21 erkännas
356 340 29 19 att
401 338 40 21 den
463 345 127 18 reservman,
606 338 86 21 hvilken
709 338 83 21 erhällit
806 338 29 21 all
852 338 40 21 den
908 337 76 21 utbild-

229 372 57 27 ning,
303 373 72 27 öfning
390 373 40 21 och
445 373 102 27 disciplin,
559 379 45 15 som
621 373 68 20 under
705 373 39 21 den
761 373 71 20 aktiva
852 372 132 27 tjenstgörin-

228 413 42 21 gen
292 407 80 27 vinnes,
388 407 38 21 bör
448 414 60 14 anses
532 407 65 21 bättre
621 407 111 21 förberedd
754 409 30 19 att
807 407 69 20 under
899 406 85 27 krigstid

229 440 138 27 komplettera
389 441 26 21 de
438 441 70 21 aktiva
530 443 115 26 trupperna
669 443 26 19 än
719 442 22 20 de
748 435 140 32 reservister,
903 440 81 21 hvilkas

228 475 115 27 öfningstid
364 476 46 20 icke
434 476 98 20 omfattar
551 482 45 14 mer
617 478 26 18 än
666 476 60 21 nittio
750 476 70 27 dagar,
836 475 107 21 fördelade
959 474 25 28 pä

227 516 29 14 en
272 510 29 20 tid
317 510 20 20 af
352 512 31 19 tre
398 510 28 21 år.
449 510 44 21 Och
506 510 28 21 då
547 510 110 27 Utskottet,
666 510 26 28 på
705 512 40 19 sätt
755 510 89 27 tidigare
855 509 129 23 framhållits,

228 546 70 18 ansett
305 544 32 27 sig
347 544 50 21 böra
409 545 75 21 föreslå
494 545 64 20 sådan
571 545 126 27 utvidgning
708 545 20 21 af
739 545 40 21 den
791 544 69 21 finska
870 544 114 20 militärens

229 578 88 27 uppgift,
332 581 30 19 att
377 579 70 21 denna
463 579 77 21 militär
555 579 71 21 kunde
643 579 65 21 kallas
724 581 29 19 att
769 579 62 20 äfven
845 580 59 19 utom
914 578 71 21 landet

229 612 114 21 medverka
363 613 34 20 vid
416 613 65 21 rikets
502 614 85 24 försvar,
609 615 54 19 samt
679 614 26 20 de
720 613 68 21 finska
804 615 113 25 trupperna
933 612 51 21 såle-

228 646 45 25 des,
294 654 33 13 om
348 647 56 21 detta
420 648 77 26 förslag
512 648 129 26 godkännes,
657 648 72 20 kunna
744 647 73 21 ställas
833 647 55 21 inför
903 646 81 27 möjlig-

229 681 62 20 heten
315 683 28 19 att
366 682 26 26 på
414 688 26 14 en
464 682 31 20 för
518 682 47 20 dem
584 682 132 20 främmande
731 684 85 24 terräng
832 682 75 26 kämpa
929 683 55 18 emot

229 715 34 20 väl
289 715 97 21 inöfvade
408 718 92 26 trupper,
526 723 63 20 synes
612 716 35 21 det
672 723 49 13 vara
740 716 132 26 nödvändigt
892 716 29 20 att
944 715 39 20 den

228 749 69 21 finska
319 756 98 15 reserven
440 750 90 21 erhåller
548 750 64 21 sådan
636 750 148 27 organisation,
808 752 30 18 att
863 750 121 20 densamma

228 783 46 21 från
297 784 119 21 militäriskt
436 784 167 21 fackmannahåll
627 784 103 21 erkännes
747 791 50 14 vara
813 784 42 20 lika
870 783 68 27 egnad
953 783 31 20 för

228 818 32 20 sin
278 818 81 27 uppgift
374 825 44 14 som
436 825 96 15 reserven
548 819 7 20 i
571 819 164 27 Kejsaredömet.
764 818 34 21 En
809 818 82 20 mindre
902 818 48 26 grad
965 817 21 21 af

230 852 120 27 utbildning
365 853 37 21 hos
418 853 26 21 de
457 853 67 21 finske
535 855 164 19 reservmännen
713 853 77 27 kunde,
802 852 82 21 oafsedt
894 854 29 18 att
935 852 51 20 den-

228 893 82 14 samma
325 894 49 14 vore
390 888 68 27 egnad
474 890 29 18 att
519 888 67 20 under
602 888 46 27 krig
663 889 77 20 utsätta
756 887 26 21 de
794 887 69 21 finska
873 889 113 24 trupperna

229 920 34 21 för
282 923 66 19 större
370 921 104 28 förluster,
497 922 62 20 äfven
581 922 64 20 verka
666 922 85 26 derhän,
774 923 30 19 att
826 921 60 20 dessa
902 923 84 24 trupper

228 955 70 20 skulle
314 956 44 20 visa
373 956 32 27 sig
426 963 48 14 vara
490 956 25 21 de
531 955 64 27 ryska
610 958 114 25 trupperna
740 955 143 28 underlägsna
898 955 6 20 i
921 955 65 26 krigs-

229 988 115 28 duglighet.
374 989 32 22 Då
430 990 35 21 det
487 990 98 28 slutligen
615 991 47 20 icke
691 990 52 21 blott
766 991 6 19 i
800 989 112 27 Ryssland,
935 991 50 18 utan

229 1023 40 20 ock
292 1023 7 20 i
321 1024 65 21 andra
407 1024 21 21 af
453 1024 95 27 Europas
577 1025 143 20 militärstater
742 1024 109 21 befunnits
867 1024 72 27 nödigt
957 1025 29 19 att

228 1057 34 21 för
284 1058 155 27 fredsstyrkans
462 1059 159 26 uppbringande
648 1059 31 20 till
707 1059 157 26 krigsnumerär
890 1057 96 22 använda

228 1092 77 20 endast
327 1092 74 21 sådant
423 1093 108 27 manskap,
556 1100 44 13 som
625 1093 83 20 erhållit
730 1093 121 25 utbildning
873 1092 34 20 vid
929 1092 56 20 aktiv

229 1128 69 25 trupp,
314 1126 74 21 medan
405 1126 44 22 åter
464 1127 82 21 mindre
562 1127 33 20 väl
611 1127 72 20 öfvadt
699 1126 44 21 folk
757 1126 67 21 delvis
836 1126 107 21 användes
954 1126 32 20 för

230 1160 99 21 bildande
345 1160 21 20 af
381 1160 154 28 depottrupper,
547 1162 38 20 har
597 1161 108 21 Utskottet
715 1162 68 20 ansett
798 1160 77 28 jemväl
892 1160 39 20 den
948 1160 38 20 fin-

228 1194 40 20 ska
283 1200 97 15 reserven
397 1194 50 21 böra
463 1195 78 20 erhålla
556 1202 26 14 en
596 1195 93 21 starkare
705 1195 148 27 organisation.

300 1228 39 20 För
349 1228 105 21 ernående
466 1229 20 20 af
496 1229 56 21 detta
563 1229 42 21 mål
616 1229 71 21 kunde
697 1229 32 20 väl
741 1229 40 20 den
794 1230 64 26 utväg
869 1228 73 21 tänkas
951 1230 34 24 att,

229 1262 49 20 med
290 1262 147 21 bibehållande
452 1263 22 20 af
488 1263 40 21 den
545 1263 122 21 nuvarande
683 1263 225 26 reservinstitutionen,
921 1269 64 14 reser-

230 1302 52 14 vens
292 1296 115 27 öfningstid
424 1297 149 27 erforderligen
585 1297 126 27 förlängdes.
729 1297 49 21 Men
788 1297 26 21 då
823 1297 70 21 denna
903 1297 82 21 institu-

228 1330 45 21 tion
290 1330 20 20 af
320 1330 72 22 landet
403 1331 83 21 kräfver
495 1332 47 20 icke
555 1332 121 26 obetydliga
687 1331 143 27 uppoffringar
842 1331 58 21 såväl
912 1331 5 20 i
932 1332 52 20 form

229 1364 21 20 af
261 1364 80 21 direkta
356 1365 119 27 kostnader,
491 1372 45 14 som
552 1366 38 20 ock
601 1372 77 20 genom
691 1366 75 20 förlust
778 1366 22 20 af
810 1365 125 21 arbetskraft
947 1372 38 14 un-

230 1398 37 20 der
288 1398 41 21 den
352 1398 96 22 brådaste
472 1400 57 20 tiden
553 1400 20 20 af
589 1400 49 26 året,
653 1402 55 18 samt
723 1406 26 15 en
765 1400 79 26 åtgärd,
860 1399 64 21 sådan
941 1406 44 14 som

228 1432 42 21 den
287 1439 50 20 nyss
353 1433 98 27 antydda,
467 1434 68 20 skulle
550 1434 6 20 i
572 1440 81 14 samma
668 1434 49 20 mån
732 1440 46 14 som
792 1434 142 26 öfningstiden
945 1434 40 20 för-
