<?xml version="1.0" encoding="UTF-8"?>
<alto xmlns="http://www.loc.gov/standards/alto/ns-v3#" xmlns:xlink="http://www.w3.org/1999/xlink" xmlns:xsi="http://www.w3.org/2001/XMLSchema-instance" xsi:schemaLocation="http://www.loc.gov/standards/alto/ns-v3# http://www.loc.gov/alto/v3/alto-3-0.xsd">
	<Description>
		<MeasurementUnit>pixel</MeasurementUnit>
		<sourceImageInformation>
			<fileName>/tmp/tess_m_zr5jko_input.PNG</fileName>
		</sourceImageInformation>
		<OCRProcessing ID="OCR_0">
			<ocrProcessingStep>
				<processingSoftware>
					<softwareName>tesseract 5.3.4</softwareName>
				</processingSoftware>
			</ocrProcessingStep>
		</OCRProcessing>
	</Description>
	<Layout>
		<Page WIDTH="1092" HEIGHT="1734" PHYSICAL_IMG_NR="0" ID="page_0">
			<PrintSpace HPOS="0" VPOS="0" WIDTH="1092" HEIGHT="1734">
				<ComposedBlock ID="cblock_0" HPOS="167" VPOS="139" WIDTH="175" HEIGHT="19">
					<TextBlock ID="block_0" HPOS="167" VPOS="139" WIDTH="175" HEIGHT="19">
						<TextLine ID="line_0" HPOS="167" VPOS="139" WIDTH="175" HEIGHT="19">
							<String ID="string_0" HPOS="167" VPOS="139" WIDTH="175" HEIGHT="19" WC="0.85" CONTENT="Godkänner."/>
						</TextLine>
					</TextBlock>
				</ComposedBlock>
				<ComposedBlock ID="cblock_1" HPOS="270" VPOS="184" WIDTH="553" HEIGHT="80">
					<TextBlock ID="block_1" HPOS="270" VPOS="184" WIDTH="553" HEIGHT="80">
						<TextLine ID="line_1" HPOS="339" VPOS="184" WIDTH="484" HEIGHT="23">
							<String ID="string_1" HPOS="339" VPOS="185" WIDTH="64" HEIGHT="17" WC="0.95" CONTENT="Hans"/><SP WIDTH="12" VPOS="185" HPOS="403"/>
							<String ID="string_2" HPOS="415" VPOS="184" WIDTH="140" HEIGHT="23" WC="0.96" CONTENT="Kejserliga"/><SP WIDTH="12" VPOS="184" HPOS="555"/>
							<String ID="string_3" HPOS="567" VPOS="184" WIDTH="130" HEIGHT="22" WC="0.93" CONTENT="Majestäts"/><SP WIDTH="11" VPOS="184" HPOS="697"/>
							<String ID="string_4" HPOS="708" VPOS="184" WIDTH="115" HEIGHT="23" WC="0.92" CONTENT="Högstegen-"/>
						</TextLine>
						<TextLine ID="line_2" HPOS="270" VPOS="213" WIDTH="553" HEIGHT="23">
							<String ID="string_5" HPOS="270" VPOS="213" WIDTH="82" HEIGHT="23" WC="0.91" CONTENT="händiga"/><SP WIDTH="16" VPOS="213" HPOS="352"/>
							<String ID="string_6" HPOS="368" VPOS="213" WIDTH="118" HEIGHT="23" WC="0.91" CONTENT="påteckning,"/><SP WIDTH="16" VPOS="213" HPOS="486"/>
							<String ID="string_7" HPOS="502" VPOS="213" WIDTH="53" HEIGHT="23" WC="0.96" CONTENT="gjord"/><SP WIDTH="13" VPOS="213" HPOS="555"/>
							<String ID="string_8" HPOS="568" VPOS="213" WIDTH="5" HEIGHT="17" WC="0.96" CONTENT="i"/><SP WIDTH="13" VPOS="213" HPOS="573"/>
							<String ID="string_9" HPOS="586" VPOS="213" WIDTH="27" HEIGHT="18" WC="0.96" CONTENT="S:t"/><SP WIDTH="15" VPOS="213" HPOS="613"/>
							<String ID="string_10" HPOS="628" VPOS="213" WIDTH="113" HEIGHT="23" WC="0.96" CONTENT="Petersburg"/><SP WIDTH="12" VPOS="213" HPOS="741"/>
							<String ID="string_11" HPOS="753" VPOS="214" WIDTH="36" HEIGHT="18" WC="0.96" CONTENT="den"/><SP WIDTH="13" VPOS="214" HPOS="789"/>
							<String ID="string_12" HPOS="802" VPOS="214" WIDTH="21" HEIGHT="16" WC="0.96" CONTENT="14"/>
						</TextLine>
						<TextLine ID="line_3" HPOS="270" VPOS="242" WIDTH="118" HEIGHT="22">
							<String ID="string_13" HPOS="270" VPOS="242" WIDTH="55" HEIGHT="22" WC="0.95" CONTENT="April"/><SP WIDTH="13" VPOS="242" HPOS="325"/>
							<String ID="string_14" HPOS="338" VPOS="242" WIDTH="50" HEIGHT="18" WC="0.94" CONTENT="1899."/>
						</TextLine>
					</TextBlock>
				</ComposedBlock>
				<ComposedBlock ID="cblock_2" HPOS="641" VPOS="277" WIDTH="113" HEIGHT="23">
					<TextBlock ID="block_2" HPOS="641" VPOS="277" WIDTH="113" HEIGHT="23">
						<TextLine ID="line_4" HPOS="641" VPOS="277" WIDTH="113" HEIGHT="23">
							<String ID="string_15" HPOS="641" VPOS="277" WIDTH="18" HEIGHT="17" WC="0.88" CONTENT="V."/><SP WIDTH="13" VPOS="277" HPOS="659"/>
							<String ID="string_16" HPOS="672" VPOS="277" WIDTH="82" HEIGHT="23" WC="0.86" CONTENT="Procopé."/>
						</TextLine>
					</TextBlock>
				</ComposedBlock>
				<ComposedBlock ID="cblock_3" HPOS="206" VPOS="450" WIDTH="621" HEIGHT="171">
					<TextBlock ID="block_3" HPOS="206" VPOS="450" WIDTH="621" HEIGHT="171">
						<TextLine ID="line_5" HPOS="274" VPOS="450" WIDTH="552" HEIGHT="34">
							<String ID="string_17" HPOS="274" VPOS="450" WIDTH="70" HEIGHT="26" WC="0.95" CONTENT="Hans"/><SP WIDTH="30" VPOS="450" HPOS="344"/>
							<String ID="string_18" HPOS="374" VPOS="450" WIDTH="163" HEIGHT="33" WC="0.95" CONTENT="Kejserliga"/><SP WIDTH="28" VPOS="450" HPOS="537"/>
							<String ID="string_19" HPOS="565" VPOS="450" WIDTH="154" HEIGHT="34" WC="0.93" CONTENT="Majestäts"/><SP WIDTH="29" VPOS="450" HPOS="719"/>
							<String ID="string_20" HPOS="748" VPOS="450" WIDTH="78" HEIGHT="34" WC="0.90" CONTENT="Nädiga"/>
						</TextLine>
						<TextLine ID="line_6" HPOS="206" VPOS="495" WIDTH="620" HEIGHT="36">
							<String ID="string_21" HPOS="206" VPOS="495" WIDTH="124" HEIGHT="34" WC="0.95" CONTENT="proposition"/><SP WIDTH="22" VPOS="495" HPOS="330"/>
							<String ID="string_22" HPOS="352" VPOS="495" WIDTH="32" HEIGHT="26" WC="0.96" CONTENT="till"/><SP WIDTH="23" VPOS="495" HPOS="384"/>
							<String ID="string_23" HPOS="407" VPOS="496" WIDTH="94" HEIGHT="26" WC="0.93" CONTENT="Finlands"/><SP WIDTH="23" VPOS="496" HPOS="501"/>
							<String ID="string_24" HPOS="524" VPOS="496" WIDTH="85" HEIGHT="27" WC="0.93" CONTENT="Ständer"/><SP WIDTH="22" VPOS="496" HPOS="609"/>
							<String ID="string_25" HPOS="631" VPOS="496" WIDTH="103" HEIGHT="33" WC="0.93" CONTENT="angående"/><SP WIDTH="18" VPOS="496" HPOS="734"/>
							<String ID="string_26" HPOS="752" VPOS="497" WIDTH="74" HEIGHT="34" WC="0.93" CONTENT="utjem-"/>
						</TextLine>
						<TextLine ID="line_7" HPOS="206" VPOS="541" WIDTH="621" HEIGHT="35">
							<String ID="string_27" HPOS="206" VPOS="542" WIDTH="64" HEIGHT="26" WC="0.94" CONTENT="nande"/><SP WIDTH="19" VPOS="542" HPOS="270"/>
							<String ID="string_28" HPOS="289" VPOS="541" WIDTH="23" HEIGHT="27" WC="0.96" CONTENT="af"/><SP WIDTH="16" VPOS="541" HPOS="312"/>
							<String ID="string_29" HPOS="328" VPOS="542" WIDTH="37" HEIGHT="26" WC="0.93" CONTENT="den"/><SP WIDTH="19" VPOS="542" HPOS="365"/>
							<String ID="string_30" HPOS="384" VPOS="541" WIDTH="106" HEIGHT="28" WC="0.88" CONTENT="finansiela"/><SP WIDTH="18" VPOS="541" HPOS="490"/>
							<String ID="string_31" HPOS="508" VPOS="542" WIDTH="202" HEIGHT="34" WC="0.90" CONTENT="värnepligtstungan"/><SP WIDTH="15" VPOS="542" HPOS="710"/>
							<String ID="string_32" HPOS="725" VPOS="543" WIDTH="6" HEIGHT="26" WC="0.96" CONTENT="i"/><SP WIDTH="13" VPOS="543" HPOS="731"/>
							<String ID="string_33" HPOS="744" VPOS="543" WIDTH="83" HEIGHT="26" WC="0.94" CONTENT="Finland"/>
						</TextLine>
						<TextLine ID="line_8" HPOS="208" VPOS="588" WIDTH="236" HEIGHT="33">
							<String ID="string_34" HPOS="208" VPOS="588" WIDTH="36" HEIGHT="27" WC="0.89" CONTENT="och"/><SP WIDTH="19" VPOS="588" HPOS="244"/>
							<String ID="string_35" HPOS="263" VPOS="588" WIDTH="5" HEIGHT="26" WC="0.93" CONTENT="i"/><SP WIDTH="19" VPOS="588" HPOS="268"/>
							<String ID="string_36" HPOS="287" VPOS="588" WIDTH="157" HEIGHT="33" WC="0.76" CONTENT="Kejsaredömet,"/>
						</TextLine>
					</TextBlock>
				</ComposedBlock>
				<ComposedBlock ID="cblock_4" HPOS="69" VPOS="667" WIDTH="763" HEIGHT="443">
					<TextBlock ID="block_4" HPOS="69" VPOS="667" WIDTH="763" HEIGHT="443">
						<TextLine ID="line_9" HPOS="138" VPOS="667" WIDTH="690" HEIGHT="29">
							<String ID="string_37" HPOS="138" VPOS="668" WIDTH="11" HEIGHT="21" WC="0.88" CONTENT="I"/><SP WIDTH="15" VPOS="668" HPOS="149"/>
							<String ID="string_38" HPOS="164" VPOS="668" WIDTH="115" HEIGHT="27" WC="0.96" CONTENT="anledning"/><SP WIDTH="16" VPOS="668" HPOS="279"/>
							<String ID="string_39" HPOS="295" VPOS="667" WIDTH="23" HEIGHT="22" WC="0.93" CONTENT="af"/><SP WIDTH="12" VPOS="667" HPOS="318"/>
							<String ID="string_40" HPOS="330" VPOS="668" WIDTH="146" HEIGHT="27" WC="0.96" CONTENT="uppkommen"/><SP WIDTH="13" VPOS="668" HPOS="476"/>
							<String ID="string_41" HPOS="489" VPOS="668" WIDTH="60" HEIGHT="27" WC="0.95" CONTENT="fråga"/><SP WIDTH="11" VPOS="668" HPOS="549"/>
							<String ID="string_42" HPOS="560" VPOS="675" WIDTH="34" HEIGHT="15" WC="0.93" CONTENT="om"/><SP WIDTH="11" VPOS="675" HPOS="594"/>
							<String ID="string_43" HPOS="605" VPOS="669" WIDTH="139" HEIGHT="27" WC="0.91" CONTENT="utjemnande"/><SP WIDTH="11" VPOS="669" HPOS="744"/>
							<String ID="string_44" HPOS="755" VPOS="669" WIDTH="23" HEIGHT="22" WC="0.96" CONTENT="af"/><SP WIDTH="9" VPOS="669" HPOS="778"/>
							<String ID="string_45" HPOS="787" VPOS="669" WIDTH="41" HEIGHT="22" WC="0.97" CONTENT="den"/>
						</TextLine>
						<TextLine ID="line_10" HPOS="69" VPOS="703" WIDTH="760" HEIGHT="28">
							<String ID="string_46" HPOS="69" VPOS="703" WIDTH="112" HEIGHT="22" WC="0.93" CONTENT="finansiela"/><SP WIDTH="15" VPOS="703" HPOS="181"/>
							<String ID="string_47" HPOS="196" VPOS="703" WIDTH="218" HEIGHT="27" WC="0.92" CONTENT="värnepligtstungan"/><SP WIDTH="9" VPOS="703" HPOS="414"/>
							<String ID="string_48" HPOS="423" VPOS="703" WIDTH="7" HEIGHT="21" WC="0.95" CONTENT="i"/><SP WIDTH="10" VPOS="703" HPOS="430"/>
							<String ID="string_49" HPOS="440" VPOS="703" WIDTH="92" HEIGHT="21" WC="0.96" CONTENT="Finland"/><SP WIDTH="12" VPOS="703" HPOS="532"/>
							<String ID="string_50" HPOS="544" VPOS="703" WIDTH="39" HEIGHT="22" WC="0.96" CONTENT="och"/><SP WIDTH="10" VPOS="703" HPOS="583"/>
							<String ID="string_51" HPOS="593" VPOS="703" WIDTH="7" HEIGHT="22" WC="0.93" CONTENT="i"/><SP WIDTH="11" VPOS="703" HPOS="600"/>
							<String ID="string_52" HPOS="611" VPOS="703" WIDTH="163" HEIGHT="28" WC="0.92" CONTENT="Kejsaredömet"/><SP WIDTH="14" VPOS="703" HPOS="774"/>
							<String ID="string_53" HPOS="788" VPOS="703" WIDTH="41" HEIGHT="22" WC="0.96" CONTENT="har"/>
						</TextLine>
						<TextLine ID="line_11" HPOS="70" VPOS="737" WIDTH="759" HEIGHT="28">
							<String ID="string_54" HPOS="70" VPOS="745" WIDTH="25" HEIGHT="15" WC="0.96" CONTENT="en"/><SP WIDTH="16" VPOS="745" HPOS="95"/>
							<String ID="string_55" HPOS="111" VPOS="738" WIDTH="36" HEIGHT="21" WC="0.93" CONTENT="vid"/><SP WIDTH="15" VPOS="738" HPOS="147"/>
							<String ID="string_56" HPOS="162" VPOS="737" WIDTH="164" HEIGHT="22" WC="0.92" CONTENT="Hufvudstaben"/><SP WIDTH="13" VPOS="737" HPOS="326"/>
							<String ID="string_57" HPOS="339" VPOS="737" WIDTH="92" HEIGHT="28" WC="0.91" CONTENT="Nädigst"/><SP WIDTH="11" VPOS="737" HPOS="431"/>
							<String ID="string_58" HPOS="442" VPOS="738" WIDTH="88" HEIGHT="21" WC="0.93" CONTENT="nedsatt"/><SP WIDTH="9" VPOS="738" HPOS="530"/>
							<String ID="string_59" HPOS="539" VPOS="738" WIDTH="86" HEIGHT="21" WC="0.91" CONTENT="Komité"/><SP WIDTH="10" VPOS="738" HPOS="625"/>
							<String ID="string_60" HPOS="635" VPOS="739" WIDTH="104" HEIGHT="26" WC="0.96" CONTENT="uppgjort"/><SP WIDTH="9" VPOS="739" HPOS="739"/>
							<String ID="string_61" HPOS="748" VPOS="738" WIDTH="81" HEIGHT="27" WC="0.96" CONTENT="förslag"/>
						</TextLine>
						<TextLine ID="line_12" HPOS="70" VPOS="771" WIDTH="760" HEIGHT="30">
							<String ID="string_62" HPOS="70" VPOS="773" WIDTH="33" HEIGHT="21" WC="0.96" CONTENT="till"/><SP WIDTH="15" VPOS="773" HPOS="103"/>
							<String ID="string_63" HPOS="118" VPOS="772" WIDTH="160" HEIGHT="22" WC="0.96" CONTENT="bestämmelser"/><SP WIDTH="15" VPOS="772" HPOS="278"/>
							<String ID="string_64" HPOS="293" VPOS="772" WIDTH="7" HEIGHT="21" WC="0.93" CONTENT="i"/><SP WIDTH="16" VPOS="772" HPOS="300"/>
							<String ID="string_65" HPOS="316" VPOS="773" WIDTH="78" HEIGHT="20" WC="0.89" CONTENT="ämnet."/><SP WIDTH="24" VPOS="773" HPOS="394"/>
							<String ID="string_66" HPOS="418" VPOS="771" WIDTH="45" HEIGHT="22" WC="0.96" CONTENT="Och"/><SP WIDTH="17" VPOS="771" HPOS="463"/>
							<String ID="string_67" HPOS="480" VPOS="772" WIDTH="27" HEIGHT="21" WC="0.95" CONTENT="dä"/><SP WIDTH="15" VPOS="772" HPOS="507"/>
							<String ID="string_68" HPOS="522" VPOS="772" WIDTH="70" HEIGHT="22" WC="0.96" CONTENT="denna"/><SP WIDTH="15" VPOS="772" HPOS="592"/>
							<String ID="string_69" HPOS="607" VPOS="773" WIDTH="40" HEIGHT="21" WC="0.93" CONTENT="sak"/><SP WIDTH="16" VPOS="773" HPOS="647"/>
							<String ID="string_70" HPOS="663" VPOS="779" WIDTH="49" HEIGHT="21" WC="0.93" CONTENT="eger"/><SP WIDTH="16" VPOS="779" HPOS="712"/>
							<String ID="string_71" HPOS="728" VPOS="773" WIDTH="102" HEIGHT="28" WC="0.92" CONTENT="oskiljak-"/>
						</TextLine>
						<TextLine ID="line_13" HPOS="70" VPOS="806" WIDTH="759" HEIGHT="29">
							<String ID="string_72" HPOS="70" VPOS="807" WIDTH="42" HEIGHT="27" WC="0.96" CONTENT="tigt"/><SP WIDTH="15" VPOS="807" HPOS="112"/>
							<String ID="string_73" HPOS="127" VPOS="807" WIDTH="105" HEIGHT="21" WC="0.93" CONTENT="samband"/><SP WIDTH="20" VPOS="807" HPOS="232"/>
							<String ID="string_74" HPOS="252" VPOS="806" WIDTH="48" HEIGHT="22" WC="0.95" CONTENT="med"/><SP WIDTH="18" VPOS="806" HPOS="300"/>
							<String ID="string_75" HPOS="318" VPOS="806" WIDTH="76" HEIGHT="27" WC="0.96" CONTENT="frågan"/><SP WIDTH="17" VPOS="806" HPOS="394"/>
							<String ID="string_76" HPOS="411" VPOS="813" WIDTH="34" HEIGHT="15" WC="0.96" CONTENT="om"/><SP WIDTH="16" VPOS="813" HPOS="445"/>
							<String ID="string_77" HPOS="461" VPOS="813" WIDTH="28" HEIGHT="21" WC="0.93" CONTENT="ny"/><SP WIDTH="15" VPOS="813" HPOS="489"/>
							<String ID="string_78" HPOS="504" VPOS="807" WIDTH="167" HEIGHT="28" WC="0.92" CONTENT="värnepligtslag"/><SP WIDTH="15" VPOS="807" HPOS="671"/>
							<String ID="string_79" HPOS="686" VPOS="807" WIDTH="34" HEIGHT="22" WC="0.93" CONTENT="för"/><SP WIDTH="15" VPOS="807" HPOS="720"/>
							<String ID="string_80" HPOS="735" VPOS="807" WIDTH="94" HEIGHT="22" WC="0.93" CONTENT="Storfur-"/>
						</TextLine>
						<TextLine ID="line_14" HPOS="71" VPOS="841" WIDTH="759" HEIGHT="27">
							<String ID="string_81" HPOS="71" VPOS="841" WIDTH="123" HEIGHT="22" WC="0.92" CONTENT="stendömet"/><SP WIDTH="14" VPOS="841" HPOS="194"/>
							<String ID="string_82" HPOS="208" VPOS="841" WIDTH="97" HEIGHT="27" WC="0.93" CONTENT="Finland,"/><SP WIDTH="16" VPOS="841" HPOS="305"/>
							<String ID="string_83" HPOS="321" VPOS="841" WIDTH="85" HEIGHT="21" WC="0.92" CONTENT="hvilken"/><SP WIDTH="15" VPOS="841" HPOS="406"/>
							<String ID="string_84" HPOS="421" VPOS="841" WIDTH="34" HEIGHT="22" WC="0.96" CONTENT="för"/><SP WIDTH="16" VPOS="841" HPOS="455"/>
							<String ID="string_85" HPOS="471" VPOS="841" WIDTH="135" HEIGHT="22" WC="0.96" CONTENT="närvarande"/><SP WIDTH="15" VPOS="841" HPOS="606"/>
							<String ID="string_86" HPOS="621" VPOS="841" WIDTH="23" HEIGHT="22" WC="0.93" CONTENT="af"/><SP WIDTH="13" VPOS="841" HPOS="644"/>
							<String ID="string_87" HPOS="657" VPOS="841" WIDTH="122" HEIGHT="22" WC="0.91" CONTENT="Ständerna"/><SP WIDTH="15" VPOS="841" HPOS="779"/>
							<String ID="string_88" HPOS="794" VPOS="841" WIDTH="36" HEIGHT="22" WC="0.96" CONTENT="vid"/>
						</TextLine>
						<TextLine ID="line_15" HPOS="71" VPOS="876" WIDTH="760" HEIGHT="28">
							<String ID="string_89" HPOS="71" VPOS="876" WIDTH="81" HEIGHT="22" WC="0.91" CONTENT="urtima"/><SP WIDTH="22" VPOS="876" HPOS="152"/>
							<String ID="string_90" HPOS="174" VPOS="876" WIDTH="103" HEIGHT="27" WC="0.92" CONTENT="landtdag"/><SP WIDTH="25" VPOS="876" HPOS="277"/>
							<String ID="string_91" HPOS="302" VPOS="876" WIDTH="124" HEIGHT="26" WC="0.92" CONTENT="behandlas,"/><SP WIDTH="23" VPOS="876" HPOS="426"/>
							<String ID="string_92" HPOS="449" VPOS="876" WIDTH="40" HEIGHT="21" WC="0.96" CONTENT="har"/><SP WIDTH="22" VPOS="876" HPOS="489"/>
							<String ID="string_93" HPOS="511" VPOS="876" WIDTH="60" HEIGHT="22" WC="0.93" CONTENT="Hans"/><SP WIDTH="22" VPOS="876" HPOS="571"/>
							<String ID="string_94" HPOS="593" VPOS="876" WIDTH="120" HEIGHT="28" WC="0.92" CONTENT="Kejserliga"/><SP WIDTH="14" VPOS="876" HPOS="713"/>
							<String ID="string_95" HPOS="727" VPOS="876" WIDTH="104" HEIGHT="28" WC="0.93" CONTENT="Majestät"/>
						</TextLine>
						<TextLine ID="line_16" HPOS="71" VPOS="910" WIDTH="760" HEIGHT="28">
							<String ID="string_96" HPOS="71" VPOS="910" WIDTH="94" HEIGHT="28" WC="0.92" CONTENT="behagat"/><SP WIDTH="11" VPOS="910" HPOS="165"/>
							<String ID="string_97" HPOS="176" VPOS="911" WIDTH="6" HEIGHT="21" WC="0.93" CONTENT="i"/><SP WIDTH="10" VPOS="911" HPOS="182"/>
							<String ID="string_98" HPOS="192" VPOS="910" WIDTH="73" HEIGHT="22" WC="0.92" CONTENT="Näder"/><SP WIDTH="15" VPOS="910" HPOS="265"/>
							<String ID="string_99" HPOS="280" VPOS="910" WIDTH="106" HEIGHT="22" WC="0.87" CONTENT="anbefalla"/><SP WIDTH="16" VPOS="910" HPOS="386"/>
							<String ID="string_100" HPOS="402" VPOS="910" WIDTH="37" HEIGHT="22" WC="0.96" CONTENT="det"/><SP WIDTH="15" VPOS="910" HPOS="439"/>
							<String ID="string_101" HPOS="454" VPOS="910" WIDTH="55" HEIGHT="22" WC="0.87" CONTENT="skall"/><SP WIDTH="10" VPOS="910" HPOS="509"/>
							<String ID="string_102" HPOS="519" VPOS="911" WIDTH="58" HEIGHT="21" WC="0.87" CONTENT="iden"/><SP WIDTH="16" VPOS="911" HPOS="577"/>
							<String ID="string_103" HPOS="593" VPOS="911" WIDTH="98" HEIGHT="27" WC="0.96" CONTENT="ordning,"/><SP WIDTH="14" VPOS="911" HPOS="691"/>
							<String ID="string_104" HPOS="705" VPOS="917" WIDTH="46" HEIGHT="15" WC="0.93" CONTENT="som"/><SP WIDTH="10" VPOS="917" HPOS="751"/>
							<String ID="string_105" HPOS="761" VPOS="910" WIDTH="70" HEIGHT="22" WC="0.96" CONTENT="finnes"/>
						</TextLine>
						<TextLine ID="line_17" HPOS="72" VPOS="944" WIDTH="759" HEIGHT="29">
							<String ID="string_106" HPOS="72" VPOS="945" WIDTH="101" HEIGHT="22" WC="0.92" CONTENT="faststäld"/><SP WIDTH="15" VPOS="945" HPOS="173"/>
							<String ID="string_107" HPOS="188" VPOS="945" WIDTH="7" HEIGHT="21" WC="0.96" CONTENT="i"/><SP WIDTH="19" VPOS="945" HPOS="195"/>
							<String ID="string_108" HPOS="214" VPOS="945" WIDTH="25" HEIGHT="21" WC="0.96" CONTENT="de"/><SP WIDTH="16" VPOS="945" HPOS="239"/>
							<String ID="string_109" HPOS="255" VPOS="945" WIDTH="40" HEIGHT="21" WC="0.96" CONTENT="den"/><SP WIDTH="19" VPOS="945" HPOS="295"/>
							<String ID="string_110" HPOS="314" VPOS="946" WIDTH="12" HEIGHT="20" WC="0.97" CONTENT="3"/><SP WIDTH="16" VPOS="946" HPOS="326"/>
							<String ID="string_111" HPOS="342" VPOS="944" WIDTH="105" HEIGHT="22" WC="0.93" CONTENT="Februari"/><SP WIDTH="14" VPOS="944" HPOS="447"/>
							<String ID="string_112" HPOS="461" VPOS="945" WIDTH="146" HEIGHT="21" WC="0.92" CONTENT="innevarande"/><SP WIDTH="16" VPOS="945" HPOS="607"/>
							<String ID="string_113" HPOS="623" VPOS="946" WIDTH="24" HEIGHT="20" WC="0.92" CONTENT="är"/><SP WIDTH="15" VPOS="946" HPOS="647"/>
							<String ID="string_114" HPOS="662" VPOS="945" WIDTH="91" HEIGHT="28" WC="0.92" CONTENT="Nädigst"/><SP WIDTH="18" VPOS="945" HPOS="753"/>
							<String ID="string_115" HPOS="771" VPOS="945" WIDTH="60" HEIGHT="22" WC="0.93" CONTENT="stad-"/>
						</TextLine>
						<TextLine ID="line_18" HPOS="72" VPOS="979" WIDTH="760" HEIGHT="28">
							<String ID="string_116" HPOS="72" VPOS="980" WIDTH="85" HEIGHT="22" WC="0.92" CONTENT="fästade"/><SP WIDTH="17" VPOS="980" HPOS="157"/>
							<String ID="string_117" HPOS="174" VPOS="979" WIDTH="225" HEIGHT="27" WC="0.92" CONTENT="»Grundstadganden"/><SP WIDTH="16" VPOS="979" HPOS="399"/>
							<String ID="string_118" HPOS="415" VPOS="980" WIDTH="112" HEIGHT="26" WC="0.92" CONTENT="angäende"/><SP WIDTH="10" VPOS="980" HPOS="527"/>
							<String ID="string_119" HPOS="537" VPOS="980" WIDTH="150" HEIGHT="27" WC="0.92" CONTENT="utarbetande,"/><SP WIDTH="12" VPOS="980" HPOS="687"/>
							<String ID="string_120" HPOS="699" VPOS="980" WIDTH="133" HEIGHT="27" WC="0.92" CONTENT="granskning"/>
						</TextLine>
						<TextLine ID="line_19" HPOS="74" VPOS="1014" WIDTH="757" HEIGHT="28">
							<String ID="string_121" HPOS="74" VPOS="1014" WIDTH="38" HEIGHT="22" WC="0.93" CONTENT="och"/><SP WIDTH="16" VPOS="1014" HPOS="112"/>
							<String ID="string_122" HPOS="128" VPOS="1014" WIDTH="180" HEIGHT="28" WC="0.91" CONTENT="promulgerande"/><SP WIDTH="16" VPOS="1014" HPOS="308"/>
							<String ID="string_123" HPOS="324" VPOS="1014" WIDTH="22" HEIGHT="21" WC="0.96" CONTENT="af"/><SP WIDTH="13" VPOS="1014" HPOS="346"/>
							<String ID="string_124" HPOS="359" VPOS="1014" WIDTH="67" HEIGHT="27" WC="0.96" CONTENT="lagar,"/><SP WIDTH="16" VPOS="1014" HPOS="426"/>
							<String ID="string_125" HPOS="442" VPOS="1020" WIDTH="47" HEIGHT="16" WC="0.93" CONTENT="som"/><SP WIDTH="15" VPOS="1020" HPOS="489"/>
							<String ID="string_126" HPOS="504" VPOS="1014" WIDTH="97" HEIGHT="22" WC="0.92" CONTENT="utfärdas"/><SP WIDTH="16" VPOS="1014" HPOS="601"/>
							<String ID="string_127" HPOS="617" VPOS="1014" WIDTH="33" HEIGHT="22" WC="0.92" CONTENT="för"/><SP WIDTH="12" VPOS="1014" HPOS="650"/>
							<String ID="string_128" HPOS="662" VPOS="1014" WIDTH="169" HEIGHT="28" WC="0.92" CONTENT="Kejsaredömet,"/>
						</TextLine>
						<TextLine ID="line_20" HPOS="72" VPOS="1048" WIDTH="759" HEIGHT="28">
							<String ID="string_129" HPOS="72" VPOS="1049" WIDTH="122" HEIGHT="27" WC="0.90" CONTENT="inbegripet"/><SP WIDTH="19" VPOS="1049" HPOS="194"/>
							<String ID="string_130" HPOS="213" VPOS="1048" WIDTH="207" HEIGHT="22" WC="0.92" CONTENT="Storfurstendömet"/><SP WIDTH="22" VPOS="1048" HPOS="420"/>
							<String ID="string_131" HPOS="442" VPOS="1048" WIDTH="113" HEIGHT="27" WC="0.96" CONTENT="Finlande,"/><SP WIDTH="23" VPOS="1048" HPOS="555"/>
							<String ID="string_132" HPOS="578" VPOS="1048" WIDTH="33" HEIGHT="22" WC="0.93" CONTENT="till"/><SP WIDTH="16" VPOS="1048" HPOS="611"/>
							<String ID="string_133" HPOS="627" VPOS="1048" WIDTH="132" HEIGHT="22" WC="0.92" CONTENT="Ständernas"/><SP WIDTH="16" VPOS="1048" HPOS="759"/>
							<String ID="string_134" HPOS="775" VPOS="1048" WIDTH="56" HEIGHT="22" WC="0.92" CONTENT="utlä-"/>
						</TextLine>
						<TextLine ID="line_21" HPOS="74" VPOS="1082" WIDTH="758" HEIGHT="28">
							<String ID="string_135" HPOS="74" VPOS="1083" WIDTH="66" HEIGHT="23" WC="0.91" CONTENT="tande"/><SP WIDTH="16" VPOS="1083" HPOS="140"/>
							<String ID="string_136" HPOS="156" VPOS="1083" WIDTH="140" HEIGHT="22" WC="0.91" CONTENT="öfverlemnas"/><SP WIDTH="15" VPOS="1083" HPOS="296"/>
							<String ID="string_137" HPOS="311" VPOS="1082" WIDTH="95" HEIGHT="28" WC="0.96" CONTENT="följande"/><SP WIDTH="14" VPOS="1082" HPOS="406"/>
							<String ID="string_138" HPOS="420" VPOS="1083" WIDTH="8" HEIGHT="21" WC="0.96" CONTENT="i"/><SP WIDTH="16" VPOS="1083" HPOS="428"/>
							<String ID="string_139" HPOS="444" VPOS="1083" WIDTH="60" HEIGHT="21" WC="0.96" CONTENT="detta"/><SP WIDTH="16" VPOS="1083" HPOS="504"/>
							<String ID="string_140" HPOS="520" VPOS="1085" WIDTH="61" HEIGHT="20" WC="0.93" CONTENT="ämne"/><SP WIDTH="16" VPOS="1085" HPOS="581"/>
							<String ID="string_141" HPOS="597" VPOS="1083" WIDTH="129" HEIGHT="22" WC="0.92" CONTENT="utarbetade"/><SP WIDTH="15" VPOS="1083" HPOS="726"/>
							<String ID="string_142" HPOS="741" VPOS="1083" WIDTH="91" HEIGHT="27" WC="0.96" CONTENT="förslag:"/>
						</TextLine>
					</TextBlock>
				</ComposedBlock>
				<ComposedBlock ID="cblock_5" HPOS="213" VPOS="1139" WIDTH="623" HEIGHT="269">
					<TextBlock ID="block_5" HPOS="213" VPOS="1139" WIDTH="622" HEIGHT="200">
						<TextLine ID="line_22" HPOS="278" VPOS="1139" WIDTH="556" HEIGHT="29">
							<String ID="string_143" HPOS="278" VPOS="1141" WIDTH="68" HEIGHT="27" WC="0.92" CONTENT="jemte"/><SP WIDTH="15" VPOS="1141" HPOS="346"/>
							<String ID="string_144" HPOS="361" VPOS="1140" WIDTH="37" HEIGHT="22" WC="0.96" CONTENT="det"/><SP WIDTH="16" VPOS="1140" HPOS="398"/>
							<String ID="string_145" HPOS="414" VPOS="1141" WIDTH="26" HEIGHT="21" WC="0.93" CONTENT="de"/><SP WIDTH="16" VPOS="1141" HPOS="440"/>
							<String ID="string_146" HPOS="456" VPOS="1141" WIDTH="84" HEIGHT="21" WC="0.89" CONTENT="direkta"/><SP WIDTH="15" VPOS="1141" HPOS="540"/>
							<String ID="string_147" HPOS="555" VPOS="1141" WIDTH="147" HEIGHT="22" WC="0.96" CONTENT="kostnaderna"/><SP WIDTH="10" VPOS="1141" HPOS="702"/>
							<String ID="string_148" HPOS="712" VPOS="1141" WIDTH="34" HEIGHT="21" WC="0.96" CONTENT="för"/><SP WIDTH="11" VPOS="1141" HPOS="746"/>
							<String ID="string_149" HPOS="757" VPOS="1141" WIDTH="26" HEIGHT="21" WC="0.93" CONTENT="de"/><SP WIDTH="10" VPOS="1141" HPOS="783"/>
							<String ID="string_150" HPOS="793" VPOS="1139" WIDTH="41" HEIGHT="22" WC="0.92" CONTENT="fin-"/>
						</TextLine>
						<TextLine ID="line_23" HPOS="214" VPOS="1175" WIDTH="620" HEIGHT="27">
							<String ID="string_151" HPOS="214" VPOS="1175" WIDTH="39" HEIGHT="22" WC="0.93" CONTENT="ska"/><SP WIDTH="19" VPOS="1175" HPOS="253"/>
							<String ID="string_152" HPOS="272" VPOS="1177" WIDTH="132" HEIGHT="25" WC="0.96" CONTENT="truppernas"/><SP WIDTH="16" VPOS="1177" HPOS="404"/>
							<String ID="string_153" HPOS="420" VPOS="1175" WIDTH="39" HEIGHT="22" WC="0.96" CONTENT="och"/><SP WIDTH="16" VPOS="1175" HPOS="459"/>
							<String ID="string_154" HPOS="475" VPOS="1175" WIDTH="63" HEIGHT="22" WC="0.93" CONTENT="deras"/><SP WIDTH="14" VPOS="1175" HPOS="538"/>
							<String ID="string_155" HPOS="552" VPOS="1175" WIDTH="154" HEIGHT="27" WC="0.92" CONTENT="styrelseverks"/><SP WIDTH="15" VPOS="1175" HPOS="706"/>
							<String ID="string_156" HPOS="721" VPOS="1175" WIDTH="113" HEIGHT="22" WC="0.96" CONTENT="underhåll"/>
						</TextLine>
						<TextLine ID="line_24" HPOS="213" VPOS="1209" WIDTH="620" HEIGHT="26">
							<String ID="string_157" HPOS="213" VPOS="1209" WIDTH="133" HEIGHT="22" WC="0.92" CONTENT="fortfarande"/><SP WIDTH="23" VPOS="1209" HPOS="346"/>
							<String ID="string_158" HPOS="369" VPOS="1209" WIDTH="61" HEIGHT="22" WC="0.93" CONTENT="skola"/><SP WIDTH="14" VPOS="1209" HPOS="430"/>
							<String ID="string_159" HPOS="444" VPOS="1209" WIDTH="107" HEIGHT="22" WC="0.92" CONTENT="bestridas"/><SP WIDTH="20" VPOS="1209" HPOS="551"/>
							<String ID="string_160" HPOS="571" VPOS="1209" WIDTH="24" HEIGHT="22" WC="0.96" CONTENT="af"/><SP WIDTH="14" VPOS="1209" HPOS="595"/>
							<String ID="string_161" HPOS="609" VPOS="1209" WIDTH="71" HEIGHT="22" WC="0.93" CONTENT="finska"/><SP WIDTH="15" VPOS="1209" HPOS="680"/>
							<String ID="string_162" HPOS="695" VPOS="1209" WIDTH="138" HEIGHT="26" WC="0.92" CONTENT="statsverket,"/>
						</TextLine>
						<TextLine ID="line_25" HPOS="214" VPOS="1243" WIDTH="621" HEIGHT="23">
							<String ID="string_163" HPOS="214" VPOS="1244" WIDTH="55" HEIGHT="22" WC="0.96" CONTENT="skall"/><SP WIDTH="15" VPOS="1244" HPOS="269"/>
							<String ID="string_164" HPOS="284" VPOS="1244" WIDTH="23" HEIGHT="21" WC="0.96" CONTENT="af"/><SP WIDTH="13" VPOS="1244" HPOS="307"/>
							<String ID="string_165" HPOS="320" VPOS="1244" WIDTH="94" HEIGHT="21" WC="0.93" CONTENT="nämnda"/><SP WIDTH="16" VPOS="1244" HPOS="414"/>
							<String ID="string_166" HPOS="430" VPOS="1244" WIDTH="109" HEIGHT="21" WC="0.92" CONTENT="statsverk"/><SP WIDTH="14" VPOS="1244" HPOS="539"/>
							<String ID="string_167" HPOS="553" VPOS="1243" WIDTH="33" HEIGHT="22" WC="0.93" CONTENT="till"/><SP WIDTH="10" VPOS="1243" HPOS="586"/>
							<String ID="string_168" HPOS="596" VPOS="1244" WIDTH="239" HEIGHT="21" WC="0.91" CONTENT="Riksskattkammaren"/>
						</TextLine>
						<TextLine ID="line_26" HPOS="213" VPOS="1277" WIDTH="622" HEIGHT="29">
							<String ID="string_169" HPOS="213" VPOS="1279" WIDTH="7" HEIGHT="21" WC="0.93" CONTENT="i"/><SP WIDTH="15" VPOS="1279" HPOS="220"/>
							<String ID="string_170" HPOS="235" VPOS="1278" WIDTH="163" HEIGHT="28" WC="0.92" CONTENT="Kejsaredömet"/><SP WIDTH="19" VPOS="1278" HPOS="398"/>
							<String ID="string_171" HPOS="417" VPOS="1278" WIDTH="99" HEIGHT="27" WC="0.93" CONTENT="erläggas"/><SP WIDTH="19" VPOS="1278" HPOS="516"/>
							<String ID="string_172" HPOS="535" VPOS="1279" WIDTH="32" HEIGHT="20" WC="0.93" CONTENT="ett"/><SP WIDTH="15" VPOS="1279" HPOS="567"/>
							<String ID="string_173" HPOS="582" VPOS="1278" WIDTH="64" HEIGHT="26" WC="0.92" CONTENT="ärligt"/><SP WIDTH="14" VPOS="1278" HPOS="646"/>
							<String ID="string_174" HPOS="660" VPOS="1278" WIDTH="76" HEIGHT="27" WC="0.92" CONTENT="bidrag"/><SP WIDTH="15" VPOS="1278" HPOS="736"/>
							<String ID="string_175" HPOS="751" VPOS="1277" WIDTH="33" HEIGHT="22" WC="0.93" CONTENT="för"/><SP WIDTH="15" VPOS="1277" HPOS="784"/>
							<String ID="string_176" HPOS="799" VPOS="1277" WIDTH="36" HEIGHT="22" WC="0.91" CONTENT="be-"/>
						</TextLine>
						<TextLine ID="line_27" HPOS="214" VPOS="1312" WIDTH="371" HEIGHT="27">
							<String ID="string_177" HPOS="214" VPOS="1313" WIDTH="111" HEIGHT="21" WC="0.92" CONTENT="stridande"/><SP WIDTH="15" VPOS="1313" HPOS="325"/>
							<String ID="string_178" HPOS="340" VPOS="1312" WIDTH="23" HEIGHT="21" WC="0.93" CONTENT="af"/><SP WIDTH="13" VPOS="1312" HPOS="363"/>
							<String ID="string_179" HPOS="376" VPOS="1313" WIDTH="96" HEIGHT="21" WC="0.93" CONTENT="militära"/><SP WIDTH="14" VPOS="1313" HPOS="472"/>
							<String ID="string_180" HPOS="486" VPOS="1312" WIDTH="99" HEIGHT="27" WC="0.79" CONTENT="utgifter;"/>
						</TextLine>
					</TextBlock>
					<TextBlock ID="block_6" HPOS="215" VPOS="1347" WIDTH="621" HEIGHT="61">
						<TextLine ID="line_28" HPOS="283" VPOS="1347" WIDTH="552" HEIGHT="27">
							<String ID="string_181" HPOS="283" VPOS="1347" WIDTH="67" HEIGHT="27" WC="0.92" CONTENT="sagda"/><SP WIDTH="15" VPOS="1347" HPOS="350"/>
							<String ID="string_182" HPOS="365" VPOS="1347" WIDTH="77" HEIGHT="27" WC="0.92" CONTENT="bidrag"/><SP WIDTH="12" VPOS="1347" HPOS="442"/>
							<String ID="string_183" HPOS="454" VPOS="1347" WIDTH="55" HEIGHT="21" WC="0.93" CONTENT="skall"/><SP WIDTH="11" VPOS="1347" HPOS="509"/>
							<String ID="string_184" HPOS="520" VPOS="1347" WIDTH="132" HEIGHT="27" WC="0.92" CONTENT="uppbringas"/><SP WIDTH="11" VPOS="1347" HPOS="652"/>
							<String ID="string_185" HPOS="663" VPOS="1347" WIDTH="33" HEIGHT="21" WC="0.93" CONTENT="till"/><SP WIDTH="13" VPOS="1347" HPOS="696"/>
							<String ID="string_186" HPOS="709" VPOS="1347" WIDTH="126" HEIGHT="26" WC="0.92" CONTENT="10,091,664"/>
						</TextLine>
						<TextLine ID="line_29" HPOS="215" VPOS="1381" WIDTH="621" HEIGHT="27">
							<String ID="string_187" HPOS="215" VPOS="1381" WIDTH="62" HEIGHT="22" WC="0.96" CONTENT="mark"/><SP WIDTH="22" VPOS="1381" HPOS="277"/>
							<String ID="string_188" HPOS="299" VPOS="1381" WIDTH="69" HEIGHT="22" WC="0.93" CONTENT="under"/><SP WIDTH="22" VPOS="1381" HPOS="368"/>
							<String ID="string_189" HPOS="390" VPOS="1381" WIDTH="110" HEIGHT="27" WC="0.94" CONTENT="förloppet"/><SP WIDTH="22" VPOS="1381" HPOS="500"/>
							<String ID="string_190" HPOS="522" VPOS="1381" WIDTH="22" HEIGHT="21" WC="0.96" CONTENT="af"/><SP WIDTH="21" VPOS="1381" HPOS="544"/>
							<String ID="string_191" HPOS="565" VPOS="1381" WIDTH="35" HEIGHT="21" WC="0.96" CONTENT="nio"/><SP WIDTH="17" VPOS="1381" HPOS="600"/>
							<String ID="string_192" HPOS="617" VPOS="1381" WIDTH="24" HEIGHT="21" WC="0.50" CONTENT="är"/><SP WIDTH="14" VPOS="1381" HPOS="641"/>
							<String ID="string_193" HPOS="655" VPOS="1381" WIDTH="8" HEIGHT="21" WC="0.50" CONTENT="i"/><SP WIDTH="14" VPOS="1381" HPOS="663"/>
							<String ID="string_194" HPOS="677" VPOS="1381" WIDTH="93" HEIGHT="27" WC="0.93" CONTENT="följande"/><SP WIDTH="15" VPOS="1381" HPOS="770"/>
							<String ID="string_195" HPOS="785" VPOS="1387" WIDTH="51" HEIGHT="21" WC="0.92" CONTENT="pro-"/>
						</TextLine>
					</TextBlock>
				</ComposedBlock>
			</PrintSpace>
		</Page>
	</Layout>
</alto>
