1092 1778
411 127 86 22 Ständ.
515 127 39 23 Sv.
794 128 39 20 121

106 198 119 26 ärenden,
254 198 7 22 i
289 198 86 23 hvilka
401 198 144 23 Ständerna
565 199 21 28 ej
608 198 78 22 hafva
706 198 158 22 beslutande-

106 233 55 26 rätt,
185 234 62 21 utan
266 233 89 22 endast
373 239 54 23 ega,
448 233 47 22 när
513 233 139 22 Monarken
672 233 92 22 sådant
783 233 82 26 äskar,

107 267 96 29 afgifva
222 267 154 22 utlåtanden.

175 301 83 22 Bland
276 301 93 29 frågor,
387 307 53 16 som
459 301 55 22 icke
534 302 44 21 äro
598 301 26 22 af
642 301 223 29 grundlagsnatur,

108 335 87 29 skiljer
213 335 290 29 Landtdagsordningen
523 336 99 22 således
641 335 91 23 mellan
746 336 118 26 ärenden,

107 370 7 21 i
127 370 88 22 hvilka
229 369 140 23 Ständerna
383 370 90 22 endast
486 376 48 23 ega
547 371 157 28 gemensamt
717 370 60 22 eller
789 370 77 22 hvart

108 404 74 22 stånd
210 404 39 22 för
277 404 37 29 sig
333 404 96 29 afgifva
448 404 138 27 utlåtande,
604 405 47 21 när
669 404 139 22 Monarken
827 404 38 22 så-

108 438 61 23 dant
197 438 82 26 äskar,
299 440 64 21 samt
380 438 94 29 frågor,
492 438 8 22 i
519 439 87 22 hvilka
626 438 157 23 Ständernas
802 445 63 16 sam-

108 473 72 28 tycke
201 473 27 22 är
247 473 164 29 erforderligt,
429 473 46 22 och
494 473 88 22 hvilka
602 473 102 29 afgöras
723 479 91 23 genom
828 474 38 21 tre

109 507 88 22 stånds
216 507 88 22 beslut.

178 542 43 22 Att
247 541 90 30 frågan
366 548 40 16 om
434 543 109 28 ändring
572 542 25 22 af
618 542 247 29 Värnepligtslagen,

109 576 84 22 såvidt
220 576 82 22 denna
329 577 22 28 ej
380 577 47 22 har
451 577 154 22 karaktären
625 577 25 22 af
668 576 133 30 grundlag,
818 576 49 22 hör

109 611 35 22 till
163 611 43 22 det
216 611 154 22 sistnämnda
381 611 88 29 slaget,
486 611 74 29 följer
574 611 25 22 af
612 611 254 29 Regeringsformens

110 645 127 22 allmänna
263 645 172 29 grundsatser,
464 646 84 22 såsom
576 646 46 22 ock
641 645 121 23 särskildt
781 645 25 22 af
824 645 43 22 det

109 679 79 23 redan
217 679 143 29 åberopade
387 680 154 29 stadgandet
560 681 7 22 i
586 681 58 22 dess
664 680 15 29 $
699 680 39 22 45.
774 680 40 22 En
832 680 34 28 på

110 714 184 22 administrativ
319 715 50 28 väg
387 714 120 22 utfärdad
526 714 43 29 lag
587 721 41 15 om
646 714 138 28 manskaps
803 716 64 20 utta-

109 748 84 29 gande
220 748 35 22 till
278 748 147 29 krigstjenst
444 748 81 23 skulle
543 749 128 29 nämligen
689 748 123 22 innebära
831 750 36 20 ett

109 784 51 20 mot
178 783 111 22 nämnda
307 783 121 29 paragraf
447 783 131 23 stridande
596 783 87 29 påbud
705 789 40 16 om
766 782 102 23 utskrif-

110 817 61 29 ning
190 818 61 21 utan
271 817 155 23 Ständernas
445 818 137 28 samtycke.

179 852 44 22 Att
249 852 68 22 vissa
345 852 150 29 paragrafer
522 852 7 22 i
557 852 238 29 Värnepligtslagen
823 852 45 21 äro

111 886 134 28 grundlag,
271 886 46 22 har
335 886 104 26 således,
457 886 70 23 hvad
545 886 171 23 förevarande
735 886 73 29 fråga
827 886 42 22 be-

110 920 96 26 träffar,
225 920 88 22 endast
332 921 49 22 den
399 921 155 28 betydelsen,
574 923 36 21 att
628 921 31 22 de
678 921 22 29 ej
721 921 86 22 kunna
826 921 42 21 än-

112 955 59 22 dras
199 955 56 22 med
283 955 96 23 mindre
407 956 32 21 än
469 957 36 21 att
524 956 48 22 alla
592 955 106 23 stånden
718 956 44 22 äro
782 956 86 21 derom

112 996 67 15 ense.
219 989 151 29 Visserligen
399 990 151 22 tillkommer
576 990 40 22 för
640 990 230 29 grundlagsfrågor

111 1024 128 22 dessutom
267 1026 34 20 ett
327 1031 47 21 par
395 1025 223 29 omständigheter,
636 1025 127 28 nämligen
784 1026 35 20 att
838 1024 32 22 de

111 1058 87 22 kunna
225 1058 152 29 uppskjutas
405 1059 36 22 till
469 1060 114 21 närmast
610 1059 112 28 följande
740 1058 130 29 landtdag,

110 1092 46 22 och
186 1094 35 21 att
248 1093 31 22 de
306 1093 21 28 ej
354 1093 86 22 kunna
459 1094 8 22 i
487 1093 120 22 ståndens
626 1093 76 28 plena
721 1093 149 25 diskuteras,

110 1126 53 22 förr
187 1127 33 22 än
239 1127 30 22 de
287 1127 83 23 blifvit
389 1128 25 21 af
432 1127 97 23 utskott
547 1127 154 30 handlagda,
719 1134 57 15 men
795 1127 75 22 dessa

111 1161 216 29 omständigheter
345 1163 45 21 äro
409 1162 25 22 af
452 1162 98 23 mindre
569 1162 55 29 vigt
636 1162 8 22 i
657 1161 141 30 jemförelse
812 1161 57 22 med

110 1195 55 26 den,
185 1198 36 19 att
239 1197 228 29 grundlagsfrågor
486 1197 44 22 äro
551 1197 27 22 så
591 1196 101 23 kallade
711 1196 56 29 fyra
781 1195 89 23 stånds

110 1229 95 30 frågor.

179 1264 33 29 D)
241 1265 11 21 I
279 1265 31 22 de
337 1265 178 30 förklaringar,
534 1272 54 15 som
611 1265 89 29 åtfölja
725 1265 31 22 de
774 1265 96 28 nådiga

109 1299 226 28 propositionerna,
343 1299 146 23 framhälles
500 1300 144 26 emellertid,
655 1301 35 21 att
698 1299 98 23 1877
803 1299 67 22 —1878

110 1332 41 23 ärs
172 1333 117 26 Ständer,
304 1333 75 23 äfven
392 1334 81 23 under
486 1334 182 29 förutsättning
682 1334 24 22 af
720 1333 151 29 Regerings-

110 1367 111 22 formens
240 1368 122 29 giltighet,
383 1369 21 28 ej
425 1369 68 22 varit
510 1369 160 28 berättigade
690 1370 36 20 att
738 1368 46 22 hos
797 1368 73 22 Hans

110 1401 142 29 Kejserliga
271 1402 116 28 Majestät
405 1403 140 26 hemställa,
565 1404 35 20 att
619 1403 25 21 ät
663 1403 68 21 vissa
750 1408 120 22 paragra-

110 1435 37 21 fer
172 1436 7 21 i
205 1436 238 30 Värnepligtslagen
468 1437 82 22 skulle
570 1437 117 29 tilläggas
707 1436 163 30 egenskapen

110 1469 26 22 af
154 1470 133 29 grundlag.
