1086 1742
447 122 30 22 U.
493 122 27 22 B.
802 123 28 20 43

104 192 70 27 tjenst,
197 194 58 18 utom
280 192 6 20 i
309 192 75 20 sädant
410 192 90 26 sällsynt
526 191 36 21 fall
585 191 26 21 dä
634 190 134 21 landtvärnet
793 190 65 20 mobi-

103 226 80 26 liseras,
198 226 38 20 har
251 226 117 20 Utskottets
391 226 68 20 flertal
475 226 46 20 icke
537 226 81 20 kunnat
633 224 105 27 tillstyrka
753 226 29 19 att
798 224 60 21 dessa

104 262 119 23 värnemän,
238 260 66 27 enligt
315 260 169 28 propositionens
507 260 82 26 förslag,
604 259 78 27 jemväl
698 265 48 15 vore
762 259 96 27 skyldige

103 297 30 18 att
148 295 87 27 bidraga
251 294 30 21 till
295 294 69 21 aktiva
387 296 125 26 truppernas
535 294 163 27 komplettering
719 293 67 21 under
807 293 51 27 krig,

104 329 27 20 dä
146 335 97 15 reserven
259 329 53 20 visat
327 329 32 27 sig
374 329 69 21 härtill
459 328 131 28 otillräeklig.

172 363 103 21 Deremot
297 364 37 20 har
357 363 108 21 Utskottet
480 365 68 19 ansett
563 363 36 21 det
614 362 51 21 böra
681 365 57 25 tagas
753 363 7 20 i
776 362 82 22 betrak-

104 398 70 26 tande,
189 400 30 18 att
234 397 41 21 alla
290 398 102 20 moderna
415 398 209 26 värnepligtssystem
646 397 89 27 erbjuda
750 398 108 26 möjlighet

104 434 31 19 att
157 432 139 27 komplettera
318 432 70 20 aktiva
412 434 114 25 trupperna
546 432 63 20 äfven
631 432 7 20 i
662 432 26 20 de
710 431 42 27 fall,
775 432 26 20 dä
816 432 40 21 den

105 466 105 27 egentliga
233 472 97 14 reserven
352 466 69 20 blifvit
442 466 86 20 uttömd.
558 466 57 20 Enär
636 466 35 20 det
692 466 48 20 med
758 466 100 21 afseende

104 501 50 20 härä
169 500 71 21 kunde
256 500 110 21 anmärkas
382 500 69 21 säsom
467 506 28 15 en
510 500 52 21 brist
576 500 6 20 i
601 500 116 21 Utskottets
729 500 83 27 förslag,
823 507 33 14 om

104 535 114 27 tillgängen
235 535 32 21 till
282 535 276 27 kompletteringsmanskap
579 541 48 15 vore
643 534 84 21 absolut
741 534 116 28 begränsad

105 569 32 21 till
152 570 26 20 de
193 570 7 19 i
215 576 98 14 reserven
335 570 103 20 inskrifne
461 570 159 26 värnepligtige,
640 570 38 20 har
692 570 8 20 i
716 569 10 27 $
742 570 26 20 20
784 572 74 25 uppta-

104 604 40 26 gits
160 606 29 18 ett
204 606 100 22 moment,
315 604 65 26 enligt
396 604 80 20 hvilket
494 606 156 18 värnemännen
664 604 7 20 i
687 604 25 20 de
733 611 67 21 yngre
816 604 42 20 ärs-

104 638 107 20 klasserna
227 638 6 20 i
250 637 88 21 berörda
353 638 37 20 fall
405 638 56 27 finge
477 638 68 20 säsom
563 638 196 26 ersättningsreserv
776 638 80 21 anlitas.

172 672 133 21 Beträffande
328 672 117 27 ordningen
469 672 32 21 för
523 672 131 20 inkallandet
676 672 37 20 har
727 673 130 27 principen
846 668 15 36 i

104 706 96 27 gällande
216 706 35 27 lag
266 706 119 21 bibehällits
407 706 47 21 med
475 708 30 19 ett
527 706 155 27 förtydligande
698 706 71 28 tillägg
784 707 32 21 för
831 706 26 21 de

104 740 42 28 fall,
162 741 26 20 dä
204 741 46 21 icke
266 741 34 21 hel
316 740 90 22 ärsklass
423 741 114 27 uppbädas.

173 775 56 27 Nyss
245 775 90 21 berörda
351 776 133 26 bestämning
499 776 109 26 angäende
620 776 26 20 de
656 782 67 20 yngre
735 777 122 19 värnemän-

106 816 52 14 nens
178 810 121 20 eventuella
321 810 107 21 anlitande
443 811 33 20 för
492 810 69 21 aktiva
584 812 97 25 truppers
697 810 161 28 komplettering

105 844 38 20 har
157 844 105 21 föranledt
284 844 112 21 införande
412 845 21 20 af
447 847 30 18 ett
493 847 46 25 nytt
554 846 100 24 moment,
676 844 21 21 af
718 844 92 22 innehäll
828 847 30 18 att

105 879 61 20 dessa
189 880 114 19 värnemän
327 879 59 20 skola
406 879 157 26 hemförlofvas,
585 880 23 21 sä
624 879 133 27 snart;deras
773 880 85 27 tjenst
845 875 15 36 i

106 913 69 20 aktiva
191 916 113 24 trupperna
320 914 18 26 ej
353 914 71 21 vidare
440 914 106 21 behöfves.

172 947 43 28 18
231 947 28 22 21
282 948 37 20 har
341 948 68 21 såsom
433 949 64 20 första
519 955 61 14 mom.
603 949 75 20 införts
700 951 29 19 ett
743 947 115 28 stadgande

104 981 79 26 derom,
193 984 30 18 att
238 982 26 21 de
280 982 45 27 fyra
341 985 77 24 yngsta
433 983 142 21 årsklasserna
585 983 21 20 af
618 985 157 18 värnemännen
786 983 72 20 kunna

106 1016 61 27 högst
181 1016 36 21 två
232 1016 80 27 gånger
326 1017 90 20 inkallas
432 1017 31 21 till
479 1017 164 28 öfningsmöten,
658 1017 102 21 hvardera
775 1017 83 27 gången

107 1050 26 27 på
148 1057 24 14 en
189 1050 28 21 tid
234 1050 22 21 af
272 1051 61 26 högst
348 1057 38 14 sex
402 1051 82 21 veckor.
514 1051 60 21 Inom
594 1051 107 22 Utskottet
716 1052 36 20 har
768 1051 90 21 visserli-

103 1091 42 20 gen
162 1085 40 20 den
218 1085 87 26 mening
328 1085 91 27 uttalats,
442 1087 29 19 att
494 1086 72 27 dylika
588 1085 100 28 öfningar
713 1086 64 21 hellre
794 1085 64 21 borde

106 1119 77 20 ordnas
198 1119 68 20 såsom
283 1125 25 14 en
326 1119 151 27 regelbunden,
499 1127 75 20 genom
598 1120 63 27 lagen
683 1120 95 21 faststäld
801 1119 57 26 skyl-

104 1153 72 27 dighet
196 1153 35 20 för
253 1153 25 20 de
302 1156 76 25 yngste
395 1156 163 21 värnemännen,
576 1155 26 26 på
618 1155 36 20 det
669 1157 30 18 att
714 1155 47 20 dem
778 1154 80 27 derige-

105 1193 48 14 nom
178 1187 70 21 blefve
269 1187 152 22 tillförsäkradt
443 1189 64 26 något
530 1188 52 21 mått
605 1188 23 21 af
649 1189 109 20 militärisk
778 1188 80 27 öfning.

106 1221 49 21 Men
172 1221 25 20 då
213 1221 12 21 å
241 1221 65 21 andra
321 1222 61 21 sidan
398 1223 61 26 tagits
474 1223 8 20 i
498 1223 143 27 betraktande,
656 1225 30 18 att
702 1224 156 19 värnemännen

106 1255 75 21 endast
196 1255 34 21 vid
248 1257 190 27 »utomordentliga
461 1257 117 26 tillfällen»,
596 1257 52 21 eller
661 1257 100 21 således
757 1251 14 38 i
777 1256 82 21 undan-

105 1289 85 28 tagsfall
206 1290 40 21 och
260 1291 47 20 icke
324 1291 33 20 vid
373 1291 72 27 hvarje
468 1291 125 21 inträffande
616 1291 148 27 mobilisering,
786 1291 73 20 kunna

105 1324 67 21 kallas
186 1325 7 19 i
209 1325 64 26 tjenst
296 1331 49 14 vare
368 1325 32 27 sig
422 1325 33 21 vid
478 1325 186 28 landtvärnstrupp
687 1326 51 21 eller
752 1325 33 21 för
800 1325 59 21 kom-

106 1358 112 28 plettering
243 1358 22 21 af
287 1359 70 21 aktiva
380 1362 92 25 trupper,
495 1362 54 19 samt
571 1361 29 20 att
623 1360 41 21 den
688 1359 117 22 tidsförlust
820 1359 40 21 och

105 1392 88 21 kostnad
217 1395 169 20 värnemännens
402 1394 146 27 regelbundna
560 1394 99 27 öfningar
674 1394 67 21 skulle
756 1393 103 27 medföra,

105 1426 34 21 vid
155 1427 94 27 antydda
264 1427 133 22 förhållande
417 1435 50 14 vore
483 1435 25 14 en
525 1428 33 21 för
572 1430 44 19 stor
632 1428 117 28 uppoffring
763 1429 7 19 i
784 1428 75 27 jemfö-
