1092 1770
244 142 28 19 38
447 141 83 22 Ständ.
549 141 40 22 Sv.
604 154 28 2 —
648 141 49 22 Bil.
713 141 20 22 I.

287 210 66 21 Hvad
376 211 48 20 åter
447 211 54 26 rysk
524 211 141 26 lagstiftning
688 211 113 25 beträffar,
817 210 108 27 förtjenar
938 216 38 14 an-

215 244 95 21 tecknas
332 246 31 19 att
380 244 217 21 Storfurstendömet
616 245 111 20 Finlands
743 244 157 27 statsrättsliga
917 244 59 21 ställ-

216 278 56 27 ning
295 279 63 20 inom
382 279 37 20 det
445 279 69 27 ryska
535 279 59 21 riket
616 279 129 21 förutsättes
769 279 76 20 såsom
868 279 74 26 gifven
968 278 7 20 i

217 312 126 27 Rysslands
360 313 144 27 grundlagar,
521 313 79 21 hvilka
616 313 6 21 i
639 313 62 27 fråga
715 320 37 14 om
764 313 138 26 tronföljden
913 313 62 20 inne-

216 346 63 21 hålla
302 347 146 26 stadgandet:
474 347 64 21 »Med
554 347 45 21 den
616 347 122 27 Kejserliga
755 347 68 27 ryska
838 349 81 18 tronen
935 348 40 19 äro

216 380 142 27 oskiljaktigt
381 381 108 21 förenade
515 382 173 26 Konungariket
711 382 82 20 Polens
817 381 43 21 och
880 380 95 21 Storfur-

216 415 129 21 stendömet
368 416 112 21 Finlands
503 418 89 19 troner»
613 416 134 27 (Rysslands
763 416 118 21 allmänna
897 415 76 26 lagko-

217 448 43 21 dex
283 449 64 21 Tom.
371 450 9 20 I
402 452 40 18 art.
466 450 28 26 4).
525 450 51 21 Och
599 450 6 21 i
623 450 100 26 enlighet
738 450 96 20 härmed
849 450 43 20 har
907 449 7 21 i
930 449 42 20 den

216 483 190 27 lagterminologi,
428 491 50 14 som
500 484 98 21 utbildat
619 484 34 26 sig
668 484 6 20 i
692 484 120 27 Ryssland,
828 484 7 20 i
848 483 126 21 allmänhet

216 523 29 14 en
261 517 143 28 begreppslig
426 518 116 21 ätskilnad
565 518 59 28 gjort
643 518 33 27 sig
691 518 104 26 gällande
811 518 97 20 emellan
926 517 48 27 Kej-

216 551 130 21 saredömet
370 552 113 28 Ryssland
505 553 43 21 och
565 553 218 20 Storfurstendömet
799 552 99 20 Finland
915 554 58 19 samt

215 585 39 21 det
270 586 68 26 ryska
354 586 64 26 riket,
435 587 119 20 äfvensom
571 587 84 20 mellan
671 587 68 27 ryske
754 586 135 21 undersätar
905 586 13 20 ä
931 592 42 15 ena

216 619 67 22 sidan
299 620 43 21 och
359 620 73 22 finske
449 621 135 21 undersätar
600 621 28 28 pä
645 621 43 21 den
700 621 78 21 andra.
799 620 101 21 Sälunda
911 622 62 19 näm-

216 661 42 14 nes
281 655 138 27 exempelvis
442 656 6 20 i
473 657 54 20 1864
550 656 37 21 ärs
607 656 68 27 ryska
691 656 36 26 lag
743 655 116 27 angäende
875 655 99 21 domsto-

216 688 65 21 larna
297 690 48 25 (art.
364 690 48 26 189)
429 690 171 27 Kejsaredömet
615 691 6 20 i
638 693 94 18 motsats
748 690 33 21 till
797 690 177 21 Storfurstendö-

216 725 48 18 met
280 723 98 21 Finland
402 726 60 19 samt
484 725 136 20 Tsardömet
637 725 76 26 Polen,
729 725 44 20 och
789 724 6 20 i
812 724 161 21 motsvarande

215 757 82 21 artikel
320 757 26 21 af
368 759 54 20 1883
442 759 36 20 ärs
502 759 106 20 officiella
629 759 84 20 edition
737 759 26 20 af
783 758 69 27 sagda
873 759 36 25 lag
932 759 42 20 har

215 791 138 22 Tsardömet
376 792 70 21 Polen
469 793 157 26 bortlemnats,
643 793 24 20 sä
683 795 32 18 att
731 792 80 21 endast
827 793 146 20 Storfursten-

215 825 80 21 dömet
311 826 99 21 Finland
426 827 104 20 kvarstär
546 827 76 21 säsom
639 829 95 19 motsats
750 827 33 20 till
796 826 176 27 Kejsaredömet.

216 859 131 22 Enahanda
362 862 26 19 är
403 861 63 20 fallet
480 861 52 20 med
549 861 124 21 artiklarna
691 862 53 20 1267
761 861 43 20 och
822 861 54 20 1268
887 861 5 20 i
905 861 67 27 ryska

215 893 214 28 civilprocesslagen
449 895 25 20 af
493 895 25 20 år
534 896 55 20 1864
605 898 60 18 samt
681 894 160 22 motsvarande
857 894 94 21 artiklar
966 895 7 20 i

217 928 56 20 1883
289 928 36 20 års
341 928 86 21 edition
443 929 25 20 af
481 936 89 14 samma
587 930 42 26 lag,
646 929 119 21 äfvensom
781 929 51 21 med
853 931 40 18 art.
909 930 42 19 216
966 929 7 20 i

216 961 269 28 kriminalprocesslagen
509 964 25 20 af
554 964 26 20 är
597 964 60 20 1864.
689 963 8 20 I
714 966 39 18 art.
773 964 38 20 183
828 963 25 20 af
867 963 54 21 1845
937 963 36 21 års

216 996 71 26 ryska
310 997 104 26 strafflag
437 998 64 25 säges
524 998 54 24 äter,
601 1000 32 18 att
655 998 52 20 dess
729 997 171 27 bestämningar
915 998 58 26 gälla

216 1030 68 26 ryske
310 1031 135 21 undersätar
470 1032 63 21 inom
557 1032 38 20 det
610 1032 69 27 ryska
693 1032 172 20 statsomrädets
880 1033 93 25 gränser

216 1064 54 20 med
286 1065 117 27 undantag
419 1066 25 20 af
456 1066 62 21 vissa
533 1066 174 20 landomräden.
724 1066 34 20 Dä
775 1066 98 20 Finland
890 1066 17 26 ej
918 1072 55 21 upp-

216 1098 86 21 räknas
326 1099 71 21 bland
413 1100 67 21 dessa
496 1100 43 21 och
555 1100 96 26 afsigten
668 1100 49 20 icke
733 1106 47 18 var,
797 1102 31 18 att
844 1100 77 26 lagens
936 1100 38 26 gil-

215 1132 72 26 tighet
309 1133 74 21 skulle
406 1134 128 21 utsträckas
556 1134 34 21 till
613 1134 60 21 detta
697 1134 60 26 land,
781 1134 25 21 sä
821 1134 71 26 gifver
907 1134 65 21 äfven

214 1166 79 21 denna
316 1168 171 27 omständighet
509 1168 37 21 vid
570 1168 99 26 handen,
685 1171 32 18 att
736 1168 99 20 Finland
851 1168 18 27 ej
886 1168 87 21 betrak-

214 1202 46 19 tats
277 1201 76 21 säsom
370 1209 28 13 en
414 1202 36 21 del
467 1203 25 20 af
506 1202 170 28 Kejsaredömet
692 1202 119 28 Ryssland.

285 1231 72 25 Äfven
382 1236 70 21 finskt
469 1237 166 27 undersåtskap
652 1237 130 20 förutsättes
798 1236 150 27 uttryckligen
966 1236 6 20 i

215 1270 45 20 den
286 1270 68 27 ryska
378 1271 178 27 lagstiftningen.
588 1271 8 20 I
613 1271 82 21 sådant
711 1271 106 21 afseende
833 1271 45 20 kan
895 1271 78 20 hänvi-

215 1310 39 14 sas
277 1304 32 20 till
332 1304 127 27 Rysslands
482 1306 117 20 allmänna
623 1305 119 26 lagkodex,
762 1305 65 21 Tom.
845 1305 36 23 IX,
897 1304 76 27 tillägg

214 1337 35 21 till
273 1341 39 18 art.
336 1339 42 20 556
397 1345 61 15 anm.
476 1340 18 25 1,
509 1339 40 21 der
564 1339 38 21 det
621 1339 97 26 stadgas,
735 1341 32 18 att
781 1339 7 20 i
804 1339 60 20 vissa
881 1339 39 20 fall
935 1345 38 14 an-

215 1372 127 27 sökningar
364 1380 39 13 om
426 1373 139 27 inskrifning
587 1373 7 20 i
617 1374 98 20 Finland
732 1373 49 21 icke
797 1375 125 25 emottagas
939 1373 34 20 för

215 1406 58 21 barn
289 1407 32 20 till
338 1408 68 26 ryske
417 1408 100 20 soldater
529 1408 43 20 och
586 1410 117 24 matroser,
715 1414 51 14 som
778 1407 77 27 sjelfve
866 1407 106 21 förblifva

216 1440 184 27 Kejsaredömets
422 1442 135 20 undersåtar
581 1443 62 25 (caMH
666 1448 107 15 ocramwren
797 1448 174 18 HOXJaHHEMNH
