1092 1770
253 137 39 20 142
530 135 85 23 Ständ.
633 136 39 22 Sv.

292 208 52 21 När
362 208 73 29 fråga
456 208 46 21 blir
520 214 40 16 om
579 208 78 21 rikets
676 208 131 26 intressen,
822 208 70 22 skola
906 207 74 22 dessa

223 242 85 22 städse
338 242 105 22 faktiskt
474 249 73 15 anses
579 243 174 21 sammanfalla
780 242 57 22 med
865 242 115 29 Kejsare-

223 276 104 22 dömets.
365 277 11 21 I
403 277 88 28 frågor
518 283 39 15 om
577 277 58 28 krig
653 277 46 22 och
718 277 55 22 fred
793 278 64 21 samt
875 277 105 21 utrikes-

222 311 121 28 politiken
371 311 72 22 faller
471 311 42 22 det
530 311 76 22 också
625 311 55 22 icke
699 311 84 29 någon
803 311 7 22 i
829 311 106 22 Finland
955 311 24 21 in

224 346 35 21 att
286 345 72 28 påstå
378 347 78 20 annat
475 347 31 20 än
526 347 35 20 att
581 345 42 22 det
642 347 28 20 är
689 345 140 29 Rysslands
848 345 131 26 intressen,

222 386 54 15 som
304 379 78 22 blifva
404 381 31 21 de
458 380 196 22 bestämmande.
692 381 56 21 Men
768 380 76 28 yrkas
864 380 41 21 det
924 380 55 21 här-

222 414 101 22 utöfver
342 414 45 22 och
406 415 159 22 beträffande
585 415 96 21 sådana
695 415 218 28 angelägenheter,
927 421 53 15 som

222 448 54 22 icke
306 448 52 22 afse
385 448 170 23 förhållandet
583 449 36 21 till
646 448 157 22 främmande
823 448 103 26 makter,
945 449 36 21 att

222 482 57 22 hela
307 483 77 22 rikets
412 484 124 21 intressen
557 483 71 22 skola
651 483 152 29 tillgodoses,
822 483 28 22 så
869 483 111 21 kommer

222 517 69 22 detta
318 518 8 21 i
349 518 174 29 verkligheten
542 519 35 21 att
595 524 62 16 vara
676 518 119 28 liktydigt
813 517 56 22 med
887 517 92 29 yrkan-

222 551 42 22 det
292 553 36 20 att
352 552 74 22 äfven
452 552 120 22 Finlands
593 552 54 22 inre
667 552 213 29 angelägenheter
899 551 79 26 skola,

223 586 27 21 så
279 588 70 20 snart
376 588 34 20 ett
435 587 63 22 visst
524 586 146 23 förfarande
698 586 115 22 befinnes
836 593 61 15 vara
916 587 65 21 mest

222 620 276 23 öfverensstämmande
517 621 56 23 med
593 621 204 29 Kejsaredömets
816 620 117 27 fördelar,
947 620 33 22 af-

222 655 76 28 göras
327 655 6 22 i
361 656 111 29 enlighet
499 657 56 21 med
575 656 81 26 dessa,
677 656 46 21 och
742 655 98 22 således
859 655 120 22 Finlands

222 690 50 21 rätt
292 690 45 21 och
355 690 81 22 fördel
455 691 59 22 vika
532 691 39 22 för
591 691 203 28 Kejsaredömets
813 690 130 21 intressen.

292 724 42 22 Ett
361 725 91 22 sådant
480 725 145 22 förfarande
653 726 28 21 är
708 724 137 23 emellertid
865 724 113 22 hvarken

222 758 161 29 erforderligt
397 759 60 22 eller
476 759 275 23 öfverensstämmande
770 759 57 22 med
846 759 48 22 den
914 758 65 22 ställ-

222 792 69 29 ning,
312 799 52 16 som
384 793 28 22 år
432 794 65 22 1809
516 794 199 21 tillförsäkrades
734 793 116 22 Finland.

293 827 147 27 Monarken,
460 829 76 21 hvars
555 829 69 21 makt
643 828 78 29 enligt
739 827 120 22 Finlands
887 827 92 29 grund-

223 861 73 28 lagar
316 863 26 20 är
364 863 183 22 vidsträcktare
571 863 32 21 än
623 863 78 28 enligt
719 862 121 22 moderna
859 861 120 22 konstitu-

224 895 88 27 tioner,
341 896 114 29 förfogar
482 897 126 29 nämligen
626 897 110 28 lagligen
756 896 79 22 redan
856 902 34 15 nu
909 895 71 22 öfver

224 936 30 15 en
276 930 26 22 så
330 931 140 22 vidsträckt
496 931 69 22 makt
583 931 7 21 i
609 931 113 26 Finland,
741 932 36 20 att
795 930 50 22 han
865 930 50 22 kan
933 930 46 21 här

224 964 104 28 vidtaga
356 965 30 22 de
415 966 125 28 åtgärder,
563 972 53 15 som
636 966 43 21 äro
699 965 94 28 nödiga
812 964 39 22 för
870 965 110 27 upprätt-

223 998 119 22 hållande
364 1000 26 21 af
410 1000 78 22 rikets
506 1000 190 28 maktställning
715 1000 127 28 gentemot
860 998 119 22 utlandet.

224 1032 88 23 Dertill
331 1034 121 25 kommer,
474 1036 34 20 att
527 1034 120 22 Finlands
666 1034 52 22 folk
738 1034 126 22 erkänner
881 1033 38 21 sin
932 1032 48 22 för-

223 1066 115 30 pligtelse
359 1069 35 21 att
412 1068 107 29 bidraga
538 1068 35 22 till
589 1068 83 22 denna
689 1068 203 28 maktställnings
905 1067 75 22 beva-

222 1102 81 22 rande
322 1102 45 22 och
386 1102 109 23 förvisso
515 1103 74 21 äfven
608 1102 125 29 framgent
747 1102 64 22 skall
824 1108 62 16 vara
899 1101 80 29 villigt

224 1137 36 21 att
278 1136 40 22 för
336 1143 95 16 samma
451 1137 115 22 ändamål
585 1137 8 21 i
611 1137 58 21 mån
689 1137 25 22 af
727 1137 55 22 sina
795 1136 96 22 krafter
904 1136 75 28 åtaga

224 1170 38 28 sig
290 1171 147 29 ytterligare
464 1172 176 28 uppoffringar
668 1172 77 28 enligt
772 1170 137 22 rättvisans
933 1170 46 22 och

223 1204 161 29 billighetens
406 1206 64 22 kraf.
507 1206 120 22 Finlands
647 1205 110 23 Ständer
775 1205 78 22 hafva
872 1204 45 22 ock
936 1204 44 22 vid

223 1239 125 22 särskilda
368 1240 113 22 tillfällen
500 1240 56 22 med
576 1240 136 28 anledning
732 1239 25 23 af
770 1239 140 29 yrkanden,
926 1245 53 15 som

222 1272 58 22 från
307 1274 73 28 ryskt
407 1274 51 22 håll
485 1275 87 28 gjorts,
598 1274 93 22 lemnat
711 1274 38 22 sin
768 1273 156 23 medverkan
943 1272 35 22 til

222 1307 302 30 lagstiftningsåtgärder,
556 1315 53 15 som
641 1309 90 21 endast
761 1308 57 21 med
850 1307 129 28 svårighet

223 1341 97 22 kunnat
341 1342 131 23 försvaras
494 1343 65 22 inför
578 1343 48 22 den
645 1343 7 21 i
671 1343 86 22 landet
775 1341 114 23 rådande
907 1342 72 21 rätts-

222 1375 204 30 uppfattningen,
456 1377 45 22 och
529 1383 58 21 som,
606 1377 84 22 derest
709 1377 42 22 det
770 1377 53 21 icke
843 1375 66 23 hade
928 1375 52 29 gält

224 1411 36 21 att
287 1410 161 30 ådagalägga
470 1413 34 21 ett
522 1412 215 28 tillmötesgående
757 1411 57 22 från
832 1410 67 22 finsk
920 1410 61 26 sida,

222 1444 151 30 visserligen
385 1446 55 22 icke
460 1446 78 22 skulle
557 1446 134 29 godkänts.
