1086 1764
804 121 24 20 15

168 193 49 18 Art.
241 192 42 18 43.
313 190 75 21 Elever
404 190 6 20 i
425 189 99 22 läroverk
546 189 23 21 af
589 189 70 22 första
684 189 114 26 kategorin
819 190 37 19 äro

99 224 134 27 berättigade
257 225 33 20 att
307 225 74 20 senast
396 224 37 21 två
448 224 103 21 månader
565 223 46 22 före
630 223 111 27 uppbådet
758 222 33 21 till
806 222 51 21 lott-

100 259 50 26 ning
173 258 84 21 anmäla
276 259 33 20 sin
325 258 83 21 önskan
424 259 34 20 att
473 259 78 26 utgöra
565 257 153 27 värnepligten
734 258 71 21 såsom
821 256 36 21 fri-

99 292 75 27 villige.
205 293 39 26 De,
267 299 45 15 som
334 292 75 21 härom
432 292 88 27 anmält,
543 292 79 21 befrias
644 291 48 22 från
708 291 95 27 lottning
819 290 37 22 och

99 327 86 22 komma
199 327 8 22 i
223 327 127 28 åtnjutande
366 326 22 21 af
401 327 39 20 här
456 326 63 22 ofvan
534 327 107 26 stadgade
657 325 96 28 uppskof
765 325 36 22 för
811 327 46 19 stu-

101 361 84 22 diernas
200 361 141 22 slutförande.

168 411 50 18 Art.
241 410 41 18 44.
313 407 111 27 Personer,
444 414 46 15 som
506 408 47 21 med
568 407 115 28 framgång
699 407 90 28 afslutat
805 407 52 20 kurs

99 443 7 20 i
122 443 91 21 ortodox
228 442 72 27 andlig
315 442 98 21 akademi
429 442 51 21 eller
490 442 137 21 seminarium
648 441 109 22 äfvensom
767 441 36 22 vid
811 443 46 19 teo-

99 477 82 27 logiska
191 476 120 22 fakulteten
321 476 24 22 af
354 477 130 21 Alexanders
494 477 158 26 universitetet,
668 477 85 26 åtnjuta
761 476 54 21 efter
825 475 32 21 af-

100 511 73 22 slutad
187 512 52 21 kurs
255 512 32 21 ett
303 511 34 22 års
353 511 95 28 uppskof
458 511 34 22 för
502 511 101 22 inträde
595 506 13 37 i
616 511 36 22 det
664 511 87 27 andliga
761 510 95 25 ståndet,

100 546 80 21 hvilket
194 545 80 22 befriar
289 545 47 22 från
351 546 154 27 värnepligten.

169 594 50 19 Art.
235 594 42 18 45.
302 592 43 21 För
367 598 109 21 personer,
492 598 45 15 som
552 592 36 21 vid
604 591 66 22 finskt
688 591 99 21 läroverk
805 596 52 15 vun-

101 626 32 21 nit
151 626 70 21 nedan
241 626 86 27 angifna
343 626 186 27 bildningsgrader
544 626 39 21 och
598 626 74 21 hvilka
688 625 61 22 skola
763 625 94 26 fullgöra

101 660 147 27 värnepligten
263 661 29 26 på
307 660 69 27 grund
392 660 22 22 af
430 660 100 28 lottning,
549 662 36 20 äro
604 660 116 21 faststälda
730 658 127 23 förkortade

101 694 141 28 tjenstetider,
259 694 66 28 enligt
339 694 93 28 följande
448 695 106 27 grunder:

172 729 20 27 1)
212 729 33 26 de,
261 735 44 15 som
323 730 125 26 genomgått
462 729 126 27 fullständig
603 730 53 20 kurs
671 729 35 21 vid
721 728 98 22 läroverk
837 726 22 22 af

101 762 69 22 första
192 764 119 26 kategorin,
335 766 55 19 samt
413 764 31 26 de,
469 770 44 15 som
537 764 125 27 genomgått
685 770 36 14 sex
743 762 83 22 klasser
851 761 7 21 i

101 799 83 20 statens
209 798 54 21 real-
284 798 51 21 eller
357 798 106 22 klassiska
486 798 105 26 läroverk,
612 798 108 21 äfvensom
737 797 32 26 de,
785 796 72 21 hvilka

102 831 65 27 aflagt
182 832 70 27 någon
264 831 23 22 af
295 832 63 21 dessa
368 832 76 22 kurser
455 833 151 21 motsvarande
616 830 167 28 kunskapsprof,
795 830 62 22 skola

101 866 59 27 tjena
174 866 7 21 i
197 866 58 21 aktiv
279 866 66 27 tjenst
367 867 37 20 två
420 867 24 20 år
460 866 38 22 och
514 867 7 21 i
537 867 85 21 arméns
646 872 72 16 reserv
735 867 75 20 sexton
822 864 34 26 år;

170 901 22 26 2)
216 900 31 26 de,
271 906 46 16 som
340 900 89 22 afslutat
448 901 52 21 kurs
523 901 50 21 eller
597 900 65 28 aflagt
686 906 93 20 examen,
802 900 54 20 mot-

101 935 106 21 svarande
221 935 79 21 kursen
316 935 7 21 i
338 935 84 21 landets
438 935 99 22 läroverk
552 935 23 21 af
587 935 68 22 andra
666 934 119 28 kategorin,
797 934 58 27 tjena

102 969 6 20 i
126 969 59 21 aktiv
202 970 67 26 tjenst
284 971 33 19 tre
333 970 24 20 år
372 970 38 21 och
426 970 6 21 i
448 970 85 21 arméns
548 976 72 15 reserv
636 970 80 21 femton
733 970 30 25 år,
779 968 39 22 och

171 1005 20 26 3)
209 1004 31 26 de,
249 1010 46 15 som
305 1004 114 21 innehafva
429 1004 65 27 betyg
504 1004 58 22 öfver
570 1004 122 22 kännedom
700 1004 23 21 af
729 1004 127 21 lärokursen

101 1038 35 21 vid
151 1038 99 22 läroverk
273 1038 22 21 af
315 1038 69 28 tredje
405 1039 119 27 kategorin,
548 1039 59 27 tjena
623 1039 7 21 i
646 1038 58 22 aktiv
727 1038 66 27 tjenst
808 1036 48 28 fyra

102 1073 23 20 år
141 1072 39 22 och
194 1073 7 21 i
217 1073 84 21 arméns
317 1079 72 15 reserv
404 1073 81 27 fjorton
504 1074 30 20 år.

169 1118 50 16 Anm.
228 1118 15 17 1.
260 1118 68 18 Finske
337 1118 109 22 infödingar,
455 1118 63 18 hvilka
526 1118 116 23 uppfostrats
654 1118 30 18 vid
693 1117 85 19 läroverk
787 1117 6 17 i
802 1117 53 22 Ryss-

101 1146 48 22 land,
169 1146 78 23 åtnjuta,
265 1147 31 17 vid
313 1146 125 23 fullgörandet
457 1147 21 17 af
490 1147 129 23 värnepligten
631 1147 24 23 på
667 1147 59 22 grund
739 1146 20 18 af
770 1145 87 22 lottning,

102 1175 96 18 enahanda
209 1175 113 23 rättigheter
333 1176 30 17 till
375 1176 98 18 förkortad
484 1176 104 22 tjenstetid,
597 1182 38 12 som
645 1176 5 17 i
660 1176 53 18 detta
721 1174 86 19 afseende
816 1174 37 17 till-

101 1204 72 17 komma
184 1204 47 21 dem,
243 1204 63 18 hvilka
318 1204 78 22 åtnjutit
408 1204 131 23 undervisning
551 1204 31 18 vid
595 1205 54 18 dessa
662 1204 90 18 läroverk.

170 1232 49 17 Anm.
236 1233 15 16 2.
263 1232 126 18 Föreskrifter
397 1238 28 12 om
433 1233 149 18 tillerkännande
591 1233 20 17 af
619 1233 49 18 vissa
677 1232 94 19 lättnader
779 1232 6 17 i
794 1233 64 16 värne-

101 1260 81 23 pligtens
199 1260 116 24 fullgörande
327 1261 30 18 för
368 1261 102 23 ynglingar,
484 1267 37 12 som
534 1262 75 17 erhållit
624 1262 28 17 sin
665 1261 110 23 uppfostran
787 1260 29 18 vid
830 1261 27 15 ut-

101 1289 79 18 ländska
191 1290 91 21 läroverk,
294 1290 84 22 biläggas
390 1290 76 18 härhos.

170 1318 49 17 Anm.
231 1319 17 16 3.
271 1318 37 18 För
319 1319 109 18 underbefäl
442 1319 33 18 och
486 1320 95 22 manskap,
595 1325 38 12 som
648 1320 66 22 utgöra
729 1318 128 23 värnepligten

102 1346 48 18 efter
167 1346 96 19 förkortad
281 1347 98 23 tjenstetid
392 1348 20 17 af
427 1348 31 18 två
471 1348 45 18 eller
529 1349 28 16 tre
570 1348 25 21 år,
609 1348 147 22 tillgodoräknas
770 1348 40 17 icke
823 1347 35 17 den

101 1375 33 21 tid,
151 1380 37 13 som
207 1376 105 22 tillbringas
325 1376 11 17 å
347 1376 109 22 permission
469 1376 5 17 i
487 1376 47 22 följd
546 1376 20 17 af
577 1376 109 23 sjuklighet,
698 1376 12 17 å
725 1376 90 17 terminen
830 1375 29 17 för

102 1404 52 17 aktiv
165 1404 125 23 tjenstgöring
302 1404 47 19 eller
360 1405 25 22 på
397 1405 35 18 den
444 1405 94 18 allmänna
549 1405 129 22 tjenstetiden.
697 1405 43 18 Ifall
752 1404 31 18 till
792 1404 65 17 under-

101 1432 50 18 befäl
164 1433 34 17 och
210 1433 88 22 manskap
311 1433 81 18 hörande
405 1439 72 17 person,
490 1439 38 12 som
540 1434 52 17 trädt
604 1434 6 17 i
623 1433 59 23 tjenst
695 1434 39 17 med
743 1433 115 22 rättigheter
