<?xml version="1.0" encoding="UTF-8"?>
<alto xmlns="http://www.loc.gov/standards/alto/ns-v3#" xmlns:xlink="http://www.w3.org/1999/xlink" xmlns:xsi="http://www.w3.org/2001/XMLSchema-instance" xsi:schemaLocation="http://www.loc.gov/standards/alto/ns-v3# http://www.loc.gov/alto/v3/alto-3-0.xsd">
	<Description>
		<MeasurementUnit>pixel</MeasurementUnit>
		<sourceImageInformation>
			<fileName>/tmp/tess_fkn_395t_input.PNG</fileName>
		</sourceImageInformation>
		<OCRProcessing ID="OCR_0">
			<ocrProcessingStep>
				<processingSoftware>
					<softwareName>tesseract 5.3.4</softwareName>
				</processingSoftware>
			</ocrProcessingStep>
		</OCRProcessing>
	</Description>
	<Layout>
		<Page WIDTH="1092" HEIGHT="1759" PHYSICAL_IMG_NR="0" ID="page_0">
			<PrintSpace HPOS="0" VPOS="0" WIDTH="1092" HEIGHT="1759">
				<ComposedBlock ID="cblock_0" HPOS="260" VPOS="134" WIDTH="492" HEIGHT="23">
					<TextBlock ID="block_0" HPOS="260" VPOS="134" WIDTH="492" HEIGHT="23">
						<TextLine ID="line_0" HPOS="260" VPOS="134" WIDTH="492" HEIGHT="23">
							<String ID="string_0" HPOS="260" VPOS="136" WIDTH="39" HEIGHT="20" WC="0.96" CONTENT="102"/><SP WIDTH="169" VPOS="136" HPOS="299"/>
							<String ID="string_1" HPOS="468" VPOS="134" WIDTH="84" HEIGHT="23" WC="0.91" CONTENT="Ständ."/><SP WIDTH="17" VPOS="134" HPOS="552"/>
							<String ID="string_2" HPOS="569" VPOS="134" WIDTH="39" HEIGHT="23" WC="0.93" CONTENT="Sv."/><SP WIDTH="12" VPOS="134" HPOS="608"/>
							<String ID="string_3" HPOS="620" VPOS="148" WIDTH="27" HEIGHT="3" WC="0.88" CONTENT="--"/><SP WIDTH="12" VPOS="148" HPOS="647"/>
							<String ID="string_4" HPOS="659" VPOS="135" WIDTH="48" HEIGHT="22" WC="0.85" CONTENT="Bil."/><SP WIDTH="16" VPOS="135" HPOS="707"/>
							<String ID="string_5" HPOS="723" VPOS="135" WIDTH="29" HEIGHT="22" WC="0.94" CONTENT="II."/>
						</TextLine>
					</TextBlock>
				</ComposedBlock>
				<ComposedBlock ID="cblock_1" HPOS="227" VPOS="204" WIDTH="761" HEIGHT="1260">
					<TextBlock ID="block_1" HPOS="228" VPOS="204" WIDTH="760" HEIGHT="541">
						<TextLine ID="line_1" HPOS="228" VPOS="204" WIDTH="760" HEIGHT="28">
							<String ID="string_6" HPOS="228" VPOS="204" WIDTH="80" HEIGHT="20" WC="0.96" CONTENT="derom"/><SP WIDTH="16" VPOS="204" HPOS="308"/>
							<String ID="string_7" HPOS="324" VPOS="204" WIDTH="93" HEIGHT="20" WC="0.96" CONTENT="anhålla"/><SP WIDTH="17" VPOS="204" HPOS="417"/>
							<String ID="string_8" HPOS="434" VPOS="206" WIDTH="75" HEIGHT="19" WC="0.96" CONTENT="senast"/><SP WIDTH="15" VPOS="206" HPOS="509"/>
							<String ID="string_9" HPOS="524" VPOS="204" WIDTH="39" HEIGHT="21" WC="0.96" CONTENT="två"/><SP WIDTH="16" VPOS="204" HPOS="563"/>
							<String ID="string_10" HPOS="579" VPOS="204" WIDTH="110" HEIGHT="21" WC="0.96" CONTENT="månader"/><SP WIDTH="16" VPOS="204" HPOS="689"/>
							<String ID="string_11" HPOS="705" VPOS="204" WIDTH="47" HEIGHT="21" WC="0.93" CONTENT="före"/><SP WIDTH="16" VPOS="204" HPOS="752"/>
							<String ID="string_12" HPOS="768" VPOS="204" WIDTH="117" HEIGHT="28" WC="0.91" CONTENT="uppbådet"/><SP WIDTH="15" VPOS="204" HPOS="885"/>
							<String ID="string_13" HPOS="900" VPOS="217" WIDTH="28" HEIGHT="2" WC="0.92" CONTENT="—"/><SP WIDTH="15" VPOS="217" HPOS="928"/>
							<String ID="string_14" HPOS="943" VPOS="211" WIDTH="45" HEIGHT="14" WC="0.91" CONTENT="me-"/>
						</TextLine>
						<TextLine ID="line_2" HPOS="228" VPOS="238" WIDTH="758" HEIGHT="28">
							<String ID="string_15" HPOS="228" VPOS="238" WIDTH="47" HEIGHT="20" WC="0.96" CONTENT="dan"/><SP WIDTH="22" VPOS="238" HPOS="275"/>
							<String ID="string_16" HPOS="297" VPOS="238" WIDTH="68" HEIGHT="26" WC="0.93" CONTENT="enligt"/><SP WIDTH="30" VPOS="238" HPOS="365"/>
							<String ID="string_17" HPOS="395" VPOS="238" WIDTH="7" HEIGHT="28" WC="0.93" CONTENT="$"/><SP WIDTH="24" VPOS="238" HPOS="402"/>
							<String ID="string_18" HPOS="426" VPOS="238" WIDTH="30" HEIGHT="22" WC="0.96" CONTENT="58"/><SP WIDTH="21" VPOS="238" HPOS="456"/>
							<String ID="string_19" HPOS="477" VPOS="238" WIDTH="7" HEIGHT="20" WC="0.95" CONTENT="i"/><SP WIDTH="16" VPOS="238" HPOS="484"/>
							<String ID="string_20" HPOS="500" VPOS="238" WIDTH="105" HEIGHT="27" WC="0.93" CONTENT="gällande"/><SP WIDTH="16" VPOS="238" HPOS="605"/>
							<String ID="string_21" HPOS="621" VPOS="238" WIDTH="187" HEIGHT="28" WC="0.91" CONTENT="Värnepligtslag,"/><SP WIDTH="17" VPOS="238" HPOS="808"/>
							<String ID="string_22" HPOS="825" VPOS="238" WIDTH="71" HEIGHT="21" WC="0.96" CONTENT="sådan"/><SP WIDTH="16" VPOS="238" HPOS="896"/>
							<String ID="string_23" HPOS="912" VPOS="238" WIDTH="74" HEIGHT="21" WC="0.96" CONTENT="denna"/>
						</TextLine>
						<TextLine ID="line_3" HPOS="230" VPOS="272" WIDTH="756" HEIGHT="28">
							<String ID="string_24" HPOS="230" VPOS="272" WIDTH="108" HEIGHT="27" WC="0.91" CONTENT="paragraf"/><SP WIDTH="20" VPOS="272" HPOS="338"/>
							<String ID="string_25" HPOS="358" VPOS="272" WIDTH="64" HEIGHT="28" WC="0.92" CONTENT="lyder"/><SP WIDTH="23" VPOS="272" HPOS="422"/>
							<String ID="string_26" HPOS="445" VPOS="272" WIDTH="6" HEIGHT="21" WC="0.93" CONTENT="i"/><SP WIDTH="24" VPOS="272" HPOS="451"/>
							<String ID="string_27" HPOS="475" VPOS="272" WIDTH="82" HEIGHT="27" WC="0.92" CONTENT="nädiga"/><SP WIDTH="24" VPOS="272" HPOS="557"/>
							<String ID="string_28" HPOS="581" VPOS="273" WIDTH="163" HEIGHT="26" WC="0.96" CONTENT="förordningen"/><SP WIDTH="23" VPOS="273" HPOS="744"/>
							<String ID="string_29" HPOS="767" VPOS="272" WIDTH="44" HEIGHT="21" WC="0.96" CONTENT="den"/><SP WIDTH="24" VPOS="272" HPOS="811"/>
							<String ID="string_30" HPOS="835" VPOS="273" WIDTH="25" HEIGHT="20" WC="0.96" CONTENT="11"/><SP WIDTH="18" VPOS="273" HPOS="860"/>
							<String ID="string_31" HPOS="878" VPOS="272" WIDTH="108" HEIGHT="21" WC="0.96" CONTENT="Februari"/>
						</TextLine>
						<TextLine ID="line_4" HPOS="231" VPOS="306" WIDTH="756" HEIGHT="28">
							<String ID="string_32" HPOS="231" VPOS="306" WIDTH="61" HEIGHT="26" WC="0.93" CONTENT="1889,"/><SP WIDTH="17" VPOS="306" HPOS="292"/>
							<String ID="string_33" HPOS="309" VPOS="306" WIDTH="64" HEIGHT="27" WC="0.92" CONTENT="dylik"/><SP WIDTH="23" VPOS="306" HPOS="373"/>
							<String ID="string_34" HPOS="396" VPOS="307" WIDTH="129" HEIGHT="26" WC="0.92" CONTENT="ansökning"/><SP WIDTH="16" VPOS="307" HPOS="525"/>
							<String ID="string_35" HPOS="541" VPOS="307" WIDTH="34" HEIGHT="20" WC="0.91" CONTENT="fär"/><SP WIDTH="16" VPOS="307" HPOS="575"/>
							<String ID="string_36" HPOS="591" VPOS="308" WIDTH="66" HEIGHT="25" WC="0.93" CONTENT="göras"/><SP WIDTH="16" VPOS="308" HPOS="657"/>
							<String ID="string_37" HPOS="673" VPOS="308" WIDTH="61" HEIGHT="19" WC="0.96" CONTENT="ännu"/><SP WIDTH="18" VPOS="308" HPOS="734"/>
							<String ID="string_38" HPOS="752" VPOS="307" WIDTH="38" HEIGHT="21" WC="0.93" CONTENT="vid"/><SP WIDTH="16" VPOS="307" HPOS="790"/>
							<String ID="string_39" HPOS="806" VPOS="306" WIDTH="181" HEIGHT="28" WC="0.92" CONTENT="uppbädstillfäl-"/>
						</TextLine>
						<TextLine ID="line_5" HPOS="229" VPOS="340" WIDTH="758" HEIGHT="28">
							<String ID="string_40" HPOS="229" VPOS="340" WIDTH="30" HEIGHT="20" WC="0.93" CONTENT="let"/><SP WIDTH="15" VPOS="340" HPOS="259"/>
							<String ID="string_41" HPOS="274" VPOS="352" WIDTH="28" HEIGHT="2" WC="0.93" CONTENT="—"/><SP WIDTH="16" VPOS="352" HPOS="302"/>
							<String ID="string_42" HPOS="318" VPOS="341" WIDTH="194" HEIGHT="27" WC="0.91" CONTENT="sammanhänger"/><SP WIDTH="16" VPOS="341" HPOS="512"/>
							<String ID="string_43" HPOS="528" VPOS="341" WIDTH="52" HEIGHT="21" WC="0.95" CONTENT="med"/><SP WIDTH="16" VPOS="341" HPOS="580"/>
							<String ID="string_44" HPOS="596" VPOS="341" WIDTH="37" HEIGHT="21" WC="0.95" CONTENT="det"/><SP WIDTH="16" VPOS="341" HPOS="633"/>
							<String ID="string_45" HPOS="649" VPOS="341" WIDTH="6" HEIGHT="20" WC="0.96" CONTENT="i"/><SP WIDTH="17" VPOS="341" HPOS="655"/>
							<String ID="string_46" HPOS="672" VPOS="341" WIDTH="171" HEIGHT="27" WC="0.96" CONTENT="propositionen"/><SP WIDTH="16" VPOS="341" HPOS="843"/>
							<String ID="string_47" HPOS="859" VPOS="341" WIDTH="128" HEIGHT="26" WC="0.96" CONTENT="föreslagna"/>
						</TextLine>
						<TextLine ID="line_6" HPOS="230" VPOS="374" WIDTH="757" HEIGHT="28">
							<String ID="string_48" HPOS="230" VPOS="374" WIDTH="223" HEIGHT="28" WC="0.41" CONTENT="uppbädssystemet,"/><SP WIDTH="23" VPOS="374" HPOS="453"/>
							<String ID="string_49" HPOS="476" VPOS="376" WIDTH="69" HEIGHT="26" WC="0.92" CONTENT="enligt"/><SP WIDTH="26" VPOS="376" HPOS="545"/>
							<String ID="string_50" HPOS="571" VPOS="376" WIDTH="87" HEIGHT="20" WC="0.96" CONTENT="hvilket"/><SP WIDTH="23" VPOS="376" HPOS="658"/>
							<String ID="string_51" HPOS="681" VPOS="376" WIDTH="130" HEIGHT="26" WC="0.96" CONTENT="anspråken"/><SP WIDTH="28" VPOS="376" HPOS="811"/>
							<String ID="string_52" HPOS="839" VPOS="376" WIDTH="28" HEIGHT="26" WC="0.93" CONTENT="pä"/><SP WIDTH="26" VPOS="376" HPOS="867"/>
							<String ID="string_53" HPOS="893" VPOS="375" WIDTH="94" HEIGHT="27" WC="0.89" CONTENT="eftergift"/>
						</TextLine>
						<TextLine ID="line_7" HPOS="228" VPOS="409" WIDTH="759" HEIGHT="27">
							<String ID="string_54" HPOS="228" VPOS="409" WIDTH="72" HEIGHT="21" WC="0.94" CONTENT="borde"/><SP WIDTH="22" VPOS="409" HPOS="300"/>
							<String ID="string_55" HPOS="322" VPOS="416" WIDTH="55" HEIGHT="14" WC="0.92" CONTENT="vara"/><SP WIDTH="25" VPOS="416" HPOS="377"/>
							<String ID="string_56" HPOS="402" VPOS="410" WIDTH="109" HEIGHT="26" WC="0.91" CONTENT="pröfvade"/><SP WIDTH="24" VPOS="410" HPOS="511"/>
							<String ID="string_57" HPOS="535" VPOS="410" WIDTH="47" HEIGHT="20" WC="0.93" CONTENT="före"/><SP WIDTH="23" VPOS="410" HPOS="582"/>
							<String ID="string_58" HPOS="605" VPOS="410" WIDTH="176" HEIGHT="26" WC="0.92" CONTENT="kontingentens"/><SP WIDTH="18" VPOS="410" HPOS="781"/>
							<String ID="string_59" HPOS="799" VPOS="410" WIDTH="128" HEIGHT="26" WC="0.91" CONTENT="fördelning"/><SP WIDTH="16" VPOS="410" HPOS="927"/>
							<String ID="string_60" HPOS="943" VPOS="410" WIDTH="44" HEIGHT="20" WC="0.96" CONTENT="och"/>
						</TextLine>
						<TextLine ID="line_8" HPOS="230" VPOS="443" WIDTH="755" HEIGHT="28">
							<String ID="string_61" HPOS="230" VPOS="443" WIDTH="88" HEIGHT="21" WC="0.96" CONTENT="således"/><SP WIDTH="23" VPOS="443" HPOS="318"/>
							<String ID="string_62" HPOS="341" VPOS="443" WIDTH="95" HEIGHT="27" WC="0.96" CONTENT="tidigare"/><SP WIDTH="23" VPOS="443" HPOS="436"/>
							<String ID="string_63" HPOS="459" VPOS="446" WIDTH="29" HEIGHT="18" WC="0.93" CONTENT="än"/><SP WIDTH="24" VPOS="446" HPOS="488"/>
							<String ID="string_64" HPOS="512" VPOS="444" WIDTH="273" HEIGHT="27" WC="0.71" CONTENT="upphädsförrättningen"/><SP WIDTH="20" VPOS="444" HPOS="785"/>
							<String ID="string_65" HPOS="805" VPOS="450" WIDTH="50" HEIGHT="20" WC="0.96" CONTENT="eger"/><SP WIDTH="16" VPOS="450" HPOS="855"/>
							<String ID="string_66" HPOS="871" VPOS="451" WIDTH="51" HEIGHT="13" WC="0.96" CONTENT="rum"/><SP WIDTH="15" VPOS="451" HPOS="922"/>
							<String ID="string_67" HPOS="937" VPOS="444" WIDTH="48" HEIGHT="26" WC="0.96" CONTENT="(art."/>
						</TextLine>
						<TextLine ID="line_9" HPOS="228" VPOS="478" WIDTH="759" HEIGHT="26">
							<String ID="string_68" HPOS="228" VPOS="478" WIDTH="42" HEIGHT="26" WC="0.92" CONTENT="89)."/><SP WIDTH="31" VPOS="478" HPOS="270"/>
							<String ID="string_69" HPOS="301" VPOS="478" WIDTH="34" HEIGHT="20" WC="0.90" CONTENT="Dä"/><SP WIDTH="24" VPOS="478" HPOS="335"/>
							<String ID="string_70" HPOS="359" VPOS="478" WIDTH="127" HEIGHT="20" WC="0.91" CONTENT="Ständerna"/><SP WIDTH="20" VPOS="478" HPOS="486"/>
							<String ID="string_71" HPOS="506" VPOS="478" WIDTH="70" HEIGHT="20" WC="0.92" CONTENT="likväl"/><SP WIDTH="24" VPOS="478" HPOS="576"/>
							<String ID="string_72" HPOS="600" VPOS="478" WIDTH="48" HEIGHT="21" WC="0.93" CONTENT="icke"/><SP WIDTH="24" VPOS="478" HPOS="648"/>
							<String ID="string_73" HPOS="672" VPOS="478" WIDTH="88" HEIGHT="20" WC="0.93" CONTENT="kunnat"/><SP WIDTH="19" VPOS="478" HPOS="760"/>
							<String ID="string_74" HPOS="779" VPOS="478" WIDTH="123" HEIGHT="26" WC="0.90" CONTENT="godkänna"/><SP WIDTH="16" VPOS="478" HPOS="902"/>
							<String ID="string_75" HPOS="918" VPOS="478" WIDTH="69" HEIGHT="26" WC="0.91" CONTENT="sagda"/>
						</TextLine>
						<TextLine ID="line_10" HPOS="229" VPOS="512" WIDTH="758" HEIGHT="26">
							<String ID="string_76" HPOS="229" VPOS="514" WIDTH="85" HEIGHT="24" WC="0.95" CONTENT="system"/><SP WIDTH="22" VPOS="514" HPOS="314"/>
							<String ID="string_77" HPOS="336" VPOS="512" WIDTH="34" HEIGHT="20" WC="0.92" CONTENT="till"/><SP WIDTH="24" VPOS="512" HPOS="370"/>
							<String ID="string_78" HPOS="394" VPOS="512" WIDTH="120" HEIGHT="21" WC="0.94" CONTENT="införande"/><SP WIDTH="23" VPOS="512" HPOS="514"/>
							<String ID="string_79" HPOS="537" VPOS="512" WIDTH="6" HEIGHT="20" WC="0.96" CONTENT="i"/><SP WIDTH="25" VPOS="512" HPOS="543"/>
							<String ID="string_80" HPOS="568" VPOS="512" WIDTH="105" HEIGHT="26" WC="0.93" CONTENT="Finland,"/><SP WIDTH="25" VPOS="512" HPOS="673"/>
							<String ID="string_81" HPOS="698" VPOS="512" WIDTH="68" HEIGHT="21" WC="0.93" CONTENT="hafva"/><SP WIDTH="23" VPOS="512" HPOS="766"/>
							<String ID="string_82" HPOS="789" VPOS="512" WIDTH="127" HEIGHT="21" WC="0.91" CONTENT="Ständerna"/><SP WIDTH="21" VPOS="512" HPOS="916"/>
							<String ID="string_83" HPOS="937" VPOS="512" WIDTH="50" HEIGHT="21" WC="0.96" CONTENT="icke"/>
						</TextLine>
						<TextLine ID="line_11" HPOS="229" VPOS="546" WIDTH="758" HEIGHT="28">
							<String ID="string_84" HPOS="229" VPOS="546" WIDTH="71" HEIGHT="20" WC="0.93" CONTENT="heller"/><SP WIDTH="21" VPOS="546" HPOS="300"/>
							<String ID="string_85" HPOS="321" VPOS="546" WIDTH="49" HEIGHT="20" WC="0.95" CONTENT="haft"/><SP WIDTH="15" VPOS="546" HPOS="370"/>
							<String ID="string_86" HPOS="385" VPOS="546" WIDTH="124" HEIGHT="27" WC="0.95" CONTENT="anledning"/><SP WIDTH="15" VPOS="546" HPOS="509"/>
							<String ID="string_87" HPOS="524" VPOS="549" WIDTH="33" HEIGHT="18" WC="0.93" CONTENT="att"/><SP WIDTH="15" VPOS="549" HPOS="557"/>
							<String ID="string_88" HPOS="572" VPOS="547" WIDTH="90" HEIGHT="26" WC="0.96" CONTENT="vidtaga"/><SP WIDTH="17" VPOS="547" HPOS="662"/>
							<String ID="string_89" HPOS="679" VPOS="546" WIDTH="96" HEIGHT="26" WC="0.96" CONTENT="ändring"/><SP WIDTH="16" VPOS="546" HPOS="775"/>
							<String ID="string_90" HPOS="791" VPOS="546" WIDTH="6" HEIGHT="20" WC="0.93" CONTENT="i"/><SP WIDTH="17" VPOS="546" HPOS="797"/>
							<String ID="string_91" HPOS="814" VPOS="547" WIDTH="173" HEIGHT="27" WC="0.87" CONTENT="Värnepligtsla-"/>
						</TextLine>
						<TextLine ID="line_12" HPOS="229" VPOS="580" WIDTH="758" HEIGHT="27">
							<String ID="string_92" HPOS="229" VPOS="586" WIDTH="55" HEIGHT="20" WC="0.96" CONTENT="gens"/><SP WIDTH="26" VPOS="586" HPOS="284"/>
							<String ID="string_93" HPOS="310" VPOS="580" WIDTH="30" HEIGHT="21" WC="0.96" CONTENT="uti"/><SP WIDTH="28" VPOS="580" HPOS="340"/>
							<String ID="string_94" HPOS="368" VPOS="581" WIDTH="148" HEIGHT="21" WC="0.96" CONTENT="förevarande"/><SP WIDTH="31" VPOS="581" HPOS="516"/>
							<String ID="string_95" HPOS="547" VPOS="581" WIDTH="130" HEIGHT="21" WC="0.95" CONTENT="hänseende"/><SP WIDTH="28" VPOS="581" HPOS="677"/>
							<String ID="string_96" HPOS="705" VPOS="581" WIDTH="105" HEIGHT="26" WC="0.93" CONTENT="gällande"/><SP WIDTH="26" VPOS="581" HPOS="810"/>
							<String ID="string_97" HPOS="836" VPOS="581" WIDTH="151" HEIGHT="26" WC="0.94" CONTENT="bestämning,"/>
						</TextLine>
						<TextLine ID="line_13" HPOS="229" VPOS="614" WIDTH="758" HEIGHT="28">
							<String ID="string_98" HPOS="229" VPOS="614" WIDTH="59" HEIGHT="21" WC="0.96" CONTENT="helst"/><SP WIDTH="23" VPOS="614" HPOS="288"/>
							<String ID="string_99" HPOS="311" VPOS="614" WIDTH="75" HEIGHT="21" WC="0.95" CONTENT="denna"/><SP WIDTH="24" VPOS="614" HPOS="386"/>
							<String ID="string_100" HPOS="410" VPOS="615" WIDTH="96" HEIGHT="21" WC="0.96" CONTENT="innebär"/><SP WIDTH="23" VPOS="615" HPOS="506"/>
							<String ID="string_101" HPOS="529" VPOS="617" WIDTH="70" HEIGHT="19" WC="0.96" CONTENT="större"/><SP WIDTH="24" VPOS="617" HPOS="599"/>
							<String ID="string_102" HPOS="623" VPOS="615" WIDTH="169" HEIGHT="27" WC="0.96" CONTENT="bekvämlighet"/><SP WIDTH="22" VPOS="615" HPOS="792"/>
							<String ID="string_103" HPOS="814" VPOS="615" WIDTH="34" HEIGHT="21" WC="0.96" CONTENT="för"/><SP WIDTH="18" VPOS="615" HPOS="848"/>
							<String ID="string_104" HPOS="866" VPOS="616" WIDTH="27" HEIGHT="20" WC="0.93" CONTENT="de"/><SP WIDTH="16" VPOS="616" HPOS="893"/>
							<String ID="string_105" HPOS="909" VPOS="616" WIDTH="78" HEIGHT="20" WC="0.92" CONTENT="värne-"/>
						</TextLine>
						<TextLine ID="line_14" HPOS="229" VPOS="648" WIDTH="759" HEIGHT="28">
							<String ID="string_106" HPOS="229" VPOS="648" WIDTH="98" HEIGHT="28" WC="0.92" CONTENT="pligtige,"/><SP WIDTH="17" VPOS="648" HPOS="327"/>
							<String ID="string_107" HPOS="344" VPOS="652" WIDTH="59" HEIGHT="18" WC="0.96" CONTENT="samt"/><SP WIDTH="15" VPOS="652" HPOS="403"/>
							<String ID="string_108" HPOS="418" VPOS="650" WIDTH="118" HEIGHT="20" WC="0.96" CONTENT="dessutom"/><SP WIDTH="16" VPOS="650" HPOS="536"/>
							<String ID="string_109" HPOS="552" VPOS="650" WIDTH="87" HEIGHT="20" WC="0.95" CONTENT="sådana"/><SP WIDTH="16" VPOS="650" HPOS="639"/>
							<String ID="string_110" HPOS="655" VPOS="649" WIDTH="167" HEIGHT="27" WC="0.95" CONTENT="förhållanden,"/><SP WIDTH="16" VPOS="649" HPOS="822"/>
							<String ID="string_111" HPOS="838" VPOS="650" WIDTH="76" HEIGHT="20" WC="0.93" CONTENT="hvilka"/><SP WIDTH="13" VPOS="650" HPOS="914"/>
							<String ID="string_112" HPOS="927" VPOS="649" WIDTH="61" HEIGHT="21" WC="0.92" CONTENT="med-"/>
						</TextLine>
						<TextLine ID="line_15" HPOS="229" VPOS="683" WIDTH="757" HEIGHT="27">
							<String ID="string_113" HPOS="229" VPOS="683" WIDTH="50" HEIGHT="21" WC="0.95" CONTENT="föra"/><SP WIDTH="15" VPOS="683" HPOS="279"/>
							<String ID="string_114" HPOS="294" VPOS="683" WIDTH="96" HEIGHT="27" WC="0.95" CONTENT="eftergift"/><SP WIDTH="16" VPOS="683" HPOS="390"/>
							<String ID="string_115" HPOS="406" VPOS="684" WIDTH="24" HEIGHT="20" WC="0.96" CONTENT="af"/><SP WIDTH="13" VPOS="684" HPOS="430"/>
							<String ID="string_116" HPOS="443" VPOS="684" WIDTH="173" HEIGHT="26" WC="0.95" CONTENT="ifrågavarande"/><SP WIDTH="17" VPOS="684" HPOS="616"/>
							<String ID="string_117" HPOS="633" VPOS="684" WIDTH="54" HEIGHT="26" WC="0.96" CONTENT="slag,"/><SP WIDTH="17" VPOS="684" HPOS="687"/>
							<String ID="string_118" HPOS="704" VPOS="684" WIDTH="79" HEIGHT="20" WC="0.95" CONTENT="kunna"/><SP WIDTH="16" VPOS="684" HPOS="783"/>
							<String ID="string_119" HPOS="799" VPOS="684" WIDTH="89" HEIGHT="20" WC="0.93" CONTENT="inträda"/><SP WIDTH="13" VPOS="684" HPOS="888"/>
							<String ID="string_120" HPOS="901" VPOS="684" WIDTH="85" HEIGHT="26" WC="0.92" CONTENT="jemväl"/>
						</TextLine>
						<TextLine ID="line_16" HPOS="229" VPOS="717" WIDTH="558" HEIGHT="28">
							<String ID="string_121" HPOS="229" VPOS="717" WIDTH="73" HEIGHT="21" WC="0.96" CONTENT="under"/><SP WIDTH="15" VPOS="717" HPOS="302"/>
							<String ID="string_122" HPOS="317" VPOS="718" WIDTH="62" HEIGHT="20" WC="0.96" CONTENT="tiden"/><SP WIDTH="17" VPOS="718" HPOS="379"/>
							<String ID="string_123" HPOS="396" VPOS="719" WIDTH="102" HEIGHT="20" WC="0.96" CONTENT="närmast"/><SP WIDTH="16" VPOS="719" HPOS="498"/>
							<String ID="string_124" HPOS="514" VPOS="718" WIDTH="47" HEIGHT="21" WC="0.93" CONTENT="före"/><SP WIDTH="17" VPOS="718" HPOS="561"/>
							<String ID="string_125" HPOS="578" VPOS="718" WIDTH="209" HEIGHT="27" WC="0.90" CONTENT="uppbådstillfället."/>
						</TextLine>
					</TextBlock>
					<TextBlock ID="block_2" HPOS="227" VPOS="752" WIDTH="760" HEIGHT="712">
						<TextLine ID="line_17" HPOS="298" VPOS="752" WIDTH="689" HEIGHT="28">
							<String ID="string_126" HPOS="298" VPOS="752" WIDTH="161" HEIGHT="26" WC="0.96" CONTENT="Stadgandena"/><SP WIDTH="18" VPOS="752" HPOS="459"/>
							<String ID="string_127" HPOS="477" VPOS="753" WIDTH="6" HEIGHT="20" WC="0.93" CONTENT="i"/><SP WIDTH="17" VPOS="753" HPOS="483"/>
							<String ID="string_128" HPOS="500" VPOS="753" WIDTH="221" HEIGHT="27" WC="0.92" CONTENT="Värnepligtslagens"/><SP WIDTH="17" VPOS="753" HPOS="721"/>
							<String ID="string_129" HPOS="738" VPOS="752" WIDTH="14" HEIGHT="28" WC="0.92" CONTENT="$"/><SP WIDTH="17" VPOS="752" HPOS="752"/>
							<String ID="string_130" HPOS="769" VPOS="752" WIDTH="38" HEIGHT="27" WC="0.93" CONTENT="59,"/><SP WIDTH="17" VPOS="752" HPOS="807"/>
							<String ID="string_131" HPOS="824" VPOS="752" WIDTH="71" HEIGHT="21" WC="0.96" CONTENT="sådan"/><SP WIDTH="16" VPOS="752" HPOS="895"/>
							<String ID="string_132" HPOS="911" VPOS="752" WIDTH="76" HEIGHT="21" WC="0.96" CONTENT="denna"/>
						</TextLine>
						<TextLine ID="line_18" HPOS="229" VPOS="786" WIDTH="758" HEIGHT="28">
							<String ID="string_133" HPOS="229" VPOS="786" WIDTH="108" HEIGHT="26" WC="0.96" CONTENT="paragraf"/><SP WIDTH="21" VPOS="786" HPOS="337"/>
							<String ID="string_134" HPOS="358" VPOS="787" WIDTH="63" HEIGHT="26" WC="0.96" CONTENT="lyder"/><SP WIDTH="23" VPOS="787" HPOS="421"/>
							<String ID="string_135" HPOS="444" VPOS="787" WIDTH="6" HEIGHT="20" WC="0.93" CONTENT="i"/><SP WIDTH="24" VPOS="787" HPOS="450"/>
							<String ID="string_136" HPOS="474" VPOS="787" WIDTH="83" HEIGHT="27" WC="0.96" CONTENT="nådiga"/><SP WIDTH="19" VPOS="787" HPOS="557"/>
							<String ID="string_137" HPOS="576" VPOS="787" WIDTH="162" HEIGHT="27" WC="0.96" CONTENT="förordningen"/><SP WIDTH="17" VPOS="787" HPOS="738"/>
							<String ID="string_138" HPOS="755" VPOS="787" WIDTH="43" HEIGHT="21" WC="0.96" CONTENT="den"/><SP WIDTH="17" VPOS="787" HPOS="798"/>
							<String ID="string_139" HPOS="815" VPOS="788" WIDTH="27" HEIGHT="20" WC="0.96" CONTENT="20"/><SP WIDTH="16" VPOS="788" HPOS="842"/>
							<String ID="string_140" HPOS="858" VPOS="787" WIDTH="129" HEIGHT="21" WC="0.96" CONTENT="November"/>
						</TextLine>
						<TextLine ID="line_19" HPOS="230" VPOS="820" WIDTH="755" HEIGHT="28">
							<String ID="string_141" HPOS="230" VPOS="821" WIDTH="62" HEIGHT="25" WC="0.92" CONTENT="1882,"/><SP WIDTH="24" VPOS="821" HPOS="292"/>
							<String ID="string_142" HPOS="316" VPOS="820" WIDTH="123" HEIGHT="21" WC="0.90" CONTENT="äterfinnas"/><SP WIDTH="24" VPOS="820" HPOS="439"/>
							<String ID="string_143" HPOS="463" VPOS="821" WIDTH="6" HEIGHT="20" WC="0.96" CONTENT="i"/><SP WIDTH="23" VPOS="821" HPOS="469"/>
							<String ID="string_144" HPOS="492" VPOS="824" WIDTH="39" HEIGHT="18" WC="0.95" CONTENT="art."/><SP WIDTH="26" VPOS="824" HPOS="531"/>
							<String ID="string_145" HPOS="557" VPOS="822" WIDTH="25" HEIGHT="19" WC="0.93" CONTENT="77"/><SP WIDTH="17" VPOS="822" HPOS="582"/>
							<String ID="string_146" HPOS="599" VPOS="821" WIDTH="31" HEIGHT="21" WC="0.92" CONTENT="uti"/><SP WIDTH="17" VPOS="821" HPOS="630"/>
							<String ID="string_147" HPOS="647" VPOS="822" WIDTH="44" HEIGHT="20" WC="0.93" CONTENT="den"/><SP WIDTH="17" VPOS="822" HPOS="691"/>
							<String ID="string_148" HPOS="708" VPOS="821" WIDTH="83" HEIGHT="26" WC="0.92" CONTENT="nädiga"/><SP WIDTH="17" VPOS="821" HPOS="791"/>
							<String ID="string_149" HPOS="808" VPOS="821" WIDTH="177" HEIGHT="27" WC="0.96" CONTENT="propositionen,"/>
						</TextLine>
						<TextLine ID="line_20" HPOS="229" VPOS="854" WIDTH="757" HEIGHT="22">
							<String ID="string_150" HPOS="229" VPOS="854" WIDTH="93" HEIGHT="21" WC="0.91" CONTENT="hvilken"/><SP WIDTH="17" VPOS="854" HPOS="322"/>
							<String ID="string_151" HPOS="339" VPOS="855" WIDTH="81" HEIGHT="20" WC="0.96" CONTENT="artikel"/><SP WIDTH="10" VPOS="855" HPOS="420"/>
							<String ID="string_152" HPOS="430" VPOS="856" WIDTH="60" HEIGHT="20" WC="0.93" CONTENT="dock"/><SP WIDTH="11" VPOS="856" HPOS="490"/>
							<String ID="string_153" HPOS="501" VPOS="856" WIDTH="131" HEIGHT="20" WC="0.92" CONTENT="derutöfver"/><SP WIDTH="10" VPOS="856" HPOS="632"/>
							<String ID="string_154" HPOS="642" VPOS="856" WIDTH="127" HEIGHT="20" WC="0.92" CONTENT="innehäller"/><SP WIDTH="12" VPOS="856" HPOS="769"/>
							<String ID="string_155" HPOS="781" VPOS="856" WIDTH="114" HEIGHT="20" WC="0.92" CONTENT="föreskrift"/><SP WIDTH="10" VPOS="856" HPOS="895"/>
							<String ID="string_156" HPOS="905" VPOS="862" WIDTH="38" HEIGHT="13" WC="0.96" CONTENT="om"/><SP WIDTH="12" VPOS="862" HPOS="943"/>
							<String ID="string_157" HPOS="955" VPOS="858" WIDTH="31" HEIGHT="17" WC="0.96" CONTENT="att"/>
						</TextLine>
						<TextLine ID="line_21" HPOS="229" VPOS="888" WIDTH="758" HEIGHT="28">
							<String ID="string_158" HPOS="229" VPOS="888" WIDTH="233" HEIGHT="28" WC="0.49" CONTENT="uppbädslängderna"/><SP WIDTH="16" VPOS="888" HPOS="462"/>
							<String ID="string_159" HPOS="478" VPOS="890" WIDTH="72" HEIGHT="21" WC="0.93" CONTENT="under"/><SP WIDTH="16" VPOS="890" HPOS="550"/>
							<String ID="string_160" HPOS="566" VPOS="890" WIDTH="37" HEIGHT="20" WC="0.96" CONTENT="två"/><SP WIDTH="16" VPOS="890" HPOS="603"/>
							<String ID="string_161" HPOS="619" VPOS="890" WIDTH="95" HEIGHT="21" WC="0.96" CONTENT="veckors"/><SP WIDTH="15" VPOS="890" HPOS="714"/>
							<String ID="string_162" HPOS="729" VPOS="890" WIDTH="33" HEIGHT="20" WC="0.96" CONTENT="tid"/><SP WIDTH="16" VPOS="890" HPOS="762"/>
							<String ID="string_163" HPOS="778" VPOS="890" WIDTH="70" HEIGHT="20" WC="0.93" CONTENT="borde"/><SP WIDTH="16" VPOS="890" HPOS="848"/>
							<String ID="string_164" HPOS="864" VPOS="890" WIDTH="73" HEIGHT="21" WC="0.96" CONTENT="hållas"/><SP WIDTH="16" VPOS="890" HPOS="937"/>
							<String ID="string_165" HPOS="953" VPOS="890" WIDTH="34" HEIGHT="20" WC="0.96" CONTENT="för"/>
						</TextLine>
						<TextLine ID="line_22" HPOS="228" VPOS="923" WIDTH="758" HEIGHT="28">
							<String ID="string_166" HPOS="228" VPOS="923" WIDTH="156" HEIGHT="21" WC="0.93" CONTENT="allmänheten"/><SP WIDTH="16" VPOS="923" HPOS="384"/>
							<String ID="string_167" HPOS="400" VPOS="924" WIDTH="139" HEIGHT="26" WC="0.93" CONTENT="tillgängliga"/><SP WIDTH="16" VPOS="924" HPOS="539"/>
							<String ID="string_168" HPOS="555" VPOS="924" WIDTH="13" HEIGHT="20" WC="0.92" CONTENT="å"/><SP WIDTH="17" VPOS="924" HPOS="568"/>
							<String ID="string_169" HPOS="585" VPOS="924" WIDTH="110" HEIGHT="21" WC="0.88" CONTENT="distrikts-"/><SP WIDTH="10" VPOS="924" HPOS="695"/>
							<String ID="string_170" HPOS="705" VPOS="924" WIDTH="132" HEIGHT="27" WC="0.89" CONTENT="(uppbäds-)"/><SP WIDTH="11" VPOS="924" HPOS="837"/>
							<String ID="string_171" HPOS="848" VPOS="924" WIDTH="138" HEIGHT="20" WC="0.90" CONTENT="nämdernas"/>
						</TextLine>
						<TextLine ID="line_23" HPOS="229" VPOS="957" WIDTH="757" HEIGHT="27">
							<String ID="string_172" HPOS="229" VPOS="957" WIDTH="106" HEIGHT="21" WC="0.91" CONTENT="kanslier."/><SP WIDTH="33" VPOS="957" HPOS="335"/>
							<String ID="string_173" HPOS="368" VPOS="958" WIDTH="66" HEIGHT="20" WC="0.93" CONTENT="Detta"/><SP WIDTH="18" VPOS="958" HPOS="434"/>
							<String ID="string_174" HPOS="452" VPOS="958" WIDTH="76" HEIGHT="26" WC="0.91" CONTENT="tillägg"/><SP WIDTH="16" VPOS="958" HPOS="528"/>
							<String ID="string_175" HPOS="544" VPOS="958" WIDTH="46" HEIGHT="21" WC="0.93" CONTENT="stär"/><SP WIDTH="19" VPOS="958" HPOS="590"/>
							<String ID="string_176" HPOS="609" VPOS="958" WIDTH="3" HEIGHT="20" WC="0.95" CONTENT="i"/><SP WIDTH="17" VPOS="958" HPOS="612"/>
							<String ID="string_177" HPOS="629" VPOS="959" WIDTH="169" HEIGHT="25" WC="0.96" CONTENT="sammanhang"/><SP WIDTH="17" VPOS="959" HPOS="798"/>
							<String ID="string_178" HPOS="815" VPOS="958" WIDTH="52" HEIGHT="20" WC="0.93" CONTENT="med"/><SP WIDTH="16" VPOS="958" HPOS="867"/>
							<String ID="string_179" HPOS="883" VPOS="958" WIDTH="103" HEIGHT="26" WC="0.92" CONTENT="stadgan-"/>
						</TextLine>
						<TextLine ID="line_24" HPOS="228" VPOS="991" WIDTH="759" HEIGHT="28">
							<String ID="string_180" HPOS="228" VPOS="991" WIDTH="38" HEIGHT="21" WC="0.95" CONTENT="det"/><SP WIDTH="16" VPOS="991" HPOS="266"/>
							<String ID="string_181" HPOS="282" VPOS="991" WIDTH="6" HEIGHT="20" WC="0.95" CONTENT="i"/><SP WIDTH="17" VPOS="991" HPOS="288"/>
							<String ID="string_182" HPOS="305" VPOS="994" WIDTH="39" HEIGHT="18" WC="0.96" CONTENT="art."/><SP WIDTH="18" VPOS="994" HPOS="344"/>
							<String ID="string_183" HPOS="362" VPOS="992" WIDTH="33" HEIGHT="26" WC="0.96" CONTENT="78,"/><SP WIDTH="15" VPOS="992" HPOS="395"/>
							<String ID="string_184" HPOS="410" VPOS="994" WIDTH="32" HEIGHT="19" WC="0.93" CONTENT="att"/><SP WIDTH="17" VPOS="994" HPOS="442"/>
							<String ID="string_185" HPOS="459" VPOS="992" WIDTH="180" HEIGHT="26" WC="0.92" CONTENT="anmärkningar"/><SP WIDTH="15" VPOS="992" HPOS="639"/>
							<String ID="string_186" HPOS="654" VPOS="995" WIDTH="61" HEIGHT="18" WC="0.93" CONTENT="emot"/><SP WIDTH="16" VPOS="995" HPOS="715"/>
							<String ID="string_187" HPOS="731" VPOS="992" WIDTH="124" HEIGHT="27" WC="0.92" CONTENT="längderna"/><SP WIDTH="17" VPOS="992" HPOS="855"/>
							<String ID="string_188" HPOS="872" VPOS="993" WIDTH="58" HEIGHT="25" WC="0.92" CONTENT="finge"/><SP WIDTH="17" VPOS="993" HPOS="930"/>
							<String ID="string_189" HPOS="947" VPOS="999" WIDTH="40" HEIGHT="13" WC="0.90" CONTENT="un-"/>
						</TextLine>
						<TextLine ID="line_25" HPOS="228" VPOS="1026" WIDTH="759" HEIGHT="26">
							<String ID="string_190" HPOS="228" VPOS="1026" WIDTH="41" HEIGHT="20" WC="0.91" CONTENT="der"/><SP WIDTH="23" VPOS="1026" HPOS="269"/>
							<String ID="string_191" HPOS="292" VPOS="1026" WIDTH="151" HEIGHT="26" WC="0.58" CONTENT="nyssberörda"/><SP WIDTH="25" VPOS="1026" HPOS="443"/>
							<String ID="string_192" HPOS="468" VPOS="1027" WIDTH="31" HEIGHT="20" WC="0.92" CONTENT="tid"/><SP WIDTH="24" VPOS="1027" HPOS="499"/>
							<String ID="string_193" HPOS="523" VPOS="1027" WIDTH="138" HEIGHT="20" WC="0.95" CONTENT="framställas"/><SP WIDTH="17" VPOS="1027" HPOS="661"/>
							<String ID="string_194" HPOS="678" VPOS="1027" WIDTH="43" HEIGHT="20" WC="0.96" CONTENT="hos"/><SP WIDTH="16" VPOS="1027" HPOS="721"/>
							<String ID="string_195" HPOS="737" VPOS="1026" WIDTH="170" HEIGHT="21" WC="0.93" CONTENT="vederbörande"/><SP WIDTH="16" VPOS="1026" HPOS="907"/>
							<String ID="string_196" HPOS="923" VPOS="1026" WIDTH="64" HEIGHT="21" WC="0.90" CONTENT="kom-"/>
						</TextLine>
						<TextLine ID="line_26" HPOS="229" VPOS="1060" WIDTH="758" HEIGHT="28">
							<String ID="string_197" HPOS="229" VPOS="1060" WIDTH="187" HEIGHT="27" WC="0.92" CONTENT="munalstyrelser"/><SP WIDTH="24" VPOS="1060" HPOS="416"/>
							<String ID="string_198" HPOS="440" VPOS="1062" WIDTH="42" HEIGHT="20" WC="0.92" CONTENT="och"/><SP WIDTH="22" VPOS="1062" HPOS="482"/>
							<String ID="string_199" HPOS="504" VPOS="1061" WIDTH="206" HEIGHT="26" WC="0.90" CONTENT="distriktsnämder,"/><SP WIDTH="22" VPOS="1061" HPOS="710"/>
							<String ID="string_200" HPOS="732" VPOS="1061" WIDTH="38" HEIGHT="21" WC="0.92" CONTENT="vid"/><SP WIDTH="23" VPOS="1061" HPOS="770"/>
							<String ID="string_201" HPOS="793" VPOS="1061" WIDTH="109" HEIGHT="27" WC="0.92" CONTENT="äfventyr,"/><SP WIDTH="17" VPOS="1061" HPOS="902"/>
							<String ID="string_202" HPOS="919" VPOS="1061" WIDTH="68" HEIGHT="26" WC="0.96" CONTENT="enligt"/>
						</TextLine>
						<TextLine ID="line_27" HPOS="228" VPOS="1094" WIDTH="759" HEIGHT="28">
							<String ID="string_203" HPOS="228" VPOS="1096" WIDTH="40" HEIGHT="18" WC="0.93" CONTENT="art."/><SP WIDTH="24" VPOS="1096" HPOS="268"/>
							<String ID="string_204" HPOS="292" VPOS="1094" WIDTH="33" HEIGHT="26" WC="0.95" CONTENT="79,"/><SP WIDTH="17" VPOS="1094" HPOS="325"/>
							<String ID="string_205" HPOS="342" VPOS="1096" WIDTH="31" HEIGHT="18" WC="0.90" CONTENT="att"/><SP WIDTH="23" VPOS="1096" HPOS="373"/>
							<String ID="string_206" HPOS="396" VPOS="1095" WIDTH="154" HEIGHT="26" WC="0.96" CONTENT="anmärkning"/><SP WIDTH="16" VPOS="1095" HPOS="550"/>
							<String ID="string_207" HPOS="566" VPOS="1095" WIDTH="95" HEIGHT="21" WC="0.96" CONTENT="derefter"/><SP WIDTH="16" VPOS="1095" HPOS="661"/>
							<String ID="string_208" HPOS="677" VPOS="1095" WIDTH="17" HEIGHT="27" WC="0.93" CONTENT="ej"/><SP WIDTH="18" VPOS="1095" HPOS="694"/>
							<String ID="string_209" HPOS="712" VPOS="1097" WIDTH="131" HEIGHT="24" WC="0.90" CONTENT="emottoges,"/><SP WIDTH="16" VPOS="1097" HPOS="843"/>
							<String ID="string_210" HPOS="859" VPOS="1102" WIDTH="38" HEIGHT="13" WC="0.93" CONTENT="om"/><SP WIDTH="16" VPOS="1102" HPOS="897"/>
							<String ID="string_211" HPOS="913" VPOS="1094" WIDTH="18" HEIGHT="27" WC="0.93" CONTENT="ej"/><SP WIDTH="18" VPOS="1094" HPOS="931"/>
							<String ID="string_212" HPOS="949" VPOS="1095" WIDTH="38" HEIGHT="26" WC="0.93" CONTENT="gil-"/>
						</TextLine>
						<TextLine ID="line_28" HPOS="230" VPOS="1128" WIDTH="755" HEIGHT="27">
							<String ID="string_213" HPOS="230" VPOS="1128" WIDTH="39" HEIGHT="26" WC="0.90" CONTENT="tigt"/><SP WIDTH="23" VPOS="1128" HPOS="269"/>
							<String ID="string_214" HPOS="292" VPOS="1128" WIDTH="49" HEIGHT="20" WC="0.96" CONTENT="skäl"/><SP WIDTH="25" VPOS="1128" HPOS="341"/>
							<String ID="string_215" HPOS="366" VPOS="1129" WIDTH="34" HEIGHT="20" WC="0.93" CONTENT="för"/><SP WIDTH="23" VPOS="1129" HPOS="400"/>
							<String ID="string_216" HPOS="423" VPOS="1129" WIDTH="197" HEIGHT="21" WC="0.91" CONTENT="öfverskridandet"/><SP WIDTH="23" VPOS="1129" HPOS="620"/>
							<String ID="string_217" HPOS="643" VPOS="1130" WIDTH="24" HEIGHT="20" WC="0.96" CONTENT="af"/><SP WIDTH="17" VPOS="1130" HPOS="667"/>
							<String ID="string_218" HPOS="684" VPOS="1130" WIDTH="43" HEIGHT="20" WC="0.93" CONTENT="den"/><SP WIDTH="17" VPOS="1130" HPOS="727"/>
							<String ID="string_219" HPOS="744" VPOS="1129" WIDTH="114" HEIGHT="26" WC="0.93" CONTENT="förelagda"/><SP WIDTH="16" VPOS="1129" HPOS="858"/>
							<String ID="string_220" HPOS="874" VPOS="1129" WIDTH="111" HEIGHT="21" WC="0.96" CONTENT="terminen"/>
						</TextLine>
						<TextLine ID="line_29" HPOS="228" VPOS="1162" WIDTH="759" HEIGHT="28">
							<String ID="string_221" HPOS="228" VPOS="1162" WIDTH="104" HEIGHT="27" WC="0.89" CONTENT="styrktes."/><SP WIDTH="26" VPOS="1162" HPOS="332"/>
							<String ID="string_222" HPOS="358" VPOS="1162" WIDTH="132" HEIGHT="22" WC="0.91" CONTENT="Omordade"/><SP WIDTH="15" VPOS="1162" HPOS="490"/>
							<String ID="string_223" HPOS="505" VPOS="1164" WIDTH="180" HEIGHT="26" WC="0.92" CONTENT="tillvägagäende"/><SP WIDTH="16" VPOS="1164" HPOS="685"/>
							<String ID="string_224" HPOS="701" VPOS="1170" WIDTH="52" HEIGHT="14" WC="0.92" CONTENT="vore"/><SP WIDTH="17" VPOS="1170" HPOS="753"/>
							<String ID="string_225" HPOS="770" VPOS="1163" WIDTH="116" HEIGHT="27" WC="0.92" CONTENT="hetingadt"/><SP WIDTH="13" VPOS="1163" HPOS="886"/>
							<String ID="string_226" HPOS="899" VPOS="1163" WIDTH="24" HEIGHT="21" WC="0.93" CONTENT="af"/><SP WIDTH="9" VPOS="1163" HPOS="923"/>
							<String ID="string_227" HPOS="932" VPOS="1164" WIDTH="55" HEIGHT="20" WC="0.92" CONTENT="kon-"/>
						</TextLine>
						<TextLine ID="line_30" HPOS="229" VPOS="1196" WIDTH="758" HEIGHT="28">
							<String ID="string_228" HPOS="229" VPOS="1196" WIDTH="127" HEIGHT="26" WC="0.91" CONTENT="tingentens"/><SP WIDTH="24" VPOS="1196" HPOS="356"/>
							<String ID="string_229" HPOS="380" VPOS="1197" WIDTH="128" HEIGHT="27" WC="0.96" CONTENT="fördelning"/><SP WIDTH="23" VPOS="1197" HPOS="508"/>
							<String ID="string_230" HPOS="531" VPOS="1198" WIDTH="47" HEIGHT="20" WC="0.93" CONTENT="före"/><SP WIDTH="26" VPOS="1198" HPOS="578"/>
							<String ID="string_231" HPOS="604" VPOS="1197" WIDTH="123" HEIGHT="27" WC="0.53" CONTENT="upphädet,"/><SP WIDTH="24" VPOS="1197" HPOS="727"/>
							<String ID="string_232" HPOS="751" VPOS="1198" WIDTH="56" HEIGHT="20" WC="0.96" CONTENT="enär"/><SP WIDTH="22" VPOS="1198" HPOS="807"/>
							<String ID="string_233" HPOS="829" VPOS="1197" WIDTH="38" HEIGHT="20" WC="0.93" CONTENT="vid"/><SP WIDTH="22" VPOS="1197" HPOS="867"/>
							<String ID="string_234" HPOS="889" VPOS="1197" WIDTH="98" HEIGHT="27" WC="0.92" CONTENT="tillämp-"/>
						</TextLine>
						<TextLine ID="line_31" HPOS="228" VPOS="1230" WIDTH="758" HEIGHT="29">
							<String ID="string_235" HPOS="228" VPOS="1230" WIDTH="85" HEIGHT="27" WC="0.90" CONTENT="ningen"/><SP WIDTH="23" VPOS="1230" HPOS="313"/>
							<String ID="string_236" HPOS="336" VPOS="1231" WIDTH="25" HEIGHT="20" WC="0.96" CONTENT="af"/><SP WIDTH="20" VPOS="1231" HPOS="361"/>
							<String ID="string_237" HPOS="381" VPOS="1231" WIDTH="61" HEIGHT="21" WC="0.96" CONTENT="detta"/><SP WIDTH="24" VPOS="1231" HPOS="442"/>
							<String ID="string_238" HPOS="466" VPOS="1234" WIDTH="83" HEIGHT="24" WC="0.96" CONTENT="system"/><SP WIDTH="24" VPOS="1234" HPOS="549"/>
							<String ID="string_239" HPOS="573" VPOS="1232" WIDTH="27" HEIGHT="20" WC="0.93" CONTENT="de"/><SP WIDTH="22" VPOS="1232" HPOS="600"/>
							<String ID="string_240" HPOS="622" VPOS="1232" WIDTH="116" HEIGHT="20" WC="0.92" CONTENT="definitiva"/><SP WIDTH="17" VPOS="1232" HPOS="738"/>
							<String ID="string_241" HPOS="755" VPOS="1231" WIDTH="231" HEIGHT="28" WC="0.91" CONTENT="uppbädslängderna"/>
						</TextLine>
						<TextLine ID="line_32" HPOS="227" VPOS="1265" WIDTH="760" HEIGHT="27">
							<String ID="string_242" HPOS="227" VPOS="1265" WIDTH="49" HEIGHT="25" WC="0.96" CONTENT="(art."/><SP WIDTH="18" VPOS="1265" HPOS="276"/>
							<String ID="string_243" HPOS="294" VPOS="1265" WIDTH="42" HEIGHT="26" WC="0.93" CONTENT="90),"/><SP WIDTH="20" VPOS="1265" HPOS="336"/>
							<String ID="string_244" HPOS="356" VPOS="1266" WIDTH="79" HEIGHT="20" WC="0.92" CONTENT="hvilka"/><SP WIDTH="16" VPOS="1266" HPOS="435"/>
							<String ID="string_245" HPOS="451" VPOS="1266" WIDTH="73" HEIGHT="20" WC="0.93" CONTENT="skulle"/><SP WIDTH="17" VPOS="1266" HPOS="524"/>
							<String ID="string_246" HPOS="541" VPOS="1266" WIDTH="75" HEIGHT="26" WC="0.92" CONTENT="läggas"/><SP WIDTH="17" VPOS="1266" HPOS="616"/>
							<String ID="string_247" HPOS="633" VPOS="1266" WIDTH="32" HEIGHT="20" WC="0.96" CONTENT="till"/><SP WIDTH="16" VPOS="1266" HPOS="665"/>
							<String ID="string_248" HPOS="681" VPOS="1266" WIDTH="74" HEIGHT="26" WC="0.96" CONTENT="grund"/><SP WIDTH="16" VPOS="1266" HPOS="755"/>
							<String ID="string_249" HPOS="771" VPOS="1266" WIDTH="35" HEIGHT="20" WC="0.93" CONTENT="för"/><SP WIDTH="16" VPOS="1266" HPOS="806"/>
							<String ID="string_250" HPOS="822" VPOS="1265" WIDTH="69" HEIGHT="26" WC="0.92" CONTENT="sagda"/><SP WIDTH="16" VPOS="1265" HPOS="891"/>
							<String ID="string_251" HPOS="907" VPOS="1265" WIDTH="80" HEIGHT="21" WC="0.92" CONTENT="fördel-"/>
						</TextLine>
						<TextLine ID="line_33" HPOS="228" VPOS="1299" WIDTH="757" HEIGHT="27">
							<String ID="string_252" HPOS="228" VPOS="1299" WIDTH="62" HEIGHT="26" WC="0.95" CONTENT="ning,"/><SP WIDTH="16" VPOS="1299" HPOS="290"/>
							<String ID="string_253" HPOS="306" VPOS="1299" WIDTH="70" HEIGHT="21" WC="0.93" CONTENT="borde"/><SP WIDTH="17" VPOS="1299" HPOS="376"/>
							<String ID="string_254" HPOS="393" VPOS="1300" WIDTH="117" HEIGHT="20" WC="0.92" CONTENT="innehälla"/><SP WIDTH="16" VPOS="1300" HPOS="510"/>
							<String ID="string_255" HPOS="526" VPOS="1300" WIDTH="6" HEIGHT="20" WC="0.93" CONTENT="i"/><SP WIDTH="16" VPOS="1300" HPOS="532"/>
							<String ID="string_256" HPOS="548" VPOS="1300" WIDTH="127" HEIGHT="26" WC="0.91" CONTENT="möjligaste"/><SP WIDTH="17" VPOS="1300" HPOS="675"/>
							<String ID="string_257" HPOS="692" VPOS="1300" WIDTH="71" HEIGHT="20" WC="0.92" CONTENT="mätto"/><SP WIDTH="12" VPOS="1300" HPOS="763"/>
							<String ID="string_258" HPOS="775" VPOS="1300" WIDTH="81" HEIGHT="20" WC="0.92" CONTENT="exakta"/><SP WIDTH="11" VPOS="1300" HPOS="856"/>
							<String ID="string_259" HPOS="867" VPOS="1299" WIDTH="118" HEIGHT="27" WC="0.93" CONTENT="uppgifter."/>
						</TextLine>
						<TextLine ID="line_34" HPOS="228" VPOS="1333" WIDTH="758" HEIGHT="28">
							<String ID="string_260" HPOS="228" VPOS="1333" WIDTH="8" HEIGHT="20" WC="0.92" CONTENT="I"/><SP WIDTH="18" VPOS="1333" HPOS="236"/>
							<String ID="string_261" HPOS="254" VPOS="1333" WIDTH="55" HEIGHT="27" WC="0.92" CONTENT="följd"/><SP WIDTH="24" VPOS="1333" HPOS="309"/>
							<String ID="string_262" HPOS="333" VPOS="1334" WIDTH="25" HEIGHT="20" WC="0.96" CONTENT="af"/><SP WIDTH="20" VPOS="1334" HPOS="358"/>
							<String ID="string_263" HPOS="378" VPOS="1334" WIDTH="37" HEIGHT="20" WC="0.96" CONTENT="det"/><SP WIDTH="22" VPOS="1334" HPOS="415"/>
							<String ID="string_264" HPOS="437" VPOS="1334" WIDTH="3" HEIGHT="20" WC="0.95" CONTENT="i"/><SP WIDTH="23" VPOS="1334" HPOS="440"/>
							<String ID="string_265" HPOS="463" VPOS="1334" WIDTH="98" HEIGHT="20" WC="0.96" CONTENT="Finland"/><SP WIDTH="16" VPOS="1334" HPOS="561"/>
							<String ID="string_266" HPOS="577" VPOS="1334" WIDTH="104" HEIGHT="26" WC="0.93" CONTENT="gällande"/><SP WIDTH="17" VPOS="1334" HPOS="681"/>
							<String ID="string_267" HPOS="698" VPOS="1334" WIDTH="215" HEIGHT="27" WC="0.89" CONTENT="uppbädssystemet"/><SP WIDTH="16" VPOS="1334" HPOS="913"/>
							<String ID="string_268" HPOS="929" VPOS="1334" WIDTH="57" HEIGHT="23" WC="0.96" CONTENT="sker,"/>
						</TextLine>
						<TextLine ID="line_35" HPOS="228" VPOS="1368" WIDTH="759" HEIGHT="27">
							<String ID="string_269" HPOS="228" VPOS="1368" WIDTH="69" HEIGHT="26" WC="0.96" CONTENT="enligt"/><SP WIDTH="15" VPOS="1368" HPOS="297"/>
							<String ID="string_270" HPOS="312" VPOS="1368" WIDTH="27" HEIGHT="26" WC="0.59" CONTENT="SS"/><SP WIDTH="16" VPOS="1368" HPOS="339"/>
							<String ID="string_271" HPOS="355" VPOS="1368" WIDTH="27" HEIGHT="20" WC="0.97" CONTENT="65"/><SP WIDTH="17" VPOS="1368" HPOS="382"/>
							<String ID="string_272" HPOS="399" VPOS="1368" WIDTH="44" HEIGHT="21" WC="0.96" CONTENT="och"/><SP WIDTH="17" VPOS="1368" HPOS="443"/>
							<String ID="string_273" HPOS="460" VPOS="1369" WIDTH="27" HEIGHT="19" WC="0.60" CONTENT="66"/><SP WIDTH="15" VPOS="1369" HPOS="487"/>
							<String ID="string_274" HPOS="502" VPOS="1368" WIDTH="6" HEIGHT="20" WC="0.60" CONTENT="i"/><SP WIDTH="17" VPOS="1368" HPOS="508"/>
							<String ID="string_275" HPOS="525" VPOS="1368" WIDTH="217" HEIGHT="27" WC="0.92" CONTENT="Värnepligtslagen,"/><SP WIDTH="17" VPOS="1368" HPOS="742"/>
							<String ID="string_276" HPOS="759" VPOS="1368" WIDTH="76" HEIGHT="26" WC="0.96" CONTENT="slutlig"/><SP WIDTH="12" VPOS="1368" HPOS="835"/>
							<String ID="string_277" HPOS="847" VPOS="1368" WIDTH="140" HEIGHT="26" WC="0.95" CONTENT="granskning"/>
						</TextLine>
						<TextLine ID="line_36" HPOS="228" VPOS="1401" WIDTH="757" HEIGHT="28">
							<String ID="string_278" HPOS="228" VPOS="1401" WIDTH="25" HEIGHT="20" WC="0.92" CONTENT="af"/><SP WIDTH="17" VPOS="1401" HPOS="253"/>
							<String ID="string_279" HPOS="270" VPOS="1402" WIDTH="234" HEIGHT="26" WC="0.28" CONTENT="uppbädslängderna"/><SP WIDTH="23" VPOS="1402" HPOS="504"/>
							<String ID="string_280" HPOS="527" VPOS="1402" WIDTH="55" HEIGHT="21" WC="0.96" CONTENT="först"/><SP WIDTH="17" VPOS="1402" HPOS="582"/>
							<String ID="string_281" HPOS="599" VPOS="1402" WIDTH="29" HEIGHT="27" WC="0.93" CONTENT="pä"/><SP WIDTH="16" VPOS="1402" HPOS="628"/>
							<String ID="string_282" HPOS="644" VPOS="1402" WIDTH="191" HEIGHT="27" WC="0.70" CONTENT="uppbädsdagen;"/><SP WIDTH="16" VPOS="1402" HPOS="835"/>
							<String ID="string_283" HPOS="851" VPOS="1402" WIDTH="43" HEIGHT="20" WC="0.93" CONTENT="och"/><SP WIDTH="17" VPOS="1402" HPOS="894"/>
							<String ID="string_284" HPOS="911" VPOS="1402" WIDTH="74" HEIGHT="26" WC="0.96" CONTENT="någon"/>
						</TextLine>
						<TextLine ID="line_37" HPOS="227" VPOS="1435" WIDTH="760" HEIGHT="29">
							<String ID="string_285" HPOS="227" VPOS="1435" WIDTH="149" HEIGHT="21" WC="0.91" CONTENT="derförinnan"/><SP WIDTH="25" VPOS="1435" HPOS="376"/>
							<String ID="string_286" HPOS="401" VPOS="1436" WIDTH="125" HEIGHT="28" WC="0.85" CONTENT="utlöpande"/><SP WIDTH="21" VPOS="1436" HPOS="526"/>
							<String ID="string_287" HPOS="547" VPOS="1436" WIDTH="109" HEIGHT="27" WC="0.92" CONTENT="fataljetid"/><SP WIDTH="17" VPOS="1436" HPOS="656"/>
							<String ID="string_288" HPOS="673" VPOS="1436" WIDTH="34" HEIGHT="20" WC="0.93" CONTENT="för"/><SP WIDTH="17" VPOS="1436" HPOS="707"/>
							<String ID="string_289" HPOS="724" VPOS="1436" WIDTH="170" HEIGHT="20" WC="0.96" CONTENT="framställande"/><SP WIDTH="17" VPOS="1436" HPOS="894"/>
							<String ID="string_290" HPOS="911" VPOS="1436" WIDTH="24" HEIGHT="20" WC="0.93" CONTENT="af"/><SP WIDTH="14" VPOS="1436" HPOS="935"/>
							<String ID="string_291" HPOS="949" VPOS="1443" WIDTH="38" HEIGHT="13" WC="0.93" CONTENT="an-"/>
						</TextLine>
					</TextBlock>
				</ComposedBlock>
			</PrintSpace>
		</Page>
	</Layout>
</alto>
