1086 1764
815 120 26 20 79

112 188 98 22 hafvares
234 188 122 27 angifvelse.
387 188 114 27 Angående
527 188 177 26 domstolsutslag
720 188 6 20 i
742 188 63 21 dessa
829 188 42 21 mål

113 223 139 21 underrättar
268 222 114 27 åklagaren
393 222 98 22 bemälde
502 222 154 28 befälhafvare,
668 222 38 22 der
717 222 66 22 sådan
794 222 78 21 under-

113 258 89 21 rättelse
218 256 23 22 af
254 257 78 21 honom
349 257 71 21 äskas.

182 305 51 18 Art.
250 305 59 18 283.
338 302 87 22 Officer-
444 303 51 21 eller
511 303 129 27 tjensteman
655 303 36 21 vid
707 309 104 20 reserven,
827 308 45 16 som

114 339 50 19 utan
187 338 49 26 laga
259 336 71 22 förfall
353 336 114 22 uraktlåtit
490 340 32 18 att
541 337 34 21 till
591 337 58 21 aktiv
665 337 141 27 tjenstgöring
821 337 52 21 eller

115 371 141 27 öfningsmöte
272 372 13 20 å
300 373 68 19 utsatt
385 371 31 21 tid
433 372 32 26 sig
481 372 93 25 inställa,
598 378 51 14 vare
673 371 98 22 förfallen
787 371 34 22 till
837 371 36 21 det

115 406 6 20 i
138 406 128 26 Strafflagen
286 406 33 21 för
334 406 69 21 finska
418 406 106 21 militären
540 406 33 20 för
588 406 146 21 uteblifvande
751 406 51 22 eller
817 412 56 20 rym-

115 441 51 26 ning
184 440 47 22 från
247 440 92 26 tjensten
354 440 103 27 stadgade
473 446 77 15 ansvar
566 440 52 21 eller
635 440 168 27 ordningsstraff.
836 439 37 22 Sä-

116 481 44 15 som
177 475 48 27 laga
241 475 63 21 orsak
320 475 33 21 till
369 478 88 18 utevaro
473 476 52 20 eller
541 476 84 20 sentida
640 475 117 21 inställelse
774 481 61 15 anses
847 475 26 20 de

115 509 187 27 omständigheter,
333 516 45 14 som
409 512 37 19 äro
470 509 85 27 angifna
579 510 6 20 i
608 509 92 21 artikeln
726 510 25 21 97
775 510 7 20 i
805 510 70 20 denna

116 544 178 26 Värnepligtslag.
332 544 122 27 Ordningen
477 544 32 21 för
533 544 126 27 styrkandet
674 544 24 21 af
712 544 75 21 sådant
803 543 71 21 förfall

117 578 128 22 bestämmes
262 578 22 22 af
299 579 174 27 Krigsministern
491 579 39 21 och
546 578 92 22 Senaten
654 579 6 20 i
676 578 93 22 samråd.

185 626 51 18 Art.
253 626 60 19 284.
342 624 42 21 För
399 624 58 21 brott
473 624 39 21 och
528 624 120 26 förseelser,
665 623 112 27 begångna
792 624 7 20 i
815 623 59 21 aktiv

118 658 64 27 tjenst
197 659 52 21 eller
264 659 69 21 under
349 658 150 28 öfningsmöte,
515 661 37 19 äro
569 658 111 22 officerare
696 658 38 22 och
747 658 127 27 tjenstemän

117 694 35 20 vid
168 699 100 15 reserven
285 694 158 20 underkastade
459 694 112 20 enahanda
583 693 69 27 straff,
663 699 45 15 som
720 693 6 21 i
738 693 57 21 aktiv
806 692 69 27 krigs-

118 728 64 26 tjenst
198 728 104 22 anstälde.
326 728 65 21 Tiden
408 728 32 22 för
455 728 27 22 de
497 728 36 21 vid
543 734 99 15 reserven
653 728 96 21 anstälde
760 733 115 21 personers

118 762 143 27 tjenstgöring
278 763 33 21 vid
328 762 142 27 öfningsmöte
486 763 79 21 räknas
582 762 47 21 från
646 762 40 21 den
698 762 40 27 dag
749 762 26 21 de
787 761 88 22 anländt

117 797 32 21 till
166 799 118 25 trupperna
299 797 33 21 till
349 797 39 21 den
404 797 41 27 dag
461 797 25 21 de
502 797 46 21 från
565 797 109 21 desamma
685 796 84 22 afföras.

186 845 51 18 Art.
254 845 60 18 285.
339 843 160 26 Reservofficer,
515 849 45 15 som
578 843 72 27 bryter
666 845 44 19 mot
726 842 41 22 den
783 842 93 21 militära

119 878 190 20 subordinationen
326 878 53 21 eller
394 878 124 27 disciplinen
529 878 52 21 eller
592 878 163 21 föreskrifterna
767 876 108 27 angående

119 911 208 26 militäruniformen,
348 912 67 20 under
435 912 40 21 den
491 912 30 20 tid
537 912 43 20 han
596 912 40 21 bär
652 912 65 20 sådan
733 910 102 26 uniform,
853 912 24 19 är

119 946 145 21 underkastad
288 952 75 15 ansvar
378 947 27 26 på
421 946 113 21 enahanda
548 946 99 28 grunder,
664 952 45 15 som
725 946 6 20 i
748 946 59 21 aktiv
822 945 54 21 mili-

119 980 99 26 tärtjenst
234 980 89 21 stående
340 980 76 22 officer.

188 1022 50 18 Art.
255 1022 60 18 286.
346 1020 93 21 Infinner
454 1020 32 27 sig
501 1021 47 21 icke
564 1022 116 20 värneman
696 1021 28 26 på
740 1020 89 21 kallelse
844 1019 33 21 till

119 1054 140 27 tjenstgöring
275 1054 27 27 på
318 1055 97 21 bestämd
438 1055 31 21 tid
485 1055 38 21 och
543 1055 57 21 visar
616 1055 18 26 ej
650 1055 69 21 heller
735 1055 48 26 laga
799 1054 78 25 förfall,

119 1095 50 15 vare
192 1089 147 21 underkastad
363 1090 36 20 det
414 1090 6 20 i
437 1089 128 27 Strafilagen
586 1090 34 20 för
637 1089 69 21 finska
722 1089 106 21 militären
845 1088 33 20 för

119 1123 145 21 uteblifvande
288 1124 53 21 eller
363 1124 97 27 rymning
482 1124 47 21 från
552 1124 92 26 tjensten
667 1124 104 26 stadgade
793 1128 84 16 ansvar.

119 1158 109 21 Anträffas
245 1158 66 21 sådan
328 1164 75 22 person
419 1158 55 22 efter
489 1159 35 21 det
539 1158 198 27 landtvärnstrupp,
749 1158 33 22 till
792 1157 86 21 hvilken

119 1193 43 21 han
179 1192 108 28 inkallats,
304 1192 68 22 blifvit
387 1193 164 27 hemförlofvad,
568 1193 86 21 straffes
666 1193 48 21 med
725 1192 94 27 fängelse
830 1191 47 21 från

120 1227 39 21 och
175 1227 48 22 med
240 1227 48 27 fyra
303 1228 32 21 till
351 1228 38 21 och
406 1228 48 21 med
470 1228 46 21 åtta
531 1228 108 21 månader.

283 1325 24 21 T.
323 1325 13 21 f.
355 1325 303 22 Minister-Statssekreterare
673 1326 21 20 V.
710 1325 97 27 Procopé.
