1086 1745
252 136 26 21 88
566 137 29 22 U.
611 136 28 23 B.

223 205 70 21 hållits
314 208 29 18 att
363 206 30 21 uti
414 206 210 28 Värnepligtslagens
639 206 138 21 förenämnda
793 207 11 26 &
821 207 46 21 icke
883 207 97 27 angifvits

223 240 27 21 de
273 240 60 27 brott,
355 240 32 21 för
407 240 71 21 hvilka
501 241 88 21 tilltalad
610 241 89 21 förlorar
713 243 41 19 rätt
770 243 30 19 att
814 241 83 21 inträda
911 241 68 21 såsom

222 274 92 27 frivillig.
344 274 33 21 Då
400 274 36 21 det
458 275 124 25 emellertid,
604 275 27 27 på
653 277 41 19 sätt
713 275 118 21 Ständerna
846 275 35 21 vid
898 276 80 20 1877—

224 309 56 20 1878
300 308 33 21 års
347 309 102 27 landtdag
463 309 78 27 jemväl
557 310 120 26 framhållit,
693 312 22 18 är
730 310 22 20 af
766 310 111 27 synnerlig
892 310 44 27 vigt
950 312 30 18 att

224 342 64 22 bland
311 343 25 21 de
360 344 98 26 frivillige
482 350 26 14 en
531 346 81 24 strängt
627 344 68 26 sedlig
715 344 55 20 anda
790 346 23 18 är
828 344 99 26 rådande,
942 344 38 20 har

223 377 113 27 Utskottet,
359 378 6 20 i
381 378 137 20 betraktande
534 378 59 21 deraf
609 380 29 19 att
653 378 233 27 frivilliginstitutionen
902 378 76 27 jemväl

224 411 56 21 afser
301 414 29 18 att
348 412 81 21 utbilda
444 412 133 27 erforderligt
593 412 60 27 befäl,
669 412 12 20 å
697 412 79 21 hvilket
791 412 108 27 sjelffallet
914 414 65 19 större

224 445 119 28 fordringar
363 446 63 21 äfven
448 447 6 20 i
476 447 109 20 moraliskt
607 447 100 20 afseende
728 446 66 21 borde
816 447 73 20 kunna
904 446 76 26 ställas,

224 482 70 19 ansett
316 481 31 26 sig
371 480 49 21 böra
442 481 76 20 föreslå
536 483 29 18 att
580 487 30 14 nu
626 481 97 26 gällande
740 481 134 27 bestämning
889 481 6 20 i
910 483 70 18 ämnet

224 514 6 20 i
246 514 120 21 hufvudsak
382 515 121 21 bibehålles.
533 515 49 20 Med
601 515 100 21 afseende
716 515 64 20 likväl
797 515 56 26 derå,
869 517 30 18 att
913 515 67 20 under

225 548 155 28 benämningen
398 549 56 21 brott
469 549 33 20 vid
519 549 56 21 tiden
592 549 32 20 för
635 549 209 27 Värnepligtslagens
856 549 124 21 utfärdande

224 583 47 21 icke
293 583 112 21 hänfördes
428 583 78 21 sådana
528 583 82 21 mindre
632 583 111 21 förseelser
758 584 40 20 och
813 583 167 27 öfverträdelser,

224 617 72 21 hvilka
311 624 85 15 snarare
411 617 66 22 måste
493 624 61 15 anses
571 625 49 14 vara
636 618 21 20 af
672 618 124 27 politinatur
811 618 39 21 och
868 618 32 20 för
911 618 69 20 hvilka

225 651 80 21 straffet
328 652 97 27 vanligen
448 654 84 25 utgöres
551 652 75 21 endast
644 652 21 21 af
680 652 64 25 böter,
761 659 49 14 men
826 652 70 21 denna
911 652 69 21 åtskil-

224 686 43 21 nad
292 693 93 20 numera,
408 686 53 21 efter
476 687 40 20 den
533 693 42 20 nya
591 687 107 20 allmänna
713 686 137 27 Strafflagens
866 687 114 24 införande,

225 720 96 27 upphört,
344 721 38 20 har
405 720 105 21 Utskottet
532 723 49 18 trott
601 721 32 26 sig
650 721 49 20 böra
717 721 82 26 föreslå,
818 723 29 18 att
862 721 68 21 såsom
946 721 34 20 fri-

226 755 60 26 villig
302 755 17 26 ej
336 755 68 20 skulle
420 757 116 25 emottagas
551 755 46 26 den,
613 762 45 13 som
674 755 68 21 blifvit
759 755 63 20 dömd
840 755 30 20 till
891 755 89 20 ovilkor-

224 788 40 28 ligt
279 788 134 21 frihetsstraff
426 789 51 21 eller
492 789 42 21 står
550 789 67 21 under
633 789 61 21 tilltal
709 789 32 21 för
757 789 61 26 brott,
832 789 65 21 hvarå
907 788 74 21 sådant

225 823 61 21 straff
299 823 40 21 kan
357 823 55 27 följa.

296 857 116 21 Utskottets
434 858 78 27 förslag
534 860 29 19 att
585 858 135 27 tjenstetiden
744 858 34 19 vid
799 863 99 14 reserven
914 857 67 20 skulle

225 891 106 27 förlängas
353 891 46 21 från
421 892 35 21 två
472 892 31 21 till
523 893 32 26 sju
574 892 28 27 år,
618 892 37 21 har
670 892 92 27 påkallat
777 891 91 27 ändring
882 891 22 20 af
919 891 40 20 den
975 891 6 20 i

226 927 14 22 8
255 925 29 22 92
300 925 104 28 ingående
420 926 208 27 tidsbestämningen.
654 925 108 28 Derjemte
777 926 38 20 har
829 925 88 21 särskild
927 925 53 20 före-

226 960 62 21 skrift
308 960 77 27 derom,
407 960 31 21 till
454 960 70 21 hvilka
540 960 115 21 årsklasser
669 960 92 27 frivillig,
777 959 65 21 sedan
858 959 41 20 han
915 959 67 20 öfver-

225 995 53 20 förts
294 995 30 20 till
341 1001 104 20 reserven,
461 995 52 20 skall
529 995 82 26 räknas,
627 997 79 18 ansetts
721 995 47 20 icke
784 1001 50 13 vara
850 993 21 21 af
884 993 98 21 behofvet

226 1028 105 27 påkallad,
351 1031 49 18 enär
416 1029 41 20 den
476 1029 97 27 frivillige
596 1029 7 20 i
629 1029 57 21 detta
705 1029 120 20 hänseende
841 1027 39 22 bör
895 1028 86 20 likasom

227 1063 104 20 härintills
353 1063 51 27 följa
425 1063 36 20 det
482 1063 125 27 uppbådade
622 1063 102 27 manskap
740 1063 26 26 åt,
782 1063 80 20 hvilket
877 1062 105 27 samtidigt

226 1097 50 21 med
294 1097 76 21 honom
391 1097 88 21 afslutar
494 1098 31 20 sin
542 1097 106 28 tjenstetid
666 1097 33 20 vid
715 1097 57 21 aktiv
788 1099 67 25 trupp.

296 1131 88 22 Jemlikt
398 1133 14 23 8
427 1131 30 22 98
468 1132 7 20 i
486 1132 197 27 Värnepligtslagen
695 1134 87 23 antagas
793 1131 98 27 frivillige
903 1131 6 19 i
921 1131 62 26 tjenst

227 1166 68 20 under
316 1165 70 28 loppet
407 1166 21 20 af
443 1166 47 21 hela
506 1165 49 22 året.
584 1166 124 21 Emellertid
724 1165 88 21 föreslår
827 1165 154 27 propositionen

226 1200 32 20 uti
278 1202 37 18 art.
335 1200 39 20 127
397 1202 30 18 att
447 1200 67 26 dylikt
533 1200 118 27 antagande
670 1200 68 20 skulle
757 1199 21 21 få
793 1205 39 21 ega
848 1205 45 14 rum
910 1198 73 21 endast

227 1234 69 20 under
311 1234 57 21 tiden
384 1234 47 21 från
447 1234 40 21 den
504 1235 25 20 27
547 1234 42 27 (15)
606 1234 92 27 Augusti
714 1233 30 21 till
760 1233 40 21 den
816 1233 26 20 13
853 1233 28 26 (1)
892 1232 92 21 Oktober

226 1269 74 26 hvarje
313 1268 31 26 år;
361 1269 38 20 och
415 1268 69 21 såsom
500 1269 45 20 stöd
562 1268 32 21 för
609 1270 30 19 ett
654 1268 68 26 dylikt
734 1267 116 27 stadgande
863 1266 120 21 framhåller

227 1302 42 20 den
286 1303 82 26 komité,
384 1309 45 13 som
445 1303 106 20 förberedt
566 1303 141 26 lagförslaget,
723 1302 101 20 hurusom
838 1307 49 14 man
898 1301 85 20 dermed

227 1336 63 21 afsett
306 1338 29 19 att
350 1336 78 21 bereda
444 1336 26 21 de
486 1336 34 21 vid
536 1338 114 26 trupperna
665 1338 107 24 mottagne
784 1335 99 27 frivillige
894 1334 90 21 tillräck-

226 1370 30 28 lig
279 1370 30 21 tid
332 1372 30 19 att
384 1371 65 20 innan
473 1371 123 26 lägermötet
614 1371 65 20 vinna
695 1370 63 26 nödig
774 1369 121 27 utbildning
910 1369 5 20 i
932 1369 52 27 tjen-

227 1406 53 19 sten.
311 1404 32 20 Då
359 1404 108 21 Utskottet
482 1405 46 20 icke
543 1405 82 20 kunnat
640 1404 86 21 förneka
742 1404 123 27 giltigheten
879 1403 21 20 af
915 1403 69 20 denna

226 1438 115 27 synpunkt,
358 1439 39 20 och
412 1438 27 21 då
454 1439 77 26 jemväl
547 1438 146 21 erfarenheten
711 1438 33 20 vid
754 1437 26 22 de
793 1437 67 21 finska
870 1439 113 25 trupperna
