1086 1739
436 119 29 22 U.
482 120 28 21 B.
796 120 26 20 91

95 189 70 21 kåren.
195 189 51 20 Men
269 189 36 20 det
327 189 40 20 kan
391 188 13 21 å
427 189 65 20 andra
514 189 59 20 sidan
594 188 47 21 icke
657 190 87 25 antagas
759 189 30 19 att
804 188 47 23 den,

96 230 47 14 som
154 223 35 20 vill
201 223 82 21 utbilda
299 223 32 27 sig
345 223 33 21 för
394 225 30 18 ett
434 223 100 20 särskildt
543 223 59 26 yrke,
613 221 27 28 på
651 222 41 21 den
703 222 68 27 grund
784 221 68 21 skulle

95 257 72 21 frukta
182 259 29 19 att
227 263 55 21 egna
297 257 31 27 sig
343 257 21 21 åt
380 257 56 21 detta
452 257 60 27 yrke,
527 260 30 18 att
572 257 41 20 han
630 256 69 21 blefve
716 258 94 25 tvungen
822 258 30 19 att

96 291 67 22 under
185 298 25 14 en
234 291 43 21 viss
298 291 29 21 tid
351 291 85 21 kvarstå
455 291 57 26 deri;
528 291 38 21 och
582 291 33 20 för
631 291 62 27 öfrigt
709 291 63 20 hafva
787 291 22 26 ju
825 290 26 21 de

95 325 67 22 finska
185 328 114 25 trupperna
314 326 46 21 icke
376 325 64 28 något
455 332 54 21 gagn
526 326 21 21 af
562 326 26 20 de
605 325 76 27 elever,
697 331 44 14 som
757 325 94 20 inträdt
840 321 15 37 i

95 360 143 27 kadettkåren,
260 360 69 21 derest
349 360 26 21 de
395 360 47 21 icke
458 360 54 21 efter
528 360 91 21 utträdet
635 366 25 14 ur
675 359 123 21 densamma
813 365 39 14 un-

95 394 38 21 der
147 395 68 26 någon
232 394 30 21 tid
278 395 114 26 tjenstgöra
408 395 35 20 vid
459 395 61 20 dessa
536 396 90 25 trupper.

164 429 48 20 Med
234 428 98 21 afseende
348 429 12 20 å
375 429 61 20 dessa
454 429 179 27 omständigheter
649 429 39 20 och
703 428 27 21 då
745 428 107 21 Utskottet

96 463 46 21 icke
163 465 69 19 ansett
253 463 26 20 de
294 463 7 20 i
316 463 157 27 propositionen
490 463 118 27 föreslagna
624 463 228 26 tidsbestämningarna

96 497 91 28 obilliga,
210 497 38 20 har
270 497 107 21 Utskottet
401 497 87 21 beslutit
500 497 83 21 förorda
599 497 155 27 godkännande
768 497 22 20 af
805 503 46 21 pro-

96 532 130 27 positionens
248 531 159 28 ifrågavarande
422 531 88 28 förslag;
527 532 38 20 och
581 532 38 20 har
634 532 7 19 i
657 531 51 28 följd
724 531 58 21 deraf
797 532 11 25 &
824 531 27 20 98

96 567 6 19 i
120 566 195 27 Värnepligtslagen
331 566 148 21 underkastats
495 566 123 27 erforderlig
633 566 160 27 omredigering.

412 772 61 29 Kap.
488 772 51 23 XV.

165 841 46 21 Den
235 841 77 28 nådiga
334 842 156 27 propositionen
513 842 37 21 har
572 849 24 13 ur
617 842 100 27 förslaget
732 842 30 21 till
778 843 74 19 värne-

96 876 98 27 pligtslag
222 876 102 21 utlemnat
354 876 96 27 samtliga
480 876 157 27 bestämningar
664 876 88 21 rörande
780 876 72 21 volon-

97 912 60 25 tärer,
180 911 86 20 hvarom
290 910 130 21 föreskrifter
437 911 50 26 ingå
501 911 7 20 i
524 911 45 27 kap.
582 911 42 20 XV
642 911 29 20 uti
687 911 97 27 gällande
800 910 52 21 Vär-

97 945 131 27 nepligtslag.
263 945 37 20 Att
327 951 49 14 man
403 945 47 20 med
480 945 69 21 denna
574 945 72 27 åtgärd
673 945 53 21 dock
750 945 46 21 icke
822 945 30 20 af-

96 982 41 18 sett
164 981 29 19 ett
220 979 147 27 upphäfvande
394 979 22 21 af
442 979 249 28 volontärinstitutionen,
715 979 92 28 framgår
832 979 20 21 af

97 1013 26 21 bl.
145 1021 17 13 a.
185 1015 37 20 art.
245 1013 27 21 64
293 1014 6 20 i
320 1014 99 27 förslaget
434 1014 32 21 till
481 1014 123 27 förordning
619 1014 109 27 angående
744 1014 25 21 de
784 1013 68 21 finska

98 1050 124 25 truppernas
246 1048 140 27 organisation
410 1049 39 20 och
471 1048 135 28 förvaltning,
631 1049 59 20 hvari
715 1049 83 26 stadgas
823 1050 30 19 att

97 1085 113 24 trupperna
233 1082 149 27 kompletteras
404 1082 77 28 jemväl
504 1089 76 21 genom
597 1082 118 28 antagande
730 1082 8 20 i
752 1082 65 26 tjenst
832 1082 21 20 af

97 1116 124 21 volontärer.
252 1116 48 21 Men
323 1116 27 28 på
370 1119 40 19 sätt
430 1117 21 21 af
466 1117 142 27 förklaringen
624 1117 31 21 till
671 1119 37 19 art.
724 1117 26 21 68
765 1116 7 20 i
788 1116 64 27 sagda

97 1150 124 28 förordning
236 1156 71 21 synes,
323 1151 37 20 har
372 1158 48 14 man
438 1153 68 19 ansett
522 1151 184 27 bestämningarna
717 1150 89 22 rörande
817 1157 35 14 vo-

100 1184 92 22 lontärer
207 1184 51 21 böra
274 1187 102 25 upptagas
391 1186 6 19 i
414 1192 25 14 en
456 1186 88 20 särskild
560 1186 129 26 förordning,
704 1192 44 14 som
764 1185 69 21 skulle
846 1185 5 20 i

96 1218 154 22 administrativ
267 1221 40 25 väg
323 1219 98 21 utfärdas.
451 1219 33 21 Dä
500 1220 123 26 emellertid,
637 1220 68 20 såsom
716 1219 63 21 också
789 1219 63 21 fram-

96 1252 38 27 går
155 1253 21 21 af
196 1253 170 28 nyssåberopade
386 1254 116 27 stadgande
517 1254 7 20 i
540 1256 36 19 art.
593 1254 32 24 64,
642 1254 144 21 volontärerne
802 1253 51 21 böra

96 1286 47 21 från
165 1287 184 28 årskontingenten
370 1288 22 20 af
407 1288 151 28 värnepligtige
574 1288 103 27 afräknas,
693 1289 37 20 har
746 1288 107 21 Utskottet

97 1320 60 22 hållit
173 1322 49 25 före,
238 1324 30 18 att
284 1322 25 21 de
325 1322 108 21 allmänna
449 1323 144 27 stadgandena
609 1330 33 14 om
658 1322 125 27 volontärer,
798 1322 55 21 helst

97 1355 60 21 dessa
173 1356 131 27 stadganden
318 1356 73 21 beröra
403 1357 178 27 medborgarenes
592 1357 121 27 rättigheter
724 1356 128 22 beträffande

97 1390 156 27 värnepligtens
269 1390 139 28 fullgörande,
423 1391 7 20 i
448 1391 191 28 värnepligtslagen
654 1391 63 21 hafva
732 1391 31 21 sin
780 1392 72 19 natur-

96 1423 43 27 liga
153 1424 59 27 plats.
