1092 1764
257 138 27 20 20
461 137 85 23 Ständ.
560 137 39 23 Sv.
615 151 28 2 —
658 138 49 22 Bil.
723 137 20 22 I.

228 206 71 21 rande
322 207 191 26 stabsofficeren»,
530 207 94 21 hvilken
640 207 66 21 äfven
728 207 2 20 i
746 206 192 21 kommandomål
954 208 32 18 ut-

228 240 78 27 gjorde
321 241 44 20 den
381 241 157 21 förmedlande
553 241 119 21 instansen
688 241 84 21 mellan
790 242 55 19 1:sta
861 240 75 21 finska
945 240 42 27 sjö-

228 275 105 27 ekipaget
356 276 43 20 och
422 275 117 21 marinens
554 275 149 21 hufvudstab.
734 275 46 21 För
795 275 67 26 öfrigt
878 275 65 20 stodo
959 274 27 21 de

228 309 76 21 finska
328 309 146 28 sjöekipagen
497 310 7 20 i
524 310 192 21 kommandomål
732 309 45 21 och
793 309 194 26 frontangelägen-

229 343 63 21 heter
310 344 86 20 »under
410 344 44 21 den
470 344 7 21 i
493 344 99 21 Finland
608 344 115 27 befintlige
735 344 80 26 högste
825 343 68 27 ryske
904 343 83 20 marin-

228 377 186 22 befälhafvarens
423 378 169 27 öfverstyrelse»
599 379 26 26 *).
632 391 29 2 —
668 378 77 21 Under
755 377 63 22 tiden
829 377 51 21 från
889 377 25 20 är
926 378 60 25 1846,

228 412 30 21 dä
274 412 44 21 den
341 412 75 21 finska
439 412 398 28 grenadierskarpskyttebataljonen
864 414 122 25 uppsattes,

228 446 46 21 tills
283 446 27 21 de
326 446 85 21 indelta
426 446 158 28 bataljonerna
595 447 140 27 uppstäldes,
747 446 101 21 förefans
859 446 49 21 icke
919 446 68 27 nägot

228 481 72 26 högre
315 481 71 20 finskt
401 481 66 27 befäl,
483 481 94 21 hvarför
592 481 37 21 det
645 483 25 18 är
685 481 172 26 otvifvelaktigt,
873 483 32 18 att
925 481 62 20 säväl

228 515 159 27 nyssnämnda
395 515 101 27 bataljon
504 522 50 14 som
563 515 214 27 gardesbataljonen
789 515 115 20 sorterade
915 515 72 20 direkt

228 549 74 21 under
324 549 80 21 staben
420 550 35 21 för
470 550 27 21 de
513 550 7 20 i
537 550 99 20 Finland
652 550 102 26 förlagda
770 549 70 28 ryska
855 551 130 26 trupperna.

228 583 44 21 Till
288 583 26 21 är
334 585 53 19 1857
404 584 65 21 stodo
485 584 27 21 de
528 584 108 27 derjemte
652 584 73 21 under
741 583 148 28 inspektören
906 583 33 21 för
959 583 28 21 de

228 618 71 26 ryska
322 618 310 27 skarpskyttebataljonerna.
663 612 30 26 Är
717 619 54 19 1855
793 618 103 20 tillsattes
912 625 27 13 en
955 618 32 20 in-

229 652 95 27 spektör
340 652 34 21 för
390 652 27 21 de
433 652 84 21 indelta
535 653 74 20 finska
620 652 313 28 skarpskyttebataljonerna,
943 652 44 20 och

228 686 84 26 denne,
329 686 94 22 hvilken
439 687 33 27 sig
487 687 33 21 till
536 687 87 21 biträde
634 687 59 21 hade
705 694 26 14 en
743 686 100 21 särskild
854 686 57 24 stab,
924 686 63 21 förde

228 720 76 21 under
312 721 239 27 Generalguvernören
567 721 83 21 befälet
665 721 64 21 öfver
743 721 45 21 den
805 720 84 21 indelta
901 721 85 20 armén.

228 755 46 21 För
296 755 28 21 de
349 756 107 20 värfvade
475 756 74 20 finska
565 758 126 25 trupperna
706 755 125 21 inrättades
848 755 25 20 är
890 756 52 20 1857
959 762 27 13 en

230 789 98 21 särskild
344 790 223 27 inspektörsstyrelse
590 790 73 21 under
681 790 44 21 den
744 790 69 27 ryske
829 790 158 27 inspektörens

230 823 36 21 för
274 824 303 27 skarpskyttebataljonerna
588 824 179 26 öfverinseende,
783 830 53 14 men
853 824 76 20 denna
944 826 43 24 sty-

228 858 57 20 relse
296 858 92 26 indrogs
394 858 70 21 redan
472 859 25 20 är
506 859 61 26 1859,
576 858 30 21 dä
612 858 161 28 inspektionen
779 858 64 20 öfver
850 858 28 20 de
885 858 102 20 nämnda

228 894 126 25 trupperna
377 892 117 28 uppdrogs
516 892 23 21 ät
554 892 148 28 inspektören
718 892 35 21 för
769 892 28 21 de
812 892 85 20 indelta
913 892 74 20 finska

229 926 310 28 skarpskyttebataljonerna,
553 927 93 21 hvilken
655 927 50 21 frän
714 927 77 21 denna
801 926 33 21 tid
846 926 141 21 benämndes

233 960 119 28 inspektör
374 961 35 21 för
425 961 44 21 den
486 962 74 20 finska
576 962 121 20 militären.
728 961 66 21 Dock
810 961 74 21 skulle
899 961 88 26 gardes-

231 994 131 28 bataljonen
386 1002 54 14 vara
463 996 163 20 underordnad
649 996 66 20 äfven
738 995 148 27 inspektören
910 995 35 21 för
959 995 28 21 de

230 1029 69 27 ryska
322 1030 304 26 skarpskyttebataljonerna
649 1032 66 24 samt,
741 1030 78 20 säsom
845 1030 61 20 förut
930 1029 57 21 varit

230 1063 113 27 stadgadt,
359 1064 133 27 chefskapet
506 1064 35 21 för
556 1064 83 21 afdelta
655 1064 153 27 gardeskären
825 1064 44 20 och
880 1064 107 26 derjemte

229 1098 78 20 säsom
330 1098 73 26 öfriga
425 1098 7 20 i
455 1098 98 20 Finland
576 1098 103 27 förlagda
701 1101 96 25 trupper
812 1098 175 26 Generalguver-

228 1133 80 19 nören.

299 1166 62 21 Efter
382 1166 38 21 det
442 1167 28 20 de
488 1166 84 21 indelta
588 1166 157 28 bataljonerna
761 1166 26 20 är
805 1167 53 19 1867
875 1166 110 27 upplösts,

227 1200 96 26 indrogs
346 1200 239 28 inspektörsstyrelsen
609 1201 35 21 för
665 1201 75 21 finska
763 1200 115 21 militären
904 1206 81 20 genom

228 1234 85 27 nädiga
336 1235 162 27 förordningen
522 1236 25 20 af
565 1236 44 20 den
633 1236 27 20 23
675 1235 46 21 Juli
739 1236 62 25 1868,
818 1235 94 20 hvilken
928 1235 58 20 stad-

297 1337 16 21 *)
327 1338 45 16 Näd.
389 1338 124 21 kungörelsen
526 1338 19 16 af
556 1338 36 16 den
605 1338 20 16 21
640 1338 35 20 Maj
690 1338 44 16 1830
745 1337 88 21 angäende
845 1336 107 21 indragning
968 1336 20 16 af

226 1367 72 15 tvänne
309 1365 71 17 "finska
398 1367 227 20 skarpskyttebataljoner
637 1366 35 16 och
684 1366 120 16 formerande
817 1366 20 15 af
847 1370 24 11 en
890 1365 96 16 marinkår

227 1394 5 16 i
248 1395 86 20 Finland,
348 1395 61 16 under
421 1395 114 20 benämning
547 1395 20 16 af
577 1395 59 16 första
648 1395 61 16 finska
721 1395 124 20 sjöekipaget;
859 1393 43 16 näd.
915 1393 70 16 förord-

227 1423 73 16 nandet
312 1423 20 16 af
344 1423 36 16 den
392 1424 22 15 28
428 1424 104 16 November
545 1424 44 15 1833
601 1423 96 21 angäende
709 1423 102 16 förändrad
828 1422 127 21 organisation
968 1422 20 16 af

227 1451 61 17 första
301 1452 61 16 finska
375 1452 120 21 sjöekipaget.
