1092 1759
257 142 41 20 138
534 141 85 23 Ständ.
636 141 39 23 Sv.

227 212 57 22 kets
311 213 111 25 intresse,
450 212 83 22 såsom
559 212 54 22 skäl
632 212 39 22 för
689 212 176 22 förmenandet
884 213 35 21 att
937 212 48 29 lag,

228 253 54 15 som
301 247 151 22 bestämmer
471 247 188 29 militärtungan
673 247 39 22 för
725 246 119 22 Finlands
857 246 128 26 invånare,

228 281 92 26 kunde,
338 282 7 21 i
365 282 61 21 strid
446 283 52 20 mot
517 281 239 29 Regeringsformen
769 281 46 22 och
829 281 156 28 Landtdags-

229 316 149 28 ordningen,
406 316 80 22 stiftas
518 316 143 22 oberoende
687 316 26 22 af
741 316 154 22 Ständernas
924 321 61 16 sam-

228 350 81 28 tycke.
347 350 142 22 Enahanda
517 350 162 29 uppfattning
703 356 75 22 synes
797 350 46 22 ock
861 350 70 28 ligga
950 349 36 23 till

228 384 84 29 grund
331 385 39 22 för
383 385 41 21 det
444 385 25 21 af
482 385 81 21 Eders
578 385 141 29 Kejserliga
731 385 117 28 Majestät
861 384 49 22 den
924 382 61 24 3:15

229 419 122 22 Februari
367 419 65 22 1899
448 419 133 22 utfärdade
592 420 117 21 manifest
721 419 46 22 och
779 419 52 22 deri
843 418 143 29 åberopade

229 454 250 28 grundstadganden,
500 454 75 28 enligt
593 454 86 22 hvilka
699 453 194 29 Rikskonseljen
910 454 7 21 i
931 453 55 29 Kej-

230 488 142 22 saredömet
390 488 62 22 efter
472 488 52 22 deri
544 489 116 21 närmare
680 488 103 30 angifna
802 488 184 22 förberedande

230 523 140 28 omgångar
389 523 84 21 kunde
492 524 75 28 göras
586 523 34 22 till
639 523 252 29 lagstiftningsorgan
912 522 74 22 äfven

229 557 40 21 för
282 557 106 22 Finland
402 558 46 21 och
458 558 42 28 lag
510 558 39 21 för
564 558 67 21 detta
645 558 58 22 land
721 557 113 23 utfärdas
848 559 61 19 utan
922 556 65 22 med-

230 592 96 21 verkan
355 592 25 21 af
410 591 140 23 Ständerna
582 592 93 28 jemväl
702 592 7 22 i
737 592 96 22 sådana
862 591 124 25 ämnen,
969 587 20 38 i

230 626 87 22 hvilka
347 626 120 22 Finlands
492 627 157 28 grundlagar
675 626 128 29 medgifva
829 626 158 28 lagstiftning

231 660 90 22 endast
349 661 56 22 med
434 660 155 23 Ständernas
608 661 70 22 bifall
697 661 45 22 och
761 660 136 28 samtycke.
935 660 52 21 Vis-

231 695 108 28 serligen
367 696 108 22 utesluta
503 695 74 23 dessa
605 695 243 29 grundstadganden
876 694 53 22 icke
954 696 33 20 ett

232 729 91 22 sådant
351 729 151 27 förfarande,
524 732 35 20 att
578 730 139 29 lagförslag
735 730 7 21 i
762 730 97 25 ämnen,
879 728 108 22 rörande

232 764 86 21 hvilka
346 764 42 28 lag
410 765 78 28 enligt
515 765 121 22 Finlands
655 764 156 29 grundlagar
830 764 89 21 endast
938 764 49 20 kan

232 798 82 22 stiftas
340 799 56 21 med
425 799 156 22 Ständernas
605 799 132 28 samtycke,
755 798 54 22 icke
827 798 84 22 blefve
931 798 57 21 fast-

231 832 81 22 stälda
340 833 7 21 i
367 840 83 15 annan
470 834 95 28 lydelse
585 834 31 21 än
635 833 48 22 den
705 833 140 22 Ständerna
864 832 119 29 godkänt.

230 867 57 22 Men
307 867 13 22 å
342 868 78 22 andra
440 868 72 22 sidan
526 874 75 23 synes
621 867 274 30 grundstadgandenas
915 866 70 23 orda-

230 902 96 28 lydelse
355 902 129 26 innebära,
513 905 35 20 att
577 903 74 21 äfven
679 903 7 21 i
715 902 96 22 sådana
831 903 90 28 ämnen
940 902 44 21 och

231 936 98 22 således
356 937 93 28 jemväl
477 938 7 21 i
511 938 72 28 fråga
603 944 39 15 om
672 936 200 29 värnepligtslag
900 937 33 21 ett
961 936 26 21 af

232 970 142 22 Ständerna
392 973 102 27 antaget
512 972 139 28 lagförslag
670 971 85 22 kunde
774 970 137 22 fastställas
930 970 56 22 med

231 1005 97 22 ändrad
362 1006 96 28 lydelse
492 1006 60 22 eller
587 1005 154 23 Ständernas
780 1005 81 21 beslut
899 1011 87 15 annor-

229 1039 70 22 ledes
331 1040 158 22 åsidosättas.
536 1040 53 22 Och
627 1047 52 15 som
711 1040 41 22 det
783 1039 93 29 nådiga
911 1039 76 21 mani-

230 1073 75 23 festet
335 1074 121 29 derjemte
477 1075 7 21 i
504 1075 76 28 öfrigt
609 1074 147 22 förutsätter
787 1080 30 15 en
848 1074 39 21 för
920 1073 67 22 finsk

230 1109 51 21 rätt
304 1108 152 30 fullkomligt
482 1109 156 22 främmande
666 1108 155 28 behandling
840 1108 25 21 af
883 1108 104 28 lagstift-

230 1142 194 29 ningsärenden,
452 1144 76 21 hafva
558 1143 147 25 Ständerna,
734 1142 87 22 hvilka
845 1142 78 22 redan
944 1142 43 22 vid

230 1176 184 30 föredragning
433 1178 48 22 den
494 1178 29 21 21
540 1178 122 21 Februari
677 1178 24 21 af
716 1184 30 15 en
760 1177 55 21 från
831 1176 155 22 Ständernas

230 1211 153 29 Lagutskott
401 1212 142 22 inkommen
563 1212 186 28 framställning
767 1212 7 20 i
793 1211 98 28 frågan,
905 1210 82 22 enhäl-

230 1245 46 29 ligt
302 1246 116 22 omfattat
445 1246 48 22 den
523 1246 72 29 åsigt,
623 1248 35 20 att
677 1246 142 22 manifestet
837 1245 54 22 icke
910 1245 51 21 kan
980 1245 7 21 i

230 1279 108 23 Finland
361 1287 47 22 ega
436 1281 67 21 kraft
523 1281 25 21 af
566 1281 48 28 lag,
633 1282 60 20 trott
712 1280 39 28 sig
769 1280 62 21 böra
851 1280 36 21 till
906 1279 81 22 Eders

230 1314 132 28 Majestäts
381 1315 95 29 nådiga
502 1315 191 29 öfvervägande
717 1314 134 22 framhålla
876 1314 111 28 följande

230 1349 227 29 omständigheter:

302 1418 22 20 1.
362 1418 40 21 De
430 1418 30 21 af
487 1418 108 28 Kejsar
624 1417 175 23 Alexander
826 1417 12 21 I
863 1416 45 22 för
927 1416 60 22 Fin-

229 1451 70 22 land
328 1452 166 22 faststälda
522 1452 233 28 grundlagarna
778 1451 91 25 bilda,
891 1451 96 21 såsom
