1089 1775
789 148 25 20 17

87 215 34 21 för
135 215 85 21 bildade
236 221 103 21 personer
362 216 86 20 komma
463 215 107 22 särskilda
584 216 163 27 bestämningar
766 217 32 19 att
810 217 34 19 ut-

88 249 73 21 färdas
176 250 8 20 i
199 250 41 20 den
256 249 33 21 för
304 250 48 21 hela
367 249 184 22 militärväsendet
566 250 100 26 gällande
683 250 96 27 ordning.

158 303 50 19 Art.
225 304 42 18 49.
297 302 106 20 Personer
420 301 22 21 af
456 302 49 26 rysk
521 302 117 26 härkomst,
655 302 71 21 hvilka
742 301 104 28 åtnjuta
835 297 15 36 i

90 336 39 20 art.
154 336 27 21 45
204 342 62 15 mom.
284 338 12 19 2
312 336 39 21 och
366 338 13 19 3
395 335 141 22 omförmälda
557 336 111 21 lättnader
686 336 51 21 eller
753 338 92 19 motsva-

90 370 74 26 rande,
180 370 7 22 i
202 370 107 28 Ryssland
323 370 134 22 förvärfvade
471 370 115 26 förmåner,
602 370 68 27 skola,
686 371 7 21 i
708 371 101 21 händelse
821 370 25 21 de

90 403 112 24 befordras
217 405 33 21 till
266 404 109 22 officerare
390 404 36 22 vid
440 404 55 22 finsk
510 406 74 25 trupp,
603 405 3 20 i
620 404 38 22 och
670 405 47 21 med
729 405 117 22 detsamma

92 439 81 22 erhålla
187 439 56 21 finsk
258 439 193 27 medborgarerätt.

368 542 61 12 FEMTE
442 541 135 13 AFDELNINGEN.

235 594 36 17 Om
283 594 98 18 befrielse
393 593 27 22 på
431 595 67 20 grund
510 594 24 18 af
544 594 43 17 kall
600 595 38 16 och
650 595 58 21 yrke.

164 654 50 19 Art.
231 654 43 18 50.
305 651 56 22 Från
377 651 148 28 värnepligten
540 651 105 22 frikallas:

166 686 21 27 1)
202 688 85 25 prester
303 686 22 21 af
339 686 41 21 alla
395 686 85 21 kristna
496 686 198 27 trosbekännelser;

164 721 22 26 2)
202 721 140 27 psalmläsare
365 720 22 21 af
405 721 105 21 ortodoxa
532 721 197 27 trosbekännelsen,
752 728 45 15 som
820 721 31 21 af-

96 756 68 20 slutat
181 756 52 21 kurs
249 755 7 21 i
272 755 72 27 andlig
362 755 104 26 akademi,
484 755 138 22 seminarium
641 755 51 22 eller
702 756 72 27 andlig
784 755 68 22 skola.

96 790 48 21 Men
172 789 26 21 de
221 795 109 21 personer,
353 796 45 15 som
426 789 69 27 afgått
517 789 48 22 från
588 789 262 27 psalmläsarebefattning

96 825 67 20 innan
185 823 42 22 fem
251 824 24 21 år
297 823 90 22 förflutit
401 823 47 22 från
465 824 40 21 den
522 824 38 26 tid,
577 824 25 21 de
618 825 28 26 på
661 825 70 26 grund
747 824 23 21 af
783 824 67 22 sådan

96 858 121 27 befattning
233 858 106 21 frikallats
354 857 47 22 från
416 858 134 27 krigstjenst,
566 857 113 28 förpligtas
690 858 32 21 till
732 858 121 27 utgörande

99 892 22 22 af
133 893 156 27 värnepligten,
305 893 48 21 med
369 892 120 28 skyldighet
505 895 33 19 att
553 893 35 21 stå
603 893 6 21 i
622 893 59 21 aktiv
692 893 66 27 tjenst
768 892 39 22 och
817 892 35 21 vid

98 933 99 15 reserven
220 928 25 20 så
267 927 50 27 lång
339 928 38 25 tid,
393 933 45 15 som
457 927 98 27 betingas
572 927 22 21 af
608 928 62 20 deras
685 927 169 27 bildningsgrad,

98 962 111 21 hvaremot
225 962 32 26 de,
273 968 46 15 som
343 962 68 26 afgått
434 962 47 21 från
501 962 94 26 kyrkans
611 962 67 27 tjenst
694 961 53 22 efter
761 962 41 21 fem
819 962 35 20 års

99 996 91 27 förlopp,
209 996 114 22 inskrifvas
345 996 133 21 omedelbart
492 996 35 21 vid
543 1002 99 15 reserven
659 996 39 21 och
713 996 89 21 kvarstå
818 996 37 20 der

100 1030 31 22 till
148 1030 47 22 dess
212 1031 25 21 de
253 1030 48 27 fyllt
315 1031 111 21 trettionio
443 1031 29 21 år.

169 1080 50 18 Art.
236 1080 32 18 51.
298 1077 48 21 Ifall
362 1077 165 21 nedannämnda
543 1083 102 21 personer
659 1077 81 27 uttagit
750 1077 47 26 lott,
809 1082 45 16 som

100 1112 114 27 förpligtar
233 1112 47 21 dem
295 1112 32 20 till
343 1112 85 20 inträde
442 1112 36 20 vid
494 1112 26 20 de
535 1111 89 22 stående
640 1112 126 26 trupperna,
782 1110 74 22 frikal-

100 1147 32 21 las
148 1146 26 22 de
189 1146 69 22 under
273 1146 90 22 fredstid
378 1146 47 21 från
442 1146 59 22 aktiv
512 1147 67 27 tjenst
590 1146 38 22 och
639 1146 79 21 räknas
729 1146 33 21 till
772 1145 85 22 arméns

101 1187 72 16 reserv
188 1181 7 21 i
211 1181 90 22 aderton
319 1182 29 25 är,
365 1181 117 27 nemligen:

173 1216 20 27 1)
209 1216 32 25 de,
265 1222 45 15 som
333 1215 114 22 innehafva
470 1215 54 27 grad
543 1215 23 21 af
579 1215 188 26 medicinedoktor,
783 1215 74 20 läkare

102 1251 51 21 eller
175 1251 115 26 veterinär,
314 1251 24 20 sä
360 1250 65 21 framt
444 1250 26 21 de
485 1250 47 21 icke
548 1250 66 27 enligt
629 1251 124 20 statuterna
768 1249 34 21 för
817 1249 41 20 den

101 1285 128 28 inrättning,
252 1285 38 21 der
313 1285 26 21 de
362 1285 84 21 erhällit
469 1285 32 21 sin
524 1285 129 26 utbildning,
675 1286 37 19 äro
730 1283 129 28 förpligtade

103 1320 31 21 till
151 1320 140 27 obligatorisk
306 1320 67 27 tjenst
389 1319 34 21 vid
434 1319 192 26 militärväsendet,
638 1318 108 21 äfvensom
758 1317 101 28 apoteks-

102 1355 149 20 föreständare
257 1361 6 20 ;

173 1390 21 25 2)
217 1389 120 27 Kejserliga
359 1388 197 21 Konstakademins
579 1387 141 27 pensionärer
737 1386 37 21 och
790 1386 69 21 andra

103 1425 138 25 konstnärer,
263 1423 73 22 hvilka
353 1423 48 21 med
417 1423 176 21 statsunderstöd
608 1422 67 21 vistas
691 1422 6 21 i
713 1421 99 21 utlandet
827 1420 34 21 för

103 1459 140 21 fulländande
259 1458 22 21 af
295 1458 32 21 sin
343 1457 112 22 artistiska
470 1457 129 27 utbildning,
616 1457 39 21 och
