1086 1745
247 132 27 20 42
557 131 29 23 U.
601 132 29 22 B.

218 201 36 20 vid
270 201 140 25 landtvärnet,
432 201 48 20 sker
503 201 35 20 det
559 201 18 27 ej
601 201 71 20 derför
694 202 29 19 att
739 200 65 27 några
821 200 94 27 vägande
931 200 43 21 skäl

219 235 72 20 kunde
307 235 84 20 anföras
406 235 32 20 för
454 242 24 14 en
495 235 65 21 sådan
576 235 130 27 förändring,
721 235 6 20 i
743 235 40 20 och
798 235 33 20 för
846 235 31 26 sig
894 235 82 20 betrak-

219 269 42 21 tad.
291 269 50 21 Men
364 269 26 21 då
411 276 55 19 man,
482 269 12 21 å
510 269 65 21 andra
598 269 67 26 sidan,
687 269 45 21 icke
756 269 67 20 heller
845 268 40 21 kan
903 269 73 20 anföra

219 303 65 27 några
300 304 115 27 afgörande
431 304 64 21 motiv
511 304 32 21 för
558 306 29 19 att
603 303 148 21 kvarståendet
770 303 35 20 vid
821 303 133 21 landtvärnet
969 304 6 19 i

220 337 90 21 Finland
326 338 65 21 borde
411 339 93 26 upphöra
524 338 64 27 några
603 338 24 21 år
641 338 89 27 tidigare
747 340 26 18 än
789 337 6 21 i
811 337 112 27 Ryssland,
938 337 38 20 har

219 372 36 21 det
270 374 79 19 ansetts
364 372 108 27 påkalladt
481 374 30 19 att
518 376 109 23 acceptera
643 373 70 20 denna
727 372 136 27 förlängning
877 372 20 21 af
907 371 68 21 landt-

220 407 127 20 värnstiden.

288 440 72 27 Enligt
382 441 64 21 första
468 448 62 14 mom.
553 441 21 21 af
597 441 16 27 $
636 441 31 22 20
691 441 6 20 i
722 441 97 27 gällande
843 441 34 26 lag
903 440 72 21 kunna

219 477 158 19 värnemännen
409 476 87 21 endast
520 476 34 20 vid
579 476 106 27 fiendtligt
711 475 60 21 infall
795 475 7 21 i
828 475 71 20 landet
923 481 53 21 upp-

219 509 65 21 bådas
309 509 32 21 till
366 510 48 21 dess
439 510 95 21 försvar,
564 510 145 27 Affattningen
735 509 22 21 af
779 509 57 21 detta
859 509 115 27 stadgande

219 545 24 19 är
268 544 107 27 oegentlig
400 545 45 20 deri
469 546 30 19 att
521 545 47 25 den,
591 544 121 27 bokstafligt
735 544 79 25 tolkad,
836 543 88 21 innebär
946 545 30 19 att

219 578 136 21 landtvärnet
370 579 6 20 i
392 579 64 26 ingen
472 579 99 20 händelse
587 579 69 20 skulle
672 579 72 20 kunna
761 578 108 27 uppbädas
885 578 48 25 förr,
948 579 25 19 än

219 612 27 20 dä
269 614 29 19 ett
320 612 91 27 fientligt
433 613 58 20 infall
514 613 6 20 i
536 613 72 20 landet
623 619 50 20 eger
688 619 52 14 rum.
764 612 42 21 Det
816 614 23 19 är
850 612 53 21 dock
916 612 59 22 klart,

219 648 30 19 att
265 647 35 20 det
315 647 127 21 ätminstone
458 648 6 19 i
480 648 55 20 vissa
556 647 37 21 fall
616 647 72 21 kunde
713 654 49 13 vara
785 647 32 20 för
839 649 46 18 sent
904 648 29 19 att
948 647 26 20 dä

219 681 113 21 verkställa
349 681 111 28 uppbädet,
475 682 53 21 helst
544 689 25 14 en
587 682 84 27 rundlig
687 682 29 21 tid
731 682 106 21 erfordras
853 682 32 20 för
899 683 35 24 att,
942 687 32 14 se-

218 715 41 20 dan
274 715 106 27 uppbädet
396 716 61 25 skett,
472 716 73 27 bringa
560 717 238 26 landtvärnstrupperna
813 716 5 20 i
835 715 140 27 stridsfärdigt

218 749 66 20 skick.
313 749 34 21 Då
369 750 35 21 det
426 751 60 20 alltså
509 751 50 26 gällt
582 752 29 19 att
633 751 65 20 ändra
721 750 57 21 detta
800 750 122 27 stadgande,
937 750 37 20 har

221 783 107 21 Utskottet
350 785 70 20 funnit
441 785 76 26 skäligt
539 785 96 20 använda
657 785 40 20 den
715 785 76 26 nådiga
806 785 168 26 propositionens

217 817 146 28 formulering,
379 819 51 20 eller
445 821 29 18 att
490 821 155 19 värnemännen
660 819 71 20 kunna
742 819 87 20 »endast
837 819 35 20 vid
881 821 92 18 utomor-

218 852 94 26 dentliga
328 853 96 20 tillfällen
442 853 67 20 under
524 853 87 27 krigstid
627 853 90 21 inkallas
732 853 5 20 i
755 853 83 27 tjenst>.
857 853 61 20 Inom
934 852 39 21 Ut-

216 886 79 21 skottet
317 886 38 21 har
377 887 72 27 yrkats
472 889 29 19 att
516 887 6 20 i
538 888 12 25 &
567 888 26 20 20
609 887 121 21 härutöfver
752 887 65 21 borde
839 887 82 27 intagas
944 888 29 19 ett

217 920 117 27 stadgande
349 928 52 18 som,
416 921 129 21 beträffande
567 922 250 26 landtvärnstruppernas
832 921 141 27 användning,

217 954 69 22 skulle
302 955 108 22 innehålla
433 963 26 14 en
483 956 148 27 begränsning,
645 956 7 21 i
667 956 121 21 hufvudsak
811 956 162 21 öfverensstäm-

216 989 78 21 mande
310 990 48 21 med
375 990 41 20 den
432 996 44 15 som
492 991 48 20 med
556 991 35 20 det
609 991 123 20 nuvarande
756 990 125 27 stadgandet
895 990 77 20 afsetts.

217 1023 118 22 Utskottets
351 1023 68 22 flertal
434 1025 38 20 har
486 1024 53 21 dock
555 1027 68 18 ansett
639 1027 30 18 att
684 1025 64 20 första
764 1031 69 20 mom.,
849 1024 74 20 sådant
938 1023 35 21 det

216 1063 30 14 nu
263 1057 69 21 blifvit
348 1058 99 27 affattadt,
462 1059 98 26 jemfördt
576 1059 47 20 med
640 1059 64 20 första
720 1065 62 14 mom.
799 1058 21 21 af
831 1059 12 26 $
854 1059 46 24 123,
908 1057 64 22 borde

215 1091 7 20 i
238 1091 114 28 tillräcklig
367 1092 50 27 grad
434 1093 56 26 gifva
507 1093 82 26 uttryck
605 1093 21 20 ät
642 1093 40 20 den
699 1093 62 20 äfven
778 1093 21 20 af
813 1092 106 27 praktiska
932 1091 41 21 för-

215 1125 115 21 hällanden
351 1126 142 21 understödda
514 1127 141 26 grundsatsen
672 1129 29 18 att
717 1127 25 20 de
758 1127 69 20 finska
841 1126 131 21 landtvärns-

216 1162 116 25 trupperna
347 1161 18 26 ej
378 1160 50 21 böra
441 1161 107 20 användas
563 1164 58 17 utom
638 1163 48 25 eget
701 1161 56 26 land,
773 1161 22 20 sä
811 1161 63 20 framt
889 1161 17 26 ej
923 1167 49 20 syn-

215 1194 83 27 nerliga
318 1195 179 27 omständigheter
519 1195 72 27 tvinga
613 1195 32 21 till
667 1195 69 27 någon
761 1195 92 26 tillfällig
871 1194 101 21 afvikelsc

215 1227 102 22 härifrän.

284 1262 42 21 Det
341 1263 68 27 ligger
423 1263 7 20 i
446 1263 75 21 sakens
537 1266 62 18 natur
614 1265 30 19 att
659 1265 122 25 värnemän,
797 1269 44 15 som
858 1263 66 26 tjenat
937 1263 34 20 vid

215 1297 26 20 de
264 1297 87 20 stäende
374 1299 120 25 trupperna,
517 1299 35 19 äro
568 1298 46 20 bäst
629 1298 82 26 egnade
724 1299 31 19 att
774 1297 57 21 bilda
849 1299 54 19 stam
921 1297 52 20 eller

214 1330 68 21 kader
296 1330 32 21 för
345 1330 25 21 de
386 1331 209 28 landtvärnstrupper
610 1338 45 14 som
672 1332 120 27 uppställas.
825 1330 62 22 Säväl
903 1330 70 21 derför

214 1370 47 14 som
277 1364 39 21 ock
332 1365 89 21 emedan
438 1366 26 20 de
486 1366 144 27 medborgare,
645 1366 72 21 hvilka
732 1366 6 20 i
754 1366 29 20 tio
800 1365 33 21 ärs
848 1365 30 21 tid
894 1364 78 21 tillhört

214 1398 58 22 aktiv
296 1399 39 21 och
358 1405 77 22 reserv,
451 1400 65 21 redan
531 1400 88 27 uppnätt
635 1406 27 15 en
677 1400 64 25 älder,
754 1400 27 20 dä
797 1400 26 20 de
838 1399 47 21 icke
901 1399 71 21 vidare

215 1432 65 22 borde
296 1433 46 21 frän
366 1434 66 27 familj
450 1434 38 21 och
508 1434 126 21 lefnadskall
654 1437 60 25 tagas
728 1434 8 20 i
752 1434 90 27 anspräk
858 1434 33 20 för
906 1433 66 28 krigs-
