<?xml version="1.0" encoding="UTF-8"?>
<alto xmlns="http://www.loc.gov/standards/alto/ns-v3#" xmlns:xlink="http://www.w3.org/1999/xlink" xmlns:xsi="http://www.w3.org/2001/XMLSchema-instance" xsi:schemaLocation="http://www.loc.gov/standards/alto/ns-v3# http://www.loc.gov/alto/v3/alto-3-0.xsd">
	<Description>
		<MeasurementUnit>pixel</MeasurementUnit>
		<sourceImageInformation>
			<fileName>/tmp/tess_oclnquro_input.PNG</fileName>
		</sourceImageInformation>
		<OCRProcessing ID="OCR_0">
			<ocrProcessingStep>
				<processingSoftware>
					<softwareName>tesseract 5.3.4</softwareName>
				</processingSoftware>
			</ocrProcessingStep>
		</OCRProcessing>
	</Description>
	<Layout>
		<Page WIDTH="1084" HEIGHT="1728" PHYSICAL_IMG_NR="0" ID="page_0">
			<PrintSpace HPOS="0" VPOS="0" WIDTH="1084" HEIGHT="1728">
				<ComposedBlock ID="cblock_0" HPOS="264" VPOS="109" WIDTH="363" HEIGHT="22">
					<TextBlock ID="block_0" HPOS="264" VPOS="109" WIDTH="363" HEIGHT="22">
						<TextLine ID="line_0" HPOS="264" VPOS="109" WIDTH="363" HEIGHT="22">
							<String ID="string_0" HPOS="264" VPOS="109" WIDTH="25" HEIGHT="20" WC="0.95" CONTENT="14"/><SP WIDTH="282" VPOS="109" HPOS="289"/>
							<String ID="string_1" HPOS="571" VPOS="110" WIDTH="19" HEIGHT="21" WC="0.88" CONTENT="U."/><SP WIDTH="17" VPOS="110" HPOS="590"/>
							<String ID="string_2" HPOS="607" VPOS="110" WIDTH="20" HEIGHT="21" WC="0.92" CONTENT="B."/>
						</TextLine>
					</TextBlock>
				</ComposedBlock>
				<ComposedBlock ID="cblock_1" HPOS="233" VPOS="171" WIDTH="758" HEIGHT="305">
					<TextBlock ID="block_1" HPOS="233" VPOS="171" WIDTH="758" HEIGHT="132">
						<TextLine ID="line_1" HPOS="302" VPOS="171" WIDTH="689" HEIGHT="28">
							<String ID="string_3" HPOS="302" VPOS="171" WIDTH="31" HEIGHT="22" WC="0.96" CONTENT="På"/><SP WIDTH="15" VPOS="171" HPOS="333"/>
							<String ID="string_4" HPOS="348" VPOS="172" WIDTH="68" HEIGHT="27" WC="0.96" CONTENT="grund"/><SP WIDTH="16" VPOS="172" HPOS="416"/>
							<String ID="string_5" HPOS="432" VPOS="172" WIDTH="25" HEIGHT="21" WC="0.96" CONTENT="af"/><SP WIDTH="13" VPOS="172" HPOS="457"/>
							<String ID="string_6" HPOS="470" VPOS="173" WIDTH="36" HEIGHT="21" WC="0.96" CONTENT="det"/><SP WIDTH="15" VPOS="173" HPOS="506"/>
							<String ID="string_7" HPOS="521" VPOS="173" WIDTH="92" HEIGHT="20" WC="0.96" CONTENT="anförda"/><SP WIDTH="15" VPOS="173" HPOS="613"/>
							<String ID="string_8" HPOS="628" VPOS="173" WIDTH="33" HEIGHT="21" WC="0.96" CONTENT="får"/><SP WIDTH="14" VPOS="173" HPOS="661"/>
							<String ID="string_9" HPOS="675" VPOS="173" WIDTH="105" HEIGHT="21" WC="0.96" CONTENT="utskottet"/><SP WIDTH="11" VPOS="173" HPOS="780"/>
							<String ID="string_10" HPOS="791" VPOS="173" WIDTH="40" HEIGHT="20" WC="0.96" CONTENT="hos"/><SP WIDTH="11" VPOS="173" HPOS="831"/>
							<String ID="string_11" HPOS="842" VPOS="172" WIDTH="84" HEIGHT="21" WC="0.93" CONTENT="landets"/><SP WIDTH="11" VPOS="172" HPOS="926"/>
							<String ID="string_12" HPOS="937" VPOS="172" WIDTH="54" HEIGHT="26" WC="0.92" CONTENT="hög-"/>
						</TextLine>
						<TextLine ID="line_2" HPOS="233" VPOS="206" WIDTH="758" HEIGHT="27">
							<String ID="string_13" HPOS="233" VPOS="206" WIDTH="72" HEIGHT="27" WC="0.93" CONTENT="lofliga"/><SP WIDTH="23" VPOS="206" HPOS="305"/>
							<String ID="string_14" HPOS="328" VPOS="207" WIDTH="88" HEIGHT="22" WC="0.93" CONTENT="ständer"/><SP WIDTH="16" VPOS="207" HPOS="416"/>
							<String ID="string_15" HPOS="432" VPOS="207" WIDTH="112" HEIGHT="21" WC="0.92" CONTENT="vördsamt"/><SP WIDTH="16" VPOS="207" HPOS="544"/>
							<String ID="string_16" HPOS="560" VPOS="207" WIDTH="120" HEIGHT="26" WC="0.92" CONTENT="hemställa,"/><SP WIDTH="17" VPOS="207" HPOS="680"/>
							<String ID="string_17" HPOS="697" VPOS="209" WIDTH="31" HEIGHT="19" WC="0.96" CONTENT="att"/><SP WIDTH="16" VPOS="209" HPOS="728"/>
							<String ID="string_18" HPOS="744" VPOS="207" WIDTH="118" HEIGHT="21" WC="0.96" CONTENT="ständerna"/><SP WIDTH="15" VPOS="207" HPOS="862"/>
							<String ID="string_19" HPOS="877" VPOS="207" WIDTH="6" HEIGHT="20" WC="0.95" CONTENT="i"/><SP WIDTH="16" VPOS="207" HPOS="883"/>
							<String ID="string_20" HPOS="899" VPOS="207" WIDTH="36" HEIGHT="20" WC="0.93" CONTENT="sitt"/><SP WIDTH="14" VPOS="207" HPOS="935"/>
							<String ID="string_21" HPOS="949" VPOS="213" WIDTH="42" HEIGHT="14" WC="0.92" CONTENT="un-"/>
						</TextLine>
						<TextLine ID="line_3" HPOS="233" VPOS="241" WIDTH="757" HEIGHT="28">
							<String ID="string_22" HPOS="233" VPOS="241" WIDTH="118" HEIGHT="27" WC="0.91" CONTENT="derdåniga"/><SP WIDTH="15" VPOS="241" HPOS="351"/>
							<String ID="string_23" HPOS="366" VPOS="247" WIDTH="50" HEIGHT="15" WC="0.93" CONTENT="svar"/><SP WIDTH="16" VPOS="247" HPOS="416"/>
							<String ID="string_24" HPOS="432" VPOS="242" WIDTH="12" HEIGHT="21" WC="0.92" CONTENT="å"/><SP WIDTH="17" VPOS="242" HPOS="444"/>
							<String ID="string_25" HPOS="461" VPOS="241" WIDTH="26" HEIGHT="22" WC="0.96" CONTENT="de"/><SP WIDTH="15" VPOS="241" HPOS="487"/>
							<String ID="string_26" HPOS="502" VPOS="241" WIDTH="80" HEIGHT="28" WC="0.93" CONTENT="nådiga"/><SP WIDTH="16" VPOS="241" HPOS="582"/>
							<String ID="string_27" HPOS="598" VPOS="242" WIDTH="189" HEIGHT="27" WC="0.91" CONTENT="propositionerna"/><SP WIDTH="13" VPOS="242" HPOS="787"/>
							<String ID="string_28" HPOS="800" VPOS="241" WIDTH="54" HEIGHT="26" WC="0.96" CONTENT="ville,"/><SP WIDTH="13" VPOS="241" HPOS="854"/>
							<String ID="string_29" HPOS="867" VPOS="241" WIDTH="48" HEIGHT="21" WC="0.93" CONTENT="med"/><SP WIDTH="11" VPOS="241" HPOS="915"/>
							<String ID="string_30" HPOS="926" VPOS="241" WIDTH="64" HEIGHT="20" WC="0.90" CONTENT="fram-"/>
						</TextLine>
						<TextLine ID="line_4" HPOS="234" VPOS="275" WIDTH="463" HEIGHT="28">
							<String ID="string_31" HPOS="234" VPOS="275" WIDTH="99" HEIGHT="22" WC="0.96" CONTENT="hållande"/><SP WIDTH="16" VPOS="275" HPOS="333"/>
							<String ID="string_32" HPOS="349" VPOS="275" WIDTH="23" HEIGHT="22" WC="0.96" CONTENT="af"/><SP WIDTH="14" VPOS="275" HPOS="372"/>
							<String ID="string_33" HPOS="386" VPOS="276" WIDTH="64" HEIGHT="21" WC="0.96" CONTENT="dessa"/><SP WIDTH="16" VPOS="276" HPOS="450"/>
							<String ID="string_34" HPOS="466" VPOS="276" WIDTH="139" HEIGHT="27" WC="0.96" CONTENT="synpunkter,"/><SP WIDTH="15" VPOS="276" HPOS="605"/>
							<String ID="string_35" HPOS="620" VPOS="277" WIDTH="77" HEIGHT="20" WC="0.96" CONTENT="uttala:"/>
						</TextLine>
					</TextBlock>
					<TextBlock ID="block_2" HPOS="371" VPOS="309" WIDTH="620" HEIGHT="167">
						<TextLine ID="line_5" HPOS="440" VPOS="309" WIDTH="550" HEIGHT="29">
							<String ID="string_36" HPOS="440" VPOS="312" WIDTH="39" HEIGHT="22" WC="0.96" CONTENT="att,"/><SP WIDTH="12" VPOS="312" HPOS="479"/>
							<String ID="string_37" HPOS="491" VPOS="313" WIDTH="56" HEIGHT="19" WC="0.96" CONTENT="enär"/><SP WIDTH="10" VPOS="313" HPOS="547"/>
							<String ID="string_38" HPOS="557" VPOS="311" WIDTH="8" HEIGHT="20" WC="0.96" CONTENT="i"/><SP WIDTH="10" VPOS="311" HPOS="565"/>
							<String ID="string_39" HPOS="575" VPOS="311" WIDTH="25" HEIGHT="21" WC="0.96" CONTENT="de"/><SP WIDTH="8" VPOS="311" HPOS="600"/>
							<String ID="string_40" HPOS="608" VPOS="311" WIDTH="82" HEIGHT="27" WC="0.93" CONTENT="nådiga"/><SP WIDTH="4" VPOS="311" HPOS="690"/>
							<String ID="string_41" HPOS="694" VPOS="310" WIDTH="192" HEIGHT="28" WC="0.91" CONTENT="propositionerna"/><SP WIDTH="8" VPOS="310" HPOS="886"/>
							<String ID="string_42" HPOS="894" VPOS="309" WIDTH="96" HEIGHT="28" WC="0.91" CONTENT="uttryck-"/>
						</TextLine>
						<TextLine ID="line_6" HPOS="371" VPOS="344" WIDTH="620" HEIGHT="28">
							<String ID="string_43" HPOS="371" VPOS="345" WIDTH="57" HEIGHT="27" WC="0.93" CONTENT="ligen"/><SP WIDTH="20" VPOS="345" HPOS="428"/>
							<String ID="string_44" HPOS="448" VPOS="345" WIDTH="127" HEIGHT="27" WC="0.91" CONTENT="förutsättes"/><SP WIDTH="19" VPOS="345" HPOS="575"/>
							<String ID="string_45" HPOS="594" VPOS="351" WIDTH="28" HEIGHT="15" WC="0.96" CONTENT="en"/><SP WIDTH="15" VPOS="351" HPOS="622"/>
							<String ID="string_46" HPOS="637" VPOS="345" WIDTH="95" HEIGHT="27" WC="0.96" CONTENT="ordning"/><SP WIDTH="14" VPOS="345" HPOS="732"/>
							<String ID="string_47" HPOS="746" VPOS="345" WIDTH="36" HEIGHT="27" WC="0.96" CONTENT="för"/><SP WIDTH="16" VPOS="345" HPOS="782"/>
							<String ID="string_48" HPOS="798" VPOS="344" WIDTH="169" HEIGHT="28" WC="0.95" CONTENT="lagstiftningen"/><SP WIDTH="16" VPOS="344" HPOS="967"/>
							<String ID="string_49" HPOS="983" VPOS="344" WIDTH="8" HEIGHT="20" WC="0.96" CONTENT="i"/>
						</TextLine>
						<TextLine ID="line_7" HPOS="371" VPOS="378" WIDTH="619" HEIGHT="29">
							<String ID="string_50" HPOS="371" VPOS="380" WIDTH="61" HEIGHT="21" WC="0.96" CONTENT="dessa"/><SP WIDTH="10" VPOS="380" HPOS="432"/>
							<String ID="string_51" HPOS="442" VPOS="380" WIDTH="82" HEIGHT="27" WC="0.96" CONTENT="frågor,"/><SP WIDTH="11" VPOS="380" HPOS="524"/>
							<String ID="string_52" HPOS="535" VPOS="386" WIDTH="44" HEIGHT="14" WC="0.96" CONTENT="som"/><SP WIDTH="10" VPOS="386" HPOS="579"/>
							<String ID="string_53" HPOS="589" VPOS="380" WIDTH="80" HEIGHT="21" WC="0.96" CONTENT="strider"/><SP WIDTH="7" VPOS="380" HPOS="669"/>
							<String ID="string_54" HPOS="676" VPOS="381" WIDTH="44" HEIGHT="19" WC="0.96" CONTENT="mot"/><SP WIDTH="8" VPOS="381" HPOS="720"/>
							<String ID="string_55" HPOS="728" VPOS="379" WIDTH="112" HEIGHT="21" WC="0.95" CONTENT="Finlands"/><SP WIDTH="6" VPOS="379" HPOS="840"/>
							<String ID="string_56" HPOS="846" VPOS="378" WIDTH="144" HEIGHT="29" WC="0.95" CONTENT="grundlagar,"/>
						</TextLine>
						<TextLine ID="line_8" HPOS="371" VPOS="413" WIDTH="620" HEIGHT="29">
							<String ID="string_57" HPOS="371" VPOS="414" WIDTH="121" HEIGHT="22" WC="0.96" CONTENT="ständerna"/><SP WIDTH="16" VPOS="414" HPOS="492"/>
							<String ID="string_58" HPOS="508" VPOS="414" WIDTH="44" HEIGHT="21" WC="0.96" CONTENT="icke"/><SP WIDTH="18" VPOS="414" HPOS="552"/>
							<String ID="string_59" HPOS="570" VPOS="414" WIDTH="72" HEIGHT="28" WC="0.96" CONTENT="ingått"/><SP WIDTH="15" VPOS="414" HPOS="642"/>
							<String ID="string_60" HPOS="657" VPOS="414" WIDTH="8" HEIGHT="21" WC="0.96" CONTENT="i"/><SP WIDTH="13" VPOS="414" HPOS="665"/>
							<String ID="string_61" HPOS="678" VPOS="414" WIDTH="68" HEIGHT="28" WC="0.93" CONTENT="saklig"/><SP WIDTH="11" VPOS="414" HPOS="746"/>
							<String ID="string_62" HPOS="757" VPOS="414" WIDTH="110" HEIGHT="27" WC="0.91" CONTENT="pröfning"/><SP WIDTH="13" VPOS="414" HPOS="867"/>
							<String ID="string_63" HPOS="880" VPOS="413" WIDTH="28" HEIGHT="27" WC="0.96" CONTENT="af"/><SP WIDTH="7" VPOS="413" HPOS="908"/>
							<String ID="string_64" HPOS="915" VPOS="413" WIDTH="25" HEIGHT="21" WC="0.93" CONTENT="de"/><SP WIDTH="9" VPOS="413" HPOS="940"/>
							<String ID="string_65" HPOS="949" VPOS="413" WIDTH="42" HEIGHT="21" WC="0.91" CONTENT="nå-"/>
						</TextLine>
						<TextLine ID="line_9" HPOS="371" VPOS="448" WIDTH="262" HEIGHT="28">
							<String ID="string_66" HPOS="371" VPOS="448" WIDTH="50" HEIGHT="28" WC="0.90" CONTENT="diga"/><SP WIDTH="13" VPOS="448" HPOS="421"/>
							<String ID="string_67" HPOS="434" VPOS="448" WIDTH="199" HEIGHT="28" WC="0.91" CONTENT="propositionerna."/>
						</TextLine>
					</TextBlock>
				</ComposedBlock>
				<ComposedBlock ID="cblock_2" HPOS="233" VPOS="587" WIDTH="759" HEIGHT="270">
					<TextBlock ID="block_3" HPOS="233" VPOS="587" WIDTH="759" HEIGHT="235">
						<TextLine ID="line_10" HPOS="304" VPOS="587" WIDTH="686" HEIGHT="28">
							<String ID="string_68" HPOS="304" VPOS="587" WIDTH="33" HEIGHT="21" WC="0.96" CONTENT="Uti"/><SP WIDTH="18" VPOS="587" HPOS="337"/>
							<String ID="string_69" HPOS="355" VPOS="587" WIDTH="158" HEIGHT="28" WC="0.96" CONTENT="behandlingen"/><SP WIDTH="21" VPOS="587" HPOS="513"/>
							<String ID="string_70" HPOS="534" VPOS="587" WIDTH="23" HEIGHT="22" WC="0.96" CONTENT="af"/><SP WIDTH="20" VPOS="587" HPOS="557"/>
							<String ID="string_71" HPOS="577" VPOS="588" WIDTH="58" HEIGHT="21" WC="0.96" CONTENT="detta"/><SP WIDTH="19" VPOS="588" HPOS="635"/>
							<String ID="string_72" HPOS="654" VPOS="588" WIDTH="80" HEIGHT="21" WC="0.96" CONTENT="ärende"/><SP WIDTH="21" VPOS="588" HPOS="734"/>
							<String ID="string_73" HPOS="755" VPOS="587" WIDTH="65" HEIGHT="21" WC="0.96" CONTENT="hafva"/><SP WIDTH="18" VPOS="587" HPOS="820"/>
							<String ID="string_74" HPOS="838" VPOS="587" WIDTH="88" HEIGHT="27" WC="0.93" CONTENT="deltagit"/><SP WIDTH="15" VPOS="587" HPOS="926"/>
							<String ID="string_75" HPOS="941" VPOS="587" WIDTH="49" HEIGHT="21" WC="0.93" CONTENT="ord-"/>
						</TextLine>
						<TextLine ID="line_11" HPOS="233" VPOS="621" WIDTH="759" HEIGHT="29">
							<String ID="string_76" HPOS="233" VPOS="621" WIDTH="112" HEIGHT="26" WC="0.92" CONTENT="föranden,"/><SP WIDTH="21" VPOS="621" HPOS="345"/>
							<String ID="string_77" HPOS="366" VPOS="622" WIDTH="143" HEIGHT="27" WC="0.91" CONTENT="Hermanson,"/><SP WIDTH="21" VPOS="622" HPOS="509"/>
							<String ID="string_78" HPOS="530" VPOS="623" WIDTH="147" HEIGHT="21" WC="0.91" CONTENT="ledamöterne"/><SP WIDTH="18" VPOS="623" HPOS="677"/>
							<String ID="string_79" HPOS="695" VPOS="622" WIDTH="73" HEIGHT="28" WC="0.92" CONTENT="grefve"/><SP WIDTH="16" VPOS="622" HPOS="768"/>
							<String ID="string_80" HPOS="784" VPOS="622" WIDTH="22" HEIGHT="21" WC="0.91" CONTENT="C."/><SP WIDTH="16" VPOS="622" HPOS="806"/>
							<String ID="string_81" HPOS="822" VPOS="622" WIDTH="20" HEIGHT="21" WC="0.91" CONTENT="E."/><SP WIDTH="16" VPOS="622" HPOS="842"/>
							<String ID="string_82" HPOS="858" VPOS="622" WIDTH="18" HEIGHT="21" WC="0.91" CONTENT="J."/><SP WIDTH="14" VPOS="622" HPOS="876"/>
							<String ID="string_83" HPOS="890" VPOS="621" WIDTH="102" HEIGHT="22" WC="0.91" CONTENT="Manner-"/>
						</TextLine>
						<TextLine ID="line_12" HPOS="234" VPOS="655" WIDTH="757" HEIGHT="28">
							<String ID="string_84" HPOS="234" VPOS="655" WIDTH="64" HEIGHT="27" WC="0.92" CONTENT="heim,"/><SP WIDTH="17" VPOS="655" HPOS="298"/>
							<String ID="string_85" HPOS="315" VPOS="655" WIDTH="128" HEIGHT="23" WC="0.92" CONTENT="friherrarne"/><SP WIDTH="16" VPOS="655" HPOS="443"/>
							<String ID="string_86" HPOS="459" VPOS="657" WIDTH="23" HEIGHT="21" WC="0.96" CONTENT="R."/><SP WIDTH="16" VPOS="657" HPOS="482"/>
							<String ID="string_87" HPOS="498" VPOS="657" WIDTH="23" HEIGHT="21" WC="0.95" CONTENT="A."/><SP WIDTH="17" VPOS="657" HPOS="521"/>
							<String ID="string_88" HPOS="538" VPOS="657" WIDTH="80" HEIGHT="22" WC="0.96" CONTENT="Wrede"/><SP WIDTH="15" VPOS="657" HPOS="618"/>
							<String ID="string_89" HPOS="633" VPOS="657" WIDTH="42" HEIGHT="22" WC="0.96" CONTENT="och"/><SP WIDTH="15" VPOS="657" HPOS="675"/>
							<String ID="string_90" HPOS="690" VPOS="664" WIDTH="44" HEIGHT="14" WC="0.96" CONTENT="von"/><SP WIDTH="16" VPOS="664" HPOS="734"/>
							<String ID="string_91" HPOS="750" VPOS="657" WIDTH="64" HEIGHT="26" WC="0.93" CONTENT="Born,"/><SP WIDTH="16" VPOS="657" HPOS="814"/>
							<String ID="string_92" HPOS="830" VPOS="657" WIDTH="23" HEIGHT="20" WC="0.92" CONTENT="B."/><SP WIDTH="15" VPOS="657" HPOS="853"/>
							<String ID="string_93" HPOS="868" VPOS="657" WIDTH="17" HEIGHT="20" WC="0.93" CONTENT="J."/><SP WIDTH="14" VPOS="657" HPOS="885"/>
							<String ID="string_94" HPOS="899" VPOS="655" WIDTH="92" HEIGHT="22" WC="0.91" CONTENT="Groten-"/>
						</TextLine>
						<TextLine ID="line_13" HPOS="233" VPOS="685" WIDTH="759" HEIGHT="32">
							<String ID="string_95" HPOS="233" VPOS="689" WIDTH="44" HEIGHT="27" WC="0.96" CONTENT="felt,"/><SP WIDTH="23" VPOS="689" HPOS="277"/>
							<String ID="string_96" HPOS="300" VPOS="690" WIDTH="83" HEIGHT="22" WC="0.96" CONTENT="Jaakko"/><SP WIDTH="23" VPOS="690" HPOS="383"/>
							<String ID="string_97" HPOS="406" VPOS="691" WIDTH="112" HEIGHT="26" WC="0.96" CONTENT="Forsman,"/><SP WIDTH="22" VPOS="691" HPOS="518"/>
							<String ID="string_98" HPOS="540" VPOS="692" WIDTH="25" HEIGHT="20" WC="0.96" CONTENT="H."/><SP WIDTH="20" VPOS="692" HPOS="565"/>
							<String ID="string_99" HPOS="585" VPOS="692" WIDTH="21" HEIGHT="21" WC="0.96" CONTENT="E."/><SP WIDTH="21" VPOS="692" HPOS="606"/>
							<String ID="string_100" HPOS="627" VPOS="691" WIDTH="141" HEIGHT="25" WC="0.95" CONTENT="Schroderus,"/><SP WIDTH="19" VPOS="691" HPOS="768"/>
							<String ID="string_101" HPOS="787" VPOS="691" WIDTH="92" HEIGHT="26" WC="0.95" CONTENT="Kumlin,"/><SP WIDTH="19" VPOS="691" HPOS="879"/>
							<String ID="string_102" HPOS="898" VPOS="685" WIDTH="94" HEIGHT="31" WC="0.96" CONTENT="Öhman,"/>
						</TextLine>
						<TextLine ID="line_14" HPOS="233" VPOS="725" WIDTH="757" HEIGHT="27">
							<String ID="string_103" HPOS="233" VPOS="725" WIDTH="102" HEIGHT="27" WC="0.95" CONTENT="Jansson,"/><SP WIDTH="16" VPOS="725" HPOS="335"/>
							<String ID="string_104" HPOS="351" VPOS="726" WIDTH="57" HEIGHT="24" WC="0.96" CONTENT="Lille,"/><SP WIDTH="12" VPOS="726" HPOS="408"/>
							<String ID="string_105" HPOS="420" VPOS="726" WIDTH="107" HEIGHT="21" WC="0.96" CONTENT="Teittinen"/><SP WIDTH="11" VPOS="726" HPOS="527"/>
							<String ID="string_106" HPOS="538" VPOS="726" WIDTH="43" HEIGHT="22" WC="0.93" CONTENT="och"/><SP WIDTH="10" VPOS="726" HPOS="581"/>
							<String ID="string_107" HPOS="591" VPOS="726" WIDTH="129" HEIGHT="22" WC="0.91" CONTENT="Tensikkala"/><SP WIDTH="12" VPOS="726" HPOS="720"/>
							<String ID="string_108" HPOS="732" VPOS="726" WIDTH="111" HEIGHT="22" WC="0.91" CONTENT="äfvensom"/><SP WIDTH="12" VPOS="726" HPOS="843"/>
							<String ID="string_109" HPOS="855" VPOS="726" WIDTH="67" HEIGHT="21" WC="0.93" CONTENT="delvis"/><SP WIDTH="10" VPOS="726" HPOS="922"/>
							<String ID="string_110" HPOS="932" VPOS="725" WIDTH="58" HEIGHT="21" WC="0.89" CONTENT="leda-"/>
						</TextLine>
						<TextLine ID="line_15" HPOS="234" VPOS="760" WIDTH="757" HEIGHT="28">
							<String ID="string_111" HPOS="234" VPOS="760" WIDTH="99" HEIGHT="21" WC="0.92" CONTENT="möterne"/><SP WIDTH="18" VPOS="760" HPOS="333"/>
							<String ID="string_112" HPOS="351" VPOS="760" WIDTH="170" HEIGHT="28" WC="0.91" CONTENT="Schwartzberg,"/><SP WIDTH="19" VPOS="760" HPOS="521"/>
							<String ID="string_113" HPOS="540" VPOS="760" WIDTH="100" HEIGHT="22" WC="0.81" CONTENT="Hollm6n"/><SP WIDTH="21" VPOS="760" HPOS="640"/>
							<String ID="string_114" HPOS="661" VPOS="761" WIDTH="40" HEIGHT="21" WC="0.96" CONTENT="och"/><SP WIDTH="22" VPOS="761" HPOS="701"/>
							<String ID="string_115" HPOS="723" VPOS="760" WIDTH="116" HEIGHT="27" WC="0.96" CONTENT="Wuolijoki"/><SP WIDTH="17" VPOS="760" HPOS="839"/>
							<String ID="string_116" HPOS="856" VPOS="762" WIDTH="56" HEIGHT="19" WC="0.93" CONTENT="samt"/><SP WIDTH="15" VPOS="762" HPOS="912"/>
							<String ID="string_117" HPOS="927" VPOS="766" WIDTH="64" HEIGHT="20" WC="0.92" CONTENT="supp-"/>
						</TextLine>
						<TextLine ID="line_16" HPOS="233" VPOS="794" WIDTH="759" HEIGHT="28">
							<String ID="string_118" HPOS="233" VPOS="794" WIDTH="111" HEIGHT="22" WC="0.91" CONTENT="leanterne"/><SP WIDTH="16" VPOS="794" HPOS="344"/>
							<String ID="string_119" HPOS="360" VPOS="795" WIDTH="121" HEIGHT="27" WC="0.96" CONTENT="Runeberg,"/><SP WIDTH="12" VPOS="795" HPOS="481"/>
							<String ID="string_120" HPOS="493" VPOS="795" WIDTH="129" HEIGHT="27" WC="0.96" CONTENT="Forsström,"/><SP WIDTH="11" VPOS="795" HPOS="622"/>
							<String ID="string_121" HPOS="633" VPOS="796" WIDTH="91" HEIGHT="21" WC="0.97" CONTENT="Fieandt"/><SP WIDTH="10" VPOS="796" HPOS="724"/>
							<String ID="string_122" HPOS="734" VPOS="795" WIDTH="42" HEIGHT="21" WC="0.96" CONTENT="och"/><SP WIDTH="11" VPOS="795" HPOS="776"/>
							<String ID="string_123" HPOS="787" VPOS="794" WIDTH="73" HEIGHT="22" WC="0.96" CONTENT="Petter"/><SP WIDTH="10" VPOS="794" HPOS="860"/>
							<String ID="string_124" HPOS="870" VPOS="795" WIDTH="122" HEIGHT="27" WC="0.96" CONTENT="Leppänen."/>
						</TextLine>
					</TextBlock>
					<TextBlock ID="block_4" HPOS="302" VPOS="828" WIDTH="379" HEIGHT="29">
						<TextLine ID="line_17" HPOS="302" VPOS="828" WIDTH="379" HEIGHT="29">
							<String ID="string_125" HPOS="302" VPOS="828" WIDTH="139" HEIGHT="28" WC="0.95" CONTENT="Helsingfors,"/><SP WIDTH="17" VPOS="828" HPOS="441"/>
							<String ID="string_126" HPOS="458" VPOS="830" WIDTH="42" HEIGHT="21" WC="0.96" CONTENT="den"/><SP WIDTH="16" VPOS="830" HPOS="500"/>
							<String ID="string_127" HPOS="516" VPOS="830" WIDTH="29" HEIGHT="22" WC="0.96" CONTENT="20"/><SP WIDTH="15" VPOS="830" HPOS="545"/>
							<String ID="string_128" HPOS="560" VPOS="829" WIDTH="43" HEIGHT="28" WC="0.96" CONTENT="maj"/><SP WIDTH="20" VPOS="829" HPOS="603"/>
							<String ID="string_129" HPOS="623" VPOS="830" WIDTH="58" HEIGHT="22" WC="0.96" CONTENT="1899."/>
						</TextLine>
					</TextBlock>
				</ComposedBlock>
				<ComposedBlock ID="cblock_3" HPOS="555" VPOS="980" WIDTH="130" HEIGHT="9">
					<TextBlock ID="block_5" HPOS="555" VPOS="980" WIDTH="130" HEIGHT="9">
						<TextLine ID="line_18" HPOS="555" VPOS="980" WIDTH="130" HEIGHT="9">
							<String ID="string_130" HPOS="555" VPOS="980" WIDTH="130" HEIGHT="9" WC="0.30" CONTENT="m."/>
						</TextLine>
					</TextBlock>
				</ComposedBlock>
				<ComposedBlock ID="cblock_4" HPOS="298" VPOS="1421" WIDTH="333" HEIGHT="23">
					<TextBlock ID="block_6" HPOS="298" VPOS="1421" WIDTH="333" HEIGHT="23">
						<TextLine ID="line_19" HPOS="298" VPOS="1421" WIDTH="333" HEIGHT="23">
							<String ID="string_131" HPOS="298" VPOS="1421" WIDTH="134" HEIGHT="23" WC="0.91" CONTENT="Lagutskottets"/><SP WIDTH="14" VPOS="1421" HPOS="432"/>
							<String ID="string_132" HPOS="446" VPOS="1421" WIDTH="108" HEIGHT="18" WC="0.92" CONTENT="betänkande"/><SP WIDTH="14" VPOS="1421" HPOS="554"/>
							<String ID="string_133" HPOS="568" VPOS="1421" WIDTH="33" HEIGHT="18" WC="0.95" CONTENT="N:o"/><SP WIDTH="16" VPOS="1421" HPOS="601"/>
							<String ID="string_134" HPOS="617" VPOS="1422" WIDTH="14" HEIGHT="16" WC="0.92" CONTENT="2."/>
						</TextLine>
					</TextBlock>
				</ComposedBlock>
			</PrintSpace>
		</Page>
	</Layout>
</alto>
