1092 1756
338 124 84 23 Ständ.
439 124 39 23 Sv.
490 137 26 2 —
529 123 48 23 Bil.
593 123 30 22 II.
793 125 40 20 103

104 193 149 26 märkningar
279 196 61 19 emot
367 193 69 26 sagda
464 193 93 26 längder
587 194 25 19 är
643 192 86 21 således
760 192 49 21 icke
840 192 25 21 af

104 227 82 20 nöden.

173 261 129 22 Anmärkas
324 262 38 20 må
386 261 112 27 slutligen,
521 264 32 18 att
576 261 203 26 bestämningarna
799 261 6 20 i
822 263 39 18 art.

104 296 34 26 80,
154 297 25 19 81
198 296 43 21 och
256 297 34 25 82,
306 296 118 26 angående
440 296 139 26 öfverföring
594 296 50 20 från
661 297 30 19 ett
707 295 156 27 uppbådsom-

104 330 54 20 råde
181 330 32 20 till
230 333 30 18 ett
275 333 77 23 annat,
368 330 50 21 icke
434 331 39 20 äro
489 329 122 28 påkallade
627 330 25 20 af
665 329 175 21 förhållandena
856 329 5 20 i

105 364 99 21 Finland
228 365 43 20 och
295 365 25 20 så
342 365 92 26 mycket
456 364 89 21 mindre
568 366 85 19 ansetts
672 364 57 20 böra
745 363 118 21 föranleda

105 398 76 27 tillägg
196 399 7 20 i
219 399 217 27 Värnepligtslagen,
452 405 50 14 som
519 398 141 27 stadganden
674 398 6 20 i
692 398 37 21 det
745 398 56 27 syfte
813 397 50 21 åbe-

104 433 86 27 ropade
206 433 94 20 artiklar
315 433 117 20 innehålla
448 433 107 27 möjligen
572 433 78 20 kunde
666 432 59 27 gifva
739 432 124 26 anledning

105 467 33 20 till
155 467 78 20 försök
248 469 32 19 att
295 467 77 26 undgå
388 467 88 20 inträde
493 467 6 20 i
515 467 63 20 aktiv
593 467 74 27 tjenst.

424 645 60 28 Kap.
500 645 44 22 IX.

176 707 76 27 Enligt
274 708 44 21 den
342 708 83 26 nådiga
448 708 185 27 propositionens
657 710 39 18 art.
721 708 32 25 12,
770 707 94 21 hvilken

107 744 128 19 motsvarar
258 741 14 28 &
295 741 30 22 60
342 742 6 20 i
364 742 105 26 gällande
486 742 187 27 Värnepligtslag,
690 742 73 20 skulle
779 742 37 20 det
831 741 34 20 är-

107 776 44 27 liga
167 776 117 28 uppbädet
299 776 97 27 försiggä
412 776 74 21 under
500 777 61 20 tiden
577 776 98 21 emellan
692 776 43 21 den
751 777 26 19 27
795 776 70 20 Okto-

108 811 40 21 ber
164 811 43 21 och
223 810 44 22 den
284 812 25 19 27
327 811 136 26 November,
480 811 7 21 i
503 811 73 21 stället
592 811 35 20 för
643 813 32 18 att
690 810 128 21 detsamma
833 816 32 14 nu

108 851 51 21 eger
182 852 51 14 rum
256 845 73 20 under
344 845 62 21 tiden
422 845 97 21 emellan
536 845 44 21 den
598 846 25 20 15
639 845 63 27 April
719 845 43 20 och
778 844 43 21 den
838 844 28 20 24

108 879 61 21 Juni.
201 880 34 20 Dä
258 879 127 21 Ständerna
408 880 123 20 emellertid
555 882 74 18 ansett
644 879 221 27 Värnepligtslagens

109 914 171 26 bestämningar
302 914 62 20 såväl
388 914 5 20 i
417 914 13 25 $
454 914 26 20 12
496 914 97 20 rörande
609 914 80 26 dagen,
705 913 50 20 från
771 912 94 22 hvilken

108 948 143 26 tjenstetiden
268 948 57 20 skall
341 948 121 26 beräknas,
479 954 50 14 som
545 948 44 20 ock
604 948 7 20 i
627 948 13 26 $
655 948 13 20 6
685 954 37 14 om
739 947 78 21 åldern
831 946 36 21 för

108 982 88 20 inträde
212 982 7 20 i
235 982 73 27 tjenst,
324 982 57 20 böra
396 982 128 21 bibehållas
542 982 160 26 oförändrade,
718 982 69 20 hafva
803 981 64 21 Stän-

108 1016 71 21 derna
201 1016 49 21 icke
266 1017 70 20 heller
351 1016 6 20 i
374 1016 74 21 denna
465 1016 35 21 del
517 1016 76 21 funnit
609 1016 97 26 ändring
721 1016 75 26 nödig.
828 1015 39 21 Er-

109 1050 131 21 farenheten
256 1051 42 20 har
311 1050 85 28 jemväl
412 1050 64 26 visat,
493 1053 32 18 att
541 1051 34 20 för
588 1050 279 28 uppbädsförrättningar-

109 1091 42 14 nas
166 1084 168 22 verkställande
350 1085 77 26 längre
442 1085 33 21 tid
492 1086 28 20 än
537 1092 28 14 en
578 1085 86 20 mänad
675 1085 119 21 erfordras.
816 1084 51 20 Och

110 1119 88 21 oafsedt
213 1122 31 18 att
259 1119 44 21 den
319 1119 58 27 ljusa
394 1119 100 21 årstiden
510 1120 73 20 bättre
598 1120 91 26 lämpar
705 1119 32 26 sig
752 1119 36 20 för
801 1118 66 21 dessa

109 1153 168 27 förrättningar,
293 1153 73 21 skulle
388 1154 124 26 dessutom,
529 1154 29 20 dä
574 1154 98 26 legoäret
687 1153 7 21 i
710 1153 58 27 regel
784 1153 84 27 begyn-

109 1194 41 14 ner
172 1188 44 20 den
242 1189 8 19 1
276 1188 136 26 November,
436 1188 139 26 antagandet
593 1188 24 20 af
631 1188 184 27 propositionens
831 1187 37 20 be-

109 1222 69 20 rörda
200 1222 190 26 tidsbestämning
412 1222 60 21 välla
494 1224 46 19 stor
556 1222 69 20 oreda
642 1222 6 20 i
664 1222 63 26 fräga
743 1228 38 14 om
797 1221 71 21 städs-

110 1256 76 26 lingen
202 1256 25 20 af
240 1256 144 27 tjenstehjon,
400 1258 54 18 enär
470 1256 116 27 knappast
601 1256 77 26 nägon
693 1262 53 14 vore
762 1255 63 27 villig
837 1257 32 19 att

109 1290 53 26 ingä
179 1290 104 26 legoaftal
299 1290 89 21 meden
405 1290 99 28 yngling,
521 1290 94 21 hvilken
627 1290 51 21 kort
685 1290 96 21 derefter
790 1289 78 21 kunde

110 1324 71 21 blifva
196 1324 77 21 kallad
291 1326 32 19 att
338 1324 90 21 inträda
443 1324 7 21 i
466 1324 159 27 militärtjenst.
657 1324 126 21 Ständerna
799 1324 69 20 hafva

110 1358 76 21 derför
209 1358 6 20 i
240 1359 11 26 &
274 1359 27 20 60
322 1359 50 20 icke
388 1358 95 27 vidtagit
498 1365 77 14 annan
592 1358 97 27 ändring
705 1360 29 19 än
750 1358 52 26 den,
818 1364 51 14 som

110 1393 114 26 päkallats
248 1392 24 21 af
295 1393 139 21 Ständernas
462 1393 74 21 beslut
559 1393 98 20 rörande
683 1399 116 14 reservens
825 1392 44 20 och

111 1427 156 21 landtvärnets
283 1427 161 27 organisation.
