1089 1767
223 115 28 21 44

194 190 40 20 gen
259 183 118 22 öfverföras
401 184 32 21 till
449 190 110 21 reserven,
575 184 7 21 i
597 184 86 22 hvilken
700 184 42 21 han
759 184 28 21 då
802 183 98 22 kvarstår
915 182 42 22 tolf

195 218 30 26 år,
241 218 53 21 eller
310 218 39 22 ock
365 218 100 22 fortsätta
481 218 40 22 den
538 219 74 21 aktiva
625 218 178 28 tjenstgöringen,
815 218 89 21 hvarvid
916 218 40 21 den

194 252 38 26 tid,
249 252 68 22 under
337 252 84 22 hvilken
436 252 43 22 han
494 252 99 28 frivilligt
609 252 53 22 stått
677 253 7 21 i
701 253 59 21 aktiv
775 252 74 28 tjenst,
865 252 43 27 dag
922 252 34 21 för

185 286 52 27 "dag
253 286 130 22 inberäknas
398 287 7 21 i
421 287 138 27 tjenstetiden
574 288 35 20 vid
621 293 107 15 reserven.
754 286 138 22 Beträffande
903 286 53 22 fort-

195 323 43 20 satt
254 321 141 27 tjenstgöring
410 322 7 20 i
432 322 91 26 krigstid
541 322 68 27 gäller
624 321 33 21 för
672 321 101 27 frivillige
790 321 40 21 den
846 322 6 20 i
863 321 92 21 artikeln

197 356 24 20 15
237 356 105 26 stadgade
357 356 106 21 allmänna
478 356 65 27 regel.

265 410 51 17 Art.
333 409 48 18 137.
405 408 76 21 Elever
497 408 13 20 å
525 408 196 26 specialklasserna
733 408 22 20 af
765 408 60 20 Hans
836 406 120 28 Kejserliga

194 442 113 26 Majestäts
329 441 98 28 Pagekår
449 442 40 22 och
507 442 81 22 Finska
603 442 148 22 Kadettkåren
768 444 56 19 samt
840 442 6 21 i
862 441 94 28 följande

195 476 142 27 krigsskolor:
362 477 213 26 infanteriskolorna,
595 477 157 26 Nikolajeffska
768 476 188 25 kavalleriskolan,

196 510 156 27 Nikolajeffska
375 511 190 27 ingeniörsskolan,
590 511 157 22 Michailoffska
771 511 40 21 och
829 511 127 21 Konstanti-

195 545 87 21 noffska
297 545 197 22 artilleriskolorna
509 546 39 21 och
567 545 94 22 militära
677 545 185 27 topografskolan,
873 545 84 21 likstäl-

195 579 34 22 las
239 580 7 20 i
259 579 98 22 afseende
369 580 12 21 å
392 581 159 26 värnepligtens
566 581 135 27 fullgörande
717 581 50 20 med
777 580 106 27 frivillige,
894 580 62 21 hvar-

195 613 36 22 vid
247 613 133 22 beträftande
395 614 87 22 förande
499 614 23 22 af
536 615 55 21 rulla
607 615 60 21 öfver
677 614 48 21 dem
736 614 108 27 iakttages
855 614 101 27 stadgan-

196 647 35 22 det
251 648 8 21 i
275 650 40 19 art.
338 649 33 20 69.
409 649 43 21 För
475 649 76 26 elever,
575 649 74 21 hvilka
671 648 48 22 från
743 649 62 21 dessa
827 649 129 21 läroanstal-

195 683 33 20 ter
248 682 146 22 utdimitteras
410 683 7 21 i
433 683 67 27 tjenst
516 683 72 22 såsom
605 683 111 21 officerare
731 683 54 21 eller
800 683 6 20 i
822 683 60 27 lägre
896 683 60 26 grad,

195 716 130 22 inberäknas
339 717 105 22 lärotiden
461 718 35 21 vid
512 718 67 27 sagda
595 718 134 27 krigsskolor
744 717 40 22 och
800 719 13 20 å
823 717 133 28 pagekårens

196 754 57 19 samt
267 751 69 22 finska
351 751 154 23 kadettkårens
519 753 164 26 specialklasser
694 752 7 21 i
713 752 61 21 deras
785 752 108 21 allmänna
902 751 54 27 tjen-

195 785 78 27 stetid;
289 786 7 21 i
312 786 59 21 aktiv
386 787 65 26 tjenst
467 789 37 19 äro
521 787 26 21 de
563 787 97 27 skyldige
676 788 32 19 att
723 787 90 20 kvarstå
829 788 31 19 ett
876 785 38 22 och
925 787 32 20 ett

195 820 56 21 halft
273 821 25 20 år
321 820 33 21 för
377 821 73 26 hvarje
473 821 77 26 läseår,
567 827 45 16 som
629 821 26 21 de
671 821 97 26 tillbragt
783 821 36 21 vid
834 820 123 22 läroverket

196 855 40 20 och
248 854 12 21 å
271 855 198 27 specialklasserna.
488 855 221 28 Tjensteterminerna
719 855 118 22 beräknas:
848 855 109 22 allmänna

195 889 140 27 tjenstetiden
353 903 23 2 —
393 890 47 21 från
457 891 66 21 första
540 891 69 27 dagen
625 891 7 20 i
648 891 105 21 månaden
768 892 49 20 näst
830 890 54 22 efter
895 890 62 21 deras

196 924 85 21 inträde
298 925 34 20 vid
348 925 130 26 läroverket,
496 925 39 21 och
552 925 40 21 den
606 925 72 22 aktiva
690 925 92 27 tjensten
793 937 26 3 —
830 924 49 22 från
889 925 68 20 första

196 959 71 26 dagen
283 959 7 20 i
305 959 106 21 månaden
435 961 49 19 näst
507 959 54 22 efter
585 959 46 27 den,
655 960 68 21 under
742 959 87 22 hvilken
846 959 26 21 de
886 959 72 21 blifvit

195 993 48 20 från
259 993 122 22 läroverket
397 993 142 22 dimitterade.

266 1045 50 20 Art.
333 1047 51 18 138.
415 1045 78 22 Elever
509 1046 6 20 i
532 1045 25 22 de
573 1046 7 20 i
595 1046 93 21 artikeln
706 1046 39 21 137
762 1045 129 22 omnämnda
901 1045 57 21 läro-

195 1079 59 27 verk,
270 1079 74 21 hvilka
359 1079 46 22 icke
421 1079 89 22 afslutat
525 1080 126 27 fullständig
662 1080 59 26 kurs,
732 1082 37 19 äro
779 1080 79 27 jemväl
868 1079 90 27 pligtige

195 1115 34 20 att
244 1113 88 22 kvarstå
348 1114 7 21 i
371 1114 60 21 aktiv
446 1115 65 26 tjenst
527 1115 68 20 under
610 1116 32 20 ett
658 1115 40 21 och
713 1116 32 20 ett
760 1114 55 21 halft
831 1114 35 21 års
883 1114 31 21 tid
925 1114 33 21 för

196 1148 41 21 den
261 1148 32 21 tid
317 1149 25 20 de
365 1149 89 26 ätnjutit
469 1149 153 27 undervisning
637 1149 13 21 å
666 1149 74 27 hvarje
761 1149 66 26 klass,
844 1149 72 20 derest
932 1148 26 21 de

195 1182 109 22 kvarstätt
320 1183 34 21 vid
370 1183 123 22 läroverket
508 1184 75 26 längre
599 1183 31 22 tid
647 1185 26 19 än
689 1190 27 15 en
732 1183 168 21 halfärstermin.
925 1183 33 20 De

196 1217 103 26 deremot,
323 1223 45 16 som
392 1217 85 22 tillhört
494 1218 124 21 läroverket
637 1218 68 21 under
720 1224 26 15 en
762 1218 88 21 kortare
866 1217 38 26 tid,
920 1219 38 19 äro

195 1251 48 21 icke
266 1251 86 22 bundne
374 1253 35 20 vid
430 1252 71 27 någon
525 1252 143 27 obligatorisk
683 1252 113 27 tjenstetid
811 1252 35 21 för
861 1252 97 27 ätnjuten

195 1286 160 27 undervisning,
382 1289 51 19 utan
462 1287 93 27 fullgöra
586 1287 147 26 värnepligten
759 1287 66 26 enligt
850 1286 108 21 allmänna

195 1321 101 26 grunder.
