1092 1764
273 143 40 20 134
551 141 85 24 Ständ.
652 143 39 22 Sv.

240 214 134 29 lagshelgd
398 214 25 22 ät
446 221 31 15 en
500 214 40 22 del
565 214 150 29 paragrafer
734 214 7 22 i
762 214 235 29 Värnepligtslagen

244 249 56 21 »det
317 248 158 23 förhällande
494 249 56 22 med
569 249 110 22 nämnda
699 248 148 29 paragrafer
867 248 79 22 skulle
963 249 34 21 in-

240 283 81 26 träda,
350 284 36 21 att
413 284 108 28 ändring
549 283 25 22 af
593 283 128 22 desamma
741 283 52 22 icke
813 283 80 22 skulle
911 283 86 22 kunna

241 317 187 29 ävägabringas
458 318 163 27 annorlunda,
650 318 32 21 än
711 319 35 21 att
765 318 70 21 Hans
856 317 140 29 Kejserliga

242 351 118 29 Majestät
378 354 58 27 toge
455 352 106 22 initiativ
581 352 81 22 dertill
682 352 46 22 och
748 352 48 22 alla
814 352 57 28 fyra
890 352 106 22 ständen

244 386 14 22 ä
277 386 122 30 landtdag
422 387 39 29 sig
479 387 85 22 derom
583 386 146 22 förenade».
767 386 54 22 Och
840 386 30 22 de
890 386 107 29 beskyll-

240 420 99 29 ningar,
359 428 52 15 som
430 422 80 28 gjorts
530 423 51 20 mot
599 428 31 15 en
649 421 154 29 längesedan
824 420 93 22 afliden
930 420 66 22 finsk

240 455 342 26 Ministerstatssekreterare,
596 456 77 21 hvars
688 456 82 22 trohet
789 457 50 20 mot
859 455 137 22 Monarken

240 490 52 21 stär
318 490 61 28 höjd
406 490 72 22 öfver
505 490 88 28 hvarje
618 490 95 26 tvifvel,
739 490 78 22 mäste
837 490 67 28 förty
923 496 73 16 anses

240 524 156 28 ogrundade.

311 559 31 21 Af
365 559 67 22 hvad
458 558 76 22 ofvan
559 559 96 22 anförts
674 558 120 29 framgär,
815 560 35 20 att
869 558 55 22 den
944 565 52 15 om-

240 593 218 29 ständigheten,
469 593 148 22 huruvida
631 593 247 29 Krigsministern
891 593 105 28 grefve

240 627 129 29 Miljutin
389 628 71 22 känt
478 628 71 22 eller
562 628 63 22 icke
639 628 79 26 känt,
734 629 41 21 att
787 628 115 28 fjorton
915 634 80 22 para-

240 662 101 28 grafer
365 662 7 22 i
398 662 285 29 Värnepligtslagen
713 663 112 21 ansetts
853 662 74 22 böra
956 668 39 16 er-

240 696 81 22 hålla
340 697 260 29 grundlagsnatur,
627 697 63 21 icke
718 696 54 22 alls
799 696 141 22 inverkar
958 696 36 28 på

240 730 110 30 frågan
369 738 42 15 om
432 731 184 23 Ständernas
635 732 59 21 rätt
713 733 41 20 att
773 731 121 29 deltaga
913 731 6 21 i
938 731 57 28 lag-

240 765 179 29 stiftningen
448 772 42 16 om
517 766 100 22 finske
644 766 226 28 medborgares
889 766 106 21 värne-

240 800 84 28 pligt.
362 800 88 22 Denna
487 800 186 29 omständighet
709 800 94 22 saknar
839 800 27 21 så
897 800 98 28 mycket

241 840 69 16 mera
339 834 31 22 all
395 834 137 29 betydelse,
557 841 53 15 som
631 834 145 22 densamma
796 834 199 29 uppenbarligen

238 868 150 23 framhållits
408 869 89 22 endast
516 869 104 22 emedan
640 876 57 14 man
716 869 124 22 förmenat
855 868 141 22 Ständerna

240 902 54 22 icke
322 903 76 22 hafva
426 904 54 21 haft
507 904 49 21 rätt
584 905 35 20 att
643 903 101 29 deltaga
763 903 6 21 i
791 910 83 15 annan
893 902 104 30 lagstift-

240 938 62 28 ning
321 938 32 21 än
372 938 49 22 den
440 944 40 16 om
499 938 198 28 grundlagarna,
717 944 31 15 en
762 938 109 28 mening,
885 937 110 26 hvilken,

241 972 83 22 såsom
349 972 79 22 redan
452 972 131 28 påpekats,
608 979 45 15 var
677 972 84 22 okänd
780 972 32 28 på
833 972 90 28 Kejsar
943 972 54 21 Ale-

241 1006 97 22 xander
351 1006 47 22 II:s
412 1007 42 21 tid.
484 1006 131 22 Gentemot
634 1007 82 21 denna
730 1007 7 21 i
757 1006 125 22 särskilda
898 1006 99 28 bilagor

240 1040 37 22 till
296 1041 30 21 de
345 1041 94 29 nådiga
458 1041 218 28 propositionerna
689 1040 190 23 framträdande
898 1040 99 28 mening

240 1074 48 22 har
313 1076 182 21 ofvanstående
515 1076 148 28 utläggning
682 1075 166 22 konstaterat:
869 1076 37 20 att
925 1074 72 23 Stän-

242 1109 85 22 derna
345 1109 75 22 såväl
434 1109 38 29 på
490 1110 85 28 grund
593 1110 32 22 af
640 1109 239 29 Regeringsformen
891 1116 53 14 som
959 1108 38 29 på

240 1144 91 27 grund
344 1144 32 22 af
386 1144 295 28 Landtdagsordningen
694 1144 69 22 varit
775 1144 45 22 och
835 1143 161 29 följaktligen

244 1177 162 23 fortfarande
424 1179 46 21 äro
490 1178 159 29 berättigade
668 1180 36 20 att
723 1178 104 28 deltaga
841 1178 10 21 i
863 1178 133 21 stiftandet

241 1212 33 22 af
289 1212 43 29 lag
350 1219 41 15 om
410 1213 175 28 värnepligten
604 1213 10 21 i
633 1212 122 22 Finland.

312 1247 46 22 Till
385 1247 147 29 ytterligare
559 1247 231 29 åskådliggörande
818 1246 74 22 häraf
919 1246 77 22 tillåta

240 1281 40 28 sig
308 1281 141 22 Ständerna
469 1283 35 20 att
521 1281 46 22 här
586 1282 82 21 införa
688 1282 31 21 de
738 1281 259 29 grundlagsstadgan-

242 1315 58 26 den,
320 1322 53 15 som
392 1316 90 21 beröra
500 1316 169 22 förevarande
689 1317 79 24 ämne,
789 1315 138 29 nämligen:

313 1349 23 29 a)
362 1359 4 10 +
372 1350 34 28 Ej
424 1349 42 23 mä
486 1350 135 29 Konunger
634 1350 85 29 någon
733 1357 34 21 ny
783 1350 52 28 Lag
848 1351 63 20 utan
925 1349 72 22 Stän-

242 1384 90 22 dernes
362 1385 104 28 vetskap
496 1385 44 21 och
568 1385 128 28 samtycke
723 1385 72 28 göra,
824 1384 61 21 eller
911 1383 85 29 någon

241 1419 118 27 gammal
378 1419 137 22 afskaffa.>
554 1419 249 28 (Regeringsformen
824 1419 14 28 S
859 1418 44 28 40)
