1086 1759
445 118 20 20 U.
483 118 20 20 B.
788 118 38 20 125

99 186 53 14 man
175 180 56 20 altsä
254 182 28 26 gä
305 180 106 28 förlustig
435 187 28 13 en
487 180 25 20 af
533 180 27 20 de
582 179 86 21 honom
690 186 83 21 genom
795 179 59 21 finsk

100 214 113 28 grundlag
232 214 167 21 tillförsäkrade
419 214 120 26 förmäner,
558 214 80 21 hvilka
653 214 7 20 i
676 214 77 21 landet
768 213 86 21 skattas

100 248 55 21 allra
171 248 74 28 högst,
261 248 41 22 och
318 256 48 14 som
381 248 51 21 icke
448 248 77 21 kunna
540 248 85 21 honom
642 248 104 21 beröfvas
760 250 55 19 utan
826 255 28 13 en

99 282 265 29 grundlagsförändring,
381 282 35 22 till
432 282 94 22 hvilken
542 282 106 28 samtliga
658 282 65 22 stånd
735 282 68 28 gifvit
815 282 39 20 sitt

99 317 66 21 bifall
180 317 43 22 och
239 317 123 29 samtycke.

168 352 53 21 Med
244 352 106 21 afseende
373 354 12 18 å
409 351 59 21 hvad
492 351 113 21 utskottet
620 358 31 14 nu
668 351 76 21 anfört
759 351 40 21 bör
815 350 38 21 det

101 386 135 25 framhållas,
253 389 33 18 att
300 386 145 28 lagstiftaren
461 386 50 20 icke
526 393 39 13 ens
581 386 67 20 tänkt
659 385 35 28 sig
704 385 149 28 möjligheten

100 420 25 21 af
144 422 72 26 något
238 423 48 19 mot
306 420 27 21 de
355 420 184 28 medborgerliga
554 420 38 20 fri-
608 419 42 21 och
666 420 164 27 rättigheterna
845 419 8 20 i

99 457 24 18 så
145 454 46 28 hög
213 454 55 28 grad
290 454 122 26 stridande,
428 462 49 13 som
493 457 34 19 att
541 454 150 28 medborgare
706 454 76 21 kunde
797 457 56 18 utan

98 489 77 21 vidare
194 489 105 21 beröfvas
316 488 116 22 förmånen
449 491 34 19 att
498 491 35 19 stå
547 489 73 21 under
636 492 52 24 eget
702 489 65 21 lands
783 489 68 27 lagar,

98 524 93 21 hvarför
212 524 87 20 direkta
322 523 142 28 stadganden
488 524 102 20 däremot
612 523 50 21 icke
679 523 71 21 häller
765 523 87 21 funnits

97 557 119 29 behöfliga.
246 558 66 21 Hvad
335 558 38 28 lag
395 558 92 27 stadgat
503 558 117 28 angående
636 557 111 21 särskilda
763 558 50 27 slag
829 558 26 20 at

98 592 119 27 förmåner,
227 592 39 21 det
276 592 40 21 har
327 592 43 21 den
381 592 92 28 stadgat
484 592 88 21 landets
584 592 108 21 invånare
704 592 33 21 till
749 592 102 24 fromma,

98 626 42 22 och
153 627 210 27 medborgarrätten
377 626 76 22 består
465 626 49 28 just
528 627 7 21 i
548 627 140 27 rättigheten
703 629 34 19 att
748 626 105 28 tillgodo-

96 660 65 28 njuta
177 661 113 21 förmåner
312 661 71 28 enligt
403 661 89 21 landets
513 661 69 28 lagar,
599 661 95 21 hvarför
709 661 64 21 dessa
788 661 64 27 lagar

98 696 109 21 förfelade
223 696 39 21 sitt
278 696 110 25 ändamål,
403 703 36 14 om
451 696 28 20 de
490 696 19 27 ej
522 696 118 28 skyddade
651 696 74 21 denna
735 695 116 29 rättighet.

96 730 43 22 Att
149 730 153 22 förhållandet
317 734 24 18 är
356 730 81 22 sådant
452 730 100 28 framgår
568 730 68 22 äfven
653 730 70 26 däraf,
735 733 34 19 att
779 730 73 21 lands-

97 764 133 28 förvisning,
245 772 48 14 som
308 765 95 21 innebär
419 765 82 21 förlust
517 765 25 21 af
549 772 32 14 nu
591 765 172 28 ifrågavarande
774 764 77 28 rättig-

97 799 44 25 het,
166 799 112 21 användts
299 801 72 20 såsom
387 800 70 28 straff
469 800 36 21 för
521 808 27 13 en
564 800 36 20 del
616 802 66 19 svåra
697 799 154 28 förbrytelser,

97 834 88 21 hvilket
208 834 58 21 dock
288 834 50 21 icke
358 841 62 14 mera
435 834 46 21 kan
496 834 172 28 ifrågakomma,
684 834 69 20 sedan
769 840 82 21 genom

97 868 44 21 den
155 875 47 21 nya
220 868 242 28 strafflagstiftningen
486 868 154 29 uttryckligen
664 868 127 25 förklarats,
817 870 35 18 att

96 902 193 28 landsförvisning
300 902 50 22 icke
360 905 37 19 må
407 904 78 26 någon
495 903 98 21 ådömas.
614 902 48 22 Och
674 905 33 19 att
718 902 74 21 denna
803 901 48 21 sida

97 937 26 21 af
135 937 212 28 medborgarrätten
362 937 35 21 till
413 937 57 21 fullo
487 937 91 21 erkänts
594 937 23 21 af
632 937 88 21 landets
731 936 120 22 monarker

96 972 100 28 framgår
218 980 27 13 ur
268 972 273 28 regentförsäkringarna,
564 972 7 20 i
586 972 80 20 hvilka
681 971 35 21 till
730 970 121 22 bekräftel-

97 1014 39 14 sen
152 1006 27 22 af
190 1006 94 28 lagarna
299 1006 140 22 omedelbart
454 1006 77 28 fogats
546 1008 34 20 ett
594 1006 57 22 löfte
662 1006 35 21 till
708 1006 43 21 alla
761 1006 90 20 landets

96 1040 134 29 inbyggare,
253 1043 24 19 så
291 1040 71 29 högre
377 1048 49 14 som
441 1041 70 28 lägre,
528 1043 34 19 att
577 1040 28 22 de
620 1040 65 22 skola
700 1040 104 28 oförrykt
819 1039 32 21 bi-

97 1075 100 21 behållas
220 1076 39 20 vid
281 1075 28 21 de
331 1075 142 29 rättigheter,
489 1082 49 14 som
554 1075 49 21 dem
622 1074 72 29 enligt
708 1074 89 22 landets
813 1074 38 27 lag

96 1110 133 21 tillkomma.
258 1110 122 28 Själffallet
403 1113 24 18 är
449 1110 36 22 för
501 1110 71 28 öfrigt
587 1112 40 22 att,
644 1117 36 14 om
697 1117 28 13 en
740 1108 36 22 del
791 1108 60 21 med-

97 1144 95 28 borgare
217 1144 50 22 icke
289 1144 61 28 finge
372 1144 163 28 tillgodonjuta
559 1144 144 22 förmånerna
724 1144 25 20 af
772 1143 78 27 lagens

96 1178 176 29 bestämningar,
296 1179 62 21 detta
380 1186 55 14 vore
457 1179 111 28 liktydigt
590 1179 52 21 med
666 1181 34 19 att
714 1178 68 28 lagen
797 1177 51 29 själt

97 1213 117 21 ändrades.

163 1248 12 21 I
200 1248 82 28 själfva
306 1248 81 21 värket
416 1248 117 21 innehålla
556 1248 56 21 våra
636 1247 139 28 grundlagar
797 1246 53 21 flere

95 1282 148 28 stadganden,
266 1282 51 22 med
340 1282 78 22 hvilka
440 1282 106 28 åtgärder
568 1282 26 22 af
613 1281 173 29 ifrågavarande
802 1280 49 28 slag

95 1316 73 21 skulle
191 1317 56 21 råka
270 1317 8 21 i
302 1317 119 28 uppenbar
443 1317 64 21 strid.
537 1316 91 22 Sådana
650 1319 38 19 äro
712 1317 25 21 16
761 1314 42 22 och
823 1316 27 20 39

97 1350 27 28 88
149 1350 7 21 i
185 1351 206 28 regeringsformen
421 1354 60 18 samt
509 1353 14 21 2
552 1351 104 29 punkten
682 1350 25 22 af
733 1349 117 27 förenings

95 1385 41 21 och
167 1386 193 21 säkerhetsakten.
400 1386 81 28 Enligt
510 1385 141 22 förstnämda
680 1385 87 28 lagrum
798 1390 53 21 eger

163 1431 135 23 Lagutskottets
310 1432 114 18 betänkande.
