1086 1773
437 132 31 23 U.
483 132 29 22 B.
799 133 25 20 51

94 201 69 28 punkt
181 208 11 14 a
217 201 60 21 ordet
293 202 99 20 »vanför>
411 201 81 27 utbytts
508 203 56 19 emot
579 201 37 20 det
630 201 129 27 egentligare
775 202 79 25 uttryc-

95 237 36 20 ket
147 236 60 21 »icke
223 235 121 21 arbetsför».

165 269 211 28 Värnepligtslagens
393 269 35 28 $$
439 269 29 22 27
484 270 39 21 och
547 269 30 22 28
600 271 116 18 motsvaras
737 269 22 20 af
773 271 36 19 art.
827 270 26 20 38

96 305 38 20 och
150 305 27 20 39
192 305 8 19 i
216 304 39 21 den
272 304 75 27 nådiga
363 305 164 26 propositionen,
544 310 49 15 men
609 304 63 20 hafva
685 303 64 28 sagda
763 303 90 27 artiklar,

96 339 83 21 utöfver
197 339 54 20 hvad
268 338 197 28 Värnepligtslagen
481 339 7 20 i
504 338 74 21 sådant
593 338 101 21 afseende
709 337 123 28 innehåller,
847 338 6 19 i

96 373 23 21 så
141 373 65 21 måtto
229 373 102 20 utsträckt
353 373 40 20 den
414 373 7 20 i
441 373 118 26 åberopade
575 373 26 26 $$
618 371 151 28 värnepligtige
785 372 68 21 under

96 407 55 21 vissa
174 407 179 26 omständigheter
375 407 108 27 medgifna
506 409 39 18 rätt
568 407 31 20 till
623 406 45 21 dels
691 406 99 21 befrielse
805 405 47 22 från

97 442 56 20 aktiv
164 442 65 26 tjenst
239 441 38 20 och
289 441 49 26 byte
351 441 20 21 af
383 441 133 26 lottnumror,
527 441 44 20 dels
585 441 82 20 utträde
678 447 26 14 ur
714 440 58 27 dylik
783 441 70 27 tjenst,

97 478 30 19 att
144 478 37 18 art.
198 476 26 20 38
243 476 97 20 omfattar
355 475 77 27 jemväl
448 475 170 26 sammanbragta
633 475 77 20 bröder
725 475 39 20 och
779 475 74 20 foster-

98 510 81 27 bröder,
200 512 54 18 samt
271 511 37 19 art.
325 510 26 20 39
366 509 171 28 sammanbragta
552 509 77 21 bröder
644 509 39 20 och
699 509 92 20 kusiner.
821 509 33 20 Då

97 545 117 20 emellertid
237 544 7 20 i
266 544 90 21 Finland
371 544 94 21 rådande
485 543 145 21 förhållanden
647 543 47 21 icke
710 543 57 26 gifva
782 543 72 20 anled-

97 579 52 26 ning
164 579 31 20 till
204 579 59 26 dylik
272 579 126 26 utvidgning
407 579 21 20 af
436 578 98 27 gällande
541 578 45 26 lags
595 577 158 27 bestämningar
761 578 7 19 i
776 579 77 24 ämnet,

97 613 38 20 har
149 613 107 20 Utskottet
271 613 5 20 i
292 613 210 26 Värnepligtslagens
518 613 26 26 $$
560 613 25 19 27
603 612 39 20 och
658 612 26 20 28
700 611 64 22 infört
779 611 75 21 endast

98 647 78 21 sådana
195 647 120 27 ändringar,
329 654 45 14 som
390 647 94 27 påkallas
502 647 21 20 af
541 647 118 20 Utskottets
674 646 78 27 förslag
765 645 88 22 rörande

99 682 175 27 omorganisation
289 682 21 20 af
321 688 97 14 reserven
430 682 40 21 och
480 681 140 27 landtvärnet,
630 683 55 19 samt
693 680 30 21 till
731 681 12 27 $
751 681 26 21 28
788 680 67 28 tillagt

99 722 26 15 en
135 716 181 28 kompletterande
328 716 138 27 bestämning,
479 716 100 20 afseende
590 717 30 19 att
632 715 131 21 förekomma
775 716 36 20 det
820 715 36 21 två

98 757 100 21 personer
219 750 71 21 kunde
309 750 31 27 sig
361 750 89 21 emellan
468 750 47 21 dela
530 750 174 27 tjenstgöringen,
720 750 90 20 sålunda
826 751 29 19 att

99 785 40 21 den
155 791 40 14 ena
211 784 83 28 tjenade
311 791 25 14 en
353 785 33 20 del
402 785 21 20 af
435 785 42 21 den
490 784 108 21 faststälda
609 784 58 21 tiden
680 784 40 21 och
730 784 41 21 den
783 784 71 26 andra,

98 820 84 20 hvilken
199 820 120 20 sedermera
334 819 73 21 trädde
422 819 7 20 i
442 819 76 27 stället,
533 818 120 22 återstoden
669 818 21 20 af
706 818 69 21 denna
791 818 36 20 tid.

167 854 45 20 Art.
227 854 26 20 41
271 854 6 20 i
293 854 40 20 den
351 853 76 27 nådiga
442 853 157 27 propositionen
616 855 22 18 är
654 852 74 21 afsedd
739 854 30 19 att
779 853 76 20 ersätta

99 888 16 28 S
131 888 30 22 29
177 889 7 19 i
196 888 97 27 gällande
307 888 175 27 Värnepligtslag,
498 894 47 14 men
563 887 81 21 afviker
658 886 128 22 beträffande
797 887 60 20 inne-

98 923 65 20 hållet
179 923 111 26 väsentligt
312 922 47 21 från
382 922 64 27 sagda
472 922 19 27 S,
512 922 7 20 i
540 922 35 21 det
596 923 30 19 att
653 923 36 19 art.
712 922 27 20 41
761 921 96 27 angifver

99 958 55 20 vissa
170 957 46 28 slag
231 957 21 21 af
266 957 73 27 yrken,
355 957 81 20 hvilkas
450 957 73 20 idkare
534 963 49 14 vore
594 955 130 28 berättigade
735 958 30 18 att
778 955 79 21 erhälla

99 992 91 27 uppskof
217 992 32 20 för
277 991 137 21 ekonomiska
442 991 184 27 angelägenheter,
656 992 54 19 samt
740 992 29 19 att
793 995 64 15 mom.

100 1026 63 27 218
186 1027 27 19 29
229 1033 26 13 ur
269 1026 155 27 propositionen
448 1025 118 21 utlemnats.
596 1025 8 20 1
630 1025 137 20 betraktande
789 1024 22 21 af
831 1023 26 20 de

100 1062 55 19 stora
178 1061 135 26 svärigheter,
331 1060 101 21 hvarmed
448 1060 83 20 landets
547 1059 165 27 hufvudnäring,
727 1058 130 28 jordbruket,

100 1095 38 20 har
157 1097 29 18 att
212 1095 81 26 kämpa,
319 1095 38 20 har
382 1095 108 20 Utskottet
514 1094 63 20 likväl
600 1096 69 18 ansett
695 1093 162 26 bestämningen

100 1130 7 19 i
129 1129 144 26 nyssnämnda
296 1135 62 14 mom.
380 1129 18 26 2,
418 1129 81 20 hvilket
522 1128 34 21 vid
581 1128 141 21 1877—1878
741 1127 34 21 års
790 1126 68 22 landt-

101 1163 40 27 dag
162 1163 82 20 tillkom
264 1163 27 27 pä
313 1163 68 27 grund
405 1163 21 20 af
448 1162 170 21 Bondeständets
641 1162 73 21 derom
732 1161 123 21 framstälda

100 1197 102 27 yrkande,
222 1197 57 21 hvila
301 1197 27 28 pä
343 1203 25 15 en
386 1198 17 26 ej
420 1197 91 21 allenast
525 1197 48 20 fullt
588 1196 124 27 berättigad,
729 1198 51 19 utan
795 1195 64 20 äfven

101 1232 64 27 nödig
188 1232 98 21 omtanke
308 1238 34 14 om
365 1231 70 21 denna
458 1232 81 26 näring,
563 1231 38 20 och
625 1231 65 26 sagda
714 1237 62 14 mom.
803 1229 56 26 förty

101 1266 50 21 böra
172 1266 7 20 i
197 1266 62 28 lagen
278 1266 120 21 bibehållas.
433 1265 48 21 Men
501 1265 61 21 äfven
582 1272 63 13 mom.
665 1266 11 19 1
696 1265 6 20 i
722 1265 11 27 &
753 1264 26 21 29
794 1269 65 21 synes

101 1300 108 22 Utskottet
225 1308 48 13 vara
289 1303 29 19 att
333 1301 110 27 föredraga
458 1300 88 20 framför
561 1300 149 20 motsvarande
725 1298 134 26 bestämning

101 1336 6 19 i
123 1335 165 28 propositionen,
305 1337 51 19 enär
370 1335 6 20 i
393 1335 119 27 äberopade
523 1341 62 14 mom.
596 1334 130 27 beviljandet
737 1334 20 20 af
768 1332 91 28 uppskof

101 1370 66 26 gjorts
186 1369 105 21 beroende
309 1370 26 26 pä
353 1370 98 26 pröfning
469 1370 7 19 i
496 1370 71 26 hvarje
585 1369 100 20 särskildt
700 1368 42 26 fall,
759 1368 39 20 och
814 1367 47 20 här-

101 1404 91 26 igenom,
213 1404 66 26 enligt
297 1404 56 20 hvad
374 1404 148 20 erfarenheten
544 1403 84 26 utvisat,
647 1404 66 19 större
731 1402 81 27 garanti
827 1401 34 20 för

101 1438 87 20 rättvisa
208 1438 80 24 vinnes,
305 1440 25 18 än
347 1444 77 21 genom
440 1438 27 26 pä
482 1437 89 21 förhand
587 1437 109 21 faststälda
713 1438 96 19 närmare
825 1435 36 21 be-
