1089 1770
790 143 27 20 33

86 209 212 28 fyllnadslängderna
316 210 18 21 A
353 210 40 21 och
411 210 18 21 B
449 211 52 26 göra
521 210 32 27 sig
571 210 152 27 underrättad,
742 210 106 21 huruvida

87 244 43 21 alla
151 245 131 26 uppbådade
304 244 75 21 instält
402 245 39 26 sig,
464 244 89 21 hvarvid
575 244 116 28 ljudeligen
714 245 102 27 uppläses
829 245 18 26 ej

87 279 84 21 mindre
185 278 141 22 förenämnda
341 279 90 27 längder
447 281 27 19 än
490 279 62 21 äfven
568 279 186 27 fyllnadslängden
770 279 17 22 C
801 279 48 21 med

88 313 43 21 alla
145 313 8 21 i
168 313 193 28 uppbådslängden
384 313 77 27 gjorda
477 313 156 27 anteckningar
649 320 34 15 om
699 313 72 22 hvilka
787 313 22 22 af
823 313 26 21 de

88 347 131 28 uppbådade
234 348 61 22 skola
311 348 85 27 åtnjuta
411 347 126 28 eftergifter,
548 348 87 21 hvaruti
647 349 63 20 dessa
720 348 63 22 bestå
793 349 56 20 samt

89 383 124 26 grunderna
235 382 34 21 för
291 382 62 21 deras
368 382 127 27 beviljande.
526 382 49 21 Alla
590 383 26 20 de
631 382 132 27 uppbådade
778 382 72 22 äfven-

89 423 47 15 som
151 417 68 21 andra
229 416 135 22 närvarande
375 422 105 21 personer
491 418 37 20 äro
539 417 137 26 berättigade
687 417 34 20 att
730 416 120 23 framställa

90 451 169 26 anmärkningar
270 452 45 19 mot
325 450 130 28 riktigheten
467 450 22 21 af
498 450 63 22 dessa
569 451 162 27 anteckningar,
741 452 39 20 och
788 450 61 26 skall,

90 491 35 15 om
139 485 93 21 nämden
247 484 69 22 finner
331 484 198 28 anmärkningarna
544 485 119 27 grundade,
679 485 66 27 nödig
759 484 91 22 rättelse

89 519 8 21 i
112 519 93 27 längden
229 518 23 22 af
273 519 123 21 densamma
418 521 70 25 göras.
519 519 102 21 Härefter
643 520 83 20 skrides
749 520 33 20 till
799 520 52 20 lott-

91 554 58 26 ning,
164 554 8 20 i
186 554 85 21 hvilken
288 554 41 21 alla
343 554 8 21 i
367 554 109 21 områdets
491 554 167 27 uppbådslängd
673 555 114 26 upptagna
801 559 49 21 per-

91 594 65 16 soner
171 590 51 25 taga
238 588 39 27 del,
296 589 48 21 med
362 589 113 27 undantag
486 588 23 22 af
519 589 53 27 dem,
584 595 46 15 som
645 588 69 22 blifvit
729 588 123 28 prestvigde

91 623 58 21 inom
165 623 40 21 den
222 623 104 21 ortodoxa
341 624 84 26 kyrkan
446 623 51 21 eller
518 625 68 20 annat
605 624 80 20 kristet
705 622 105 22 samfund.
842 622 10 21 I

91 657 212 27 fyllnadslängderna
325 658 85 21 införda
425 664 104 21 personer
545 660 37 20 äro
600 658 47 21 icke
664 658 95 27 lottning
773 658 79 21 under-

92 692 97 21 kastade.

165 738 49 16 Anm.
238 737 102 23 Utredning
358 743 29 12 om
404 737 99 23 uppbådad
520 743 77 17 persons
614 737 92 23 rättighet
724 738 29 17 till
771 736 83 23 eftergift

95 766 6 17 i
114 766 102 22 utgörande
228 766 21 18 af
259 766 126 23 värnepligten
397 766 30 18 får
438 766 114 18 framställas
570 766 65 18 endast
647 766 40 18 före
699 766 155 22 lottdragningen.

369 904 66 12 SJETTE
447 903 136 13 AFDELNINGEN.

291 955 36 18 Om
339 957 114 20 ordningen
465 957 35 16 vid
512 957 149 21 lottäragning.

165 1015 50 19 Art.
232 1015 52 19 102.
310 1013 69 22 Innan
394 1014 95 27 lottning
504 1015 104 26 vidtager,
622 1013 78 28 jemför
711 1013 144 22 ordföranden

96 1047 83 22 antalet
202 1047 23 22 af
249 1048 27 21 de
299 1047 84 28 färdiga
408 1048 129 21 numrerade
561 1049 145 21 lottsedlarna
726 1048 48 21 med
794 1049 62 19 anta-

95 1082 31 21 let
141 1081 23 22 af
178 1082 26 21 de
219 1083 7 20 i
241 1083 192 27 uppbädslängden
456 1083 85 22 införde
564 1083 38 22 och
624 1083 70 21 förser
713 1082 144 21 lottsedlarna

96 1117 49 21 med
170 1117 66 26 nägot
261 1117 239 28 igenkänningstecken.
538 1118 73 27 Derpä
636 1117 111 27 hoprullas
766 1115 90 23 lottsed-

96 1152 63 21 larna
177 1151 69 22 under
261 1152 156 22 ordförandens
432 1153 72 27 tillsyn
521 1155 57 19 samt
593 1153 126 22 omblandas
735 1152 39 21 och
788 1151 69 27 inläg-

97 1192 38 21 gas
150 1186 7 21 i
173 1193 26 14 en
222 1186 50 22 läda
295 1187 50 22 eller
364 1189 32 20 ett
411 1187 51 28 hjul.
493 1188 32 21 De
541 1188 32 21 till
588 1188 123 27 lottningen
727 1186 130 28 uppbädade

97 1221 36 20 mä
148 1221 32 26 sig
195 1221 90 22 emellan
303 1224 49 19 utse
368 1223 79 21 ombud
461 1222 34 21 för
506 1222 153 27 öfverräkning
679 1221 40 22 och
738 1221 119 26 hopbland-

97 1256 53 27 ning
173 1256 22 21 af
211 1257 26 21 de
253 1257 180 22 sammanrullade
448 1257 150 27 lottsedlarna,
614 1257 67 21 innan
698 1257 26 20 de
738 1256 98 27 inläggas
850 1255 8 20 i

98 1291 64 21 lädan
179 1291 51 22 eller
245 1291 75 27 hjulet.

168 1351 51 18 Art.
238 1352 53 18 103.
314 1349 10 21 I
340 1350 39 20 och
393 1349 34 22 för
437 1349 123 27 lottningen
570 1349 130 21 bestämmes
711 1348 82 26 främst,
804 1348 54 20 lika-

98 1383 59 23 ledes
179 1383 80 23 medels
281 1384 100 28 lottning,
405 1386 64 19 turen
492 1384 34 20 för
549 1384 26 21 de
590 1384 134 25 kommuner,
740 1389 45 15 som
800 1382 59 22 bilda

99 1419 199 27 uppbädsomrädet
321 1419 38 21 och
381 1418 64 22 hafva
460 1419 67 21 minst
542 1418 102 22 tvåtusen
659 1418 104 21 invånare
778 1417 80 27 hvarje,

99 1467 29 3 —
142 1454 8 21 i
165 1454 92 20 motsatt
271 1453 37 21 fall
324 1453 141 21 sammanslås
481 1454 79 20 tvenne
575 1452 142 27 närliggande
732 1452 127 21 kommuner

791 1497 10 16 3
