1086 1709
212 100 16 22 Å
244 105 99 22 originalet
360 106 34 17 har
412 106 52 17 Hans
482 106 106 22 Kejserliga
606 106 91 23 Majestät
714 107 184 23 Högstegenhändigt

143 133 86 17 tecknat:

211 184 76 22 »Med
300 186 84 18 bifall
396 186 46 18 till
454 186 131 19 Senatens
596 186 141 19 särskilda
747 188 153 18 framställ-

143 213 74 23 ning,
232 215 74 17 skall
319 215 185 19 förevarande
516 216 107 22 förslag
632 211 140 28 angående
782 217 118 18 hufvud-

143 244 157 21 grunderna
316 244 45 18 för
374 245 33 18 de
419 245 91 18 finska
526 246 167 22 truppernas
707 246 192 23 organisation

143 273 51 17 och
211 272 171 23 förvaltning
400 273 185 19 öfverlemnas
601 275 160 22 ordagrant,
774 276 64 17 utan
854 269 46 23 nå-

143 306 51 18 gra
206 301 151 24 ändringar
370 303 70 17 eller
456 302 108 24 tillägg,
576 302 46 19 till
635 304 191 23 Landtdagens
840 304 59 18 för-

142 331 155 18 beredande
313 331 178 23 granskning,
508 333 50 17 och
571 332 50 18 bör
633 332 47 18 vid
693 333 75 19 detta
781 332 119 19 ärendes

143 360 99 18 vidare
259 360 166 24 behandling
444 361 127 19 förfaras
591 362 86 22 enligt
695 362 33 18 af
738 362 53 24 mig
811 363 87 18 redan

143 390 141 18 meddelad
296 389 162 23 befallning.

589 437 242 19 NIKOLAI.

351 552 63 27 Hans
432 552 149 34 Kejserliga
599 553 143 33 Majestäts
760 553 76 33 Nädiga
854 559 47 26 pro-

282 598 87 32 position
387 598 32 26 till
438 598 192 27 Storfurstendömet
647 598 93 27 Finlands
759 598 91 32 Ständer,
865 604 35 20 an-

283 644 75 32 gäende
376 644 114 33 grunderna
508 644 32 26 för
557 644 24 27 de
599 644 66 26 finska
683 646 118 31 truppernas
820 643 81 34 organi-

284 689 65 27 sation
368 690 36 26 och
423 689 129 34 förvaltning.

214 758 32 22 En
266 758 34 22 vid
316 758 163 22 Hufvudstaben
508 758 91 28 Nädigst
625 759 87 21 nedsatt
732 759 86 26 komite,
840 758 61 22 hvari

145 794 177 26 representanter
344 793 33 21 för
400 794 91 20 Finland
515 794 95 26 deltagit,
627 793 39 21 har
688 793 111 21 utarbetat
821 793 80 27 förslag

145 828 33 21 till
194 834 27 20 ny
240 828 144 27 »Förordning
407 835 34 14 om
465 828 25 21 de
512 828 70 21 finska
604 831 131 24 truppernas
751 828 149 27 organisation

146 862 38 22 och
200 862 150 28 förvaltninge,
366 863 28 26 pä
404 862 133 28 grundvalen
549 862 22 22 af
580 863 25 21 de
616 863 114 26 principer,
745 862 72 22 hvilka
831 861 70 22 blifvit

146 897 58 21 säväl
221 897 23 21 af
259 897 44 21 Min
326 897 80 27 saligen
430 896 123 22 afsomnade
577 896 131 28 Oförgätlige
730 897 76 26 Fader,
824 896 77 28 Kejsar

146 932 120 20 Alexander
281 931 37 27 III,
335 938 44 15 som
396 931 22 21 af
432 932 43 26 Mig
490 932 121 26 godkända.

215 966 42 21 För
282 967 33 20 att
339 966 218 21 Storfurstendömets
583 966 106 21 särskilda
710 966 48 21 kraf
777 965 68 22 blefve
868 966 33 20 till

146 1001 51 21 fullo
213 1001 146 27 uppskattade
374 1001 39 21 och
428 1001 106 21 beaktade
549 1001 35 21 vid
600 1001 40 21 den
657 1001 71 21 vidare
743 1000 157 27 behandlingen

147 1035 22 21 af
183 1035 70 21 denna
269 1042 41 20 nya
327 1035 167 27 »Förordning«,
506 1042 45 14 som
566 1038 24 18 är
605 1035 22 21 af
639 1036 67 26 viktig
717 1035 108 27 betydelse
840 1034 61 22 säväl

146 1070 6 20 i
168 1069 123 22 militäriskt
313 1070 121 21 hänseende
457 1076 44 15 som
524 1069 33 22 för
576 1070 48 21 hela
637 1070 62 26 riket,
718 1070 139 21 öfverlemnas
874 1070 27 20 ät

146 1104 80 21 urtima
240 1104 130 27 landtdagen
382 1106 33 19 att
426 1111 29 14 nu
466 1104 71 21 uttala
547 1104 32 27 sig
590 1104 134 21 beträffande
735 1104 166 26 nedanföljande

146 1138 179 27 grundprinciper
347 1139 5 20 i
376 1138 102 28 förslaget
502 1139 31 21 till
558 1139 146 27 »Förordning
727 1146 33 14 om
784 1139 26 21 de
832 1138 69 21 finska

145 1175 131 25 truppernas
293 1173 144 27 organisation
454 1173 38 21 och
508 1173 151 27 förvaltning<.

217 1208 19 26 1)
252 1208 32 20 De
299 1207 68 22 finska
383 1210 119 24 trupperna
525 1208 61 21 skola
600 1208 7 20 i
623 1208 100 21 afseende
739 1209 12 19 å
766 1208 76 26 högsta
858 1207 43 21 för-

145 1242 123 27 valtningen
292 1242 118 26 underlyda
433 1242 182 26 Krigsministern,
639 1242 28 26 pä
690 1242 35 21 det
749 1244 33 19 att
800 1242 101 26 samtliga

147 1277 100 26 ärenden,
264 1283 44 15 som
325 1277 95 21 erfordra
436 1277 80 27 Nädigt
532 1278 121 26 afgörande,
670 1278 6 21 i
692 1278 66 20 likhet
774 1277 48 21 med
833 1276 69 28 öfriga

147 1311 69 21 delars
232 1311 23 21 af
268 1312 71 26 Ryska
355 1312 72 20 armén
448 1312 185 26 angelägenheter,
650 1312 67 21 måtte
732 1312 6 20 i
754 1311 147 27 underdänig-

146 1346 36 20 het
197 1345 125 28 föredragas
344 1346 38 21 hos
402 1346 60 22 Hans
483 1346 100 27 Majestät
607 1347 102 27 Kejsaren
725 1346 139 22 uteslutande
881 1345 23 21 af

146 1380 176 26 Krigsministern
329 1387 5 19 ;
