1089 1756
256 133 13 20 6
571 132 28 23 U.
613 133 28 22 B.

228 202 150 27 förändringen
404 202 21 21 af
447 208 112 15 reservens
580 202 142 27 organisation
739 202 84 21 komme
839 203 30 20 att
883 201 32 21 till
929 200 57 28 jord-

227 235 89 22 brukets
335 236 68 21 fördel
418 236 69 21 under
503 236 41 21 den
561 236 97 21 brådaste
674 235 129 23 arbetstiden
819 236 78 26 frigöra
912 235 26 21 de
954 242 32 14 ar-

227 270 133 27 betskrafter,
384 276 45 15 som
452 270 67 28 enligt
539 270 98 28 gällande
654 270 34 28 lag
709 272 102 26 upptagas
834 270 22 21 af
877 276 109 14 reservens

227 304 158 27 öfningsmöten
407 318 27 2 —
457 311 27 15 en
510 304 129 27 förändring,
655 311 45 14 som
717 306 62 26 utgör
793 306 30 20 ett
837 304 47 21 icke
899 303 87 22 alldeles

227 338 120 28 obetydligt
369 338 100 28 vederlag
491 340 44 20 mot
556 338 105 28 följderna
686 338 21 21 af
729 338 70 22 aktiva
824 338 162 28 truppstyrkans

227 372 86 28 ökning.
344 372 45 22 Och
410 373 7 21 i
432 373 73 27 hvarje
521 372 37 22 fall
574 373 60 21 torde
649 379 27 15 en
691 372 120 28 jemförelse
827 373 47 21 med
892 372 25 22 de
933 372 53 21 vidt-

227 406 83 28 gående
326 407 86 28 förslag,
426 407 83 21 hvilkas
525 407 113 27 afböjande
654 406 118 22 Ständerna
787 407 66 27 enligt
869 407 117 21 Utskottets

227 440 134 22 betänkande
377 441 92 27 beslutit,
488 441 78 28 jemväl
582 441 43 21 tala
641 441 32 21 för
688 441 36 21 det
738 441 84 27 förslag,
838 448 46 14 som
899 441 87 21 Utskot-

227 477 30 19 tet
278 476 7 20 i
307 476 12 26 &
342 476 39 21 121
403 476 103 21 framstält
527 476 39 21 och
588 476 81 20 hvilket
683 476 22 20 af
720 475 26 22 de
762 478 31 18 tre
808 475 67 28 öfriga
896 475 88 21 stånden

230 509 71 21 blifvit
315 510 114 26 godkändt.

299 544 109 22 Utskottet
427 551 63 15 anser
511 544 32 28 sig
559 544 70 21 derför
645 544 50 21 böra
709 544 33 21 till
757 544 160 22 Bondeståndet
932 544 53 21 rikta

227 577 42 22 den
286 578 132 22 vördsamma
433 578 131 28 hemställan,

503 660 33 19 att
552 658 164 22 Bondeståndet
730 658 58 27 ville,
803 658 10 21 i
829 658 66 21 likhet
904 658 49 21 med
960 658 25 21 de

434 692 73 28 öfriga
525 692 101 27 slånden,
639 693 119 28 godkänna
773 693 15 27 $
803 694 41 20 121
858 692 68 28 enligt
946 692 36 22 Ut-

433 727 87 21 skottets
535 727 89 28 förslag.

299 823 207 28 Slutbestämningen
533 824 110 27 angående
667 824 163 28 förordningens
856 824 101 21 trädande
979 824 7 20 i

227 857 98 27 gällande
346 858 55 21 kraft
421 864 26 15 m.
469 865 26 14 m.
511 858 38 21 har
564 858 21 21 af
600 858 153 28 Ridderskapet
769 859 39 21 och
823 858 71 22 Adeln
910 858 76 22 äterre-

227 892 104 21 mitterats
351 892 33 21 för
398 892 111 22 införande
525 893 44 21 deri
585 893 22 20 af
622 895 29 19 ett
667 893 104 21 bestämdt
786 892 108 22 uttalande
910 899 35 15 om
960 892 26 22 de

226 932 112 20 personers
361 927 128 27 rättigheter,
511 927 70 21 hvilka
597 928 80 20 anmält
691 928 32 20 sin
740 927 104 21 ästundan
860 929 30 19 att
904 927 82 21 inträda

227 959 70 22 säsom
312 960 105 28 frivillige,
433 968 48 14 men
497 961 84 21 erhällit
596 962 95 26 uppskof.

296 991 72 31 Öfriga
383 996 61 20 ständ
461 996 62 20 hafva
537 996 94 27 godkänt
645 996 160 27 ifrägavarande
821 996 121 26 stadgande.

295 1028 74 22 Ehuru
386 1030 141 27 anmärkning
541 1032 58 19 emot
613 1030 65 27 sagda
694 1030 134 27 bestämning
838 1030 90 20 sälunda
939 1029 46 21 blif-

227 1062 30 21 vit
273 1063 21 20 af
309 1063 75 21 endast
399 1066 29 18 ett
443 1064 61 20 ständ
521 1064 114 26 framstäld,
650 1064 33 21 fär
698 1064 108 21 Utskottet
818 1064 60 27 dock,
890 1064 30 20 till
932 1064 53 20 före-

227 1096 128 22 kommande
375 1097 22 21 af
417 1097 74 28 möjlig
510 1098 142 27 misstydning
669 1098 44 21 utaf
728 1098 152 21 meranämnda
895 1097 90 22 bestäm-

226 1131 59 27 ning,
301 1131 108 21 vördsamt
424 1131 83 28 föreslå,
522 1134 30 19 att
567 1139 62 14 mom.
641 1133 11 20 1
665 1133 21 20 af
697 1132 161 27 ifrågavarande
869 1131 115 28 stadgande

225 1165 66 21 mätte
307 1165 80 21 erhälla
402 1166 93 27 följande
510 1166 90 27 lydelse:

503 1263 81 21 Denna
603 1263 132 28 förordning
759 1263 72 21 träder
853 1263 11 20 i
882 1263 102 27 gällande

433 1297 61 27 kraft
508 1297 42 21 den
733 1298 29 20 19
791 1313 4 5 .
825 1297 61 21 Dock
901 1304 39 20 ega
954 1297 31 26 de,

433 1331 76 21 hvilka
519 1331 46 28 före
574 1331 65 28 sagde
648 1332 43 27 dag
701 1331 75 28 blifvit
786 1331 35 22 till
832 1331 120 28 utgörande
960 1331 29 27 af

433 1366 124 27 värnepligt
568 1365 129 29 uppdädade
711 1366 54 21 eller
771 1365 32 28 pä
811 1366 75 27 grund
896 1365 29 24 af
931 1367 14 25 $
958 1367 27 20 31

431 1399 89 22 erhållit
541 1400 102 27 anstånd,
663 1400 52 21 eller
729 1400 60 21 trädt
803 1400 10 21 i
828 1400 66 27 tjenst
912 1400 72 21 såsom

432 1434 109 28 frivillige
556 1435 52 21 eller
622 1435 130 27 volontärer,
766 1435 98 27 fullgöra
879 1434 37 21 sin
931 1436 51 19 vär-
