1086 1775
265 152 40 20 116
575 152 29 22 U.
621 152 27 21 B.

233 220 85 27 mycket
332 220 118 28 betydande
466 220 144 21 kostnaderna
621 219 33 21 för
665 226 41 20 nya
716 219 210 27 truppafdelningars
937 225 53 21 upp-

234 255 97 26 sättning
353 254 39 22 och
414 254 55 22 ökad
491 254 150 27 truppstyrkas
664 254 117 25 underhåll,
800 254 53 21 skall
868 254 41 26 det,
925 254 66 26 enligt

234 288 123 22 Utskottets
372 289 70 26 tanke,
457 289 46 21 visa
519 289 33 26 sig
566 288 132 27 nödvändigt
713 290 31 20 att
759 288 68 21 ordna
847 288 144 27 nyssnämnda

234 323 146 27 provisoriska
394 322 158 28 förfaringssätt
568 322 85 26 derhän,
669 324 31 20 att
716 322 115 27 bevillning
841 322 23 22 af
873 322 118 22 Ständerna

234 357 33 21 för
288 357 193 27 militiebudgetens
497 357 107 27 reglering
618 357 46 21 icke
679 357 41 21 blir
735 356 126 28 erforderlig
876 357 31 21 till
922 358 69 20 större

234 391 79 27 belopp
336 393 26 19 än
385 392 35 20 det
443 391 96 27 verkliga
559 391 127 27 finansläget
704 390 90 22 kräfver.
824 391 111 21 Utskottet
953 391 38 21 har

234 425 57 28 förty
312 425 70 22 funnit
404 426 33 27 sig
455 426 52 21 böra
522 426 8 21 i
544 425 137 22 omförmäldt
696 425 54 28 syfte
765 425 79 22 föreslå
859 432 26 15 en
901 426 90 26 ändring

234 461 7 20 i
257 461 12 27 &
286 461 46 20 122.

304 495 46 20 Den
373 495 7 21 i
402 495 67 21 första
491 495 113 26 meningen
626 495 22 20 af
662 495 132 20 sistnämnda
809 495 11 27 $
836 495 104 26 ingående
956 495 34 20 be-

235 529 134 27 stämningen
396 529 109 27 angående
531 529 103 27 Kejsaren
660 529 39 21 och
723 529 145 22 Storfurstens
896 531 42 19 rätt
960 531 31 19 att

234 563 69 21 allena
318 563 118 22 bestämma
451 566 128 24 truppernas
595 563 125 27 utrustning
733 563 39 22 och
784 563 110 21 underhåll
905 563 85 21 beröres

235 598 18 27 ej
271 598 22 21 af
309 598 69 21 denna
394 598 96 27 ändring.
520 598 33 21 Dä
568 598 66 27 enligt
650 598 10 28 $
676 598 28 21 24
719 598 6 21 i
742 598 54 21 1772
812 598 35 21 års
863 598 127 27 Regerings-

235 632 57 21 form
315 632 117 22 Monarken
453 639 49 20 eger
527 635 49 19 utan
596 632 130 22 Ständernas
741 632 130 22 medverkan
886 632 105 22 fastställa

235 666 184 27 utgiftsbudgeten
442 666 33 22 för
496 666 105 22 allmänna
624 666 140 27 statsfonden,
787 667 41 21 kan
852 667 40 21 den
915 666 22 22 af
951 667 39 21 Ut-

235 700 81 22 skottet
331 700 112 22 förordade
459 701 116 27 ändringen
592 701 109 27 angående
717 703 65 19 sättet
791 700 33 22 för
836 701 154 25 militiebudge-

235 737 49 19 tens
300 735 107 27 reglering
422 736 18 26 ej
457 736 65 20 heller
537 736 79 20 bereda
630 736 127 26 regeringen
779 736 71 26 någon
866 735 124 27 svårighet
976 731 17 35 i

234 769 61 27 fråga
313 776 34 14 om
363 769 178 27 tillgodoseendet
555 770 23 21 af
591 770 25 21 de
632 770 124 23 statsbehof,
772 770 71 21 hvilka
858 770 18 26 ej
893 770 51 20 höra
959 770 31 20 till

235 803 189 27 militiebudgeten.

305 838 111 21 Utskottet
426 845 63 15 anser
505 839 32 26 sig
552 838 38 21 här
605 839 52 20 böra
672 838 92 28 tillägga,
780 840 32 19 att
828 838 161 27 Lagutskottets

235 872 100 27 yttrande
356 872 109 27 angående
482 872 23 28 $$
522 873 37 20 121
577 873 39 21 och
633 873 41 21 122
689 872 85 28 (afdeln.
789 873 31 21 IV
837 879 16 15 s.
870 872 119 27 135—137)

235 906 7 21 i
258 906 121 21 hufvudsak
401 906 201 22 öfverensstämmer
626 907 48 21 med
697 908 40 20 den
760 907 101 27 riktning,
880 907 6 20 i
905 906 84 22 hvilken

238 940 245 27 Värnepligtsutskottet
498 941 37 21 här
551 942 77 20 uttalat
644 942 38 26 sig.

306 974 16 29 8
338 974 48 23 123.
409 975 52 22 Dels
476 976 7 20 i
498 976 136 27 inledningen
650 976 31 21 till
697 976 58 21 detta
770 975 139 26 betänkande,
925 975 44 21 dels
984 976 6 20 i

236 1009 94 21 motiven
353 1009 31 21 till
408 1010 39 21 den
463 1009 120 28 föreslagna
598 1010 117 27 ändringen
731 1009 23 22 af
767 1010 11 27 $
795 1011 10 20 1
823 1010 6 21 i
845 1009 145 28 Värnepligts-

235 1043 62 27 lagen
320 1043 38 22 har
380 1044 111 21 Utskottet
514 1044 6 21 i
542 1044 86 21 korthet
647 1044 75 21 uttalat
738 1044 40 21 den
794 1044 62 27 äsigt,
872 1050 45 15 som
933 1044 57 21 inom

236 1078 113 21 Utskottet
367 1078 57 27 gjort
439 1079 33 26 sig
487 1079 96 26 gällande
599 1078 130 21 beträffande
744 1078 80 27 frägan,
840 1078 105 21 huruvida
956 1078 35 21 det

235 1111 69 22 finska
325 1112 66 21 folket
412 1113 38 20 bör
473 1113 92 20 erkänna
581 1113 36 20 det
632 1119 51 15 vara
706 1119 25 14 en
754 1112 23 21 af
793 1113 83 20 landets
893 1112 98 27 politiska

236 1146 102 27 ställning
360 1145 130 28 härflytande
513 1147 119 26 skyldighet
650 1149 31 18 att
703 1146 61 21 äfven
781 1148 59 19 utom
856 1147 90 20 Finland
961 1146 30 21 bi-

237 1181 67 27 draga
318 1181 32 21 till
365 1181 36 21 det
416 1181 63 27 ryska
493 1181 65 22 rikets
574 1181 89 22 försvar.
674 1182 49 21 Med
737 1181 71 21 denna
818 1181 56 27 äsigt
884 1181 107 21 öfverens-

237 1217 102 19 stämmer
347 1216 161 26 Lagutskottets
518 1216 99 26 yttrande
630 1215 84 28 (afdeln.
723 1216 30 21 IV
766 1222 15 14 s.
794 1216 53 26 124),
859 1215 66 27 enligt
939 1215 52 21 hvil-

238 1249 37 21 ket
285 1250 155 26 Lagutskottet,
456 1250 7 20 i
477 1250 60 26 fråga
544 1256 34 15 om
591 1250 11 27 $
619 1251 10 19 1
646 1252 56 19 samt
723 1250 5 20 1
745 1256 64 15 mom.
824 1249 23 21 af
860 1250 12 26 $
888 1249 45 26 123,
944 1249 47 21 »be-

239 1283 61 21 slutit
322 1284 106 26 tillstyrka
448 1290 26 15 en
496 1284 65 21 sädan
576 1284 131 27 förändring,
722 1286 31 19 att
768 1284 68 20 finske
852 1284 140 27 medborgare

238 1318 142 26 uttryckligen
402 1318 103 21 förklaras
528 1318 154 27 värnepligtige
698 1318 60 21 äfven
775 1318 31 21 till
822 1318 66 21 rikets
903 1317 89 25 försvar,

237 1354 57 18 samt
315 1354 32 19 att
366 1352 69 21 finska
450 1354 89 26 trupper
554 1353 72 21 kunna
641 1352 66 22 kallas
723 1354 31 20 att
769 1352 61 21 äfven
847 1354 59 19 utom
921 1352 72 21 landet

237 1386 116 21 medverka
367 1386 33 21 för
415 1393 81 15 samma
511 1387 118 21 ändamål».

305 1421 40 21 Till
361 1420 51 28 följd
427 1421 23 21 af
463 1422 100 21 Finlands
576 1421 99 27 förening
685 1422 48 21 med
746 1421 163 27 Kejsaredömet
921 1420 72 22 kunna

237 1455 27 21 de
286 1454 69 22 finska
377 1458 117 24 trupperna
515 1456 44 21 icke
574 1456 7 20 i
594 1456 101 27 politiskt
709 1456 121 20 hänseende
846 1454 62 22 hafva
923 1455 69 27 någon
