1086 1750
439 434 41 28 IL

129 497 4 22 I
151 496 69 23 hvilka
235 496 114 23 afseenden
366 497 25 21 de
406 494 76 30 nådiga
497 496 184 28 propositionerna
697 496 99 23 innebära

255 530 115 22 afvikelser
384 528 48 24 från
448 530 95 28 gällande
559 530 106 28 grundlag.

451 590 19 21 1;

150 640 119 22 Utskottet
291 639 40 22 har
355 641 74 20 ansett
451 640 81 28 nödigt
553 640 35 21 till
603 640 58 21 först
676 640 121 22 framhålla
811 640 27 21 de

83 674 196 29 hufvudpunkter,
295 674 8 21 i
318 674 78 21 hvilka
410 674 28 21 de
453 674 84 29 nådiga
552 675 196 28 propositionerna
762 675 77 22 äfven-

84 717 47 14 som
147 709 37 22 det
199 709 170 28 propositionen
392 709 118 28 angående
526 709 131 28 grunderna
672 709 36 22 för
724 709 27 21 de
767 709 73 22 finska

83 747 135 25 truppernas
235 743 153 28 organisation
404 743 43 22 och
466 743 143 28 förvaltning
624 743 92 28 bilagda
731 743 108 28 förslaget

83 778 35 21 till
140 777 136 28 förordning
298 777 77 22 afvika
397 777 52 21 från
472 777 28 22 de
519 777 132 28 paragrafer
665 778 9 20 i
688 785 32 14 nu
735 778 104 28 gällande

84 811 187 29 värnepliktslag,
286 811 78 22 hvilka
386 811 72 22 hafva
480 811 203 29 grundlagshälgd.
714 812 11 21 I
739 811 101 29 följande

85 845 109 23 ofversikt
210 848 112 26 upptages
337 845 71 22 likväl
423 845 51 22 icke
489 847 13 19 2
515 846 13 28 8
540 846 7 20 i
558 846 216 28 värnepliktslagen,
785 846 56 21 hvil-

85 881 44 20 ken
145 880 7 21 i
168 882 69 19 annat
252 879 164 29 sammanhang
430 880 98 21 beröres.

153 915 12 20 1
181 915 14 26 $
211 914 35 21 och
261 915 13 20 1
285 921 60 14 mom.
359 915 27 27 af
394 914 44 21 123
448 915 14 26 $
473 914 8 21 i
493 914 203 29 värnepliktslagen.
722 915 71 21 Dessa
803 922 38 21 pa-

85 948 101 29 ragrafer
199 948 114 21 innehälla
324 949 113 20 allmänna
448 949 143 28 stadganden
601 949 119 28 angäende
730 949 27 22 de
767 949 74 21 finska

85 986 135 25 truppernas
235 983 93 28 uppgift
343 983 43 21 och
402 983 144 28 äligganden.
577 983 34 22 Ur
627 983 51 22 dem
691 983 106 29 framgär,
809 985 32 20 att

86 1020 134 26 truppernas
236 1017 157 21 bestämmelse
409 1020 24 18 är
449 1019 33 19 att
497 1020 72 19 värna
582 1019 83 20 tronen
675 1018 43 21 och
728 1018 113 21 fädernes-

85 1051 78 22 landet
178 1054 57 18 samt
255 1051 131 28 därigenom
407 1051 95 28 bidraga
518 1051 34 21 till
567 1051 164 29 kejsardömets
746 1052 95 22 försvar.

154 1085 34 22 Af
202 1085 27 22 de
245 1085 74 22 finska
341 1087 136 27 truppernas
501 1086 92 28 uppgift
616 1088 33 19 att
672 1089 70 19 värna
761 1089 81 19 tronen

86 1120 73 28 följer,
176 1122 32 19 att
224 1120 28 21 de
267 1120 78 21 kunna
366 1120 117 21 användas
506 1121 34 20 till
564 1120 133 29 afvärjande
714 1121 25 21 af
751 1121 91 28 högför-

86 1154 90 22 rädiska
191 1161 102 21 angrepp
309 1154 25 22 af
347 1154 88 22 hvilket
451 1155 50 27 slag
516 1162 49 14 som
579 1155 60 21 hälst
650 1157 47 20 mot
708 1155 134 21 monarkens

87 1189 42 21 och
152 1188 56 22 hans
231 1188 103 29 dynastis
357 1191 51 23 rätt,
431 1189 95 26 hvilket,
542 1189 7 21 i
565 1190 112 21 anseende
697 1189 35 21 till
747 1192 96 18 naturen

87 1223 25 22 af
131 1223 109 21 Finlands
263 1223 105 29 förening
391 1224 51 20 med
466 1224 123 28 Ryssland,
609 1224 101 26 innebär,
731 1226 32 18 att
779 1224 64 20 dessa

86 1260 95 26 trupper
202 1257 79 21 kunna
303 1263 63 23 tagas
381 1258 8 20 i
405 1258 99 28 anspråk
522 1258 35 21 till
573 1258 133 28 afvärjande
720 1257 85 29 jämväl
821 1258 24 21 af

87 1291 84 21 sädana
186 1298 108 22 angrepp,
311 1299 48 14 som
374 1292 154 28 tilläfventyrs
545 1292 62 22 inom
621 1292 152 28 kejsardömet
784 1292 59 28 gjor-

87 1326 39 20 des
141 1327 30 27 pä
186 1326 135 21 monarkens
337 1326 204 28 herskarställning
557 1326 123 22 därstädes.

155 1360 12 20 I
182 1360 136 28 stadgandet
333 1362 33 19 att
381 1360 28 21 de
424 1360 75 22 finska
515 1363 125 26 trupperna
654 1360 70 22 hafva
738 1360 36 22 till
788 1368 56 21 upp-

87 1393 45 28 gift
147 1396 33 18 att
195 1396 71 20 värna
279 1394 183 22 fäderneslandet
474 1394 42 22 och
528 1395 132 28 därigenom
671 1394 68 22 äfven
750 1394 95 28 bidraga

156 1439 141 23 Lagutskottets
310 1440 121 17 betänkande.
