1086 1756
466 128 28 22 U.
511 128 28 22 B.
823 130 27 20 99

120 194 24 18 är
159 191 225 28 Generalguvernören
400 192 60 20 öfver
479 191 97 26 Finland,
591 191 87 22 såframt
702 192 18 27 ej
745 198 70 15 annan
832 198 47 22 per-

121 232 39 14 son
177 226 69 20 dertill
262 226 21 20 af
297 226 103 27 Kejsaren
416 226 40 22 och
472 225 129 22 Storfursten
618 226 129 21 förordnas.»

190 260 107 21 Utskottet
313 260 63 27 vägar
391 263 77 24 antaga
484 262 29 19 att
528 260 117 21 innehället
660 260 22 21 af
694 260 57 21 detta
761 261 117 27 stadgande

121 294 54 21 skall
189 294 69 21 finnas
274 301 49 14 vara
338 294 100 27 förenligt
450 294 62 21 äfven
524 294 47 21 med
585 294 26 21 de
622 294 139 28 synpunkter,
776 302 45 14 som
833 295 45 21 dik-

120 330 55 20 terat
189 329 40 21 den
240 328 76 28 nädiga
328 328 169 28 propositionens
508 328 79 28 förslag
599 328 6 21 i
617 328 57 22 detta
685 331 68 24 ämne,
764 331 51 19 enär
823 330 56 20 stad-

121 363 78 26 gandet
209 362 87 28 medger
311 362 163 28 koncentrering
489 362 27 28 pä
532 369 25 15 en
573 363 57 21 hand
646 363 22 21 af
683 363 26 21 de
721 363 68 21 finska
799 364 39 20 och
851 364 26 20 de

120 398 7 20 i
142 397 91 21 Finland
255 397 95 27 förlagda
372 397 64 27 ryska
458 399 125 26 truppernas
605 397 118 21 öfverbefäl
741 398 62 21 äfven
819 398 7 21 i
841 398 36 21 det

121 432 43 26 fall,
179 434 30 19 att
224 438 25 14 en
266 437 70 15 annan
352 437 74 22 person
450 434 27 18 än
501 432 227 27 Generalguvernören
751 432 70 21 blefve
836 433 41 20 för-

121 466 80 20 ordnad
227 466 32 20 till
284 465 202 22 öfverbefälhafvare
508 466 8 20 i
533 465 131 22 Finländska
689 466 188 21 militärdistriktet.

121 500 79 21 Härvid
217 500 59 21 torde
292 500 50 21 böra
357 500 125 26 erinras,att
496 501 67 20 ehuru
577 501 132 20 sistnämnda
720 501 120 26 befattning
855 503 24 18 är

121 537 30 18 ett
166 535 30 20 till
213 535 40 20 den
267 535 63 26 ryska
351 534 235 28 militärförvaltningen
608 535 95 21 hörande
727 535 88 28 embete,
831 535 48 21 dess

120 569 138 21 innehafvare
274 569 70 26 likväl,
359 569 69 21 derest
444 569 78 21 honom
536 569 79 28 jemväl
630 569 107 22 ombetros
762 570 117 21 öfverbefä-

121 603 30 22 let
165 604 32 20 för
212 603 26 22 de
253 603 68 21 finska
336 606 120 25 trupperna,
478 603 67 22 mäste
567 604 75 21 utöfva
666 604 69 21 denna
757 604 99 21 funktion
872 605 6 20 i

122 638 106 27 egenskap
244 638 21 21 af
279 638 54 21 finsk
349 638 138 27 embetsman,
502 638 61 21 alltsä
578 638 49 21 med
642 638 121 27 skyldighet
779 639 46 20 atti
838 639 41 20 alla

122 673 40 20 den
177 672 69 21 finska
269 672 102 21 militären
395 672 89 21 rörande
506 673 178 27 angelägenheter
700 673 59 21 ställa
777 673 32 28 sig
823 673 54 21 finsk

121 707 35 27 lag
171 707 31 21 till
218 707 143 21 efterrättelse.
390 706 64 21 Detta
469 707 132 21 förhällande
617 719 28 3 —
660 707 80 21 hvilket
754 709 24 19 är
795 707 84 28 analogt

121 741 92 27 dermed,
229 743 30 19 att
279 741 61 20 äfven
362 741 228 27 Generalguvernören
608 741 72 22 städse
696 742 26 27 pä
738 742 35 21 det
789 742 91 21 militära

122 775 94 22 omrädet
238 776 45 21 haft
297 776 41 21 den
354 775 79 21 dubbla
449 776 134 27 egenskapen
599 776 21 21 af
635 776 54 21 bäde
704 776 54 21 finsk
774 777 39 20 och
828 776 50 27 rysk

122 810 131 21 embetsman
263 822 24 2 —
297 811 22 19 är
331 816 26 14 en
368 809 23 21 sä
402 809 68 28 tydlig
483 810 133 21 konsekvens
627 811 21 20 af
659 810 127 27 uppdragets
797 810 82 21 beskaf-

122 844 77 27 fenhet,
215 846 30 19 att
260 844 35 21 det
309 844 46 21 icke
371 844 41 21 kan
436 851 49 14 vara
503 845 133 27 erforderligt
652 847 29 18 att
696 844 101 21 särskildt
811 845 7 20 i
834 845 43 27 lag-

122 880 72 19 texten
211 878 110 21 framhälla
336 878 122 21 detsamma.

190 913 10 21 I
224 913 26 27 $$
274 913 32 26 10,
329 913 26 20 25
381 913 39 20 och
444 913 26 20 76
492 913 22 20 af
531 913 206 27 Värnepligtslagen,
758 913 79 21 sådana
852 913 27 21 de

122 947 50 27 lyda
194 947 67 27 enligt
282 947 117 21 Utskottets
422 947 84 27 förslag,
522 947 134 21 omförmälas
672 948 75 26 frägor,
763 947 70 21 hvilka
849 947 30 21 af-

122 983 60 25 göras
201 982 21 20 af
237 982 98 26 Senaten,
349 982 7 19 i
371 981 83 21 samräd
470 981 48 21 med
535 981 231 27 Generalguvernören.
796 981 33 21 Dä
844 981 35 21 det

122 1018 23 18 är
161 1016 235 27 Generalguvernörens
406 1016 107 27 egenskap
524 1016 21 20 af
557 1016 26 20 de
594 1016 68 20 finska
673 1018 124 25 truppernas
808 1016 69 20 öfver-

124 1050 147 27 befälhafvare,
293 1056 45 15 som
356 1050 94 27 päkallar
465 1050 53 21 hans
533 1050 103 21 särskilda
652 1050 127 28 deltagande
794 1050 7 20 i
817 1050 61 21 dessa

122 1084 80 28 frägors
225 1084 164 28 handläggning,
407 1084 67 22 mäste
489 1084 36 22 det
540 1091 61 15 anses
617 1085 112 27 tillbörligt
745 1087 30 18 att
792 1084 87 21 berörda

123 1119 98 27 ärenden,
236 1119 45 21 ifall
297 1125 70 15 annan
382 1125 76 21 person
474 1121 26 19 än
517 1119 224 27 Generalguvernören
759 1118 120 22 förordnats

123 1153 31 21 till
170 1153 206 24 öfverbefälhafvare,
392 1153 47 21 icke
454 1154 83 26 afgöras
553 1153 21 21 af
589 1153 91 21 Senaten
696 1155 51 19 utan
758 1155 30 19 att
799 1152 80 22 dennes

123 1188 97 26 yttrande
235 1188 118 26 inhemtats,
369 1188 81 20 hvilket
472 1188 64 20 likväl
551 1188 46 20 icke
614 1188 41 21 kan
671 1188 37 21 ske
723 1188 7 20 i
745 1188 54 20 form
815 1188 22 20 af
851 1194 28 14 en

123 1222 64 21 sädan
203 1222 122 21 omedelbar
345 1222 99 27 kollegial
460 1222 117 25 samrädan,
592 1229 46 14 som
654 1222 41 21 kan
711 1229 38 20 ega
766 1228 47 14 rum
829 1222 48 20 med

123 1256 224 28 Generalguvernören
363 1256 69 21 säsom
448 1256 68 21 tillika
531 1256 93 22 varande
647 1256 128 22 ordförande
790 1256 6 20 i
813 1256 66 20 Sena-

123 1292 41 19 ten.
192 1290 12 21 I
219 1290 93 28 enlighet
326 1290 87 21 härmed
430 1290 37 21 har
482 1293 29 19 ett
526 1290 73 28 tillägg
609 1291 68 27 fogats
688 1290 31 21 till
730 1291 44 21 ofta
785 1290 94 20 nämnda

123 1325 64 21 första
203 1327 93 19 moment
311 1325 21 20 af
347 1325 12 25 &
375 1325 47 21 119.

190 1359 12 21 I
217 1359 153 27 sammanhang
384 1359 50 21 med
449 1366 30 14 nu
495 1359 131 21 behandlade
645 1359 58 27 träga
718 1359 38 21 bör
771 1358 109 22 Utskottet

123 1393 65 21 uttala
204 1394 32 26 sig
251 1393 109 26 angäende
382 1394 42 20 den
447 1394 61 26 djupt
529 1394 125 27 ingripande
678 1393 165 27 omgestaltning
858 1392 22 21 af

123 1427 40 21 den
179 1427 68 21 finska
265 1428 240 28 militärförvaltningen,
527 1434 45 15 som
595 1428 79 26 äsyftas
689 1428 7 20 i
712 1429 71 19 senast
806 1427 73 21 äbero-
