1092 1750
411 126 83 22 Ständ.
513 127 38 22 Sv.
807 128 26 19 25

175 198 11 22 I
212 199 182 28 sammanhang
425 198 55 22 med
500 198 31 22 de
556 198 86 26 motiv,
666 204 53 15 som
738 198 68 28 ligga
826 198 36 21 till

106 233 83 28 grund
217 233 39 21 för
284 233 179 28 ändringarna,
484 233 60 28 vilja
566 232 141 22 Ständerna
726 232 78 22 uttala
824 232 39 28 sig

106 267 93 28 jemväl
227 273 40 16 om
294 267 178 22 motsvarande
500 267 158 28 stadganden
689 267 7 21 i
718 266 31 22 de
768 266 94 29 nådiga

106 301 232 28 propositionernas
357 301 101 28 förslag.
478 301 126 28 Derjemte
618 301 79 26 skola,
712 301 44 22 der
770 301 92 22 sakens

106 335 176 22 beskaffenhet
309 335 42 22 det
378 336 122 27 päkallar,
530 335 87 22 skälen
640 335 38 22 för
698 335 169 22 oförändradt.

106 369 178 23 bibehällande
312 370 25 21 af
360 370 117 29 gällande
500 370 190 29 bestämningar
707 369 158 22 framhällas.

122 648 159 27 Värnepligtens
303 646 102 23 ändamål.
441 646 93 24 Stående
557 648 88 27 trupper
667 648 39 21 och
731 648 119 22 landtvärn.

133 688 158 28 Värnepligtens
305 687 130 28 fullgörande
451 687 32 22 vid
499 687 55 22 finsk
570 688 68 27 trupp.
669 687 171 23 Bestämmandet

250 728 25 22 af
287 728 36 22 det
337 726 67 29 ärliga
420 728 306 27 kompletteringsmanskapet.

179 817 140 22 Ständerna
342 817 76 22 hafva
438 817 6 22 i
465 817 48 22 den
540 817 24 22 af
594 817 139 22 Ständerna
753 819 111 26 antagna

108 851 182 29 förordningen
310 851 98 22 affattat
427 849 14 32 &
459 849 10 24 1
491 851 114 26 sälunda,
620 853 36 20 att
674 851 53 22 icke
746 851 69 26 blott,
828 851 37 21 sä-

109 893 52 15 som
192 886 94 26 hittills,
315 888 101 20 tronens
443 886 47 21 och
520 886 216 22 fäderneslandets
756 886 107 25 försvar,

108 923 61 20 utan
195 921 45 22 ock
266 921 140 21 värnandet
429 920 24 22 af
473 920 42 22 det
533 921 77 28 ryska
629 921 65 21 riket
712 921 8 20 i
738 920 58 22 dess
815 919 50 22 hel-

109 955 42 22 het
169 955 130 28 upptagits
318 955 83 22 såsom
420 955 118 22 ändamål
556 955 39 22 för
614 955 48 22 den
682 955 82 21 finska
777 955 91 21 värne-

108 989 258 29 pligtsinstitutionen.
405 989 95 22 Genom
521 989 68 22 detta
609 989 87 28 tillägg
716 990 26 21 är
756 989 42 22 det
811 988 54 29 tyd-

108 1024 53 29 ligt,
182 1026 35 19 att
239 1024 56 21 med
314 1025 87 20 tronen
413 1023 94 22 förstås
520 1024 75 28 jemte
610 1023 254 22 Storfurstendömets

110 1058 74 22 äfven
213 1058 202 29 Kejsaredömets
444 1059 56 20 tron
529 1059 82 21 såsom
640 1060 34 20 ett
702 1059 163 20 sammansatt

109 1093 121 28 begrepp.
269 1093 49 25 Att,
344 1093 83 21 såsom
452 1093 7 20 i
481 1093 49 21 den
550 1093 94 27 nådiga
663 1092 204 28 propositionens

109 1126 95 30 förslag
223 1127 36 21 till
277 1127 200 28 värnepligtslag
497 1126 73 27 skett,
590 1133 30 15 ur
638 1128 35 20 ett
692 1126 90 22 sådant
801 1126 65 21 stad-

109 1161 84 29 gande
213 1168 52 15 som
285 1161 67 22 detta
370 1161 109 22 utesluta
493 1161 73 22 ordet
577 1161 212 26 fäderneslandet,
804 1166 61 16 vore

110 1195 102 22 alldeles
237 1196 177 29 oberättigadt,
435 1198 26 26 ty
481 1196 48 21 den
550 1195 80 23 etiska
649 1195 123 29 grunden,
792 1195 74 22 hvar-

109 1230 39 21 för
172 1230 67 22 finsk
264 1230 41 29 lag
329 1230 50 22 kan
404 1230 92 29 ålägga
515 1230 31 22 de
565 1230 82 22 finske
666 1230 199 28 medborgarene

109 1265 152 28 värnepligt,
290 1265 84 21 består
401 1265 52 28 just
481 1265 61 26 deri,
572 1266 36 20 att
627 1264 74 22 äfven
722 1264 40 22 det
781 1263 84 22 finska

108 1299 206 22 fäderneslandet
343 1299 129 22 försvaras
500 1299 7 22 i
535 1299 62 22 strid
628 1301 52 20 mot
710 1299 47 21 den
789 1297 76 29 ryska

109 1333 115 22 maktens
243 1333 104 22 fiender.

180 1367 96 22 Genom
301 1368 113 28 tillägget
440 1367 25 22 af
484 1368 78 21 orden
585 1367 92 29 »enligt
696 1367 30 22 de
745 1367 121 28 grunder,

109 1407 53 16 som
182 1402 7 21 i
209 1402 82 22 denna
304 1402 41 29 lag
359 1402 124 29 stadgas,»
499 1402 47 21 har
560 1402 20 28 ej
596 1402 7 21 i
617 1401 92 29 sakligt
722 1401 147 22 hänseende
