1089 1781
257 126 27 21 26

295 197 50 18 Art.
367 197 40 19 76.
438 195 32 22 De
485 201 111 21 personer,
613 195 82 22 hvilkas
712 195 59 21 ålder
786 195 55 22 skall
856 195 129 22 bestämmas

224 229 29 27 på
272 229 71 28 grund
361 229 22 22 af
399 231 58 26 yttre
479 229 122 26 utseendet,
624 230 61 21 skola
706 230 6 21 i
728 230 79 21 sådant
828 230 104 27 afseende,
950 237 35 15 en-

224 264 54 21 hvar
300 264 58 21 inom
381 264 38 21 sitt
442 265 93 26 område,
551 263 83 22 infinna
657 265 32 26 sig
704 265 30 26 på
750 264 185 27 uppbådsplatsen
950 265 35 21 vid

226 297 182 23 nästinträffande
424 299 88 27 uppbåd
528 299 23 21 af
564 299 112 26 manskap.

295 346 50 19 Art.
369 346 38 19 77.
446 344 165 28 Upprättandet
635 344 23 21 af
679 344 26 21 de
727 344 93 27 partiela
842 344 142 27 (kommunvis

225 378 130 27 uppgjorda)
379 379 219 27 uppbådslängderna
612 379 40 21 bör
667 385 53 15 vara
735 378 103 22 slutfördt
854 378 31 21 till
902 378 40 21 den
960 379 24 20 13

225 413 32 26 (1)
283 412 66 27 April.
388 413 98 22 Derefter
510 413 62 22 skola
596 413 120 28 längderna
740 413 70 22 under
836 413 36 21 två
897 413 88 21 veckors

225 447 33 21 tid
278 447 69 21 hållas
367 447 33 22 för
420 448 143 21 allmänheten
588 448 135 27 tillgängliga
744 448 12 21 &
776 447 209 22 Distriktsrämdens

226 481 147 27 embetslokal,
390 482 108 22 äfvensom
521 481 110 23 afskrifter
647 482 23 21 af
684 483 108 20 desamma
808 481 132 22 omedelbart
955 481 30 21 öf-

225 515 118 22 versändas
359 516 32 21 till
406 517 161 22 vederbörande
589 517 145 27 magistrater,
758 516 174 27 ordningsrätter
947 515 39 22 och

227 550 215 23 kommunalnämder
460 551 33 22 för
509 553 33 20 att
558 558 77 21 genom
659 552 73 21 dessas
755 551 85 28 försorg
855 551 6 21 i
876 551 110 27 kyrkorna

227 585 110 27 kungöras
353 586 37 21 två
405 586 107 27 söndagar
528 587 13 20 å
556 586 46 21 rad.
626 585 86 22 Samma
728 586 108 27 söndagar
847 586 52 21 böra
909 585 76 28 jemväl

227 619 110 22 afkunnas
360 620 100 22 kallelser
482 621 32 20 till
533 621 135 21 kommunal-
687 620 51 22 eller
752 620 186 21 rådhusstämmor
952 619 34 22 för

226 654 133 27 granskning
371 654 22 21 af
401 655 125 27 längderna,
537 655 79 26 hvilka,
628 655 65 21 sedan
706 655 26 21 de
742 654 69 22 blifvit
822 654 22 22 af
853 656 133 20 stämmorna

226 690 123 25 noggrannt
363 690 169 27 genomgångna,
549 689 62 22 skola
624 689 67 27 jemte
707 689 73 21 dervid
795 688 63 22 förda
871 687 114 28 protokoll,

226 729 47 14 som
287 723 53 21 böra
356 725 96 26 upptaga
468 724 42 21 alla
525 726 45 19 mot
586 724 120 27 längderna
720 723 77 28 gjorda
810 723 174 26 anmärkningar,

228 757 31 20 till
275 757 199 22 Distriktsnämden
498 758 126 21 ätersändas
647 758 46 21 före
716 758 40 21 den
783 759 25 20 13
828 758 30 26 (1)
874 757 49 27 Maj.
954 757 30 20 På

227 791 36 21 det
279 793 33 20 att
329 792 86 27 enhvar,
440 799 45 15 som
504 793 79 21 sädant
603 793 86 26 önskar,
710 793 35 20 mä
760 793 75 20 kunna
850 794 50 25 taga
916 791 33 22 del
965 791 23 21 af

228 825 226 28 uppbädslängderna,
480 827 62 21 skola
567 827 26 21 de
618 826 301 27 kommunalmyndigheterna
943 825 42 22 till

226 860 70 22 sända
312 860 138 22 afskrifterna
466 861 67 22 hållas
549 861 133 28 tillgängliga
699 861 13 21 å
726 861 195 26 kommunalstuga,
936 860 50 21 räd-

227 894 41 21 hus
284 894 51 21 eller
352 897 67 19 annat
434 895 111 27 uppgifvet
565 895 63 22 ställe
645 895 56 22 ända
717 895 32 21 till
766 895 48 21 dess
830 894 156 27 ofvannämnda

226 929 135 22 kommunal-
377 929 50 22 eller
442 930 186 21 rädhusstämmor
643 930 79 21 hällits.

297 979 49 18 Art.
363 978 40 19 78.
434 977 74 21 Under
524 976 108 27 förloppet
649 976 23 21 af
686 977 40 20 den
743 977 6 20 i
764 975 128 28 föregäende
908 975 77 21 artikel

229 1010 105 27 stadgade
350 1011 31 20 tid
398 1011 22 20 af
428 1011 37 21 tvä
475 1011 77 21 veckor
564 1013 24 19 är
600 1011 79 21 enhvar
690 1010 123 27 berättigad
825 1011 33 20 att
869 1010 39 21 hos
921 1009 65 21 Kom-

226 1045 179 26 munalstyrelsen
417 1045 39 22 och
466 1045 198 22 Distriktsnämden
675 1045 85 22 anmäla
770 1051 33 15 om
811 1044 175 27 bristfälligheter

227 1079 52 22 eller
293 1079 151 28 felaktigheter
459 1081 6 20 i
481 1081 225 27 uppbädslängderna.
733 1079 113 27 Anmälan,
862 1085 46 15 som
924 1081 62 24 göres

227 1114 40 21 hos
277 1114 205 27 Distriktsnämden,
498 1115 40 21 bör
553 1115 81 22 införas
646 1116 6 20 i
664 1122 25 15 en
700 1114 93 22 särskild
803 1114 43 21 bok
857 1115 55 20 samt
923 1119 63 21 gran-

226 1149 51 21 skas
285 1149 48 20 med
341 1149 87 27 ledning
436 1149 22 21 af
465 1149 129 28 förefintliga
602 1149 135 27 handlingar,
744 1155 75 21 genom
828 1147 159 28 förfrägningar

227 1183 51 21 eller
293 1183 29 27 pä
338 1185 66 19 annat
421 1185 50 25 sätt,
487 1183 109 22 hvarefter
607 1184 26 21 de
644 1184 6 21 i
660 1183 120 27 längderna
790 1182 130 27 uppdagade
930 1182 54 21 felen

226 1217 61 22 skola
302 1219 77 20 rättas.

296 1272 50 18 Art.
358 1272 41 18 79.
422 1270 52 26 Den,
491 1277 45 15 som
551 1270 128 22 försummat
696 1270 40 21 den
748 1270 6 20 i
768 1271 40 19 art.
821 1270 25 20 78
858 1268 131 22 föreskrifna

226 1304 86 26 termin,
327 1305 36 20 mä
379 1304 85 22 anmäla
472 1311 33 15 om
516 1304 150 28 felaktigheter
677 1304 7 21 i
694 1304 119 27 längderna
823 1304 39 20 hos
872 1302 114 22 Distrikts-

226 1338 93 22 nämden
342 1339 76 21 endast
438 1339 6 21 i
461 1340 40 20 den
524 1339 109 27 händelse,
658 1340 33 20 att
709 1338 59 22 bevis
791 1337 133 27 förebringas
940 1337 47 21 der-

226 1372 66 26 öfver,
309 1374 33 19 att
357 1372 163 23 försummelsen
536 1373 72 21 berott
624 1373 23 21 af
660 1372 113 26 särskilda,
789 1372 49 21 fullt
854 1372 74 26 giltiga
942 1377 44 15 om-

225 1406 156 27 ständigheter.
412 1407 129 28 Pröfningen
558 1408 23 21 af
595 1408 79 21 sådant
696 1407 59 22 bevis
774 1407 130 21 tillkommer
919 1406 67 26 sagda

225 1441 72 22 nämd.
