1086 1775
284 125 25 19 12
605 125 21 22 U.
644 125 22 22 B.

253 195 228 25 augmentsräntorna
497 193 35 21 till
547 194 81 21 sädant
644 194 91 29 belopp,
750 201 49 14 som
819 194 119 22 beräknats
954 198 55 18 mot-

253 234 66 14 svara
327 227 45 21 den
379 228 104 28 värkliga
490 228 248 28 rustningskostnaden
747 228 58 22 efter
815 229 81 28 afdrag
904 229 22 21 af
933 230 77 21 halfva

253 261 242 29 roteringskostnaden
510 262 35 22 för
562 270 28 13 en
604 262 165 22 infanterirote.
793 263 46 21 För
850 263 29 22 de
890 264 73 28 öfriga
973 264 37 21 be-

253 296 170 28 stämningarna
438 300 24 18 är
477 297 50 21 icke
546 297 82 28 nödigt
644 300 34 18 att
693 298 41 21 här
754 297 118 29 redogöra.
903 298 42 21 Att
960 298 49 21 här

253 330 53 21 med
321 330 68 22 äfven
404 332 137 20 rusthällens
561 332 181 28 vakansafgifter
758 332 126 28 upphörde,
903 335 57 18 samt
976 335 34 19 att

254 364 110 28 indragna
387 366 115 21 rusthälls-
521 366 43 21 och
586 368 200 26 augmentsräntor
810 366 72 22 skulle
905 366 105 28 inflyta
997 360 17 38 i

253 398 173 27 militiefonden,
441 403 66 25 säger
523 400 35 28 sig
572 400 58 28 själf.

321 433 93 22 Säledes
430 434 70 28 gäller
516 434 35 22 för
561 435 152 21 närvarande:
730 437 34 19 att
779 435 7 21 i
797 435 109 22 händelse
917 435 90 21 landets

255 468 139 22 härväsende
417 476 82 21 genom
522 469 222 29 värnepliktslagens
766 470 164 28 upphäfvande
954 476 55 22 upp-

253 502 72 21 hörde
348 504 34 20 att
396 510 54 14 vara
473 504 97 20 ordnadt
592 506 30 26 pä
644 504 143 28 grundvalen
810 504 24 21 af
858 504 83 22 allmän
961 507 48 18 vär-

253 536 94 28 neplikt,
364 537 28 21 de
407 538 62 21 förut
484 538 104 21 roterade
612 538 136 22 hemmanen
770 541 58 19 samt
843 538 15 21 f.
876 539 20 20 d.
913 538 96 22 rusthäll

253 571 90 22 komme
359 574 33 19 att
406 579 55 15 vara
477 572 105 29 skyldiga
598 574 34 20 att
648 573 114 28 uppställa
772 573 113 28 krigsfolk
894 573 35 22 för
937 572 72 22 infan-

253 605 67 22 teriet
337 606 71 29 enligt
424 607 113 22 tillförene
548 607 106 28 gällande
664 608 110 27 grunder;
786 610 34 19 att
831 608 29 21 de
870 608 138 28 lägenheter,

253 647 48 14 som
316 641 62 21 förut
393 641 59 22 varit
467 641 87 22 indelta
569 643 30 26 pä
614 641 164 26 militiestaten,
794 642 88 21 säledes
890 642 118 25 boställen,

252 675 49 20 före
317 675 63 21 detta
402 676 96 21 rusthäll
521 676 43 21 och
587 677 235 27 augmentshemman,
839 676 35 21 till
890 677 119 20 underhäll

253 709 22 20 af
291 709 117 22 officerare
424 710 108 28 anslagna
547 710 222 29 aflöningshemman
784 719 28 13 m.
822 711 31 26 fl.,
869 711 140 21 fortfarande

253 743 63 21 skola
331 751 54 14 vara
401 744 48 26 det;
465 747 58 19 samt
541 747 34 19 att
594 745 28 21 de
637 745 88 21 kronan
736 745 172 22 tillkommande
923 745 86 22 inkom-

229 780 3 2 *
253 780 76 19 sterna
344 778 51 21 från
418 778 113 22 desamma
554 779 63 21 skola
640 779 89 22 tillfalla
751 779 173 26 militiefonden,
940 779 68 22 hvars

253 812 142 28 vdisponibla
408 813 135 29 tillgängar*
553 814 70 25 skola,
640 816 24 19 sä
679 814 67 28 länge
761 814 91 21 landets
866 814 142 22 härväsende

253 849 23 18 är
292 847 98 21 ordnadt
405 849 29 27 pä
449 848 142 28 grundvalen
606 848 24 21 af
646 848 83 21 allmän
744 848 136 29 värneplikt,
892 848 115 22 användas

253 881 48 26 »till
317 883 135 27 truppernas
468 882 133 29 utrustning
616 883 43 21 och
675 883 140 21 underhåll".
