1089 1784
803 129 26 20 21

103 197 48 21 med
169 198 26 20 de
211 197 32 21 till
260 197 99 21 omrädet
381 196 96 22 hörande
494 197 162 26 kommunerna,
673 198 57 20 samt
745 203 26 15 en
787 196 23 22 af
823 202 38 21 gu-

103 233 104 20 vernören
223 232 79 21 utsedd
317 231 192 27 polistjensteman.

173 283 50 17 Anm.
236 284 15 16 1.
275 283 30 17 Då
323 283 59 17 Läne-
401 282 34 18 och
447 282 147 18 Distriktsnämd
612 282 97 23 samtidigt
726 282 136 18 sammanträda

104 312 95 18 äfvensom
204 306 11 32 i
230 312 35 18 fall
277 311 21 19 af
309 311 132 17 ordförandens
450 311 6 17 i
465 310 147 18 Distriktsnämd
624 310 84 23 sjukdom
721 311 47 18 eller
775 311 87 17 frånvaro

104 340 97 18 förordnas
214 340 31 18 till
257 339 176 21 Distriktsnämden,
446 344 64 18 genom
522 339 151 18 militärbefälets
686 339 73 23 ätgärd,
771 344 23 14 en
803 339 59 18 stabs-

105 368 63 18 officer
180 369 6 18 i
199 368 132 19 ordförandens
344 368 61 18 ställe.

172 409 50 17 Anm.
234 409 17 17 2.
275 408 37 18 För
324 408 142 23 upplysningars
477 408 120 18 meddelande
611 410 31 16 äro
651 408 138 19 vederbörande
797 409 65 17 krono-

105 437 83 18 länsmän
201 437 34 18 och
249 436 128 18 stadsfiskaler
389 436 46 18 eller
447 436 186 23 poliskommissarier
646 436 83 23 skyldige
741 439 30 16 att
779 437 30 18 vid
817 442 45 17 upp-

105 465 150 18 bädstillfällena
267 464 68 18 bivista
347 465 179 18 Distrikstnämdens
539 465 152 18 sammanträden.

174 507 51 18 Art.
242 508 31 17 61.
300 505 196 22 Distriktsnämden
512 505 86 22 utöfvar
613 506 33 21 sin
662 506 136 21 verksamhet
808 506 7 21 i
826 507 36 20 tur

107 539 39 21 och
162 539 92 28 ordning
269 539 57 22 inom
342 540 124 21 densamma
481 540 161 27 underlydande
653 540 209 27 uppbädsomräden.

175 587 50 19 Art.
243 588 41 18 62.
315 586 152 21 Länenämden
482 587 89 26 äligger:

177 619 20 27 1)
214 621 33 20 att
263 619 62 22 hafva
342 620 77 21 allmän
435 621 88 26 uppsigt
538 621 58 21 inom
611 621 48 21 hela
674 621 59 22 länet
748 621 59 22 öfver
822 621 41 21 den

109 653 103 28 behöriga
238 655 83 26 gängen
345 654 22 21 af
387 655 110 27 uppbädet
525 655 39 21 och
591 656 133 26 antagandet
746 656 23 21 af
789 656 75 21 värne-

106 687 97 28 pligtige;

176 724 22 26 2)
215 725 33 19 att
264 724 88 21 emellan
370 724 25 21 de
411 724 70 21 skilda
497 724 116 22 områdena
623 725 82 21 fördela
716 725 37 21 det
762 725 33 21 för
805 725 59 21 länet

108 758 111 22 bestämda
235 759 83 21 antalet
333 760 107 26 rekryter;

177 793 22 27 3)
223 795 33 19 att
272 793 6 21 i
295 794 26 21 de
335 793 42 25 fall,
401 800 46 15 som
462 794 7 21 i
485 794 70 21 denna
578 794 35 27 lag
636 796 131 25 omnämnas,
786 794 79 21 under-

110 827 64 21 kasta
189 827 26 21 de
230 828 155 27 värnepligtige
400 834 27 21 ny
443 828 131 27 besigtning;

177 862 22 26 4)
223 863 34 20 att
279 862 32 21 till
327 862 100 27 pröfning
442 865 98 24 upptaga
555 863 107 26 klagomäl
677 862 58 22 öfver
751 863 115 21 Distrikts-

107 896 76 21 nämds
198 896 150 27 tillgöranden;

177 931 22 26 5)
212 932 33 20 att
255 932 94 26 granska
357 932 235 21 Distriktsnämdernas
604 932 147 26 redogörelser
763 932 38 21 och
810 938 55 15 sam-

109 965 114 22 manställa
234 972 26 15 en
272 966 78 21 ailmän
367 966 134 27 redogörelse
513 966 58 22 öfver
581 966 170 22 verkställandet
762 966 23 22 af
793 966 73 27 hvarje

111 1001 87 27 uppbäd
213 1001 58 21 inom
287 1001 68 27 länet;
372 1003 56 19 samt

179 1036 21 26 6)
217 1037 33 20 att
273 1036 75 26 pröfva
371 1036 38 21 och
432 1036 33 21 till
485 1036 162 21 vederbörande
662 1036 65 27 högre
743 1036 125 26 myndighet

111 1070 112 21 hemställa
231 1070 74 27 frägor
313 1070 93 21 rörande
411 1070 158 27 missförständ,
575 1076 46 16 som
629 1070 101 27 uppstätt
738 1070 6 21 i
752 1070 115 21 Distrikts-

110 1104 124 22 nämderna.

179 1145 48 17 Anm.
252 1145 129 18 Länenämden
400 1150 43 18 eger
461 1146 40 16 rätt
519 1147 34 19 att,
572 1145 33 18 der
624 1145 35 17 den
678 1145 21 17 sä
710 1144 77 23 pröfvar
798 1144 70 22 nödigt,

110 1175 45 16 utan
173 1173 88 18 afseende
275 1174 10 18 &
298 1174 84 18 enskilda
401 1179 97 17 personers
518 1174 97 22 klagomål,
633 1173 81 23 granska
729 1173 33 18 och
774 1172 95 23 upphäfva

111 1202 137 22 underlydande
260 1202 177 18 Distriktsnämders
456 1202 88 23 ätgärder
562 1202 33 18 och
613 1202 68 21 beslut,
697 1202 62 18 sävida
778 1201 40 18 icke
836 1201 32 17 tvä

111 1230 21 18 år
150 1230 71 23 förgätt
239 1230 42 18 från
296 1231 99 22 åtgärdens
415 1231 46 17 eller
478 1231 91 18 beslutets
582 1231 92 17 tillkomst
686 1230 49 18 intill
748 1230 42 18 dess
802 1229 67 23 åtgärd

110 1259 29 18 för
153 1259 56 18 sådan
221 1260 113 22 granskning
346 1260 66 18 varder
424 1260 93 22 vidtagen.

180 1303 51 18 Art.
248 1304 41 17 63.
320 1301 18 21 A
354 1301 200 21 Distriktsnämden
571 1301 133 21 ankommer:

183 1335 19 27 1)
220 1337 33 19 att
268 1337 105 25 upprätta
391 1335 26 21 de
431 1335 108 21 särskilda
554 1334 227 27 uppbädslängderna;

181 1370 21 27 2)
219 1371 34 20 att
267 1370 95 27 granska
377 1369 230 28 uppbädslängderna;

181 1405 21 26 3)
219 1406 33 19 att
275 1404 32 21 till
327 1405 34 20 ort
377 1410 45 15 som
438 1404 105 21 vederbör
559 1405 49 26 (art.
626 1405 35 24 91)
677 1403 92 22 insända
785 1401 85 28 uppgift

112 1439 59 21 öfver
193 1439 84 21 antalet
299 1445 104 21 personer
425 1439 58 20 inom
507 1439 72 27 hvarje
599 1438 21 21 af
639 1439 26 20 de
684 1438 92 21 nämden
791 1437 79 22 under-
