1092 1731
230 101 28 21 38
512 101 84 23 Ständ.
612 101 39 23 Sv.

202 173 37 21 tre
259 172 28 22 år
304 172 63 22 böra
386 172 141 23 bibehållas
546 173 161 26 oförändrad,
727 174 27 21 är
774 173 50 26 det,
848 174 61 21 enär
923 172 36 23 så-

200 206 79 23 lunda
306 213 31 16 en
364 208 80 21 större
472 207 40 22 del
535 207 26 23 af
582 208 42 22 det
642 208 7 21 i
669 208 70 22 aktiv
758 208 78 28 tjenst
854 208 104 22 stående

202 241 150 29 manskapet
375 243 31 21 än
434 243 190 28 propositionen
645 242 79 27 afsett,
743 242 98 29 årligen
860 242 98 22 komme

202 277 36 20 att
257 276 35 21 till
310 283 119 15 reserven
454 277 150 26 öfverföras,
624 277 151 28 uppenbart,
795 278 36 21 att
849 283 31 16 en
899 279 59 19 mot-

202 311 126 21 svarande
346 311 164 29 nedsättning
528 311 93 29 jemväl
641 311 25 22 af
684 311 163 29 tjenstetiden
866 311 43 22 vid
922 317 36 16 re-

202 351 90 16 serven
311 345 50 22 kan
380 351 47 23 ega
445 352 63 15 rum.

270 379 86 30 Enligt
374 379 178 30 beräkningar,
571 381 145 28 uppgjorda
734 380 58 22 med
811 380 103 29 ledning
933 380 26 22 af

201 413 193 23 förhållandena
421 415 81 22 under
530 415 31 22 de
590 416 100 21 senaste
719 415 40 28 sju
782 415 67 26 åren,
868 415 47 22 har
933 415 26 22 af

201 448 43 22 det
263 448 35 22 till
317 449 69 22 aktiv
404 449 76 28 tjenst
499 449 127 22 inkallade
645 449 151 28 manskapet
814 449 81 22 under
909 449 48 22 den

202 483 110 28 treåriga
331 484 161 28 tjenstetiden
512 483 80 30 afgått
610 484 8 21 i
637 484 117 22 medeltal
769 484 65 25 15,66
843 482 34 27 %/o,
887 483 71 22 deraf

200 517 109 29 ungefär
332 516 28 26 ?/;
384 518 81 22 under
490 519 43 21 det
551 518 79 22 första
650 519 61 21 året.
749 518 56 22 Den
825 518 79 29 ärliga
924 518 33 22 af-

201 551 102 30 gängen
327 552 79 22 under
430 553 150 22 reservären
606 553 53 22 äter
680 553 51 22 kan
750 553 152 28 uppskattas
921 553 36 22 till

201 586 117 29 omkring
344 587 15 22 4
386 585 33 26 %.
455 587 57 22 Med
539 587 142 29 beräkning
701 587 25 22 af
744 587 76 22 dessa
840 587 117 29 afgängs-

200 623 133 26 procenter
360 622 46 22 och
434 623 61 21 utan
524 624 35 20 att
585 622 141 22 inberäkna
749 622 32 21 de
800 621 155 26 reservister,

200 656 88 22 hvilka
307 656 107 29 tidigare
437 657 60 22 stätt
516 657 7 21 i
543 657 70 22 aktiv
631 657 76 29 tjenst
726 657 85 21 säsom
829 656 126 29 frivillige,

202 690 109 22 erhälles
330 691 42 22 det
391 692 111 25 resultat,
514 693 35 20 att
568 698 45 15 sex
633 691 184 22 äldersklasser
837 691 25 21 af
880 697 77 15 reser-

202 730 49 16 ven
279 732 61 15 vore
359 726 148 28 tillräckliga
528 726 40 22 för
587 727 151 27 truppernas
759 725 196 29 uppbringande

201 759 36 22 till
255 759 189 29 krigsnumerär
463 760 46 22 och
528 760 39 22 för
585 760 119 22 bildande
725 760 24 22 af
769 760 187 28 depottrupper.

201 793 36 22 Pä
266 794 82 28 grund
376 794 74 23 häraf
477 795 46 22 och
545 795 39 21 för
603 796 36 20 att
658 794 121 30 derjemte
800 796 34 20 ett
853 794 104 22 tillskott

202 828 26 22 af
251 830 211 28 reservmanskap
489 830 41 21 mä
558 829 109 22 erhällas
691 829 46 22 har
762 828 162 29 tjenstetiden
948 829 8 21 i

200 869 120 16 reserven
349 865 93 21 ansetts
470 864 62 22 böra
559 864 138 22 fastställas
723 864 35 22 till
779 864 40 28 sju
838 863 33 22 är.
907 863 49 22 För

201 897 155 29 jemförelses
384 898 65 22 skull
477 898 40 22 mä
546 898 47 22 här
620 898 147 22 framhällas
801 899 42 25 att,
873 897 83 22 derest

202 931 78 23 ofvan
303 932 146 23 beräknade
469 932 242 29 afgängsprocenter
730 933 7 21 i
756 932 139 22 hvartdera
913 932 43 22 fal-

200 966 34 22 let
261 966 131 28 tillämpas,
419 967 57 22 med
495 968 37 21 tre
550 968 41 20 ärs
605 967 69 22 aktiv
693 968 78 27 tjenst
790 966 46 22 och
856 967 40 28 sju
915 966 40 22 ärs

200 1001 125 22 reservtid
344 1002 99 27 uppnås
462 1008 31 15 en
512 1001 51 22 lika
583 1002 69 21 stark
671 1008 87 15 reserv
777 1001 8 21 i
797 1000 158 22 förhållande

200 1034 36 22 till
264 1035 227 27 fredsnumerären,
518 1042 54 16 som
596 1036 57 22 med
671 1036 49 22 fem
739 1036 43 21 ärs
802 1035 127 29 tjenstetid
947 1035 8 21 i

201 1069 102 22 aktiven
322 1070 46 23 och
391 1071 93 22 tretton
503 1070 28 22 är
549 1070 8 22 i
575 1076 131 21 reserven;
726 1070 176 22 hvarförutom
921 1076 35 15 re-

200 1110 92 16 serven
311 1105 6 21 i
337 1105 68 22 förra
423 1105 70 22 fallet
512 1105 86 22 bestär
617 1105 25 22 af
660 1111 81 23 yngre
761 1104 47 22 och
828 1104 128 22 derförtill

200 1138 150 29 krigstjenst
368 1139 82 22 bättre
470 1139 94 29 egnadt
582 1139 131 28 manskap.

270 1173 38 22 Dä
326 1173 42 22 det
387 1174 136 22 emellertid
543 1174 71 21 säväl
633 1174 7 21 i
659 1173 130 29 Ryssland
809 1179 52 16 som
881 1173 75 22 äfven

199 1207 8 22 i
227 1207 80 22 andra
326 1207 95 27 länder,
441 1208 36 22 uti
496 1208 87 22 hvilka
603 1208 92 22 allmän
714 1207 145 28 värnepligt
879 1208 27 21 är
922 1207 34 22 in-

199 1241 66 27 förd,
294 1243 94 21 ansetts
417 1243 89 28 nödigt
534 1244 35 20 att
591 1243 77 21 hafva
687 1243 28 21 sä
734 1242 89 22 starka
841 1248 116 15 reserver

200 1282 54 15 som
272 1277 104 28 möjligt,
396 1277 40 22 för
456 1278 35 21 att
510 1277 127 22 desamma
656 1277 54 21 icke
730 1283 45 16 ens
795 1276 80 22 under
887 1276 69 28 läng-

200 1311 91 28 variga
317 1311 57 28 krig
398 1311 40 22 mä
463 1311 79 22 blifva
561 1311 121 26 uttömda,
702 1311 51 22 kan
773 1311 43 22 det
835 1317 61 15 vara
915 1310 42 28 pä-

198 1344 98 23 kalladt
324 1346 35 21 att
387 1345 104 30 vidtaga
520 1345 124 22 särskilda
667 1345 121 29 åtgärder
807 1345 40 22 för
865 1344 92 29 ytterli-

199 1385 62 22 gare
290 1379 98 22 ökande
417 1380 25 21 af
464 1386 134 16 reservens
617 1381 124 20 numerär.
781 1379 12 22 I
813 1379 91 22 sådant
923 1379 34 21 af-

200 1413 93 22 seende
312 1413 77 23 hafva
410 1414 141 22 Ständerna
572 1414 71 22 tänkt
662 1414 38 29 sig
718 1415 42 25 att,
779 1414 8 21 i
807 1413 78 22 likhet
899 1413 57 22 med
