1092 1761
341 127 86 22 Ständ.
444 126 38 23 Sv.
499 139 28 3 —
542 127 48 22 Bil.
606 126 33 23 II
805 128 26 19 79

102 201 82 22 genom
202 196 29 27 pä
246 196 99 20 förhand
361 195 120 21 faststälda
492 195 178 27 bestämningar.
691 195 8 20 I
711 195 148 21 betraktande

103 231 25 20 af
148 230 28 21 de
198 233 61 18 stora
282 230 145 27 svårigheter,
448 230 113 21 hvarmed
577 230 88 20 landets
682 229 177 27 hufvudnäring,

100 264 142 27 jordbruket,
258 265 42 20 har
316 266 31 19 att
359 264 93 27 kämpa,
469 264 69 21 hafva
554 264 127 21 Ständerna
693 263 107 28 derjemte
812 263 48 21 fun-

104 298 33 21 nit
152 298 172 26 bestämningen
336 298 7 20 i
354 305 70 13 mom.
440 298 12 20 2
469 298 25 20 af
507 298 76 20 denna
599 298 113 27 paragraf,
723 298 86 20 hvilket
822 297 37 21 vid

105 333 139 21 1877—1878
253 332 37 21 års
298 332 109 27 landtdag
416 332 91 21 tillkom
520 332 29 28 på
559 332 74 26 grund
647 332 24 20 af
678 332 181 21 Bondeständets

103 367 79 21 derom
203 366 132 22 framstälda
357 367 110 27 yrkande,
491 366 63 21 hvila
573 366 29 28 på
618 373 27 14 en
662 366 18 27 ej
698 366 96 21 allenast
809 366 50 20 fullt

102 401 133 26 berättigad,
251 403 55 19 utan
322 401 67 21 äfven
405 401 70 26 nödig
491 401 110 20 omtanke
617 407 38 14 om
672 400 76 21 denna
772 400 86 27 näring.

104 435 126 21 Ständerna
253 435 68 21 hafva
344 435 59 27 förty
419 435 121 21 bibehållit
555 435 13 26 &
583 436 28 19 29
626 435 7 20 i
649 435 209 27 Värnepligtslagen

102 469 146 21 oförändrad.

172 503 42 21 Vid
235 504 129 26 jemförelse
387 504 25 20 af
425 504 105 26 gällande
546 504 193 26 Värnepligtslags
755 503 104 27 stadgan-

102 538 45 21 den
164 538 116 26 angående
296 538 103 27 uppskof
412 538 44 20 och
472 538 96 26 eftergift
583 538 29 27 på
628 538 73 26 grund
718 538 25 20 af
755 537 104 26 bildning

104 572 52 21 med
172 572 160 21 motsvarande
348 572 172 26 bestämningar
536 572 6 20 i
559 572 43 20 den
619 572 83 26 nådiga
725 572 134 27 propositio-

104 613 51 17 nen,
180 606 98 27 framgår
302 608 31 19 att
355 606 27 21 de
399 606 60 21 förra
477 606 5 20 i
498 607 127 20 allmänhet
641 607 40 20 äro
697 607 116 25 strängare
829 607 29 19 än

103 641 27 20 de
147 641 6 20 i
178 640 171 27 propositionen
373 641 112 26 ingående
504 640 145 21 föreskrifter.
681 640 101 21 Sålunda
799 640 60 21 med-

103 675 77 26 gifves,
199 674 90 27 jemlikt
305 674 15 28 $
336 674 30 23 30
383 675 6 20 i
406 675 218 27 Värnepligtslagen,
641 675 103 26 uppskof
757 675 35 20 för
808 675 51 20 fort-

103 709 103 21 sättande
230 709 24 20 af
275 709 85 20 studier
383 709 49 20 icke
456 709 36 20 för
510 709 77 26 längre
603 709 32 20 tid
651 710 29 19 än
698 709 65 26 högst
778 711 33 18 tre
826 709 31 25 är,

103 743 83 21 medan
202 743 44 20 den
262 743 83 26 nädiga
361 743 173 27 propositionen
550 743 7 20 i
573 743 60 20 detta
650 743 105 20 afseende
776 743 83 20 hänför

102 778 28 20 de
146 777 161 27 värnepligtige
322 777 33 21 till
370 780 33 18 tre
419 777 63 21 olika
498 777 132 27 kategorier,
647 777 112 20 beroende
776 777 28 27 pä
825 783 33 14 ar-

102 814 37 18 ten
156 811 24 21 af
199 811 43 21 den
266 811 180 26 läroinrättning,
463 811 7 20 i
486 811 93 21 hvilken
596 811 27 21 de
639 811 88 27 ätnjuta
743 811 116 20 undervis-

103 846 61 26 ning,
181 848 59 18 samt
255 845 35 21 för
300 845 65 21 dessa
379 846 62 20 olika
453 845 126 27 kategorier
590 845 124 26 medgifver
725 845 60 21 olika
797 845 62 26 längt

103 879 106 27 uppskof,
232 879 136 27 uppgående
391 880 61 20 ända
475 880 33 20 till
532 886 38 14 sex
594 880 30 20 är.
657 880 36 20 Ett
718 879 102 27 uppskof
836 879 25 19 af

103 914 66 26 högst
191 916 32 18 tre
246 913 25 21 är
294 914 42 20 har
355 914 125 20 emellertid
496 914 7 20 i
520 913 99 21 Finland
636 914 6 20 i
659 914 126 20 allmänhet
800 913 58 20 visat

103 948 33 26 sig
158 954 54 14 vara
235 948 139 26 tillräckligt;
396 948 43 20 och
464 948 37 20 det
523 948 64 20 torde
606 948 18 26 ej
643 948 70 20 heller
728 948 45 20 lida
790 948 68 26 nägot

103 982 75 21 tvifvel
202 985 37 23 att,
262 982 52 21 med
338 983 50 20 stöd
412 982 25 21 af
456 989 27 14 en
500 988 118 21 noggrann
635 982 106 27 pröfning
757 982 6 20 i
780 982 77 26 hvarje

102 1016 108 21 särskildt
226 1017 44 26 fall,
287 1024 27 13 en
331 1017 117 20 rättvisare
465 1017 91 26 lösning
571 1017 25 20 af
610 1017 78 25 frägan
705 1023 37 14 om
758 1016 102 27 uppskof

102 1050 35 21 för
152 1050 148 21 fortsättande
322 1051 26 20 af
368 1050 86 21 studier
477 1051 58 20 skall
551 1051 66 20 ernäs
633 1050 69 27 enligt
717 1050 139 21 härutinnan

102 1092 32 13 nu
150 1085 104 26 gällande
277 1085 178 27 bestämningar,
478 1086 29 20 än
531 1085 60 21 hvad
612 1085 153 21 förhällandet
781 1084 76 21 kunde

102 1119 69 21 blifva
193 1120 52 21 med
269 1120 92 26 ledning
384 1120 25 21 af
428 1120 44 20 den
495 1120 83 26 nädiga
602 1120 184 27 propositionens
803 1119 54 20 före-

102 1154 96 21 skrifter.

172 1188 91 21 Främst
279 1188 42 21 bör
336 1189 100 24 märkas,
453 1191 32 19 att
500 1189 28 20 de
544 1188 129 28 respektiva
690 1188 167 21 läroinrättnin-

101 1228 82 20 garnas
206 1222 117 27 indelning
346 1223 6 20 i
374 1223 120 26 särskilda,
511 1224 86 26 strängt
613 1223 139 26 begränsade
769 1223 89 26 katego-

102 1256 49 26 rier,
168 1256 101 22 fränsedt
284 1257 142 26 svärigheten
443 1260 33 18 att
491 1258 162 20 ästadkomma
669 1264 27 14 en
712 1258 51 20 fullt
779 1257 78 20 rättvis

102 1290 134 27 fördelning,
259 1291 77 21 kunde
360 1292 103 20 medföra
487 1292 120 20 kännbara
627 1292 120 20 orättvisor
762 1291 38 21 vid
815 1291 42 21 till-

102 1325 147 27 lämpningen
265 1325 25 21 af
302 1325 203 27 bestämningarna
516 1333 39 14 om
567 1326 112 27 uppskofs
691 1325 166 27 medgifvande,

101 1359 96 21 emedan
219 1359 62 21 tiden
305 1360 34 20 för
364 1360 117 21 elevernas
504 1360 88 21 inträde
615 1361 7 20 i
645 1361 44 20 och
709 1360 82 27 afgäng
807 1360 50 20 från

101 1394 66 20 dessa
183 1394 201 26 läroinrättningar
400 1394 29 27 pä
445 1395 74 25 grund
536 1395 25 20 af
570 1395 151 21 ekonomiska
730 1395 43 20 och
785 1394 71 20 andra

101 1427 159 21 förhällanden
285 1429 25 19 är
333 1428 91 27 mycket
439 1428 68 21 olika.
540 1429 110 21 Gällande
667 1428 152 27 Skolordning
835 1428 25 20 af
