1086 1745
812 120 26 20 69

181 187 51 19 Art.
248 187 61 19 242.
332 185 88 22 Antalet
431 185 39 22 och
481 185 175 22 beskaffenheten
667 186 23 21 af
700 186 25 21 de
737 187 131 21 landtvärns-

111 221 96 26 trupper,
231 225 47 16 som
301 219 60 22 skola
384 220 117 27 uppställas
516 220 7 21 i
538 220 74 27 hvarje
634 221 42 26 län,
697 222 127 20 bestämmes
840 222 28 25 på

112 253 91 22 förhand
226 254 23 21 af
270 254 60 21 Hans
352 253 119 28 Kejserliga
493 254 100 27 Majestät
615 254 28 27 på
666 254 158 28 framställning
847 254 23 22 af

112 283 184 36 Krigsministern.
878 300 2 3 :

180 347 52 19 Art.
256 347 59 18 243.
355 345 254 27 Landtvärnstrupperna
631 347 114 26 uppsättas
768 347 12 20 å
803 347 65 24 orter,

114 385 46 16 som
182 379 28 28 på
233 379 90 22 förhand
346 381 77 19 utsetts
446 379 23 21 af
490 379 175 28 Krigsministern
685 380 6 20 i
713 380 85 21 samråd
820 379 48 22 med

113 413 98 22 Senaten.

181 473 52 18 Art.
250 473 60 18 244.
333 471 40 20 Till
389 471 135 21 landtvärnet
537 471 96 21 hörande
644 477 102 20 personer
756 471 7 21 i
774 471 94 22 officers-

114 505 52 26 grad
185 508 60 18 utses
268 505 27 26 pä
314 505 90 21 förhand
421 505 32 21 till
472 505 56 21 vissa
546 505 112 21 bestämda
674 505 144 27 befattningar
833 505 35 21 vid

113 539 242 27 landtvärnstrupperna
377 540 23 21 af
421 539 175 27 Krigsministern
618 539 39 22 och
682 539 90 22 Senaten
792 540 6 20 i
814 545 55 15 sam-

113 573 44 21 råd.
192 573 196 22 Kommendörerne
411 573 32 22 för
461 574 274 27 landtvärnsbataljonerna
750 573 118 22 stadfästas

113 608 7 21 i
137 608 60 21 dessa
219 609 147 27 befattningar
388 609 90 21 medelst
500 609 80 27 Nädigt
599 609 99 27 dagbefäl
713 609 34 21 vid
762 615 106 15 samman-

116 642 109 22 kallandet
241 643 24 21 af
279 643 141 22 landtvärnet.
440 643 32 22 De
488 650 101 21 personer
604 645 54 25 äter,
674 650 44 15 som
730 645 36 20 äro
777 643 91 22 utsedde

116 678 31 19 att
158 677 91 21 bekläda
261 677 68 27 öfriga
340 677 230 28 officersbefattningar
577 678 35 21 vid
620 678 248 27 landtvärnstrupperna,

114 712 103 21 anställas
232 713 7 20 i
255 712 64 27 tjenst
342 713 22 20 af
386 712 190 21 kommendörerne
600 712 33 21 för
649 712 63 21 dessa
726 714 88 25 trupper
830 711 38 22 och

115 745 71 22 kunna
209 747 96 21 tillträda
328 747 25 21 de
372 747 152 26 befattningar,
540 747 33 21 till
589 747 73 20 hvilka
678 747 26 20 de
720 748 35 19 äro
771 746 97 26 utsedde,

116 781 132 21 omedelbart
263 781 55 21 efter
334 782 35 21 det
385 781 25 21 de
426 782 91 20 infunnit
532 781 32 27 sig
579 781 35 21 vid
630 781 158 22 vederbörande
799 780 69 21 landt-

114 817 138 25 värnstrupp;
269 815 154 22 stadfästandet
439 815 22 22 af
471 816 62 21 dessa
544 822 100 21 personer
655 816 6 20 i
673 814 196 28 kompanichefsbe-

114 848 91 28 fattning
227 849 110 22 äfvensom
353 850 158 21 stadfästandet
526 850 23 21 af
563 856 109 20 personer,
688 856 44 15 som
748 849 46 22 icke
810 849 59 21 inne-

114 882 64 22 hafva
193 883 135 27 officersgrad
347 884 39 22 och
402 890 44 15 som
462 884 114 22 förordnas
591 884 32 21 till
640 883 229 22 subalternofficersbe-

114 917 123 27 fattningar,
253 918 123 22 ankommer
392 918 12 22 &
415 918 214 22 Kommenderanden
641 920 115 25 trupperna
766 918 6 20 i
784 917 85 21 distrik-

114 953 38 20 tet.
175 952 168 28 Framställning
357 953 74 21 härom
446 955 63 25 göres
521 953 23 21 af
553 953 191 21 kommendörerne
756 952 32 22 för
799 952 70 21 landt-

115 988 180 25 värnstrupperna
311 987 53 21 efter
379 988 147 21 landtvärnets
542 987 206 22 sammankallande.

183 1046 51 18 Art.
251 1046 60 18 245.
335 1044 40 21 Till
391 1044 227 27 officersbefattningar
634 1044 34 21 vid
685 1044 184 26 landtvärnstrup-

114 1084 66 21 perna
195 1078 36 21 mä
247 1078 120 21 förordnas:
385 1079 20 27 1)
421 1078 33 22 till
470 1078 216 28 befälsbefattningar
696 1078 47 21 frän
753 1078 116 26 bataljons-

115 1112 158 22 kommendörs-
290 1112 32 22 till
338 1113 38 21 och
393 1113 47 21 med
456 1112 288 28 kompanichefsbefattning,
760 1112 109 21 äfvensom

115 1146 33 22 till
158 1147 208 27 stabsbefattningar
374 1160 26 2 —
409 1148 81 21 sädana
499 1148 32 21 till
540 1148 142 26 tjenstgöring
690 1147 34 21 vid
732 1147 138 21 landtvärnet

115 1181 91 27 pligtiga
216 1188 101 20 personer
328 1182 48 21 med
385 1182 143 28 officersgrad,
537 1188 44 16 som
591 1182 115 21 innehafva
714 1182 50 20 eller
772 1180 98 22 innehaft

115 1215 80 21 militär
217 1222 60 20 rang,
301 1217 148 21 motsvarande
465 1216 149 27 befattningen
630 1216 50 28 (art.
697 1216 50 27 250)
763 1215 53 21 eller
831 1215 39 21 ock

115 1256 59 20 rang,
191 1256 45 15 som
252 1252 24 19 är
287 1257 25 14 en
323 1251 53 26 grad
386 1251 66 27 högre
463 1252 52 20 eller
527 1258 25 14 en
564 1251 53 21 eller
628 1250 51 22 flere
688 1251 76 26 grader
775 1250 59 26 lägre
843 1251 27 19 än

116 1284 150 22 motsvarande
282 1285 124 27 befattning,
423 1286 39 20 och
479 1286 22 27 2)
511 1286 33 21 till
560 1284 310 23 subalternofficersbefattnin-

115 1325 38 20 gar
161 1331 27 2 —
199 1319 165 27 nedanföljande
375 1320 35 21 vid
420 1320 137 21 landtvärnet
566 1319 105 22 inskrifna
680 1325 107 21 personer,
796 1318 74 21 nemli-

113 1359 51 20 gen:
179 1353 22 27 a)
218 1353 33 27 de,
268 1359 46 16 som
330 1355 37 20 äro
383 1354 52 21 eller
450 1355 55 20 varit
521 1354 98 21 anstälde
634 1354 7 21 i
657 1354 67 27 tjenst
739 1353 49 22 med
798 1353 74 20 subal-

114 1387 187 28 ternofficersgrad
317 1389 70 20 såsom
404 1389 162 27 underlöjtnant
582 1389 52 20 eller
650 1388 80 26 fänrik;
746 1387 22 28 8)
780 1388 34 26 de,
825 1393 46 15 som

114 1421 123 27 tjenstgjort
252 1422 7 20 i
275 1424 114 25 trupperna
414 1422 68 22 säsom
502 1423 108 26 frivillige,
626 1423 74 21 derest
715 1423 25 20 de
755 1421 117 22 innehafva
