1089 1756
416 141 83 23 Ständ.
517 141 38 23 Sv.
795 143 38 21 107

350 239 273 45 Förordning

110 320 146 34 angående
275 320 109 26 ändrad
402 320 110 34 lydelse
530 321 28 26 af
576 322 37 34 SS
632 321 17 26 5
667 320 53 27 och
738 320 33 27 14
789 320 10 27 i
817 320 47 27 nä-

109 360 67 34 diga
197 360 205 34 förordningen
420 360 56 26 den
494 360 37 27 29
549 360 156 27 December
722 360 79 32 1885,
818 368 46 18 om

109 399 145 28 lättnader
267 400 11 27 i
292 400 216 34 värnepligtens
520 400 181 34 fullgörande
713 401 43 26 för
768 400 96 27 finske

201 440 192 34 medborgare,
411 448 59 19 som
489 440 92 27 vistas
599 440 12 27 i
628 440 151 34 Ryssland.

460 535 14 29 8
488 535 31 29 5.

179 598 183 29 Värnepligtig,
393 604 52 16 som
473 598 66 22 varit
566 598 173 22 underkastad
756 598 108 28 lottning

109 633 67 21 inom
204 632 110 29 Viborgs
336 632 55 22 läns
414 632 125 22 särskilda
558 632 228 29 uppbädsomräde,
805 632 59 29 älig-

110 674 45 22 ger
178 668 36 21 att
232 667 46 22 hos
296 667 242 28 Passexpeditionen
556 667 8 22 i
585 667 38 23 S:t
636 667 153 29 Petersburg
801 668 63 28 göra

110 702 39 28 sig
166 701 172 26 underrättad,
357 702 127 21 huruvida
502 701 51 23 han
563 703 89 21 utsetts
663 702 36 22 till
709 701 69 22 aktiv
788 702 76 28 tjenst

110 736 60 22 eller
197 735 155 23 omedelbart
379 736 140 22 inskrifvits
546 736 43 22 vid
614 736 162 22 landtvärnet
800 737 64 21 samt

109 770 103 22 hvilken
232 771 75 27 trupp
326 770 51 22 han
396 770 111 22 kommer
527 772 35 20 att
581 770 99 22 tillhöra
699 770 46 22 och
758 771 46 21 när
813 770 51 22 han

109 804 48 22 bör
174 804 97 22 infinna
290 804 38 30 sig
347 804 36 22 till
401 805 175 29 tjenstgöring.

454 902 14 28 8
491 902 38 22 14.

178 970 50 22 För
250 970 186 22 uraktlätenhet
462 972 34 20 att
514 970 97 22 infinna
631 970 38 29 sig
687 970 33 28 pä
739 969 127 29 uppbäds-

111 1004 71 22 ställe
207 1004 60 22 eller
292 1005 130 22 derstädes
444 1005 40 22 för
503 1005 39 29 sig
561 1005 73 22 ställa
653 1004 92 22 ombud
765 1004 100 22 tilltalas

110 1039 192 29 värnepligtige,
322 1039 150 23 tillhörande
486 1039 109 29 Viborgs
604 1039 56 22 läns
671 1038 124 22 särskilda
805 1044 61 22 upp-

111 1073 175 26 bädsomräde,
305 1074 42 21 vid
366 1074 219 21 rädstufvurätten
603 1074 8 21 i
630 1073 109 28 Viborgs
758 1072 62 23 stad.

179 1107 54 22 Har
268 1113 148 17 reservman
452 1108 59 22 eller
541 1109 144 24 värneman,
715 1106 151 23 tillhörande

110 1142 111 22 nämnda
246 1142 110 26 omräde,
383 1142 126 22 uteblifvit
534 1142 56 22 frän
609 1141 174 30 öfningsmöte,
802 1140 64 23 skall

110 1176 81 26 mälet,
218 1178 61 20 utan
306 1177 154 28 föregäende
487 1176 190 29 undersökning
711 1175 43 22 vid
782 1181 84 16 annan

111 1211 115 26 domstol,
252 1212 126 27 upptagas
406 1211 24 22 af
454 1211 154 29 krigsrätten
633 1211 43 22 vid
695 1210 108 29 Viborgs
821 1209 45 22 fin-

111 1245 46 22 ska
171 1245 283 29 skarpskyttebataljon.

179 1348 90 22 Denna
293 1348 150 29 förordning
465 1347 86 23 träder
570 1348 7 21 i
596 1347 117 30 gällande
731 1347 68 22 kraft
817 1346 50 23 den

458 1382 31 22 19
