1095 1761
336 131 86 23 Ständ.
438 131 39 23 Sv.
494 145 27 2 —
537 132 48 21 Bil.
601 131 22 22 1.
799 132 25 20 21

97 201 56 26 gade
169 203 32 18 att
216 201 75 20 finska
306 200 214 27 gardesbataljonen
536 201 44 20 och
593 200 77 21 finska
680 200 177 27 kaderekipaget

98 235 6 20 i
121 235 219 26 kommandofrägor
355 235 75 20 skulle
447 235 159 20 underordnas
628 233 228 22 kommenderanden

98 272 126 24 trupperna
240 269 6 20 i
262 269 131 20 finländska
405 269 206 25 militärdistriktet,
622 269 59 20 dock
691 269 25 20 sä
727 271 32 18 att
770 268 87 21 sädana

99 302 196 27 kommandomäl,
304 302 79 21 hvilka
399 302 113 21 derintills
527 308 83 21 genom
620 302 146 28 inspektören
779 302 78 20 vidare

99 338 133 25 befordrats,
247 337 51 20 frän
313 336 132 28 bataljonen
463 336 48 21 dels
526 337 33 20 till
581 336 228 22 kommenderanden
823 336 34 20 för

99 371 152 27 gardeskären
274 371 43 21 och
332 373 127 25 trupperna
475 371 7 20 i
499 371 31 21 S:t
546 371 178 26 Petersburgska
740 370 117 21 militärdi-

100 406 93 26 striktet,
216 406 48 20 dels
286 405 33 20 till
341 405 150 27 inspektören
506 406 35 19 för
557 404 300 28 skapskyttebataljonerna,

100 441 43 20 och
159 440 59 21 ifrån
234 439 174 28 kaderekipaget
424 439 35 21 till
468 439 172 21 vederbörande
648 438 209 26 marinöfverbefäl,

100 474 96 21 derefter
219 474 72 21 skulle
312 473 74 21 direkt
405 473 112 21 insändas
532 473 32 21 till
582 473 107 21 bemälda
705 473 152 21 auktoriteter.

101 509 113 27 Derjemte
242 508 136 26 bestämdes,
401 510 33 18 att
457 507 38 21 vid
518 507 273 28 inspektionsmönstring
806 507 53 20 med

101 543 61 21 finsk
183 545 69 25 trupp
275 543 185 20 mönsterherren
483 542 74 21 skulle
579 541 109 27 biträdas,
712 544 65 18 utom
792 541 25 20 af
830 547 29 14 en

101 578 110 26 adjutant,
228 577 24 20 af
265 583 28 14 en
308 577 25 20 af
346 577 99 20 Senaten
457 577 29 26 pä
497 577 169 25 framställning
677 576 25 20 af
714 576 144 26 Militieexpe-

102 611 101 21 ditionen
219 611 87 26 utsedd,
322 610 7 21 i
343 610 90 21 landets
445 610 126 27 krigslagar
582 610 161 21 hemmastadd
754 616 83 21 person
852 609 7 20 i

102 646 114 26 egenskap
232 645 25 21 af
271 645 270 21 mönsterkommissarie.

171 680 80 20 Ehuru
267 680 43 20 den
326 679 77 21 finska
419 679 115 21 militären
549 679 77 21 tidtals
642 679 51 21 stod
709 678 73 22 under
795 678 66 28 ryskt

102 714 124 21 öfverbefäl
241 714 44 20 och
300 714 67 20 äfven
383 714 7 20 i
404 714 73 26 öfriga
493 713 123 21 afseenden
635 720 40 14 var
698 712 162 22 underordnad

103 749 68 27 ryska
192 748 163 28 myndigheter,
379 748 118 27 utgjordes
519 748 66 26 dock,
602 748 6 20 i
625 747 236 21 öfverensstämmelse

103 783 52 20 med
170 783 52 20 dess
237 782 123 21 nationella
376 782 165 26 organisation,
557 782 67 20 äfven
641 782 73 20 under
732 781 61 21 tiden
809 781 51 20 frän

103 818 25 20 är
140 818 54 20 1809
204 817 33 21 till
248 817 51 21 dess
310 816 225 28 Värnepligtslagens
545 816 147 27 tillämpning
699 816 77 26 vidtog
785 816 27 20 de
822 815 38 21 vid

103 852 134 20 densamma
257 850 102 21 anstälde
375 850 119 21 officerare
511 850 24 21 af
549 850 74 21 finske
638 850 155 26 medborgare.
824 849 37 21 Att

103 885 60 21 detta
174 885 58 20 varit
242 885 58 26 regel
311 885 119 27 bestyrkes
441 885 26 20 af
475 885 38 20 det
524 885 59 20 enda
594 885 124 26 undantag,
732 891 50 14 som
793 885 69 19 veter-

103 920 58 26 ligen
170 919 70 27 gjorts
251 919 49 21 från
312 919 145 21 densamma.
476 919 9 20 I
497 919 83 26 nådiga
591 919 152 26 kungörelsen
752 918 25 21 af
783 918 44 21 den
835 919 25 19 21

104 954 44 27 Maj
167 955 54 20 1830
236 953 117 27 angående
369 953 72 21 bland
458 956 71 18 annat
544 953 145 21 formerande
705 953 25 20 af
740 959 28 14 en
779 952 84 21 marin-

104 988 41 21 kår
160 988 7 21 i
184 988 97 20 Finland
297 988 137 26 bestämdes,
451 990 32 18 att
491 988 74 21 ehuru
576 988 65 20 Hans
653 987 115 27 Majestäts
779 986 84 27 nådiga

104 1022 53 27 vilja
172 1029 46 18 var,
235 1024 31 19 att
276 1022 83 21 befälet
371 1021 39 21 vid
422 1022 78 21 finska
511 1022 139 27 sjöekipaget
660 1021 121 20 framdeles
792 1021 70 20 borde

104 1058 91 25 utgöras
218 1057 25 20 af
260 1056 92 21 infödde
368 1057 85 26 finnar,
470 1057 73 20 skulle
559 1056 60 21 dock
634 1056 7 20 i
657 1055 113 22 anseende
782 1055 81 26 dertill,

105 1093 32 18 att
159 1091 37 20 det
218 1091 38 20 vid
274 1091 116 27 ekipagets
406 1091 73 20 första
496 1090 207 27 sammansättning
718 1097 40 13 var
774 1089 25 21 af
812 1096 51 20 syn-

105 1125 72 27 nerlig
199 1125 51 27 vigt,
274 1122 31 24 att
327 1125 142 21 åtminstone
492 1125 80 21 chefen
595 1125 44 20 och
658 1131 27 14 en
702 1125 70 20 större
788 1123 36 21 del
840 1123 26 21 af

106 1159 161 21 officerskåren
290 1159 53 27 egde
364 1159 45 21 den
433 1159 130 21 erfarenhet
585 1159 43 21 och
648 1159 135 25 skicklighet
798 1158 7 20 i
821 1157 43 27 sjö-

105 1194 103 26 tjensten,
232 1200 49 14 som
305 1200 40 14 var
368 1194 136 26 nödvändig
527 1193 35 21 för
586 1193 148 27 manskapets
756 1192 107 20 danande

106 1231 60 17 samt
188 1228 183 26 organisationen
395 1228 45 20 och
462 1228 118 20 bildandet
596 1228 25 20 af
634 1227 110 27 ekipaget,
760 1228 59 19 samt
834 1228 31 18 ett

104 1262 130 26 tillräckligt
250 1262 61 21 antal
327 1262 156 27 sjöofficerare
499 1262 24 20 af
537 1262 75 21 finska
628 1261 108 21 nationen
753 1261 49 21 icke
813 1260 51 20 fans

106 1298 31 18 att
152 1296 68 26 tillgå,
243 1296 79 21 chefen
346 1296 45 21 och
414 1296 141 21 åtminstone
579 1303 28 13 en
629 1295 107 27 tredjedel
753 1295 25 21 af
791 1294 74 21 office-

105 1336 73 20 rarne,
194 1331 54 20 eller
263 1330 24 21 så
304 1330 90 26 många,
411 1337 53 14 som
479 1330 33 21 till
524 1330 196 28 kompletterande
731 1330 25 20 af
766 1329 98 21 officers-

106 1364 69 21 kåren
192 1364 149 27 erfordrades,
357 1367 62 18 utses
436 1364 72 21 bland
524 1365 116 20 officerare
657 1364 37 21 vid
705 1364 69 27 ryska
784 1364 81 20 flottan

106 1399 44 20 och
172 1399 159 21 företrädesvis
355 1399 96 26 sådana,
476 1406 50 14 som
552 1406 55 14 voro
623 1399 25 20 af
661 1398 61 21 finsk
738 1398 127 25 härkomst,

107 1435 59 18 samt
188 1433 93 27 sådana,
301 1433 78 21 hvilka
396 1438 85 21 genom
498 1440 27 14 en
542 1434 77 26 längre
634 1433 45 20 tids
694 1432 148 27 tjenstgöring
858 1431 7 20 i
