1089 1770
273 128 26 19 36
592 127 22 22 U.
632 127 21 22 B.

244 195 51 22 med
317 195 74 22 finske
406 198 58 19 män.
495 196 11 21 I
522 196 102 28 enlighet
640 196 52 21 med
708 196 74 21 denna
798 195 120 28 grundsats
934 194 70 21 hafva

244 229 28 22 de
287 229 85 22 indelta
387 230 42 21 och
445 230 27 21 de
488 230 170 29 värnepliktiga
674 233 125 26 trupperna
815 229 64 22 alltid
894 230 54 20 stått
964 236 40 13 un-

244 263 40 22 der
298 264 73 21 finske
387 264 163 22 befälhafvare.
582 264 126 29 Undantag
724 264 70 21 hafva
807 264 7 21 i
824 263 62 22 detta
897 263 106 21 afseende

243 298 73 28 gjorts
339 298 79 21 endast
440 299 7 21 i
462 299 67 28 fråga
551 306 37 14 om
612 299 27 21 de
662 299 111 22 värfvade
796 301 130 25 trupperna,
942 297 7 20 i
965 297 39 21 det

244 333 64 21 dessa
324 333 76 21 tidtals
416 333 124 29 underlydt
555 333 67 29 ryskt
637 333 134 22 öfverbefäl.

313 470 93 22 Oafsedt
429 471 65 22 dessa
509 471 189 26 modifikationer,
714 471 80 21 hvilka
810 470 88 22 härrört
914 469 25 21 af
951 469 51 21 Fin-

243 505 64 21 lands
331 504 106 30 förening
460 506 50 21 med
534 506 123 28 Ryssland,
674 509 24 18 är
714 508 33 19 att
765 505 85 25 märka,
866 504 38 22 det
920 503 83 29 grund-

243 542 76 18 satsen
342 546 37 14 om
401 540 107 28 tjänsters
528 540 134 22 besättande
682 540 52 21 med
750 540 90 27 infödde
854 539 74 21 finske
943 541 59 22 män,

243 576 74 19 säsom
336 574 69 21 redan
421 574 119 29 antyddes,
555 574 97 22 faktiskt
667 574 125 28 undergätt
808 573 97 29 ändring
920 580 83 21 genom

243 608 44 22 den
310 608 149 29 uppfattning
482 609 25 21 af
527 609 214 22 naturalisationens
765 608 94 26 värkan,
879 614 48 15 som
942 606 61 29 gjort

243 643 35 28 sig
301 643 105 28 gällande
420 644 8 21 i
444 644 28 21 de
492 644 58 21 efter
576 646 54 19 1809
653 644 111 21 utkomna
786 642 194 28 författningarna
996 641 6 21 i

243 680 82 19 ämnet.
356 678 35 21 De
411 678 170 29 författningar,
602 686 49 14 som
666 679 8 20 i
689 679 63 20 detta
768 677 108 22 afseende
891 676 89 21 komma
996 677 6 19 i

242 712 157 27 betraktande,
415 715 38 19 äro
470 713 195 28 hufvudsakligen
680 713 112 28 följande:
808 711 84 28 nädiga
906 710 96 21 brefven

243 746 26 21 af
283 747 44 21 den
343 749 26 18 13
385 747 123 22 november
527 749 62 24 1819,
606 749 27 20 20
649 747 128 29 september
794 748 54 19 1831
865 745 43 22 och
923 747 25 19 21
965 752 37 13 au-

243 781 61 28 gusti
328 783 62 24 1832,
412 781 84 28 nädiga
518 781 167 29 förordningen
707 782 26 21 af
754 781 45 22 den
816 783 28 18 30
860 780 57 29 april
941 781 61 21 1838,

241 815 86 28 nådiga
349 815 97 22 brefven
468 816 26 21 af
510 816 44 21 den
570 819 12 18 5
599 817 128 28 september
744 818 55 19 1838
815 815 43 22 och
874 817 25 18 31
914 814 87 28 januari

243 851 62 24 1842,
321 850 85 28 nädiga
428 850 192 29 förordningarna
640 851 26 21 af
683 851 44 21 den
743 853 26 18 21
787 849 57 29 april
861 851 54 19 1846
932 850 42 20 och
991 851 9 18 1

241 891 59 13 mars
325 886 61 23 1858,
409 886 86 19 tvänne
517 885 85 27 nädiga
620 885 162 27 förordningar
801 884 26 21 af
840 884 44 20 den
900 886 27 18 29
943 890 59 14 mars

243 918 43 21 och
301 920 34 19 ett
349 918 81 28 nädigt
446 918 51 22 bref
511 918 25 22 af
549 919 45 21 den
610 921 26 19 16
652 919 44 28 maj
713 926 87 14 samma
816 920 24 19 är
855 920 57 19 samt
926 925 28 13 en
964 918 38 20 nä-

243 952 39 28 dig
297 952 137 28 kungörelse
450 952 25 22 af
488 953 44 21 den
548 955 27 19 26
591 954 124 21 november
732 955 62 19 1860.
818 953 36 21 Då
865 953 7 20 i
883 952 65 21 dessa
957 951 44 21 för-

242 986 128 28 fattningar
385 986 117 29 begagnas
517 988 85 20 sådana
616 988 100 28 uttryck,
733 995 49 14 som
798 989 33 19 att
847 986 106 26 sökande,
970 993 32 14 se-

242 1020 44 21 dan
301 1020 57 22 hans
375 1021 129 28 ansökning
519 1029 37 14 om
570 1022 61 21 finsk
643 1022 183 28 medborgarrätt
838 1021 98 25 bifallits,
949 1028 53 20 eger

241 1054 163 29 tillgodonjuta
427 1056 45 21 alla
486 1056 26 21 de
527 1056 168 28 medborgerliga
717 1056 133 28 rättigheter,
866 1055 78 21 hvilka
959 1055 43 21 till-

241 1089 92 21 komma
352 1089 60 21 finsk
432 1090 127 26 undersäte,
575 1091 53 21 med
643 1091 38 21 det
696 1091 120 27 undantag
831 1090 71 21 likväl
917 1092 32 18 att
964 1097 38 14 na-

241 1123 134 29 turaliserap
387 1124 55 28 rysk
453 1124 115 21 adelsman
578 1125 51 21 icke
640 1125 83 21 blifver
734 1125 103 27 delaktig
848 1124 26 21 af
880 1124 27 21 de
916 1124 86 21 ständs-

240 1157 138 29 privilegier,
395 1165 48 14 som
458 1158 45 21 den
518 1160 13 19 ä
546 1159 144 21 riddarhuset
705 1159 175 21 introducerade
894 1158 65 22 adeln
971 1160 31 19 ät-

240 1190 83 29 njuter,
340 1194 25 19 sä
388 1192 46 21 kan
456 1192 68 22 häraf
544 1193 50 21 icke
618 1194 81 28 dragas
718 1200 77 14 annan
810 1193 98 25 slutsats,
925 1195 28 18 än
969 1194 33 19 att

240 1232 53 14 man
317 1228 74 19 ansett
413 1227 202 21 naturalisationen
635 1227 86 28 jämväl
737 1226 104 22 medföra
856 1229 45 19 rätt
918 1228 32 19 att
966 1226 36 21 be-

240 1259 69 22 kläda
324 1260 105 22 ämbeten
445 1261 43 21 och
503 1260 96 29 tjänster
614 1262 7 20 i
637 1262 104 25 Finland,
758 1261 60 21 hälst
834 1261 80 21 sädant
929 1261 7 20 i
948 1260 54 22 flere

241 1293 40 21 fall
297 1294 120 28 värkligen
432 1295 107 21 inträffat.
571 1296 127 20 Enahanda
713 1295 152 29 uppfattning
880 1295 121 21 återfinnes

241 1327 70 21 äfven
326 1328 7 21 i
349 1329 70 20 andra
435 1329 121 21 statsakter
571 1329 53 21 frän
639 1337 85 14 samma
739 1330 41 25 tid,
796 1329 70 22 bland
877 1329 78 21 hvilka
966 1331 36 18 mä

240 1364 95 19 nämnas
350 1363 84 28 nädiga
450 1363 154 28 kungörelsen
619 1363 26 22 af
658 1364 44 21 den
718 1366 25 19 21
762 1363 100 22 februari
875 1365 60 19 1816.
960 1363 42 21 Att

240 1396 76 21 denna
338 1396 150 29 uppfattning
509 1398 50 21 icke
583 1398 216 22 öfverensstämmer
821 1398 53 21 med
890 1405 28 13 en
932 1397 70 29 riktig

310 1442 142 23 Lagutskottets
465 1442 120 19 betänkande.
