1089 1761
269 128 28 19 32
588 127 22 22 U.
626 127 22 22 B.

241 195 183 21 befälhafvarens
447 195 175 29 öfverstyrelse*
649 196 59 27 (nåd.
732 196 153 28 kungörelsen
908 195 25 22 af
953 196 44 22 den

241 231 26 20 21
285 229 44 29 maj
348 232 54 19 1830
417 230 118 29 angående
550 231 139 28 indragning
707 230 26 21 af
741 233 84 19 tvänne
836 230 74 21 finska
921 231 77 28 skarp-

241 264 204 29 skyttebataljoner
460 264 43 22 och
518 264 144 22 formerande
677 265 26 21 af
716 273 28 13 en
754 265 114 21 marinkår
878 265 7 20 i
893 265 103 26 Finland,

241 298 73 21 under
329 298 137 28 benämning
488 298 26 21 af
526 298 73 22 första
620 298 74 22 finska
716 298 152 29 sjöekipaget;
887 299 49 21 nåd.
953 299 44 21 för-

242 332 127 22 ordnandet
384 333 25 21 af
422 333 45 21 den
482 335 27 19 28
531 333 124 21 november
672 336 55 18 1833
743 333 118 28 angående
876 333 121 21 förändrad

241 367 154 27 organisation
410 367 26 21 af
448 367 72 21 första
534 367 75 22 finska
627 367 155 29 sjöekipaget).
799 380 27 3 —
842 368 78 21 Under
935 367 62 21 tiden

242 400 52 22 från
311 402 60 24 1846,
387 401 29 21 då
438 402 44 21 den
504 402 74 21 finska
601 401 397 29 grenadierskarpskyttebataljonen

242 437 124 26 uppsattes,
382 435 36 22 tils
434 436 28 21 de
477 436 85 21 indelta
578 435 156 29 bataljonerna
748 436 139 28 uppstäldes,
898 436 51 21 fans
960 435 38 22 det

243 469 50 22 icke
308 471 71 26 något
401 470 71 29 högre
487 470 71 21 finskt
581 470 67 26 befäl,
664 471 92 21 hvarför
772 472 38 19 det
825 473 24 18 är
865 470 133 22 otvifvelak-

242 504 51 28 tigt,
309 506 34 19 att
358 505 62 20 såväl
442 505 140 28 nyssnämda
604 505 101 28 bataljon
720 512 47 15 som
786 504 213 29 gardesbataljonen

243 539 116 21 sorterade
375 539 73 21 direkt
464 539 71 22 under
550 539 189 22 distriktsstaben.
764 539 44 21 Till
823 541 24 19 år
864 541 53 19 1857
934 539 64 22 stodo

243 573 30 21 de
289 573 110 27 därjämte
414 573 72 21 under
504 573 147 29 inspektören
666 573 36 21 för
718 574 27 20 de
760 573 70 28 ryska
845 573 154 29 skarpskytte-

245 606 162 29 bataljonerna.
436 600 34 29 År
493 610 55 19 1855
570 608 104 21 tillsattes
698 616 28 13 en
740 608 118 28 inspektör
873 608 36 21 för
924 608 28 21 de
967 608 32 20 in-

243 641 62 21 delta
320 642 74 21 finska
416 642 310 29 skarpskyttebataljonerna,
749 642 43 22 och
810 642 80 26 denne,
906 642 94 21 hvilken

244 676 35 28 sig
294 676 35 21 till
344 676 86 22 biträde
446 676 58 22 hade
519 684 28 14 en
562 677 95 21 särskild
672 676 57 28 stab,
744 676 66 22 förde
820 676 72 22 under
900 676 100 28 general-

243 713 146 25 guvernören
404 711 85 21 befälet
504 711 65 21 öfver
584 711 44 21 den
643 711 85 21 indelta
743 711 82 21 armén.
849 711 45 21 För
905 711 27 21 de
940 710 60 22 värf-

245 744 59 22 vade
319 744 74 22 finska
414 748 125 26 trupperna
553 746 124 21 inrättades
700 748 24 18 år
740 747 54 19 1857
814 752 28 14 en
857 745 95 21 särskild
968 745 32 21 in-

243 779 201 29 spektörsstyrelse
459 780 71 21 under
553 780 44 21 den
612 780 68 28 ryske
698 780 158 28 inspektörens
872 779 36 22 för
923 779 77 28 skarp-

246 813 235 29 skyttebataljonerna
503 814 178 26 öfverinseende,
701 822 53 14 men
769 814 74 21 denna
858 814 95 28 styrelse
968 813 32 21 in-

246 848 70 28 drogs
331 848 70 21 redan
418 850 62 24 1859,
495 848 29 22 då
546 848 159 29 inspektionen
720 848 64 22 öfver
800 848 28 21 de
842 848 83 21 nämda
940 850 61 26 trup-

246 889 71 21 perna
332 882 117 29 uppdrogs
465 884 23 19 åt
502 883 146 28 inspektören
663 882 37 22 för
708 883 27 20 de
750 882 84 21 indelta
844 882 72 21 finska
924 881 77 29 skarp-

244 916 242 29 skyttebataljonerna,
509 917 94 21 hvilken
625 917 51 21 från
695 917 75 21 denna
784 916 32 21 tid
833 916 121 21 benämdes
969 916 33 21 in-

246 950 94 29 spektör
355 951 36 21 för
406 951 44 21 den
472 951 74 22 finska
564 951 119 22 militären.
713 951 67 22 Dock
795 951 72 21 skulle
883 950 119 29 gardesba-

245 984 102 29 taljonen
363 993 54 14 vara
432 986 160 21 underordnad
607 985 68 22 äfven
691 985 147 29 inspektören
848 985 36 22 för
895 985 27 21 de
933 985 69 28 ryska

245 1019 305 29 skarpskyttebataljonerna
565 1022 64 23 samt,
650 1022 73 19 såsom
738 1019 62 22 förut
815 1019 58 21 varit
888 1019 113 28 stadgadt,

247 1053 136 29 chefskapet
404 1054 36 22 för
464 1054 84 22 afdelta
563 1054 152 29 gardeskåren
738 1053 42 22 och
796 1053 110 28 därjämte
928 1055 74 20 såsom

247 1087 77 29 öfriga
339 1088 7 21 i
362 1088 96 22 Finland
474 1089 104 28 förlagda
592 1091 94 26 trupper
701 1088 243 28 generalguvernören.

315 1122 66 22 Efter
397 1123 37 21 det
450 1123 28 21 de
496 1123 85 22 indelta
603 1122 155 29 bataljonerna
774 1124 25 19 år
822 1124 54 19 1867
892 1122 110 28 upplösts,

247 1157 94 27 indrogs
357 1157 241 28 inspektörsstyrelsen
613 1157 36 21 för
664 1157 74 21 finska
750 1157 112 20 militären
872 1163 83 21 genom
964 1157 40 19 nå-

246 1190 55 28 diga
315 1191 164 28 förordningen
495 1191 25 22 af
534 1191 43 21 den
593 1193 27 19 23
640 1190 44 29 juli
701 1193 61 23 1868,
779 1190 93 22 hvilken
887 1190 115 28 stadgade,

246 1226 35 19 att
303 1224 74 22 finska
400 1225 214 29 gardesbataljonen
636 1225 43 21 och
701 1225 75 21 finska
797 1224 177 28 kaderekipaget
997 1224 7 20 i

246 1258 216 30 kommandofrågor
470 1260 72 20 skulle
550 1260 155 21 underordnas
712 1258 222 22 kommenderanden
941 1260 63 26 trup-

246 1294 93 26 perna
327 1288 14 36 i
359 1294 128 21 finländska
509 1294 204 25 militärdistriktet,
736 1294 58 21 dock
817 1295 25 19 så
864 1295 33 19 att
919 1292 85 22 sådana

248 1327 189 27 kommandomål,
453 1328 77 22 hvilka
546 1328 102 21 därintils
668 1335 82 21 genom
765 1328 147 28 inspektören
926 1326 78 22 vidare

248 1360 135 28 befordrats,
399 1362 52 21 från
466 1362 130 28 bataljonen
619 1362 47 21 dels
681 1362 35 21 till
730 1361 223 22 kommenderanden
968 1360 37 22 för

247 1395 155 28 gardeskåren
417 1396 43 22 och
482 1399 124 26 trupperna
620 1396 7 21 i
643 1396 34 22 S:t
694 1396 181 28 Petersburgska
889 1394 116 22 militärdi-

315 1441 143 23 Lagutskottets
471 1442 120 18 betänkande.
