1089 1764
818 123 12 20 9

104 191 128 20 omnämnda
250 190 97 22 befrielse
364 191 48 20 från
428 191 47 21 dem
491 191 113 26 åliggande
619 191 114 26 personela
749 191 111 26 utskylder

104 224 38 21 och
158 224 68 27 öfriga
240 224 89 27 pålagor
344 226 57 20 samt
416 224 151 27 förpligtelser,
583 225 72 21 hvilka
671 225 103 27 fullgöras
790 225 21 20 in
823 230 37 15 na-

104 261 55 19 tura.
182 259 95 21 Inkallas
293 259 26 21 de
333 259 48 21 från
405 265 98 16 reserven
523 259 32 22 till
571 261 132 25 truppernas
718 259 41 26 led,
776 259 84 27 åtnjuta

105 293 26 22 de
146 293 67 28 sagda
227 293 97 22 befrielse
342 294 102 21 likaledes
462 294 69 21 under
551 296 32 19 ett
599 294 35 21 års
650 294 37 26 tid,
704 293 94 22 räknadt
813 293 46 21 från

104 327 58 22 tiden
178 327 33 22 för
228 328 61 21 deras
305 327 185 23 hemförlofvande.

359 425 96 22 FJERDE
471 426 136 21 KAPITLET.

121 489 34 21 Om
171 495 106 21 personer,
292 495 44 16 som
352 491 36 20 äro
404 490 117 27 oförmögne
539 489 30 22 att
585 489 98 22 fortsätta
699 489 153 28 krigstjensten,

220 523 104 22 äfvensom
340 524 106 27 angående
461 523 74 22 vården
554 529 31 16 om
602 524 45 21 dem
664 524 37 21 och
717 529 31 16 om

373 558 115 27 krigsmäns
503 559 94 26 familjer.

176 623 50 18 Art.
243 623 41 18 26.
307 621 10 20 I
332 621 59 20 aktiv
406 621 67 27 tjenst
489 621 51 21 eller
557 621 34 21 vid
605 627 99 15 reserven
715 621 89 21 stående
815 626 47 21 per-

109 660 45 20 son,
178 661 45 15 som
238 661 75 21 genom
329 655 98 27 sjukdom
446 655 50 21 eller
511 655 127 27 kroppslyte
653 655 68 21 blifvit
736 654 127 27 fullkomligt

109 689 122 27 oförmögen
247 689 33 21 till
295 689 142 28 tjenstgöring
454 690 59 21 såväl
528 690 7 20 i
551 696 45 15 som
612 691 60 20 utom
687 689 93 27 fronten,
797 689 66 21 entle-

109 723 59 27 digas
179 723 45 21 helt
236 723 39 22 och
286 723 66 22 hållet
360 731 26 14 ur
397 724 93 27 tjensten
503 724 38 21 och
553 723 76 22 afföres
638 731 25 14 ur
672 730 110 15 reservens
791 723 73 26 rullor,

108 757 118 27 hvarjemte
242 759 22 20 åt
279 758 77 21 honom
372 758 98 21 utfärdas
485 759 61 26 intyg
557 758 58 21 öfver
626 758 101 27 fullgjord
737 758 125 27 värnepligt.

109 791 53 28 Den,
178 798 45 15 som
239 793 29 26 på
282 793 69 26 grund
363 793 22 20 af
394 793 95 21 erhållen
499 793 84 26 blessyr
593 793 68 21 blifvit
673 799 26 14 ur
710 793 153 26 krigstjensten

109 826 128 27 entledigad,
260 827 41 20 kan
325 827 71 26 likväl,
412 827 44 21 ifall
479 827 42 21 han
539 827 48 27 sjelf
600 827 79 21 sådant
695 827 85 26 önskar,
797 827 67 20 öfver-

109 860 73 27 flyttas
199 861 31 20 till
244 867 104 15 reserven.

179 915 50 19 Art.
246 915 39 18 27.
316 913 39 21 Till
370 914 125 21 underbefäl
512 914 38 21 och
566 914 105 27 manskap
685 914 96 21 hörande
792 919 72 21 perso-

111 954 44 19 ner,
171 953 44 16 som
232 947 68 21 under
316 948 58 21 aktiv
389 949 144 26 tjenstgöring
549 948 69 21 blifvit
634 948 123 27 oförmögne
769 949 34 20 att
813 947 52 21 fort-

111 983 57 20 sätta
180 982 128 26 densamma,
320 982 107 21 äfvensom
439 983 70 26 dylika
520 989 105 20 personer
636 983 34 20 vid
679 988 106 20 reserven,
795 982 71 21 hvilka

111 1016 68 21 under
198 1016 141 27 öfningsmöte
355 1017 84 27 ådragit
455 1017 32 27 sig
501 1017 129 27 kroppslyte
646 1017 38 21 och
700 1017 68 21 blifvit
784 1017 31 20 till
832 1023 34 14 ar-

110 1051 50 20 bete
182 1050 122 27 oförmögne
327 1054 55 18 samt
405 1051 69 22 sakna
491 1051 68 22 medel
575 1051 33 21 för
625 1052 38 20 sitt
678 1051 114 27 uppehälle
816 1050 50 21 eller

112 1085 158 26 anförvandter,
291 1085 70 22 hvilka
380 1092 50 15 vore
446 1086 69 27 villige
532 1088 33 19 att
581 1087 65 26 åtaga
661 1086 32 27 sig
709 1086 62 21 deras
787 1085 79 21 försör-

109 1119 71 28 jande,
197 1119 67 22 undfå
278 1120 118 21 understöd
413 1127 25 14 ur
453 1120 243 27 krigsmanshuskassan
713 1120 66 27 enligt
794 1119 73 21 härför

111 1153 99 28 gällande
232 1154 169 27 bestämningar;
418 1155 26 21 de
466 1155 66 21 bland
557 1155 53 26 dem,
635 1161 45 14 som
703 1154 96 21 befinnas
814 1159 53 15 vara

111 1189 8 20 i
141 1188 65 22 behof
226 1189 23 20 af
270 1189 78 21 andras
374 1189 139 26 omvårdnad,
540 1195 39 21 ega
604 1191 45 19 rätt
675 1189 32 20 till
729 1188 137 27 försörjning.

112 1223 110 27 Rättighet
238 1223 32 21 till
286 1224 92 21 nämnda
393 1224 120 21 understöd
529 1224 39 21 och
584 1223 130 28 försörjning
728 1223 139 21 tillerkännes

109 1257 78 27 jemväl
206 1257 124 22 underbefäl
346 1258 38 21 och
400 1259 111 26 manskap,
528 1264 45 15 som
591 1257 54 22 efter
660 1257 159 22 öfverförandet
835 1256 32 21 till

113 1297 98 16 reserven
233 1292 69 21 blifvit
324 1293 31 20 till
378 1293 74 21 arbete
475 1292 120 27 oförmöget
618 1293 7 20 i
640 1292 52 27 följd
712 1292 23 21 af
755 1291 112 26 blessyrer,

112 1327 126 27 kroppslyte
260 1327 50 22 eller
332 1328 105 27 sjukdom,
461 1334 45 15 som
530 1328 95 26 ådragits
641 1327 69 22 under
726 1327 59 21 aktiv
800 1326 68 27 krigs-

112 1361 73 27 tjenst,
209 1361 108 22 äfvensom
336 1364 114 20 värnemän
468 1361 22 22 af
504 1362 59 21 såväl
579 1361 68 22 första
664 1368 45 15 som
725 1361 68 21 andra
808 1361 60 20 kate-

113 1396 67 27 gorin,
207 1396 71 21 hvilka
304 1397 68 20 under
399 1397 139 26 tjenstetiden
566 1396 68 21 blifvit
660 1396 31 21 till
717 1395 74 22 arbete
813 1394 56 21 oför-

113 1431 76 26 mögne
204 1431 6 20 i
226 1430 51 28 följd
293 1431 22 20 af
328 1431 106 26 blessyrer
450 1431 51 21 eller
516 1431 159 26 kroppsskada.
