1086 1748
810 113 27 21 75

176 184 51 18 Art.
244 184 59 18 262.
334 181 63 22 Säväl
413 182 97 21 enskilda
525 183 129 19 värnemäns
670 188 45 15 som
730 182 50 20 hela
795 181 71 21 landt-

107 216 279 27 värnstruppafdelningars
402 216 126 27 utrustning
543 216 127 21 verkställes
686 216 6 21 i
709 215 94 27 enlighet
818 215 47 21 med

107 250 107 21 särskilda
236 250 95 26 tabeller,
355 256 46 15 som
423 251 110 26 uppgöras
556 250 7 20 i
582 250 193 26 Krigsministeriet
798 249 39 21 och
858 249 7 21 i

107 284 92 27 stadgad
215 284 91 27 ordning
321 284 145 21 underställas
481 284 70 27 Nädig
567 284 144 22 stadfästelse.

378 426 68 12 SJUNDE
458 426 137 12 AFDELNINGEN,

291 490 36 17 Om
339 490 146 17 landtvärnets
497 490 185 17 hemförlofvande.

177 562 51 18 Art.
253 562 58 18 263.
342 559 117 27 Angäende
481 558 182 22 hemförlofvande
687 558 22 22 af
726 559 138 21 landtvärnet

107 594 108 26 kungöres
231 600 76 20 genom
322 593 70 27 Nädig
407 593 55 21 ukas
478 593 32 21 till
526 593 142 27 Dirigerande
684 593 99 22 Senaten.

176 653 51 18 Art.
251 652 59 19 264.
341 650 148 21 Landtvärnet
504 650 7 21 i
526 650 62 21 länen
613 650 102 27 upplöses
737 656 76 21 genom
833 650 32 21 ät-

108 685 53 26 gärd
179 684 23 21 af
215 685 185 27 Länenämderna,
416 685 13 20 å
443 684 73 21 hvilka
539 685 68 21 tillika
631 685 123 21 ankommer
777 685 33 21 att
833 684 32 21 till

107 719 100 27 pröfning
229 720 97 26 upptaga
341 719 113 26 klagomäl,
471 725 45 15 som
533 719 36 21 vid
584 718 191 22 hemförlofvandet
790 719 75 21 kunna

108 753 131 22 framställas
262 753 23 21 af
305 753 32 21 till
359 753 137 22 landtvärnet
516 753 97 22 hörande
629 759 109 21 personer,
755 753 108 22 äfvensom

108 789 33 20 att
155 788 88 27 vidtaga
259 788 78 27 ätgärd
353 788 32 21 till
401 788 192 21 ästadkommande
605 787 23 22 af
636 788 95 27 rättelse,
744 789 37 20 der
791 788 74 27 klago-

107 822 69 22 mälen
192 821 96 22 befinnas
303 822 119 27 grundade.

177 882 51 18 Art.
249 882 59 18 265.
339 879 39 21 Till
394 879 138 22 Jandtvärnet
548 879 97 22 hörande
660 886 113 21 personers
789 880 76 27 tjenst-

107 914 75 27 göring
197 914 36 20 vid
248 914 184 21 militärväsendet
448 920 62 15 anses
522 914 104 21 afslutad:
642 914 34 21 för
687 914 53 27 dem,
751 920 46 16 som
808 914 56 21 varit

108 948 97 22 anstälde
216 948 35 21 vid
263 948 25 21 de
299 948 89 22 stäende
399 950 127 25 trupperna,
539 948 48 22 frän
599 948 41 22 den
652 949 42 27 dag
702 949 25 21 de
736 948 127 27 entledigats

107 983 48 21 frän
171 983 63 21 dessa
249 984 97 26 trupper,
359 983 38 21 och
408 983 32 21 för
452 984 54 26 dem,
518 990 45 14 som
574 984 58 20 varit
642 984 98 21 anstälde
750 984 35 20 vid
794 983 70 21 landt-

107 1019 192 25 värnstrupperna,
310 1017 47 21 frän
367 1018 40 20 den
416 1018 42 26 dag
467 1018 63 21 dessa
538 1019 92 26 trupper
637 1018 166 21 hemförlofvats.
820 1017 44 21 Och

108 1052 64 27 utgär
194 1051 112 22 underhäll
322 1052 23 20 af
358 1052 83 21 kronan
458 1052 23 21 ät
498 1052 25 21 de
538 1052 149 22 förstnämnde
703 1052 56 21 ända
774 1052 33 21 till
823 1052 40 21 den

109 1086 41 27 dag
173 1086 25 21 de
221 1086 86 21 inträffa
323 1087 13 20 å
351 1086 117 27 hemorten,
492 1088 57 20 samt
573 1087 22 21 ät
619 1087 26 21 de
660 1087 133 21 sistnämnde
808 1086 56 21 intill

109 1121 39 22 den
165 1121 41 27 dag
221 1121 221 27 landtvärnstruppen
458 1120 99 22 inträffar
575 1122 12 20 &
602 1121 84 27 platsen
701 1121 32 21 för
743 1120 122 22 hemförlof-

107 1156 85 21 vandet.

177 1215 50 18 Art.
244 1215 59 18 266.
334 1212 128 28 Bevärings-
479 1213 39 21 och
533 1214 245 26 utredningspersedlar,
795 1212 70 21 hvilka

107 1248 117 21 utlemnats
239 1247 33 21 till
287 1247 145 27 landtvärnet,
449 1248 130 21 äterlemnas
593 1248 33 21 till
638 1248 25 21 de
674 1248 85 27 upplag,
772 1246 92 22 derifrän

108 1282 26 22 de
156 1281 69 22 blifvit
247 1283 118 25 mottagna,
381 1283 54 20 utan
450 1282 119 22 kassation.
600 1281 264 28 Beklädningspersedlar,

107 1323 46 15 som
168 1316 97 27 utgifvits
281 1317 23 20 ät
319 1318 123 24 värnemän,
459 1316 84 22 tillfalla
557 1317 69 21 desse.
