1089 1761
233 123 28 21 42

275 191 22 28 2)
313 192 32 25 de,
361 191 73 22 hvilka
444 191 66 28 aflagt
521 197 88 16 examen
620 191 55 22 efter
686 191 104 22 särskildt
800 197 107 21 program,
918 197 46 16 som

204 227 107 26 uppgöres
327 226 54 21 efter
396 226 79 21 träffad
491 226 217 21 öfverenskommelse
724 225 50 22 med
788 225 178 28 Krigsministern

204 260 41 21 och
260 260 113 21 Ministern
389 259 33 22 för
437 260 201 27 folkupplysningen
654 260 40 21 och
708 260 23 21 af
739 259 227 28 Generalguvernören

204 295 100 21 insändes
325 295 34 21 till
382 295 70 27 Nådig
474 295 139 21 stadfästelse
631 295 49 27 (art.
699 295 47 26 124,
762 300 65 15 mom.
844 295 20 25 3,
879 294 30 27 b),
925 295 39 21 och

204 328 77 22 hvilka
295 329 115 21 benämnas
426 329 100 27 frivillige
542 329 23 21 af
578 329 68 21 andra
660 328 121 28 kategorin,
797 340 27 4 —
841 329 35 20 två
892 330 30 20 år.

275 388 50 18 Art.
342 388 49 18 127.
415 386 75 22 Såsom
506 386 160 28 normalperiod
676 386 34 21 för
720 386 112 27 frivilliges
843 385 122 27 antagande

204 420 7 21 i
222 420 68 27 tjenst
300 420 130 23 bestämmes
441 422 59 21 tiden
508 421 46 21 från
563 422 41 20 den
613 422 26 20 27
650 421 46 27 (15)
705 420 92 28 Augusti
807 421 33 21 till
848 420 41 22 den
899 421 25 21 13
933 420 33 28 (1)

205 455 97 21 Oktober
317 455 73 27 hvarje
406 457 31 21 år.
468 456 144 27 Tjenstetiden
627 456 33 21 för
676 456 54 25 dem,
746 462 48 15 som
810 455 96 27 antagits
920 455 46 21 före

205 490 42 20 den
267 490 24 20 13
307 489 31 27 (1)
355 490 132 27 September,
503 490 78 22 räknas
596 490 48 22 från
655 490 40 21 den
708 491 25 20 13
745 490 33 27 (1)
790 489 125 28 September
926 489 38 23 och

205 524 34 21 för
255 524 43 21 alla
313 524 70 27 öfriga
398 524 46 22 från
462 525 40 21 den
520 526 26 20 13
562 525 32 27 (1)
611 525 103 21 Oktober.

276 570 49 16 Anm.
349 570 95 23 Frivillige
456 570 63 18 kunna
531 570 75 18 inträda
617 570 31 18 vid
659 572 103 21 trupperna
774 570 55 18 äfven
841 570 24 22 på
877 570 58 18 andra
943 570 24 17 ti-

205 597 32 18 der
255 599 24 16 än
297 597 58 18 under
372 598 164 23 normalperioden,
554 599 45 17 eller
617 598 59 18 under
692 598 51 18 tiden
758 597 42 19 från
813 598 35 18 den
862 599 20 16 13
895 598 27 24 (1)
934 597 32 19 Ja-

205 626 53 18 nuari
270 626 29 18 till
312 627 35 17 den
359 628 22 16 27
393 627 39 23 (15)
441 627 86 23 Augusti,
535 632 41 13 men
584 627 69 18 räknas
662 627 54 18 deras
724 627 99 22 tjenstetid
831 627 54 18 äfven
894 627 5 17 i
907 627 59 18 denna

205 655 88 18 händelse
305 655 42 18 från
361 655 33 18 den
408 657 21 16 13
442 656 28 23 (1)
483 656 107 23 September
603 655 31 18 det
646 656 26 21 år,
686 655 22 18 de
716 656 96 22 mottagits
820 655 31 18 vid
859 657 106 21 trupperna.

277 704 51 18 Art.
351 704 50 19 128.
433 703 109 26 Frivillige
565 702 102 21 anställas
690 703 78 20 endast
791 702 7 21 i
821 702 146 27 befattningar

205 736 35 21 vid
257 736 84 21 fronten
358 737 34 20 vid
408 737 44 21 alla
468 737 205 26 truppafdelningar,
686 737 38 21 der
734 737 100 26 frivillige
846 737 66 26 enligt
922 738 45 19 stat

205 770 71 22 finnas
293 771 104 21 anstälda.
422 771 65 22 Valet
502 771 24 22 af
534 771 176 27 truppafdelning
721 771 143 22 öfverlemnas
874 771 33 21 till
917 771 48 21 dem

205 805 81 28 sjelfve,
302 806 102 21 förutsatt
418 806 66 21 likväl
500 808 33 20 att
548 806 85 22 antalet
648 806 102 27 frivillige
765 806 35 21 vid
816 805 74 27 hvarje
898 805 68 22 afdel-

205 841 51 26 ning
272 840 47 21 icke
341 841 145 21 öfverskrider
506 841 40 21 den
562 843 70 25 gräns,
649 847 45 15 som
711 841 129 21 bestämmes
856 840 23 21 af
892 840 74 27 Krigs-

205 875 136 21 ministeriet.
372 875 73 21 Under
468 875 91 27 krigstid
582 875 87 21 inträda
692 875 100 27 frivillige
814 875 54 21 först
891 874 34 21 vid
941 874 25 22 de

205 908 70 22 finska
291 909 191 27 depottrupperna.

276 955 43 16 Anm
337 955 17 16 1.
378 954 184 22 Medicinedoktorer,
580 955 69 21 läkare,
667 955 113 17 veterinärer
798 954 34 18 och
844 954 123 18 farmaceuter

205 982 57 18 bland
280 982 87 23 frivillige
385 983 103 23 berättigas
504 985 28 16 att
543 983 31 18 vid
586 985 102 21 trupperna
699 984 52 22 tjena
764 983 5 17 i
782 983 132 22 befattningar,
926 988 39 12 som

205 1012 93 17 motsvara
310 1011 53 18 deras
376 1012 44 18 kall.
444 1012 42 18 Ifall
499 1012 140 23 ifrågavarande
650 1017 88 17 personer
750 1012 42 17 icke
800 1012 90 17 anställas
899 1012 6 16 i
913 1011 52 18 aktiv

205 1040 64 22 tjenst,
288 1042 45 16 utan
352 1040 72 18 direkte
443 1040 29 18 vid
485 1046 89 16 reserven,
587 1041 53 17 skola
652 1040 22 18 de
685 1040 77 18 kvarstä
774 1040 6 17 i
792 1040 105 18 densamma
909 1040 58 18 under

204 1070 72 16 tretton
289 1068 25 18 är.

276 1098 49 16 Anm.
344 1098 16 17 2.
384 1097 108 19 Fältskärer
511 1098 55 18 bland
585 1098 87 23 frivillige
684 1098 103 23 berättigas
800 1099 29 16 att
840 1097 52 23 tjena
904 1097 5 17 i
922 1097 43 18 fält-

205 1126 182 23 skärsbefattningar
399 1127 31 17 vid
442 1128 106 21 trupperna.

276 1176 51 18 Art.
353 1176 51 18 129.
444 1174 115 27 Frivillige,
584 1180 44 14 som
651 1173 85 21 inträda
759 1173 36 21 vid
817 1173 77 26 gardet
915 1172 51 21 eller

205 1207 135 28 kavalleriet,
365 1208 127 22 underhålla
515 1208 31 27 sig
569 1209 28 26 pä
620 1214 54 20 egen
697 1208 131 25 bekostnad;
846 1206 36 22 vid
897 1206 69 27 öfriga

205 1244 90 25 trupper
311 1242 95 22 deremot
422 1242 136 22 underhällas
574 1242 25 21 de
614 1242 102 27 frivillige
731 1242 28 27 pä
774 1242 95 21 kronans
880 1241 86 21 bekost-

205 1276 48 26 nad,
280 1276 45 21 ifall
349 1277 26 21 de
398 1277 46 21 icke
472 1277 81 21 anmält
575 1277 32 27 sig
630 1276 67 22 önska
720 1276 74 27 sjelfve
816 1276 91 21 bekosta
928 1275 39 21 sitt

205 1310 122 22 underhäll.

275 1365 51 18 Art.
348 1365 53 19 130.
432 1363 116 27 Frivillige,
572 1370 45 14 som
641 1363 59 27 tjena
723 1362 28 28 pä
770 1369 53 21 egen
839 1362 128 26 bekostnad,

205 1397 120 27 berättigas
349 1399 40 25 att,
412 1398 48 21 med
476 1398 110 26 undantag
600 1397 24 21 af
637 1398 60 21 tiden
712 1397 34 21 för
762 1397 139 27 lägermöten,
917 1396 27 21 bo
959 1396 7 21 i

205 1432 93 21 enskildt
313 1432 93 26 kvarter,
417 1432 86 22 hvilken
514 1432 104 27 rättighet
629 1432 55 22 dock
694 1432 67 26 enligt
771 1430 195 28 truppafdelnings-
