1089 1764
436 144 28 22 U.
484 144 26 22 B.
781 144 39 20 145

341 213 20 27 1)
387 212 36 28 för
442 212 206 28 gardesbataljonen
678 212 70 28 väljas
777 212 74 21 dertill

301 247 105 28 lämpliga
425 254 106 20 personer
550 249 57 19 utan
629 247 101 27 afseende
752 246 15 21 å
788 246 63 21 deras

300 282 89 26 hemort,
412 281 220 28 företrädesvis
654 281 37 27 de,
713 288 59 14 som
794 281 56 27 för-

301 316 93 21 klarat
408 316 45 27 sig
469 316 106 21 dertill
590 315 120 28 villige;

345 351 25 24 2)
392 350 36 28 för
450 350 230 28 kavalleritrupperna
706 352 89 25 uttagas
820 350 31 25 de,

301 384 74 21 hvilka
390 384 90 21 erhållit
495 385 70 27 lägsta
581 384 163 21 lottnumrorna
760 384 38 21 och
814 385 38 19 äro

302 418 35 21 till
351 418 151 28 ryttaretjenst
516 418 96 28 tjenlige;
626 420 59 20 samt

346 453 21 27 3)
393 452 123 22 återstoden
530 453 125 27 fördelas,
679 452 83 22 under
783 452 69 21 iakt-

303 487 113 27 tagande
443 489 33 19 att
497 488 84 20 enhvar
602 487 73 21 såvidt
696 487 87 27 möjligt
805 487 47 21 kal-

303 522 33 21 las
357 522 35 21 till
406 521 71 22 sådan
493 524 73 26 trupp,
582 522 66 21 hvars
666 522 128 21 stationsort
812 529 43 14 un-

302 556 38 21 der
362 556 94 27 fredstid
476 558 27 19 är
526 557 35 20 till
583 557 57 20 hans
655 557 84 20 hemort
754 557 102 20 närmast

304 589 95 28 belägen.

347 619 32 26 Är
396 625 112 27 afståndet
523 625 80 21 mellan
620 625 158 28 värnepligtigs
792 625 62 21 hem-

304 661 34 18 ort
359 659 39 21 och
421 661 67 26 orten,
506 659 34 21 dit
554 660 45 20 han
615 659 74 28 blifvit
704 659 105 28 anbefald
823 661 33 19 att

305 693 35 21 till
355 693 59 22 aktiv
430 693 142 28 tjenstgöring
587 694 33 27 sig
636 693 91 28 begifva,
739 694 75 27 längre
826 695 30 19 än

304 727 78 28 femtio
404 728 117 27 kilometer,
535 729 57 20 skall
606 729 46 20 han
667 728 29 27 af
707 728 85 21 kronan
807 728 47 27 för-

305 769 33 14 ses
359 763 50 20 med
430 762 177 28 färdpenningar
628 763 54 27 efter
698 762 119 27 beräkning
832 762 26 27 af

306 797 47 20 åtta
372 797 72 27 penni
467 797 36 27 för
524 797 74 27 hvarje
621 797 117 25 kilometer,
752 796 106 21 hvarmed

306 831 79 28 färden
400 831 144 27 öfverskrider
556 831 99 21 nämnda
670 831 128 28 vägalängd.

554 911 16 27 $
584 912 33 19 87.

351 963 72 21 Sedan
448 963 196 27 uppbådsnämden
669 963 95 25 bestämt,
784 962 76 21 hvilka

309 998 28 27 af
356 998 25 20 de
403 998 52 27 från
476 997 99 21 området
596 997 129 27 uppbådade
744 997 62 21 skola
826 997 36 20 vid

309 1032 74 20 aktiva
406 1034 118 25 trupperna
548 1031 93 25 inträda,
665 1031 116 28 inskrifver
796 1032 65 20 näm-

310 1067 40 20 den
373 1067 45 19 alla
442 1066 76 27 öfrige,
540 1072 47 14 som
604 1065 6 21 i
626 1065 119 27 lottningen
767 1065 94 27 deltagit,

311 1100 36 21 vid
362 1100 199 21 landtvärneti
597 1100 40 20 den
651 1100 95 26 ordning
759 1100 102 20 lottlistan

311 1135 106 27 angifver.

558 1191 16 27 $
589 1192 33 20 89.

356 1244 99 24 Enhvar,
478 1250 47 14 som
547 1244 71 27 blifvit
640 1243 7 21 i
668 1244 195 27 uppbådslängden

314 1278 75 27 införd
408 1278 40 20 och
468 1278 76 20 instält
562 1278 33 26 sig
614 1278 37 20 vid
666 1278 198 27 uppbådstillfället,

314 1319 49 14 men
381 1312 45 20 icke
440 1312 122 28 förklarats
572 1312 86 27 skyldig
669 1313 31 19 att
710 1312 62 20 träda
788 1312 7 20 i
805 1312 63 27 tjenst

315 1346 36 21 vid
373 1346 59 21 aktiv
455 1348 71 26 trupp,
546 1346 68 28 förses
630 1346 28 27 af
670 1346 196 28 uppbådsnämden

315 1380 50 20 med
384 1380 63 25 bevis,
469 1382 32 19 att
520 1380 45 21 han
582 1380 99 28 infunnit
695 1380 33 28 sig
744 1380 31 21 till
790 1381 78 20 värne-

313 1415 95 27 pligtens
422 1415 146 27 fullgörande,
584 1415 163 27 hvarförutom:

360 1449 24 27 1)
402 1449 47 25 den,
466 1456 46 13 som
529 1456 63 13 anses
608 1449 126 27 oförmögen
751 1449 32 21 till
798 1449 70 27 krigs-

777 1494 22 17 10
