1086 1781
459 122 18 20 U.
494 122 21 21 B.
799 122 38 21 137

179 191 11 20 I
209 190 164 28 sammanhang
388 190 94 21 härmed
498 190 45 21 kan
559 190 127 26 anmärkas,
704 193 31 19 att
751 190 7 21 i
775 190 90 28 bilagan

111 225 23 21 II
157 224 36 22 till
215 225 27 21 de
260 225 84 28 nådiga
360 224 196 29 propositionerna
572 225 124 21 ständerna
711 225 106 21 klandras
834 225 34 20 för

112 260 38 20 det
166 259 26 21 de
209 260 114 25 ,,utsträkt
337 259 49 21 sina
402 260 97 27 anspråk
515 260 59 20 ända
590 259 94 26 därhän,
701 262 34 18 att
749 259 28 21 de
794 263 74 17 ansett

111 294 80 28 frägan
213 301 37 14 om
268 296 136 26 truppernas
420 294 139 21 dislokation
576 294 41 21 bör
633 294 90 28 afgöras
739 294 25 21 af
778 293 90 21 landets

112 331 85 19 senat".
229 330 38 20 121
291 328 14 28 $
323 328 7 21 i
347 328 211 28 värnepliktslagen
574 328 94 28 stadgar
684 328 134 25 emellertid,
835 331 33 17 att

112 363 176 28 truppstyrkans
304 362 138 22 dislokation
458 362 122 22 fastställes
597 362 25 22 af
635 362 113 28 Kejsaren
759 362 37 22 och
809 362 59 21 Stor-

111 398 88 26 fursten
215 399 29 26 på
260 397 169 28 framställning
446 397 25 21 af
484 400 101 18 senaten.

181 530 36 21 Då
239 530 28 22 de
290 530 82 28 nådiga
387 531 200 28 propositionerna
603 531 48 21 afse
667 530 38 22 det
722 530 148 28 fullständiga

112 564 175 28 upphäfvandet
307 565 25 21 af
345 564 19 29 ej
381 565 89 21 mindre
486 573 31 13 nu
533 565 105 28 gällande
650 565 180 28 värnepliktslag
842 567 27 18 än

113 599 84 28 nådiga
220 599 132 22 manifestet
373 600 25 20 af
419 600 44 21 den
483 601 36 26 '/,;
535 600 120 21 december
673 600 54 21 1878
742 600 78 21 därom
836 602 34 18 att

118 636 17 23 1,
149 635 21 24 2,
185 635 20 25 3,
220 635 21 22 4.
257 635 20 25 5,
293 636 20 24 6,
329 636 20 24 9,
366 636 33 24 13,
417 636 32 24 19,
466 636 34 24 20,
518 636 47 24 120,
584 636 46 24 121,
648 635 41 21 122
705 634 42 21 och
764 635 40 21 123
820 634 27 28 SS
864 633 6 20 i

113 668 71 28 sagda
199 668 39 28 lag
253 669 65 21 skola
333 671 73 19 såsom
422 669 255 28 grundlagsstadanden
692 668 122 26 betraktas,
830 668 41 20 har

113 703 114 21 utskottet
241 703 86 28 jämväl
344 704 57 27 tagit
416 704 73 21 under
500 704 178 28 öfvervägande,
689 703 112 21 huruvida
812 702 59 22 stad-

113 738 90 28 ganden
219 738 118 28 angående
353 742 89 22 ämnen,
459 746 38 14 om
512 738 79 22 hvilka
607 738 171 28 bestämningar
793 738 53 28 ingå
864 738 5 20 i

114 772 70 28 sagda
206 773 139 28 paragrafer,
362 773 67 21 äfven
445 773 122 21 framdeles
583 773 56 21 böra
655 773 69 21 hafva
738 772 134 28 grundlags-

116 807 75 28 hälgd,
207 807 55 21 eller
278 815 37 14 om
330 808 28 20 de
375 808 75 21 kunde
467 807 106 22 hänföras
590 808 35 20 till
641 808 102 21 området
754 807 25 21 af
788 807 83 21 allmän

115 842 43 27 lag.
191 841 118 22 Utskottet
324 842 41 22 har
380 842 81 22 härvid
477 845 82 23 ansett,
576 845 32 19 att
620 842 141 28 stadganden
773 842 25 20 af
806 844 66 19 samt-

115 876 47 28 liga
177 876 65 21 dessa
257 877 142 28 paragrafers
415 877 102 21 innehåll
532 877 50 21 icke
599 877 77 21 kunna
687 877 69 21 hafva
766 876 36 22 sin
812 876 60 28 plats

115 917 62 15 utom
200 911 177 28 grundlagarna,
392 914 55 19 enär
462 912 29 21 de
506 912 48 21 dels
570 912 80 21 beröra
666 912 27 20 de
708 910 142 29 stadganden
866 910 6 20 i

116 945 89 21 landets
225 946 62 20 äldre
303 946 144 28 grundlagar,
464 946 79 22 hvilka
559 948 58 26 angå
632 946 161 21 härväsendets
810 952 64 20 orga-

117 980 98 21 nisation
231 980 43 21 och
289 980 99 28 uppgift,
404 980 47 21 dels
468 982 48 20 åter
529 980 126 22 bestämma
666 980 175 28 medborgarnes
852 981 25 19 at

116 1014 160 28 värneplikten
287 1014 113 22 beroende
410 1015 136 28 rättigheter
556 1015 43 21 och
607 1015 161 28 skyldigheter.
783 1015 11 21 I
804 1014 71 22 öfver-

116 1049 171 21 ensstämmelse
309 1049 93 21 härmed
426 1049 40 21 bör
481 1049 189 28 grundlagskraft
685 1049 67 21 äfven
767 1049 108 28 tilläggas

117 1084 38 20 det
178 1083 25 21 af
221 1084 114 20 utskottet
357 1083 121 21 förordade
501 1084 137 28 stadgandet
660 1084 84 25 därom,
766 1086 34 19 att
815 1083 60 21 finsk

117 1125 53 13 man
192 1125 53 21 eger
267 1118 99 28 fullgöra
388 1118 35 22 sin
444 1118 131 28 värneplikt
591 1118 38 21 vid
645 1118 60 22 finsk
720 1122 74 24 trupp,
811 1118 7 20 i
834 1117 40 21 fall

117 1153 126 21 detsamma
261 1153 26 21 af
299 1153 121 21 ständerna
437 1153 86 21 införes
537 1153 7 21 i
560 1153 38 21 det
614 1153 124 28 lagförslag
753 1152 121 22 ständerna

117 1188 155 28 tilläfventyrs
289 1191 89 25 antaga.

187 1326 46 20 Det
256 1326 6 20 i
285 1328 40 19 art.
348 1328 39 20 116
404 1327 25 20 af
442 1327 110 27 förslaget
568 1326 34 22 till
619 1326 180 28 värnepliktslag
814 1326 62 28 ingå-

117 1360 58 20 ende
197 1360 138 28 stadgandet
351 1368 36 14 om
402 1361 218 28 krigsmannaedens
637 1360 133 29 afläggande
787 1360 90 22 afviker

119 1394 49 20 från
183 1394 107 28 gällande
306 1395 38 28 lag
360 1396 160 27 förnämligast
535 1396 141 27 därigenom:
696 1397 31 19 1:o
744 1398 32 18 att
787 1395 89 21 hänvis-

188 1440 135 22 Lagutskottets
336 1442 114 17 betänkande.
