1092 1761
416 127 85 23 Ständ.
518 127 39 22 Sv.
797 128 40 21 113

106 200 54 22 icke
184 200 87 21 kunna
295 200 130 28 uppfattas
444 199 33 28 på
500 199 61 22 flere
581 200 32 21 än
632 200 36 21 ett
687 199 56 22 sätt.
781 198 86 29 Kejsa-

107 241 45 16 ren
174 234 151 29 begagnade
344 234 127 29 nämligen
490 233 90 22 orden:
607 234 69 21 votre
695 233 171 26 constitution,

108 275 43 16 vos
179 269 49 22 lois
256 268 212 26 fondamentales,
498 268 28 22 la
555 267 165 23 constitution
739 267 36 22 du
789 273 76 23 pays,

108 304 36 22 les
162 303 82 22 droits
264 302 30 23 de
312 309 46 15 son
376 302 121 22 existence
512 302 139 29 politique,
671 302 81 22 droits
771 308 48 22 que
837 308 29 15 sa

109 337 163 23 eonstitution
292 337 38 22 lui
347 337 125 29 garantit,
492 337 27 22 la
538 336 166 23 constitution
723 336 30 22 de
770 336 26 22 la
809 336 58 22 Fin-

110 372 77 22 lande
206 378 20 15 o.
245 378 17 15 s.
281 378 23 15 v.

179 406 91 28 Kejsar
288 406 144 22 Alexander
452 406 47 22 har
517 405 90 23 vidare
625 405 36 22 uti
681 404 25 23 af
719 405 93 22 honom
825 411 43 15 un-

110 440 175 26 dertecknade,
312 440 32 29 pä
368 440 79 29 ryska
475 440 104 28 spräket
598 439 122 23 affattade
739 439 129 22 urkunder

110 475 134 22 betecknat
262 474 196 30 ifrägavarande
477 474 73 30 lagar
568 474 57 22 med
645 474 42 22 det
705 474 78 28 ryska
797 473 71 23 ordet

110 506 201 35 KOHCTHTYNIA
330 509 17 29 (i
365 509 153 29 singularis).
549 508 112 23 Sålunda
680 508 47 22 har
746 508 122 29 Kejsaren

111 544 78 22 bland
214 545 77 21 annat
314 544 122 22 förklarat
458 544 50 22 den
526 543 43 23 vid
588 543 87 29 Borgä
693 542 123 30 landtdag
835 542 34 22 af-

112 578 70 29 gifna
209 578 134 22 försäkran
370 578 123 22 innebära
517 578 72 21 löftet
607 584 41 15 om
667 578 35 21 ett
720 577 78 29 heligt
817 577 52 22 vid-

112 613 188 22 makthällande
320 612 24 23 af
362 612 69 23 detta
445 612 74 22 lands
533 611 125 23 särskilda
672 611 193 22 »konstitution»

112 647 82 22 under
212 647 150 22 Monarkens
381 647 47 22 och
446 647 64 22 hans
530 646 180 23 efterträdares
729 646 76 28 spira.

183 681 33 22 Af
233 681 159 29 handlingar,
412 687 54 16 som
485 681 36 22 till
539 681 62 22 fullo
619 681 117 22 bekräfta
757 680 69 23 hvad
839 687 30 15 ur

114 715 76 23 ofvan
210 716 106 22 anförda
336 715 148 29 aktstycken
502 715 121 29 framgår,
644 715 79 22 tillåta
742 715 39 29 sig
798 715 71 22 Stän-

114 750 79 22 derna
220 751 47 21 här
295 750 111 29 åberopa
429 750 91 22 endast
537 749 122 30 följande,
679 749 94 26 hvilka,
794 749 75 22 äfven

114 791 40 15 om
182 784 82 29 öfriga
288 785 71 22 bevis
387 785 21 28 ej
438 791 61 16 vore
522 785 27 22 så
569 784 105 29 tydliga,
695 790 52 15 som
767 783 31 23 de
818 784 51 25 äro,

116 819 80 22 allena
224 819 81 22 skulle
332 826 62 15 vara
416 819 151 28 tillräckliga
594 820 35 21 att
649 818 167 29 ådagalägga,
835 819 35 20 att

115 853 42 22 det
175 860 46 15 var
240 853 49 22 den
308 854 80 22 under
406 853 49 23 den
475 853 110 22 svenska
598 853 68 22 tiden
679 853 8 22 i
700 853 107 22 Finland
821 852 50 29 gäl-

115 888 74 22 lande
216 888 204 26 konstitutionen,
448 894 54 16 som
530 887 25 22 af
583 887 91 29 Kejsar
697 886 143 23 Alexander
859 886 12 22 I

115 922 39 22 för
173 922 107 22 Finland
298 922 152 22 faststäldes.
488 922 81 22 Dessa
588 922 55 22 äro:

186 957 48 21 1:o.
271 956 43 23 Ett
341 964 29 14 ur
398 956 71 22 Hans
498 956 142 29 Kejserliga
666 956 130 28 Majestäts
815 956 57 28 eget

117 991 72 22 arkiv
216 991 8 21 i
252 991 127 29 Ryssland
409 991 203 29 offentliggjordt
640 990 108 28 koncept
775 990 36 22 till
841 996 30 16 en

117 1025 83 23 sekret
216 1026 125 28 Kejserlig
360 1026 133 22 skrifvelse
513 1026 26 21 af
557 1025 49 22 den
626 1024 77 28 14/26
724 1024 147 29 September

119 1060 65 22 1810
205 1060 36 22 till
266 1060 146 22 dävarande
436 1060 273 28 Generalguvernören
727 1059 8 22 i
753 1058 117 26 Finland,

117 1094 54 23 deri
189 1094 77 23 bland
286 1096 77 21 annat
382 1096 85 28 säges:

187 1138 9 11 »
207 1129 47 22 Vid
272 1129 145 23 ordnandet
436 1129 32 22 af
483 1129 129 22 Finlands
626 1128 185 23 förhällanden
823 1128 49 21 har

116 1163 56 22 min
198 1163 80 29 afsigt
299 1164 68 22 varit
389 1165 37 21 att
443 1163 75 29 gifva
537 1163 70 22 detta
626 1163 53 22 folk
694 1163 109 29 politisk
821 1162 52 22 till-

117 1204 77 21 vara;
214 1198 29 22 sä
262 1199 36 21 att
315 1198 41 22 det
374 1198 54 22 icke
446 1197 44 23 mä
508 1204 62 16 anse
587 1198 41 28 sig
646 1197 85 23 såsom
750 1197 32 23 af
797 1197 74 28 Ryss-

118 1232 64 22 land
195 1232 123 27 eröfradt,
334 1234 64 21 utan
410 1232 86 22 säsom
510 1232 136 22 förbundet
659 1232 58 22 med
730 1232 143 22 detsamma

116 1273 91 22 genom
226 1267 42 23 sin
286 1274 60 22 egen
364 1267 148 31 uppenbara
532 1266 96 27 fördel;
649 1266 87 23 derför

188 1302 20 22 1.
245 1302 91 22 Hafva
354 1302 54 22 icke
427 1302 112 21 allenast
557 1301 57 22 dess
637 1300 154 31 borgerliga,
811 1300 63 22 utan

118 1335 76 23 äfven
214 1336 56 22 dess
285 1336 126 29 politiska
431 1336 77 28 lagar
526 1334 163 28 bibehållits;

186 1370 24 22 2.
248 1370 59 22 Har
324 1370 92 28 sjelfva
435 1370 123 28 styrelsen
577 1370 82 22 under
683 1368 65 24 Eder
771 1368 104 30 uppsigt

119 1404 179 23 öfverlemnats
318 1404 26 23 ät
357 1404 137 29 Konseljen
513 1404 40 22 för
572 1404 117 22 Finland
708 1405 58 21 etc.»
