1086 1745
355 430 160 27 Lagutskottets
531 430 132 21 betänkande
679 430 4 21 i
695 430 107 28 anledning
813 430 26 22 af

287 464 55 22 Hans
360 464 116 29 Kejserliga
492 464 111 28 Majestäts
619 462 76 29 nådiga
710 465 124 28 propositio-

287 504 36 16 ner
342 498 45 23 med
410 497 81 29 förslag
506 498 30 22 till
551 498 164 28 värnepliktslag
730 498 35 23 för
780 500 55 22 stor-

287 532 154 23 furstendömet
464 532 82 23 Finland
570 533 57 22 samt
649 531 107 29 angående
776 539 59 22 grun-

288 567 64 22 derna
373 566 35 23 för
426 567 26 22 de
466 566 70 23 finska
550 567 128 28 truppernas
694 567 142 28 organisation

287 601 39 22 och
342 601 132 28 törvaltning.

151 671 72 22 Dessa
245 671 81 28 nådiga
342 670 167 29 propositioner
522 669 71 29 jämte
609 670 28 21 de
651 670 8 21 i
674 671 162 29 sammanhang

82 705 52 22 med
149 705 51 22 dem
214 705 36 21 till
265 705 123 21 ständerna
403 705 170 21 öfverlämnade
587 705 137 28 handlingar
734 705 70 22 hafva
814 706 25 21 af

83 739 103 28 samtliga
210 739 66 21 stånd
291 739 7 21 i
314 739 108 21 afseende
438 741 13 19 å
466 739 126 28 beredning
613 739 139 28 hänskjutits
775 741 61 20 såväl

82 774 35 20 till
132 773 252 29 värnepliktsutskottet
400 780 54 19 som,
470 773 37 21 för
522 775 25 19 så
561 773 50 22 vidt
627 773 27 21 de
667 773 77 22 beröra
755 774 82 28 grund-

83 808 44 28 lag,
150 808 34 21 till
206 807 157 29 lagutskottet.
401 807 46 22 Vid
470 807 44 21 den
538 809 12 19 å
573 807 150 29 lagutskottet
747 808 91 21 ankom-

83 842 82 21 mande
186 842 203 28 handläggningen
412 842 26 21 af
455 842 96 21 berörda
574 842 83 21 ärende
673 842 40 21 har
728 842 109 22 utskottet

83 875 50 22 haft
149 876 35 21 del
200 875 20 29 ej
236 876 87 21 mindre
340 876 25 21 af
379 876 28 21 de
422 878 30 26 på
468 876 77 21 därom
561 875 66 29 gjord
643 875 100 29 begäran
758 876 35 21 till
805 878 33 19 ut-

85 911 90 21 skotten
197 910 168 22 öfverlämnade
390 910 142 29 handlingar,
556 911 79 21 hvilka
654 911 130 21 tillkommit
798 911 40 21 hos

83 944 122 29 kejserliga
227 947 93 19 senaten
340 945 38 22 vid
394 945 161 21 utarbetandet
571 945 26 21 af
609 945 116 28 förslagen
740 945 34 21 till
789 945 51 21 ifrå-

84 979 128 28 gavarande
228 979 84 28 nådiga
327 979 173 28 propositioner,
518 983 29 18 än
563 979 24 22 af
601 979 27 22 de
640 979 39 22 vid
691 979 117 22 stiftandet
818 979 24 22 af

84 1013 208 28 värnepliktslagen
316 1013 25 22 af
356 1014 44 21 den
420 1016 26 19 27
464 1013 117 22 december
598 1016 55 19 1878
668 1014 8 21 i
691 1015 93 20 senaten
798 1013 43 22 till-

84 1048 84 21 komna
189 1048 135 28 handlingar
349 1048 42 21 och
414 1048 28 21 de
464 1048 7 21 i
488 1048 213 21 statssekretariatet
723 1047 118 22 förvarade

84 1081 65 22 akter
168 1082 95 21 rörande
284 1082 150 22 omförmälda
450 1082 249 29 lagstiftningsärende,
715 1082 83 25 hvilka,
814 1082 27 21 de

84 1116 124 21 sistnämda
222 1118 30 27 på
267 1117 62 20 Hans
347 1116 130 29 Kejserliga
487 1116 117 28 Majestäts
615 1117 84 28 nådiga
711 1115 131 28 befallning,

85 1150 116 21 utskotten
217 1151 193 27 tillhandahållits,
427 1151 57 21 efter
501 1151 38 21 det
556 1151 107 21 anhållan
679 1151 76 21 därom
771 1149 25 22 af
809 1152 33 19 ut-

85 1185 91 20 skotten
190 1184 130 22 framstälts.

153 1219 36 21 Då
204 1219 121 22 ständerna
341 1220 49 21 icke
407 1223 103 18 närmare
525 1220 98 21 bestämt
637 1219 124 22 innehållet
773 1218 25 21 af
807 1218 37 22 det

85 1253 111 28 uppdrag,
219 1261 49 14 som
290 1254 96 21 lämnats
409 1254 161 28 lagutskottet,
589 1254 42 21 har
646 1253 110 22 utskottet
772 1255 73 20 ansett

85 1288 38 21 det
139 1287 79 22 främst
234 1288 75 28 åligga
325 1288 113 21 utskottet
453 1290 33 19 att
503 1288 58 21 söka
575 1288 87 25 utreda,
678 1288 7 20 i
700 1287 78 22 hvilka
792 1287 53 22 hän-

86 1321 98 21 seenden
199 1322 27 20 de
242 1322 34 20 till
292 1322 28 21 de
335 1322 85 28 nådiga
435 1322 200 28 propositionerna
646 1321 100 22 hörande
759 1321 88 21 författ-

84 1355 184 29 ningsförslagen
284 1356 48 21 afse
349 1356 53 22 eller
417 1356 111 22 innebära
540 1356 97 28 ändring
647 1356 26 21 af
683 1356 43 21 och
740 1355 107 22 afvikelse

84 1389 53 21 från
152 1390 88 21 landets
256 1390 145 28 grundlagar.
432 1390 53 22 Med
502 1390 125 28 anledning
642 1390 68 21 häraf
721 1390 42 21 och
774 1390 29 21 då
816 1390 32 21 uti

156 1435 140 22 Lagutskottets
309 1435 123 18 betänkande.
