1086 1731
252 125 27 20 74
560 124 29 23 U.
605 125 27 22 B.

222 194 71 27 gativa
314 193 143 21 beskaffenhet
477 193 60 21 torde
560 194 65 20 blifva
648 193 57 21 svårt
720 193 52 21 eller
787 193 80 21 kanske
883 193 95 27 omöjligt

222 230 30 19 att
268 228 150 27 ästadkomma,
434 228 53 21 helst
503 228 65 27 nägra
582 228 90 27 positiva
688 228 96 27 ätgärder
799 228 46 20 frän
862 227 26 21 de
904 230 74 18 värne-

222 263 97 26 pligtiges
335 269 52 20 egen
404 263 45 20 sida
464 263 129 20 beträffande
604 262 224 28 uppbädslängdernas
837 262 140 27 upprättande

221 297 48 20 icke
291 299 34 18 äro
341 297 130 21 föreskrifna.
502 297 40 20 Vid
558 297 76 21 sädant
649 297 130 20 förhällande
796 297 39 20 och
851 297 26 20 dä
893 296 34 21 det
943 296 33 20 vid

222 331 58 20 tiden
303 331 32 20 för
357 331 159 28 ifrägavarande
539 331 99 28 längders
662 331 138 27 upprättande
818 331 46 20 icke
880 331 40 20 kan
937 330 41 20 för-

224 367 65 25 utses,
303 365 71 21 hvilka
390 372 99 20 personer
505 365 30 21 till
551 365 52 28 följd
620 365 20 21 af
656 365 109 26 bedrägeri
789 365 51 20 eller
856 365 64 20 andra
935 365 43 20 för-

222 399 81 21 seelser
317 400 100 26 möjligen
434 400 64 20 blifva
513 400 46 21 frän
575 399 119 28 lottningen
711 399 113 27 uteslutna,
840 399 37 20 har
893 399 85 20 Utskot-

222 435 31 19 tet
268 435 68 19 ansett
351 434 158 27 ofvanberörda,
520 435 6 20 i
537 434 157 27 propositionen
713 433 120 28 föreslagna
849 433 66 28 tredje
930 433 48 26 fyll-

222 467 119 28 nadslängd
357 469 47 20 icke
421 475 47 14 vara
483 469 21 20 af
520 469 98 20 behofvet
633 468 103 27 päkallad.

292 502 142 22 Föreskriften
449 503 6 20 i
471 503 167 27 propositionens
654 505 37 18 art.
707 503 26 20 85
749 503 73 20 derom
833 504 30 19 att
873 508 105 21 personer,

222 537 73 20 hvilka
317 537 32 20 för
372 538 115 27 uppgifven
510 537 61 21 orsak
594 537 66 21 önska
683 537 84 20 komma
788 537 7 20 i
819 536 122 27 ätnjutande
958 536 21 21 af

222 571 95 27 eftergift
332 571 7 20 i
351 571 155 28 värnepligtens
517 571 139 28 fullgörande,
668 571 50 20 böra
729 571 72 21 derom
814 571 84 20 anhälla
908 573 71 18 senast

222 605 36 21 två
273 605 101 22 månader
388 606 45 21 före
449 606 105 27 uppbädet
568 619 28 2 —
608 606 77 21 medan
702 605 65 28 enligt
791 605 7 28 $
815 605 29 22 58
859 605 7 20 i
882 605 96 27 gällande

223 639 175 29 Värnepligtslag,
414 640 63 21 sädan
494 641 69 21 denna
580 641 12 27 &
608 640 61 28 lyder
681 640 6 20 i
698 640 119 27 Kejserliga
827 639 150 28 förordningen

223 674 42 20 den
283 675 24 19 11
324 674 101 21 Februari
449 675 60 26 1889,
531 675 59 26 dylik
613 675 118 27 ansökning
746 675 32 20 fär
793 676 62 26 göras
870 676 56 18 ännu
943 674 34 20 vid

223 708 187 28 uppbädstillfället
418 722 27 2 —
455 710 175 26 sammanhänger
638 709 48 21 med
697 709 49 21 det
737 704 10 37 i
755 709 157 27 propositionen
923 709 55 20 före-

222 743 75 26 slagna
316 743 202 28 uppbädssystemet,
535 744 65 27 enligt
615 744 81 20 hvilket
710 743 118 27 anspräken
845 743 27 27 pä
887 743 91 27 eftergift

223 777 51 21 böra
291 784 48 14 vara
354 778 101 27 pröfvade
470 778 43 21 före
530 778 164 27 kontingentens
709 778 121 26 fördelning
845 778 39 20 och
897 777 81 21 säledes

224 812 89 27 tidigare
329 814 25 18 än
371 812 249 28 uppbädsförrättningen
636 819 49 20 eger
701 819 44 13 rum
763 813 43 25 (art.
823 812 39 25 89).
892 811 33 21 Då
940 812 39 20 Ut-

224 846 78 21 skottet
328 846 70 27 likväl,
424 846 67 21 säsom
517 847 56 21 förut
602 846 131 27 framhällits,
759 846 47 21 icke
832 846 81 20 kunnat
938 846 41 20 för-

224 881 52 20 orda
291 881 65 26 sagda
371 882 79 25 system
466 881 30 21 till
512 881 110 21 införande
638 881 7 20 i
660 881 96 26 Finland,
767 881 38 20 har
816 880 107 21 Utskottet
932 880 46 21 icke

224 914 67 21 heller
312 915 44 20 haft
378 915 114 27 anledning
507 917 30 19 att
551 915 77 21 föreslä
643 915 90 27 ändring
748 915 5 20 i
770 914 209 27 Värnepligtslagens

225 949 30 20 uti
277 949 137 21 förevarande
436 949 119 21 hänseende
572 949 97 27 gällande
685 949 139 26 bestämning,
840 948 54 21 helst
909 948 70 21 denna

223 983 90 21 innebär
336 985 66 19 större
419 983 154 27 bekvämlighet
588 984 32 20 för
636 984 25 20 de
678 984 158 27 värnepligtige,
852 985 55 19 samt
921 983 58 21 dess-

224 1019 59 19 utom
299 1018 79 20 sädana
392 1018 153 26 förhällanden,
560 1018 72 20 hvilka
648 1018 95 20 medföra
759 1018 93 26 eftergift
868 1017 21 21 af
903 1017 76 27 ifräga-

225 1052 92 20 varande
333 1052 49 26 slag,
399 1052 72 21 kunna
485 1052 81 21 inträda
582 1052 77 27 jemväl
676 1053 67 20 under
758 1052 57 20 tiden
832 1054 93 18 närmast
935 1052 44 20 före

225 1086 193 27 uppbädstillfället.
448 1087 190 27 Bestämningarna
652 1087 7 20 i
676 1089 36 18 art.
729 1087 91 26 83—87,
838 1086 67 21 sävidt
921 1086 26 21 de
960 1087 18 26 ej

224 1121 38 20 här
285 1121 80 20 berörts
388 1121 52 20 eller
461 1123 115 18 motsvaras
599 1121 21 20 af
642 1121 66 21 andra
729 1121 131 27 stadganden
876 1121 7 20 i
900 1120 79 21 Värne-

224 1155 132 26 pligtslagen,
373 1157 35 18 äro
424 1155 21 20 af
461 1155 151 21 administrativ
629 1158 69 18 natur.

294 1188 148 27 Stadgandena
463 1189 6 20 i
489 1189 208 28 Värnepligtslagens
717 1189 16 28 $
749 1189 36 27 59,
801 1189 64 20 sädan
883 1189 68 20 denna
967 1189 12 26 $

223 1222 81 27 lyder
297 1218 12 36 i
320 1223 117 27 Kejserliga
452 1223 150 27 förordningen
618 1224 41 20 den
676 1224 27 20 20
720 1223 121 21 November
855 1223 60 26 1882,
926 1222 54 21 äter-

223 1257 70 20 finnas
314 1257 7 20 i
343 1260 36 19 art.
402 1258 24 19 77
449 1258 31 20 uti
503 1258 40 20 den
566 1257 76 28 nädiga
661 1257 164 28 propositionen,
840 1257 85 20 hvilken
943 1260 36 17 art.

223 1291 55 20 dock
295 1291 121 21 derutöfver
430 1291 117 22 innehäller
561 1292 107 21 föreskrift
681 1298 33 14 om
726 1294 29 18 att
766 1291 214 27 uppbädslängderna

223 1325 70 21 under
315 1325 35 21 tvä
372 1326 87 21 veckors
475 1327 29 20 tid
519 1327 59 20 skola
594 1327 66 20 hällas
676 1327 32 20 för
723 1326 143 21 allmänheten
883 1325 98 28 tillgäng-

223 1359 43 27 liga
282 1359 12 21 &
309 1366 53 21 resp.
378 1360 103 21 distrikts-
495 1360 120 28 (uppbäds-)
631 1361 98 20 nämders
741 1360 99 21 kanslier.
865 1359 63 21 Detta
939 1359 42 21 till-

223 1393 50 27 lägg
294 1393 43 21 står
355 1394 7 20 i
382 1395 151 26 sammanhang
554 1395 48 20 med
624 1395 124 26 stadgandet
769 1394 7 20 i
796 1397 37 18 art.
850 1394 34 25 78,
900 1395 29 19 att
945 1400 36 14 an-

222 1427 138 28 märkningar
381 1430 57 19 emot
460 1429 115 27 längderna
595 1429 21 20 fä
632 1429 68 20 under
716 1428 140 27 nyssberörda
872 1427 29 21 tid
917 1428 64 21 fram-
