<?xml version="1.0" encoding="UTF-8"?>
<alto xmlns="http://www.loc.gov/standards/alto/ns-v3#" xmlns:xlink="http://www.w3.org/1999/xlink" xmlns:xsi="http://www.w3.org/2001/XMLSchema-instance" xsi:schemaLocation="http://www.loc.gov/standards/alto/ns-v3# http://www.loc.gov/alto/v3/alto-3-0.xsd">
	<Description>
		<MeasurementUnit>pixel</MeasurementUnit>
		<sourceImageInformation>
			<fileName>/tmp/tess_y2_i_hb9_input.PNG</fileName>
		</sourceImageInformation>
		<OCRProcessing ID="OCR_0">
			<ocrProcessingStep>
				<processingSoftware>
					<softwareName>tesseract 5.3.4</softwareName>
				</processingSoftware>
			</ocrProcessingStep>
		</OCRProcessing>
	</Description>
	<Layout>
		<Page WIDTH="1092" HEIGHT="1761" PHYSICAL_IMG_NR="0" ID="page_0">
			<PrintSpace HPOS="0" VPOS="0" WIDTH="1092" HEIGHT="1761">
				<ComposedBlock ID="cblock_0" HPOS="402" VPOS="126" WIDTH="419" HEIGHT="23">
					<TextBlock ID="block_0" HPOS="402" VPOS="126" WIDTH="419" HEIGHT="23">
						<TextLine ID="line_0" HPOS="402" VPOS="126" WIDTH="419" HEIGHT="23">
							<String ID="string_0" HPOS="402" VPOS="126" WIDTH="84" HEIGHT="23" WC="0.89" CONTENT="Ständ."/><SP WIDTH="16" VPOS="126" HPOS="486"/>
							<String ID="string_1" HPOS="502" VPOS="126" WIDTH="40" HEIGHT="23" WC="0.95" CONTENT="Sv."/><SP WIDTH="241" VPOS="126" HPOS="542"/>
							<String ID="string_2" HPOS="783" VPOS="128" WIDTH="38" HEIGHT="20" WC="0.96" CONTENT="131"/>
						</TextLine>
					</TextBlock>
				</ComposedBlock>
				<ComposedBlock ID="cblock_1" HPOS="95" VPOS="198" WIDTH="765" HEIGHT="1190">
					<TextBlock ID="block_1" HPOS="95" VPOS="198" WIDTH="758" HEIGHT="475">
						<TextLine ID="line_1" HPOS="95" VPOS="198" WIDTH="755" HEIGHT="30">
							<String ID="string_3" HPOS="95" VPOS="199" WIDTH="78" HEIGHT="29" WC="0.96" CONTENT="något"/><SP WIDTH="27" VPOS="199" HPOS="173"/>
							<String ID="string_4" HPOS="200" VPOS="198" WIDTH="89" HEIGHT="22" WC="0.96" CONTENT="hinder"/><SP WIDTH="27" VPOS="198" HPOS="289"/>
							<String ID="string_5" HPOS="316" VPOS="199" WIDTH="67" HEIGHT="21" WC="0.92" CONTENT="möta"/><SP WIDTH="28" VPOS="199" HPOS="383"/>
							<String ID="string_6" HPOS="411" VPOS="199" WIDTH="79" HEIGHT="28" WC="0.92" CONTENT="sagde"/><SP WIDTH="24" VPOS="199" HPOS="490"/>
							<String ID="string_7" HPOS="514" VPOS="199" WIDTH="55" HEIGHT="28" WC="0.93" CONTENT="lags"/><SP WIDTH="20" VPOS="199" HPOS="569"/>
							<String ID="string_8" HPOS="589" VPOS="198" WIDTH="206" HEIGHT="23" WC="0.92" CONTENT="öfverlemnande"/><SP WIDTH="19" VPOS="198" HPOS="795"/>
							<String ID="string_9" HPOS="814" VPOS="198" WIDTH="36" HEIGHT="22" WC="0.96" CONTENT="till"/>
						</TextLine>
						<TextLine ID="line_2" HPOS="96" VPOS="233" WIDTH="753" HEIGHT="28">
							<String ID="string_10" HPOS="96" VPOS="233" WIDTH="70" HEIGHT="22" WC="0.95" CONTENT="Hans"/><SP WIDTH="20" VPOS="233" HPOS="166"/>
							<String ID="string_11" HPOS="186" VPOS="233" WIDTH="141" HEIGHT="28" WC="0.95" CONTENT="Kejserliga"/><SP WIDTH="20" VPOS="233" HPOS="327"/>
							<String ID="string_12" HPOS="347" VPOS="233" WIDTH="129" HEIGHT="28" WC="0.96" CONTENT="Majestäts"/><SP WIDTH="20" VPOS="233" HPOS="476"/>
							<String ID="string_13" HPOS="496" VPOS="233" WIDTH="94" HEIGHT="28" WC="0.93" CONTENT="nådiga"/><SP WIDTH="20" VPOS="233" HPOS="590"/>
							<String ID="string_14" HPOS="610" VPOS="233" WIDTH="239" HEIGHT="22" WC="0.92" CONTENT="stadfästelse"/><SP WIDTH="-68" VPOS="233" HPOS="849"/>
							<String ID="string_15" HPOS="781" VPOS="229" WIDTH="14" HEIGHT="37" WC="0.96" CONTENT="i"/><SP WIDTH="13" VPOS="229" HPOS="795"/>
							<String ID="string_16" HPOS="808" VPOS="229" WIDTH="45" HEIGHT="37" WC="0.96" CONTENT="den"/>
						</TextLine>
						<TextLine ID="line_3" HPOS="96" VPOS="266" WIDTH="754" HEIGHT="30">
							<String ID="string_17" HPOS="96" VPOS="267" WIDTH="71" HEIGHT="26" WC="0.96" CONTENT="form,"/><SP WIDTH="22" VPOS="267" HPOS="167"/>
							<String ID="string_18" HPOS="189" VPOS="267" WIDTH="48" HEIGHT="22" WC="0.97" CONTENT="den"/><SP WIDTH="21" VPOS="267" HPOS="237"/>
							<String ID="string_19" HPOS="258" VPOS="267" WIDTH="25" HEIGHT="22" WC="0.93" CONTENT="af"/><SP WIDTH="19" VPOS="267" HPOS="283"/>
							<String ID="string_20" HPOS="302" VPOS="266" WIDTH="141" HEIGHT="23" WC="0.92" CONTENT="Ständerna"/><SP WIDTH="20" VPOS="266" HPOS="443"/>
							<String ID="string_21" HPOS="463" VPOS="267" WIDTH="118" HEIGHT="29" WC="0.96" CONTENT="antagits,"/><SP WIDTH="19" VPOS="267" HPOS="581"/>
							<String ID="string_22" HPOS="600" VPOS="267" WIDTH="40" HEIGHT="22" WC="0.96" CONTENT="för"/><SP WIDTH="15" VPOS="267" HPOS="640"/>
							<String ID="string_23" HPOS="655" VPOS="267" WIDTH="41" HEIGHT="22" WC="0.95" CONTENT="det"/><SP WIDTH="10" VPOS="267" HPOS="696"/>
							<String ID="string_24" HPOS="706" VPOS="267" WIDTH="79" HEIGHT="22" WC="0.93" CONTENT="första"/><SP WIDTH="12" VPOS="267" HPOS="785"/>
							<String ID="string_25" HPOS="797" VPOS="267" WIDTH="53" HEIGHT="22" WC="0.93" CONTENT="der-"/>
						</TextLine>
						<TextLine ID="line_4" HPOS="96" VPOS="301" WIDTH="753" HEIGHT="29">
							<String ID="string_26" HPOS="96" VPOS="301" WIDTH="54" HEIGHT="22" WC="0.96" CONTENT="före"/><SP WIDTH="28" VPOS="301" HPOS="150"/>
							<String ID="string_27" HPOS="178" VPOS="302" WIDTH="36" HEIGHT="21" WC="0.96" CONTENT="att"/><SP WIDTH="27" VPOS="302" HPOS="214"/>
							<String ID="string_28" HPOS="241" VPOS="301" WIDTH="82" HEIGHT="21" WC="0.96" CONTENT="denna"/><SP WIDTH="27" VPOS="301" HPOS="323"/>
							<String ID="string_29" HPOS="350" VPOS="301" WIDTH="50" HEIGHT="28" WC="0.96" CONTENT="lag,"/><SP WIDTH="30" VPOS="301" HPOS="400"/>
							<String ID="string_30" HPOS="430" VPOS="301" WIDTH="78" HEIGHT="29" WC="0.93" CONTENT="enligt"/><SP WIDTH="32" VPOS="301" HPOS="508"/>
							<String ID="string_31" HPOS="540" VPOS="301" WIDTH="154" HEIGHT="22" WC="0.91" CONTENT="Ständernas"/><SP WIDTH="28" VPOS="301" HPOS="694"/>
							<String ID="string_32" HPOS="722" VPOS="301" WIDTH="127" HEIGHT="26" WC="0.92" CONTENT="anhällan,"/>
						</TextLine>
						<TextLine ID="line_5" HPOS="96" VPOS="335" WIDTH="754" HEIGHT="29">
							<String ID="string_33" HPOS="96" VPOS="336" WIDTH="99" HEIGHT="22" WC="0.91" CONTENT="komme"/><SP WIDTH="20" VPOS="336" HPOS="195"/>
							<String ID="string_34" HPOS="215" VPOS="337" WIDTH="35" HEIGHT="20" WC="0.92" CONTENT="att"/><SP WIDTH="18" VPOS="337" HPOS="250"/>
							<String ID="string_35" HPOS="268" VPOS="335" WIDTH="79" HEIGHT="22" WC="0.91" CONTENT="blifva"/><SP WIDTH="20" VPOS="335" HPOS="347"/>
							<String ID="string_36" HPOS="367" VPOS="336" WIDTH="89" HEIGHT="22" WC="0.92" CONTENT="endast"/><SP WIDTH="22" VPOS="336" HPOS="456"/>
							<String ID="string_37" HPOS="478" VPOS="331" WIDTH="124" HEIGHT="38" WC="0.92" CONTENT="temporär"/><SP WIDTH="19" VPOS="331" HPOS="602"/>
							<String ID="string_38" HPOS="621" VPOS="336" WIDTH="45" HEIGHT="22" WC="0.93" CONTENT="och"/><SP WIDTH="15" VPOS="336" HPOS="666"/>
							<String ID="string_39" HPOS="681" VPOS="335" WIDTH="169" HEIGHT="22" WC="0.92" CONTENT="underkastas"/>
						</TextLine>
						<TextLine ID="line_6" HPOS="97" VPOS="370" WIDTH="754" HEIGHT="28">
							<String ID="string_40" HPOS="97" VPOS="370" WIDTH="117" HEIGHT="26" WC="0.96" CONTENT="revision,"/><SP WIDTH="27" VPOS="370" HPOS="214"/>
							<String ID="string_41" HPOS="241" VPOS="370" WIDTH="77" HEIGHT="22" WC="0.92" CONTENT="sedan"/><SP WIDTH="24" VPOS="370" HPOS="318"/>
							<String ID="string_42" HPOS="342" VPOS="370" WIDTH="145" HEIGHT="22" WC="0.92" CONTENT="densamma"/><SP WIDTH="23" VPOS="370" HPOS="487"/>
							<String ID="string_43" HPOS="510" VPOS="370" WIDTH="135" HEIGHT="28" WC="0.92" CONTENT="tillämpats"/><SP WIDTH="20" VPOS="370" HPOS="645"/>
							<String ID="string_44" HPOS="665" VPOS="370" WIDTH="7" HEIGHT="21" WC="0.96" CONTENT="i"/><SP WIDTH="19" VPOS="370" HPOS="672"/>
							<String ID="string_45" HPOS="691" VPOS="370" WIDTH="33" HEIGHT="22" WC="0.96" CONTENT="tio"/><SP WIDTH="20" VPOS="370" HPOS="724"/>
							<String ID="string_46" HPOS="744" VPOS="370" WIDTH="28" HEIGHT="21" WC="0.89" CONTENT="är"/><SP WIDTH="19" VPOS="370" HPOS="772"/>
							<String ID="string_47" HPOS="791" VPOS="370" WIDTH="60" HEIGHT="22" WC="0.96" CONTENT="eller"/>
						</TextLine>
						<TextLine ID="line_7" HPOS="97" VPOS="404" WIDTH="752" HEIGHT="28">
							<String ID="string_48" HPOS="97" VPOS="404" WIDTH="36" HEIGHT="22" WC="0.95" CONTENT="till"/><SP WIDTH="27" VPOS="404" HPOS="133"/>
							<String ID="string_49" HPOS="160" VPOS="404" WIDTH="46" HEIGHT="22" WC="0.96" CONTENT="och"/><SP WIDTH="28" VPOS="404" HPOS="206"/>
							<String ID="string_50" HPOS="234" VPOS="404" WIDTH="56" HEIGHT="21" WC="0.96" CONTENT="med"/><SP WIDTH="28" VPOS="404" HPOS="290"/>
							<String ID="string_51" HPOS="318" VPOS="404" WIDTH="115" HEIGHT="28" WC="0.96" CONTENT="tidigare,"/><SP WIDTH="30" VPOS="404" HPOS="433"/>
							<String ID="string_52" HPOS="463" VPOS="410" WIDTH="40" HEIGHT="16" WC="0.93" CONTENT="om"/><SP WIDTH="29" VPOS="410" HPOS="503"/>
							<String ID="string_53" HPOS="532" VPOS="404" WIDTH="91" HEIGHT="22" WC="0.91" CONTENT="sädant"/><SP WIDTH="21" VPOS="404" HPOS="623"/>
							<String ID="string_54" HPOS="644" VPOS="404" WIDTH="90" HEIGHT="21" WC="0.93" CONTENT="funnes"/><SP WIDTH="19" VPOS="404" HPOS="734"/>
							<String ID="string_55" HPOS="753" VPOS="404" WIDTH="96" HEIGHT="28" WC="0.93" CONTENT="nödigt,"/>
						</TextLine>
						<TextLine ID="line_8" HPOS="98" VPOS="438" WIDTH="754" HEIGHT="29">
							<String ID="string_56" HPOS="98" VPOS="440" WIDTH="71" HEIGHT="24" WC="0.92" CONTENT="samt,"/><SP WIDTH="29" VPOS="440" HPOS="169"/>
							<String ID="string_57" HPOS="198" VPOS="438" WIDTH="96" HEIGHT="29" WC="0.91" CONTENT="jemlikt"/><SP WIDTH="23" VPOS="438" HPOS="294"/>
							<String ID="string_58" HPOS="317" VPOS="438" WIDTH="121" HEIGHT="22" WC="0.92" CONTENT="Senatens"/><SP WIDTH="26" VPOS="438" HPOS="438"/>
							<String ID="string_59" HPOS="464" VPOS="439" WIDTH="124" HEIGHT="28" WC="0.92" CONTENT="yttrande,"/><SP WIDTH="23" VPOS="439" HPOS="588"/>
							<String ID="string_60" HPOS="611" VPOS="439" WIDTH="32" HEIGHT="28" WC="0.96" CONTENT="pä"/><SP WIDTH="20" VPOS="439" HPOS="643"/>
							<String ID="string_61" HPOS="663" VPOS="439" WIDTH="49" HEIGHT="21" WC="0.96" CONTENT="sätt"/><SP WIDTH="19" VPOS="439" HPOS="712"/>
							<String ID="string_62" HPOS="731" VPOS="438" WIDTH="25" HEIGHT="22" WC="0.92" CONTENT="af"/><SP WIDTH="21" VPOS="438" HPOS="756"/>
							<String ID="string_63" HPOS="777" VPOS="438" WIDTH="75" HEIGHT="22" WC="0.92" CONTENT="Stats-"/>
						</TextLine>
						<TextLine ID="line_9" HPOS="98" VPOS="473" WIDTH="754" HEIGHT="25">
							<String ID="string_64" HPOS="98" VPOS="473" WIDTH="187" HEIGHT="22" WC="0.91" CONTENT="sekretariatets"/><SP WIDTH="19" VPOS="473" HPOS="285"/>
							<String ID="string_65" HPOS="304" VPOS="473" WIDTH="132" HEIGHT="22" WC="0.92" CONTENT="skrifvelse"/><SP WIDTH="20" VPOS="473" HPOS="436"/>
							<String ID="string_66" HPOS="456" VPOS="473" WIDTH="47" HEIGHT="22" WC="0.96" CONTENT="N:o"/><SP WIDTH="18" VPOS="473" HPOS="503"/>
							<String ID="string_67" HPOS="521" VPOS="473" WIDTH="50" HEIGHT="22" WC="0.93" CONTENT="512"/><SP WIDTH="19" VPOS="473" HPOS="571"/>
							<String ID="string_68" HPOS="590" VPOS="473" WIDTH="131" HEIGHT="25" WC="0.91" CONTENT="inhemtas,"/><SP WIDTH="14" VPOS="473" HPOS="721"/>
							<String ID="string_69" HPOS="735" VPOS="473" WIDTH="25" HEIGHT="21" WC="0.96" CONTENT="de"/><SP WIDTH="15" VPOS="473" HPOS="760"/>
							<String ID="string_70" HPOS="775" VPOS="473" WIDTH="7" HEIGHT="22" WC="0.93" CONTENT="i"/><SP WIDTH="10" VPOS="473" HPOS="782"/>
							<String ID="string_71" HPOS="792" VPOS="473" WIDTH="60" HEIGHT="21" WC="0.92" CONTENT="hän-"/>
						</TextLine>
						<TextLine ID="line_10" HPOS="98" VPOS="507" WIDTH="754" HEIGHT="29">
							<String ID="string_72" HPOS="98" VPOS="507" WIDTH="68" HEIGHT="22" WC="0.96" CONTENT="delse"/><SP WIDTH="20" VPOS="507" HPOS="166"/>
							<String ID="string_73" HPOS="186" VPOS="507" WIDTH="25" HEIGHT="22" WC="0.93" CONTENT="af"/><SP WIDTH="18" VPOS="507" HPOS="211"/>
							<String ID="string_74" HPOS="229" VPOS="507" WIDTH="76" HEIGHT="22" WC="0.93" CONTENT="behof"/><SP WIDTH="21" VPOS="507" HPOS="305"/>
							<String ID="string_75" HPOS="326" VPOS="507" WIDTH="98" HEIGHT="28" WC="0.95" CONTENT="nödiga"/><SP WIDTH="19" VPOS="507" HPOS="424"/>
							<String ID="string_76" HPOS="443" VPOS="507" WIDTH="147" HEIGHT="29" WC="0.96" CONTENT="ändringar"/><SP WIDTH="18" VPOS="507" HPOS="590"/>
							<String ID="string_77" HPOS="608" VPOS="508" WIDTH="11" HEIGHT="21" WC="0.92" CONTENT="i"/><SP WIDTH="18" VPOS="508" HPOS="619"/>
							<String ID="string_78" HPOS="637" VPOS="507" WIDTH="88" HEIGHT="28" WC="0.96" CONTENT="lagens"/><SP WIDTH="19" VPOS="507" HPOS="725"/>
							<String ID="string_79" HPOS="744" VPOS="507" WIDTH="108" HEIGHT="28" WC="0.96" CONTENT="detaljer"/>
						</TextLine>
						<TextLine ID="line_11" HPOS="99" VPOS="540" WIDTH="752" HEIGHT="31">
							<String ID="string_80" HPOS="99" VPOS="542" WIDTH="44" HEIGHT="21" WC="0.92" CONTENT="och"/><SP WIDTH="23" VPOS="542" HPOS="143"/>
							<String ID="string_81" HPOS="166" VPOS="541" WIDTH="135" HEIGHT="22" WC="0.92" CONTENT="redaktion"/><SP WIDTH="21" VPOS="541" HPOS="301"/>
							<String ID="string_82" HPOS="322" VPOS="543" WIDTH="64" HEIGHT="20" WC="0.93" CONTENT="utan"/><SP WIDTH="21" VPOS="543" HPOS="386"/>
							<String ID="string_83" HPOS="407" VPOS="541" WIDTH="130" HEIGHT="30" WC="0.92" CONTENT="svärighet"/><SP WIDTH="19" VPOS="541" HPOS="537"/>
							<String ID="string_84" HPOS="556" VPOS="542" WIDTH="87" HEIGHT="22" WC="0.93" CONTENT="kunna"/><SP WIDTH="19" VPOS="542" HPOS="643"/>
							<String ID="string_85" HPOS="662" VPOS="541" WIDTH="42" HEIGHT="22" WC="0.91" CONTENT="ske"/><SP WIDTH="19" VPOS="541" HPOS="704"/>
							<String ID="string_86" HPOS="723" VPOS="540" WIDTH="128" HEIGHT="29" WC="0.89" CONTENT="efterät*),"/>
						</TextLine>
						<TextLine ID="line_12" HPOS="99" VPOS="576" WIDTH="753" HEIGHT="28">
							<String ID="string_87" HPOS="99" VPOS="577" WIDTH="53" HEIGHT="25" WC="0.95" CONTENT="och,"/><SP WIDTH="30" VPOS="577" HPOS="152"/>
							<String ID="string_88" HPOS="182" VPOS="576" WIDTH="39" HEIGHT="22" WC="0.95" CONTENT="för"/><SP WIDTH="27" VPOS="576" HPOS="221"/>
							<String ID="string_89" HPOS="248" VPOS="576" WIDTH="42" HEIGHT="22" WC="0.96" CONTENT="det"/><SP WIDTH="28" VPOS="576" HPOS="290"/>
							<String ID="string_90" HPOS="318" VPOS="576" WIDTH="87" HEIGHT="25" WC="0.96" CONTENT="andra,"/><SP WIDTH="24" VPOS="576" HPOS="405"/>
							<String ID="string_91" HPOS="429" VPOS="577" WIDTH="33" HEIGHT="27" WC="0.96" CONTENT="pä"/><SP WIDTH="19" VPOS="577" HPOS="462"/>
							<String ID="string_92" HPOS="481" VPOS="577" WIDTH="42" HEIGHT="21" WC="0.93" CONTENT="det"/><SP WIDTH="19" VPOS="577" HPOS="523"/>
							<String ID="string_93" HPOS="542" VPOS="576" WIDTH="199" HEIGHT="22" WC="0.92" CONTENT="verkställandet"/><SP WIDTH="19" VPOS="576" HPOS="741"/>
							<String ID="string_94" HPOS="760" VPOS="576" WIDTH="25" HEIGHT="22" WC="0.96" CONTENT="af"/><SP WIDTH="18" VPOS="576" HPOS="785"/>
							<String ID="string_95" HPOS="803" VPOS="576" WIDTH="49" HEIGHT="22" WC="0.96" CONTENT="den"/>
						</TextLine>
						<TextLine ID="line_13" HPOS="98" VPOS="610" WIDTH="755" HEIGHT="29">
							<String ID="string_96" HPOS="98" VPOS="610" WIDTH="40" HEIGHT="22" WC="0.93" CONTENT="för"/><SP WIDTH="20" VPOS="610" HPOS="138"/>
							<String ID="string_97" HPOS="158" VPOS="610" WIDTH="240" HEIGHT="22" WC="0.92" CONTENT="Storfurstendömet"/><SP WIDTH="23" VPOS="610" HPOS="398"/>
							<String ID="string_98" HPOS="421" VPOS="610" WIDTH="27" HEIGHT="22" WC="0.96" CONTENT="sä"/><SP WIDTH="20" VPOS="610" HPOS="448"/>
							<String ID="string_99" HPOS="468" VPOS="610" WIDTH="164" HEIGHT="29" WC="0.93" CONTENT="nödvändiga"/><SP WIDTH="19" VPOS="610" HPOS="632"/>
							<String ID="string_100" HPOS="651" VPOS="610" WIDTH="106" HEIGHT="22" WC="0.90" CONTENT="militära"/><SP WIDTH="20" VPOS="610" HPOS="757"/>
							<String ID="string_101" HPOS="777" VPOS="610" WIDTH="76" HEIGHT="22" WC="0.92" CONTENT="refor-"/>
						</TextLine>
						<TextLine ID="line_14" HPOS="99" VPOS="644" WIDTH="702" HEIGHT="29">
							<String ID="string_102" HPOS="99" VPOS="651" WIDTH="64" HEIGHT="20" WC="0.96" CONTENT="men,"/><SP WIDTH="21" VPOS="651" HPOS="163"/>
							<String ID="string_103" HPOS="184" VPOS="645" WIDTH="27" HEIGHT="22" WC="0.93" CONTENT="sä"/><SP WIDTH="19" VPOS="645" HPOS="211"/>
							<String ID="string_104" HPOS="230" VPOS="644" WIDTH="54" HEIGHT="22" WC="0.92" CONTENT="vidt"/><SP WIDTH="18" VPOS="644" HPOS="284"/>
							<String ID="string_105" HPOS="302" VPOS="644" WIDTH="98" HEIGHT="29" WC="0.96" CONTENT="möjligt"/><SP WIDTH="19" VPOS="644" HPOS="400"/>
							<String ID="string_106" HPOS="419" VPOS="645" WIDTH="33" HEIGHT="26" WC="0.93" CONTENT="är,"/><SP WIDTH="19" VPOS="645" HPOS="452"/>
							<String ID="string_107" HPOS="471" VPOS="645" WIDTH="54" HEIGHT="22" WC="0.93" CONTENT="icke"/><SP WIDTH="19" VPOS="645" HPOS="525"/>
							<String ID="string_108" HPOS="544" VPOS="645" WIDTH="83" HEIGHT="21" WC="0.89" CONTENT="blefve"/><SP WIDTH="19" VPOS="645" HPOS="627"/>
							<String ID="string_109" HPOS="646" VPOS="644" WIDTH="155" HEIGHT="29" WC="0.92" CONTENT="uppskjutet."/>
						</TextLine>
					</TextBlock>
					<TextBlock ID="block_2" HPOS="100" VPOS="679" WIDTH="759" HEIGHT="647">
						<TextLine ID="line_15" HPOS="168" VPOS="679" WIDTH="685" HEIGHT="29">
							<String ID="string_110" HPOS="168" VPOS="679" WIDTH="90" HEIGHT="22" WC="0.92" CONTENT="Tillika"/><SP WIDTH="27" VPOS="679" HPOS="258"/>
							<String ID="string_111" HPOS="285" VPOS="679" WIDTH="45" HEIGHT="21" WC="0.93" CONTENT="har"/><SP WIDTH="20" VPOS="679" HPOS="330"/>
							<String ID="string_112" HPOS="350" VPOS="679" WIDTH="241" HEIGHT="29" WC="0.91" CONTENT="Krigsministerium"/><SP WIDTH="20" VPOS="679" HPOS="591"/>
							<String ID="string_113" HPOS="611" VPOS="680" WIDTH="81" HEIGHT="21" WC="0.91" CONTENT="ansett"/><SP WIDTH="19" VPOS="680" HPOS="692"/>
							<String ID="string_114" HPOS="711" VPOS="679" WIDTH="38" HEIGHT="29" WC="0.96" CONTENT="sig"/><SP WIDTH="18" VPOS="679" HPOS="749"/>
							<String ID="string_115" HPOS="767" VPOS="679" WIDTH="86" HEIGHT="21" WC="0.96" CONTENT="kunna"/>
						</TextLine>
						<TextLine ID="line_16" HPOS="100" VPOS="713" WIDTH="755" HEIGHT="29">
							<String ID="string_116" HPOS="100" VPOS="714" WIDTH="132" HEIGHT="22" WC="0.91" CONTENT="instämma"/><SP WIDTH="18" VPOS="714" HPOS="232"/>
							<String ID="string_117" HPOS="250" VPOS="714" WIDTH="8" HEIGHT="21" WC="0.96" CONTENT="i"/><SP WIDTH="19" VPOS="714" HPOS="258"/>
							<String ID="string_118" HPOS="277" VPOS="714" WIDTH="41" HEIGHT="21" WC="0.96" CONTENT="det"/><SP WIDTH="20" VPOS="714" HPOS="318"/>
							<String ID="string_119" HPOS="338" VPOS="713" WIDTH="24" HEIGHT="22" WC="0.93" CONTENT="af"/><SP WIDTH="20" VPOS="713" HPOS="362"/>
							<String ID="string_120" HPOS="382" VPOS="713" WIDTH="111" HEIGHT="23" WC="0.91" CONTENT="Senaten"/><SP WIDTH="17" VPOS="713" HPOS="493"/>
							<String ID="string_121" HPOS="510" VPOS="714" WIDTH="41" HEIGHT="21" WC="0.96" CONTENT="för"/><SP WIDTH="18" VPOS="714" HPOS="551"/>
							<String ID="string_122" HPOS="569" VPOS="714" WIDTH="107" HEIGHT="22" WC="0.93" CONTENT="Finland"/><SP WIDTH="20" VPOS="714" HPOS="676"/>
							<String ID="string_123" HPOS="696" VPOS="713" WIDTH="95" HEIGHT="29" WC="0.92" CONTENT="afgifna"/><SP WIDTH="17" VPOS="713" HPOS="791"/>
							<String ID="string_124" HPOS="808" VPOS="714" WIDTH="47" HEIGHT="27" WC="0.93" CONTENT="ytt-"/>
						</TextLine>
						<TextLine ID="line_17" HPOS="100" VPOS="747" WIDTH="755" HEIGHT="29">
							<String ID="string_125" HPOS="100" VPOS="748" WIDTH="79" HEIGHT="22" WC="0.92" CONTENT="rande"/><SP WIDTH="19" VPOS="748" HPOS="179"/>
							<String ID="string_126" HPOS="198" VPOS="748" WIDTH="7" HEIGHT="22" WC="0.93" CONTENT="i"/><SP WIDTH="20" VPOS="748" HPOS="205"/>
							<String ID="string_127" HPOS="225" VPOS="748" WIDTH="135" HEIGHT="28" WC="0.92" CONTENT="anledning"/><SP WIDTH="20" VPOS="748" HPOS="360"/>
							<String ID="string_128" HPOS="380" VPOS="748" WIDTH="26" HEIGHT="22" WC="0.93" CONTENT="af"/><SP WIDTH="19" VPOS="748" HPOS="406"/>
							<String ID="string_129" HPOS="425" VPOS="748" WIDTH="156" HEIGHT="22" WC="0.93" CONTENT="Ständernas"/><SP WIDTH="14" VPOS="748" HPOS="581"/>
							<String ID="string_130" HPOS="595" VPOS="747" WIDTH="260" HEIGHT="29" WC="0.96" CONTENT="framställning"/><SP WIDTH="-72" VPOS="747" HPOS="855"/>
							<String ID="string_131" HPOS="783" VPOS="743" WIDTH="13" HEIGHT="38" WC="0.93" CONTENT="i"/><SP WIDTH="9" VPOS="743" HPOS="796"/>
							<String ID="string_132" HPOS="805" VPOS="743" WIDTH="55" HEIGHT="38" WC="0.93" CONTENT="frä-"/>
						</TextLine>
						<TextLine ID="line_18" HPOS="101" VPOS="781" WIDTH="754" HEIGHT="30">
							<String ID="string_133" HPOS="101" VPOS="789" WIDTH="49" HEIGHT="22" WC="0.92" CONTENT="gan"/><SP WIDTH="20" VPOS="789" HPOS="150"/>
							<String ID="string_134" HPOS="170" VPOS="789" WIDTH="39" HEIGHT="15" WC="0.93" CONTENT="om"/><SP WIDTH="21" VPOS="789" HPOS="209"/>
							<String ID="string_135" HPOS="230" VPOS="782" WIDTH="137" HEIGHT="22" WC="0.93" CONTENT="anvisande"/><SP WIDTH="21" VPOS="782" HPOS="367"/>
							<String ID="string_136" HPOS="388" VPOS="782" WIDTH="24" HEIGHT="22" WC="0.96" CONTENT="af"/><SP WIDTH="18" VPOS="782" HPOS="412"/>
							<String ID="string_137" HPOS="430" VPOS="782" WIDTH="81" HEIGHT="22" WC="0.96" CONTENT="medel"/><SP WIDTH="18" VPOS="782" HPOS="511"/>
							<String ID="string_138" HPOS="529" VPOS="782" WIDTH="40" HEIGHT="22" WC="0.92" CONTENT="för"/><SP WIDTH="18" VPOS="782" HPOS="569"/>
							<String ID="string_139" HPOS="587" VPOS="782" WIDTH="188" HEIGHT="29" WC="0.92" CONTENT="värnepligtens"/><SP WIDTH="19" VPOS="782" HPOS="775"/>
							<String ID="string_140" HPOS="794" VPOS="781" WIDTH="61" HEIGHT="22" WC="0.92" CONTENT="infö-"/>
						</TextLine>
						<TextLine ID="line_19" HPOS="101" VPOS="816" WIDTH="755" HEIGHT="29">
							<String ID="string_141" HPOS="101" VPOS="817" WIDTH="85" HEIGHT="25" WC="0.91" CONTENT="rande,"/><SP WIDTH="27" VPOS="817" HPOS="186"/>
							<String ID="string_142" HPOS="213" VPOS="816" WIDTH="77" HEIGHT="22" WC="0.91" CONTENT="likväl"/><SP WIDTH="19" VPOS="816" HPOS="290"/>
							<String ID="string_143" HPOS="309" VPOS="817" WIDTH="56" HEIGHT="21" WC="0.93" CONTENT="med"/><SP WIDTH="19" VPOS="817" HPOS="365"/>
							<String ID="string_144" HPOS="384" VPOS="816" WIDTH="125" HEIGHT="22" WC="0.91" CONTENT="förbehäll"/><SP WIDTH="20" VPOS="816" HPOS="509"/>
							<String ID="string_145" HPOS="529" VPOS="818" WIDTH="36" HEIGHT="20" WC="0.96" CONTENT="att"/><SP WIDTH="18" VPOS="818" HPOS="565"/>
							<String ID="string_146" HPOS="583" VPOS="817" WIDTH="30" HEIGHT="22" WC="0.93" CONTENT="de"/><SP WIDTH="20" VPOS="817" HPOS="613"/>
							<String ID="string_147" HPOS="633" VPOS="817" WIDTH="54" HEIGHT="21" WC="0.92" CONTENT="utaf"/><SP WIDTH="19" VPOS="817" HPOS="687"/>
							<String ID="string_148" HPOS="706" VPOS="816" WIDTH="150" HEIGHT="29" WC="0.92" CONTENT="afgörandet"/>
						</TextLine>
						<TextLine ID="line_20" HPOS="102" VPOS="850" WIDTH="754" HEIGHT="30">
							<String ID="string_149" HPOS="102" VPOS="851" WIDTH="25" HEIGHT="22" WC="0.96" CONTENT="af"/><SP WIDTH="18" VPOS="851" HPOS="127"/>
							<String ID="string_150" HPOS="145" VPOS="851" WIDTH="83" HEIGHT="22" WC="0.92" CONTENT="denna"/><SP WIDTH="18" VPOS="851" HPOS="228"/>
							<String ID="string_151" HPOS="246" VPOS="851" WIDTH="73" HEIGHT="29" WC="0.92" CONTENT="fräga"/><SP WIDTH="19" VPOS="851" HPOS="319"/>
							<String ID="string_152" HPOS="338" VPOS="851" WIDTH="127" HEIGHT="22" WC="0.92" CONTENT="beroende"/><SP WIDTH="18" VPOS="851" HPOS="465"/>
							<String ID="string_153" HPOS="483" VPOS="851" WIDTH="97" HEIGHT="29" WC="0.96" CONTENT="förslag"/><SP WIDTH="19" VPOS="851" HPOS="580"/>
							<String ID="string_154" HPOS="599" VPOS="851" WIDTH="35" HEIGHT="22" WC="0.96" CONTENT="till"/><SP WIDTH="13" VPOS="851" HPOS="634"/>
							<String ID="string_155" HPOS="647" VPOS="851" WIDTH="172" HEIGHT="29" WC="0.96" CONTENT="organisation"/><SP WIDTH="12" VPOS="851" HPOS="819"/>
							<String ID="string_156" HPOS="831" VPOS="850" WIDTH="25" HEIGHT="22" WC="0.97" CONTENT="af"/>
						</TextLine>
						<TextLine ID="line_21" HPOS="102" VPOS="884" WIDTH="754" HEIGHT="30">
							<String ID="string_157" HPOS="102" VPOS="885" WIDTH="30" HEIGHT="22" WC="0.96" CONTENT="de"/><SP WIDTH="23" VPOS="885" HPOS="132"/>
							<String ID="string_158" HPOS="155" VPOS="885" WIDTH="83" HEIGHT="22" WC="0.93" CONTENT="finska"/><SP WIDTH="23" VPOS="885" HPOS="238"/>
							<String ID="string_159" HPOS="261" VPOS="887" WIDTH="137" HEIGHT="26" WC="0.92" CONTENT="trupperna"/><SP WIDTH="20" VPOS="887" HPOS="398"/>
							<String ID="string_160" HPOS="418" VPOS="886" WIDTH="64" HEIGHT="21" WC="0.96" CONTENT="samt"/><SP WIDTH="18" VPOS="886" HPOS="482"/>
							<String ID="string_161" HPOS="500" VPOS="885" WIDTH="75" HEIGHT="22" WC="0.92" CONTENT="deras"/><SP WIDTH="21" VPOS="885" HPOS="575"/>
							<String ID="string_162" HPOS="596" VPOS="885" WIDTH="118" HEIGHT="29" WC="0.92" CONTENT="styrelser"/><SP WIDTH="18" VPOS="885" HPOS="714"/>
							<String ID="string_163" HPOS="732" VPOS="885" WIDTH="46" HEIGHT="22" WC="0.93" CONTENT="och"/><SP WIDTH="18" VPOS="885" HPOS="778"/>
							<String ID="string_164" HPOS="796" VPOS="884" WIDTH="60" HEIGHT="22" WC="0.91" CONTENT="mili-"/>
						</TextLine>
						<TextLine ID="line_22" HPOS="101" VPOS="919" WIDTH="754" HEIGHT="29">
							<String ID="string_165" HPOS="101" VPOS="921" WIDTH="55" HEIGHT="20" WC="0.90" CONTENT="tära"/><SP WIDTH="19" VPOS="921" HPOS="156"/>
							<String ID="string_166" HPOS="175" VPOS="920" WIDTH="175" HEIGHT="28" WC="0.90" CONTENT="inrättningar,"/><SP WIDTH="20" VPOS="920" HPOS="350"/>
							<String ID="string_167" HPOS="370" VPOS="926" WIDTH="53" HEIGHT="15" WC="0.92" CONTENT="som"/><SP WIDTH="21" VPOS="926" HPOS="423"/>
							<String ID="string_168" HPOS="444" VPOS="919" WIDTH="109" HEIGHT="22" WC="0.92" CONTENT="Senaten"/><SP WIDTH="19" VPOS="919" HPOS="553"/>
							<String ID="string_169" HPOS="572" VPOS="920" WIDTH="99" HEIGHT="22" WC="0.92" CONTENT="komme"/><SP WIDTH="14" VPOS="920" HPOS="671"/>
							<String ID="string_170" HPOS="685" VPOS="921" WIDTH="34" HEIGHT="20" WC="0.93" CONTENT="att"/><SP WIDTH="12" VPOS="921" HPOS="719"/>
							<String ID="string_171" HPOS="731" VPOS="919" WIDTH="124" HEIGHT="28" WC="0.92" CONTENT="uppgöra,"/>
						</TextLine>
						<TextLine ID="line_23" HPOS="101" VPOS="953" WIDTH="755" HEIGHT="29">
							<String ID="string_172" HPOS="101" VPOS="954" WIDTH="54" HEIGHT="22" WC="0.93" CONTENT="före"/><SP WIDTH="28" VPOS="954" HPOS="155"/>
							<String ID="string_173" HPOS="183" VPOS="954" WIDTH="139" HEIGHT="22" WC="0.91" CONTENT="desammas"/><SP WIDTH="24" VPOS="954" HPOS="322"/>
							<String ID="string_174" HPOS="346" VPOS="954" WIDTH="206" HEIGHT="22" WC="0.92" CONTENT="öfverlemnande"/><SP WIDTH="19" VPOS="954" HPOS="552"/>
							<String ID="string_175" HPOS="571" VPOS="954" WIDTH="35" HEIGHT="22" WC="0.94" CONTENT="till"/><SP WIDTH="20" VPOS="954" HPOS="606"/>
							<String ID="string_176" HPOS="626" VPOS="954" WIDTH="71" HEIGHT="22" WC="0.93" CONTENT="Hans"/><SP WIDTH="19" VPOS="954" HPOS="697"/>
							<String ID="string_177" HPOS="716" VPOS="953" WIDTH="140" HEIGHT="29" WC="0.92" CONTENT="Kejserliga"/>
						</TextLine>
						<TextLine ID="line_24" HPOS="102" VPOS="987" WIDTH="754" HEIGHT="30">
							<String ID="string_178" HPOS="102" VPOS="989" WIDTH="129" HEIGHT="28" WC="0.91" CONTENT="Majestäts"/><SP WIDTH="27" VPOS="989" HPOS="231"/>
							<String ID="string_179" HPOS="258" VPOS="989" WIDTH="94" HEIGHT="28" WC="0.91" CONTENT="nädiga"/><SP WIDTH="27" VPOS="989" HPOS="352"/>
							<String ID="string_180" HPOS="379" VPOS="989" WIDTH="168" HEIGHT="25" WC="0.95" CONTENT="fastställelse,"/><SP WIDTH="29" VPOS="989" HPOS="547"/>
							<String ID="string_181" HPOS="576" VPOS="989" WIDTH="7" HEIGHT="21" WC="0.93" CONTENT="i"/><SP WIDTH="28" VPOS="989" HPOS="583"/>
							<String ID="string_182" HPOS="611" VPOS="989" WIDTH="80" HEIGHT="21" WC="0.93" CONTENT="sinom"/><SP WIDTH="28" VPOS="989" HPOS="691"/>
							<String ID="string_183" HPOS="719" VPOS="988" WIDTH="35" HEIGHT="22" WC="0.92" CONTENT="tid"/><SP WIDTH="19" VPOS="988" HPOS="754"/>
							<String ID="string_184" HPOS="773" VPOS="987" WIDTH="83" HEIGHT="23" WC="0.88" CONTENT="blefve"/>
						</TextLine>
						<TextLine ID="line_25" HPOS="102" VPOS="1022" WIDTH="755" HEIGHT="29">
							<String ID="string_185" HPOS="102" VPOS="1023" WIDTH="147" HEIGHT="22" WC="0.92" CONTENT="meddelade"/><SP WIDTH="20" VPOS="1023" HPOS="249"/>
							<String ID="string_186" HPOS="269" VPOS="1023" WIDTH="241" HEIGHT="28" WC="0.92" CONTENT="Krigsministerium"/><SP WIDTH="18" VPOS="1023" HPOS="510"/>
							<String ID="string_187" HPOS="528" VPOS="1023" WIDTH="8" HEIGHT="22" WC="0.93" CONTENT="i"/><SP WIDTH="21" VPOS="1023" HPOS="536"/>
							<String ID="string_188" HPOS="557" VPOS="1023" WIDTH="118" HEIGHT="22" WC="0.92" CONTENT="afseende"/><SP WIDTH="19" VPOS="1023" HPOS="675"/>
							<String ID="string_189" HPOS="694" VPOS="1023" WIDTH="14" HEIGHT="21" WC="0.91" CONTENT="ä"/><SP WIDTH="13" VPOS="1023" HPOS="708"/>
							<String ID="string_190" HPOS="721" VPOS="1022" WIDTH="136" HEIGHT="25" WC="0.92" CONTENT="utlätande,"/>
						</TextLine>
						<TextLine ID="line_26" HPOS="103" VPOS="1057" WIDTH="754" HEIGHT="29">
							<String ID="string_191" HPOS="103" VPOS="1059" WIDTH="63" HEIGHT="20" WC="0.96" CONTENT="samt"/><SP WIDTH="28" VPOS="1059" HPOS="166"/>
							<String ID="string_192" HPOS="194" VPOS="1059" WIDTH="36" HEIGHT="20" WC="0.93" CONTENT="att"/><SP WIDTH="18" VPOS="1059" HPOS="230"/>
							<String ID="string_193" HPOS="248" VPOS="1057" WIDTH="89" HEIGHT="29" WC="0.92" CONTENT="frägan"/><SP WIDTH="20" VPOS="1057" HPOS="337"/>
							<String ID="string_194" HPOS="357" VPOS="1064" WIDTH="40" HEIGHT="15" WC="0.93" CONTENT="om"/><SP WIDTH="19" VPOS="1064" HPOS="397"/>
							<String ID="string_195" HPOS="416" VPOS="1057" WIDTH="183" HEIGHT="28" WC="0.92" CONTENT="upphäfvande"/><SP WIDTH="19" VPOS="1057" HPOS="599"/>
							<String ID="string_196" HPOS="618" VPOS="1057" WIDTH="25" HEIGHT="22" WC="0.93" CONTENT="af"/><SP WIDTH="18" VPOS="1057" HPOS="643"/>
							<String ID="string_197" HPOS="661" VPOS="1057" WIDTH="196" HEIGHT="28" WC="0.90" CONTENT="inkvarterings-"/>
						</TextLine>
						<TextLine ID="line_27" HPOS="103" VPOS="1091" WIDTH="755" HEIGHT="29">
							<String ID="string_198" HPOS="103" VPOS="1091" WIDTH="177" HEIGHT="29" WC="0.96" CONTENT="skyldigheten"/><SP WIDTH="18" VPOS="1091" HPOS="280"/>
							<String ID="string_199" HPOS="298" VPOS="1092" WIDTH="8" HEIGHT="21" WC="0.95" CONTENT="i"/><SP WIDTH="18" VPOS="1092" HPOS="306"/>
							<String ID="string_200" HPOS="324" VPOS="1091" WIDTH="115" HEIGHT="27" WC="0.93" CONTENT="Finland,"/><SP WIDTH="21" VPOS="1091" HPOS="439"/>
							<String ID="string_201" HPOS="460" VPOS="1092" WIDTH="83" HEIGHT="22" WC="0.92" CONTENT="säsom"/><SP WIDTH="19" VPOS="1092" HPOS="543"/>
							<String ID="string_202" HPOS="562" VPOS="1092" WIDTH="137" HEIGHT="22" WC="0.92" CONTENT="fordrande"/><SP WIDTH="20" VPOS="1092" HPOS="699"/>
							<String ID="string_203" HPOS="719" VPOS="1097" WIDTH="30" HEIGHT="16" WC="0.97" CONTENT="en"/><SP WIDTH="10" VPOS="1097" HPOS="749"/>
							<String ID="string_204" HPOS="759" VPOS="1091" WIDTH="99" HEIGHT="28" WC="0.96" CONTENT="mycket"/>
						</TextLine>
						<TextLine ID="line_28" HPOS="102" VPOS="1125" WIDTH="756" HEIGHT="30">
							<String ID="string_205" HPOS="102" VPOS="1126" WIDTH="161" HEIGHT="29" WC="0.90" CONTENT="omsorgsfull"/><SP WIDTH="27" VPOS="1126" HPOS="263"/>
							<String ID="string_206" HPOS="290" VPOS="1126" WIDTH="163" HEIGHT="29" WC="0.96" CONTENT="behandling,"/><SP WIDTH="29" VPOS="1126" HPOS="453"/>
							<String ID="string_207" HPOS="482" VPOS="1127" WIDTH="7" HEIGHT="20" WC="0.96" CONTENT="i"/><SP WIDTH="29" VPOS="1127" HPOS="489"/>
							<String ID="string_208" HPOS="518" VPOS="1127" WIDTH="138" HEIGHT="28" WC="0.96" CONTENT="synnerhet"/><SP WIDTH="24" VPOS="1127" HPOS="656"/>
							<String ID="string_209" HPOS="680" VPOS="1126" WIDTH="8" HEIGHT="22" WC="0.93" CONTENT="i"/><SP WIDTH="24" VPOS="1126" HPOS="688"/>
							<String ID="string_210" HPOS="712" VPOS="1125" WIDTH="68" HEIGHT="22" WC="0.92" CONTENT="hvad"/><SP WIDTH="19" VPOS="1125" HPOS="780"/>
							<String ID="string_211" HPOS="799" VPOS="1125" WIDTH="59" HEIGHT="22" WC="0.91" CONTENT="den-"/>
						</TextLine>
						<TextLine ID="line_29" HPOS="103" VPOS="1159" WIDTH="755" HEIGHT="30">
							<String ID="string_212" HPOS="103" VPOS="1167" WIDTH="95" HEIGHT="15" WC="0.89" CONTENT="samma"/><SP WIDTH="28" VPOS="1167" HPOS="198"/>
							<String ID="string_213" HPOS="226" VPOS="1161" WIDTH="79" HEIGHT="28" WC="0.89" CONTENT="angär"/><SP WIDTH="28" VPOS="1161" HPOS="305"/>
							<String ID="string_214" HPOS="333" VPOS="1161" WIDTH="204" HEIGHT="28" WC="0.92" CONTENT="Kejsaredömets"/><SP WIDTH="22" VPOS="1161" HPOS="537"/>
							<String ID="string_215" HPOS="559" VPOS="1162" WIDTH="112" HEIGHT="26" WC="0.91" CONTENT="trupper,"/><SP WIDTH="19" VPOS="1162" HPOS="671"/>
							<String ID="string_216" HPOS="690" VPOS="1160" WIDTH="83" HEIGHT="22" WC="0.92" CONTENT="blefve"/><SP WIDTH="20" VPOS="1160" HPOS="773"/>
							<String ID="string_217" HPOS="793" VPOS="1159" WIDTH="65" HEIGHT="22" WC="0.91" CONTENT="skild"/>
						</TextLine>
						<TextLine ID="line_30" HPOS="103" VPOS="1194" WIDTH="756" HEIGHT="28">
							<String ID="string_218" HPOS="103" VPOS="1194" WIDTH="56" HEIGHT="22" WC="0.92" CONTENT="frän"/><SP WIDTH="19" VPOS="1194" HPOS="159"/>
							<String ID="string_219" HPOS="178" VPOS="1194" WIDTH="168" HEIGHT="22" WC="0.92" CONTENT="förevarande"/><SP WIDTH="20" VPOS="1194" HPOS="346"/>
							<String ID="string_220" HPOS="366" VPOS="1194" WIDTH="93" HEIGHT="22" WC="0.91" CONTENT="ärende"/><SP WIDTH="13" VPOS="1194" HPOS="459"/>
							<String ID="string_221" HPOS="472" VPOS="1195" WIDTH="46" HEIGHT="21" WC="0.93" CONTENT="och"/><SP WIDTH="13" VPOS="1195" HPOS="518"/>
							<String ID="string_222" HPOS="531" VPOS="1194" WIDTH="173" HEIGHT="23" WC="0.92" CONTENT="underkastad"/><SP WIDTH="14" VPOS="1194" HPOS="704"/>
							<String ID="string_223" HPOS="718" VPOS="1200" WIDTH="30" HEIGHT="16" WC="0.93" CONTENT="en"/><SP WIDTH="11" VPOS="1200" HPOS="748"/>
							<String ID="string_224" HPOS="759" VPOS="1194" WIDTH="100" HEIGHT="28" WC="0.92" CONTENT="allsidig"/>
						</TextLine>
						<TextLine ID="line_31" HPOS="103" VPOS="1228" WIDTH="755" HEIGHT="30">
							<String ID="string_225" HPOS="103" VPOS="1229" WIDTH="166" HEIGHT="29" WC="0.92" CONTENT="granskning,"/><SP WIDTH="20" VPOS="1229" HPOS="269"/>
							<String ID="string_226" HPOS="289" VPOS="1229" WIDTH="63" HEIGHT="22" WC="0.96" CONTENT="först"/><SP WIDTH="17" VPOS="1229" HPOS="352"/>
							<String ID="string_227" HPOS="369" VPOS="1229" WIDTH="33" HEIGHT="28" WC="0.93" CONTENT="pä"/><SP WIDTH="20" VPOS="1229" HPOS="402"/>
							<String ID="string_228" HPOS="422" VPOS="1229" WIDTH="90" HEIGHT="26" WC="0.91" CONTENT="stället,"/><SP WIDTH="21" VPOS="1229" HPOS="512"/>
							<String ID="string_229" HPOS="533" VPOS="1229" WIDTH="108" HEIGHT="22" WC="0.92" CONTENT="sälunda"/><SP WIDTH="20" VPOS="1229" HPOS="641"/>
							<String ID="string_230" HPOS="661" VPOS="1230" WIDTH="34" HEIGHT="21" WC="0.96" CONTENT="att"/><SP WIDTH="19" VPOS="1230" HPOS="695"/>
							<String ID="string_231" HPOS="714" VPOS="1229" WIDTH="41" HEIGHT="22" WC="0.93" CONTENT="det"/><SP WIDTH="18" VPOS="1229" HPOS="755"/>
							<String ID="string_232" HPOS="773" VPOS="1228" WIDTH="85" HEIGHT="22" WC="0.92" CONTENT="lokala"/>
						</TextLine>
						<TextLine ID="line_32" HPOS="103" VPOS="1262" WIDTH="754" HEIGHT="29">
							<String ID="string_233" HPOS="103" VPOS="1263" WIDTH="186" HEIGHT="22" WC="0.91" CONTENT="militärbefälet"/><SP WIDTH="25" VPOS="1263" HPOS="289"/>
							<String ID="string_234" HPOS="314" VPOS="1263" WIDTH="130" HEIGHT="22" WC="0.90" CONTENT="lemnades"/><SP WIDTH="28" VPOS="1263" HPOS="444"/>
							<String ID="string_235" HPOS="472" VPOS="1264" WIDTH="96" HEIGHT="21" WC="0.90" CONTENT="tillfälle"/><SP WIDTH="28" VPOS="1264" HPOS="568"/>
							<String ID="string_236" HPOS="596" VPOS="1265" WIDTH="36" HEIGHT="20" WC="0.93" CONTENT="att"/><SP WIDTH="27" VPOS="1265" HPOS="632"/>
							<String ID="string_237" HPOS="659" VPOS="1263" WIDTH="53" HEIGHT="23" WC="0.92" CONTENT="deri"/><SP WIDTH="19" VPOS="1263" HPOS="712"/>
							<String ID="string_238" HPOS="731" VPOS="1264" WIDTH="59" HEIGHT="27" WC="0.92" CONTENT="taga"/><SP WIDTH="19" VPOS="1264" HPOS="790"/>
							<String ID="string_239" HPOS="809" VPOS="1262" WIDTH="48" HEIGHT="26" WC="0.96" CONTENT="del,"/>
						</TextLine>
						<TextLine ID="line_33" HPOS="104" VPOS="1298" WIDTH="549" HEIGHT="28">
							<String ID="string_240" HPOS="104" VPOS="1298" WIDTH="45" HEIGHT="21" WC="0.96" CONTENT="och"/><SP WIDTH="20" VPOS="1298" HPOS="149"/>
							<String ID="string_241" HPOS="169" VPOS="1298" WIDTH="79" HEIGHT="22" WC="0.96" CONTENT="sedan"/><SP WIDTH="18" VPOS="1298" HPOS="248"/>
							<String ID="string_242" HPOS="266" VPOS="1298" WIDTH="7" HEIGHT="22" WC="0.93" CONTENT="i"/><SP WIDTH="19" VPOS="1298" HPOS="273"/>
							<String ID="string_243" HPOS="292" VPOS="1298" WIDTH="91" HEIGHT="28" WC="0.91" CONTENT="sjelfva"/><SP WIDTH="19" VPOS="1298" HPOS="383"/>
							<String ID="string_244" HPOS="402" VPOS="1298" WIDTH="251" HEIGHT="28" WC="0.92" CONTENT="Krigsministerium."/>
						</TextLine>
					</TextBlock>
					<TextBlock ID="block_3" HPOS="105" VPOS="1331" WIDTH="755" HEIGHT="57">
						<TextLine ID="line_34" HPOS="172" VPOS="1331" WIDTH="688" HEIGHT="29">
							<String ID="string_245" HPOS="172" VPOS="1332" WIDTH="165" HEIGHT="22" WC="0.92" CONTENT="Meddelande"/><SP WIDTH="28" VPOS="1332" HPOS="337"/>
							<String ID="string_246" HPOS="365" VPOS="1332" WIDTH="43" HEIGHT="22" WC="0.93" CONTENT="det"/><SP WIDTH="28" VPOS="1332" HPOS="408"/>
							<String ID="string_247" HPOS="436" VPOS="1332" WIDTH="77" HEIGHT="22" WC="0.92" CONTENT="ofvan"/><SP WIDTH="23" VPOS="1332" HPOS="513"/>
							<String ID="string_248" HPOS="536" VPOS="1332" WIDTH="115" HEIGHT="26" WC="0.91" CONTENT="anförda,"/><SP WIDTH="20" VPOS="1332" HPOS="651"/>
							<String ID="string_249" HPOS="671" VPOS="1332" WIDTH="46" HEIGHT="22" WC="0.96" CONTENT="har"/><SP WIDTH="18" VPOS="1332" HPOS="717"/>
							<String ID="string_250" HPOS="735" VPOS="1332" WIDTH="44" HEIGHT="28" WC="0.93" CONTENT="jag"/><SP WIDTH="19" VPOS="1332" HPOS="779"/>
							<String ID="string_251" HPOS="798" VPOS="1331" WIDTH="62" HEIGHT="21" WC="0.92" CONTENT="äran"/>
						</TextLine>
						<TextLine ID="line_35" HPOS="105" VPOS="1366" WIDTH="201" HEIGHT="22">
							<String ID="string_252" HPOS="105" VPOS="1366" WIDTH="127" HEIGHT="22" WC="0.92" CONTENT="äterställa"/><SP WIDTH="20" VPOS="1366" HPOS="232"/>
							<String ID="string_253" HPOS="252" VPOS="1368" WIDTH="54" HEIGHT="20" WC="0.96" CONTENT="etc.»"/>
						</TextLine>
					</TextBlock>
				</ComposedBlock>
				<GraphicalElement ID="cblock_2" HPOS="104" VPOS="1416" WIDTH="73" HEIGHT="2"></GraphicalElement >
				<ComposedBlock ID="cblock_3" HPOS="172" VPOS="1442" WIDTH="340" HEIGHT="24">
					<TextBlock ID="block_4" HPOS="172" VPOS="1442" WIDTH="340" HEIGHT="24">
						<TextLine ID="line_36" HPOS="172" VPOS="1442" WIDTH="340" HEIGHT="24">
							<String ID="string_254" HPOS="172" VPOS="1444" WIDTH="16" HEIGHT="22" WC="0.91" CONTENT="*)"/><SP WIDTH="14" VPOS="1444" HPOS="188"/>
							<String ID="string_255" HPOS="202" VPOS="1444" WIDTH="10" HEIGHT="17" WC="0.93" CONTENT="I"/><SP WIDTH="12" VPOS="1444" HPOS="212"/>
							<String ID="string_256" HPOS="224" VPOS="1443" WIDTH="108" HEIGHT="23" WC="0.89" CONTENT="originalet"/><SP WIDTH="13" VPOS="1443" HPOS="332"/>
							<String ID="string_257" HPOS="345" VPOS="1443" WIDTH="17" HEIGHT="23" WC="0.93" CONTENT="ej"/><SP WIDTH="14" VPOS="1443" HPOS="362"/>
							<String ID="string_258" HPOS="376" VPOS="1442" WIDTH="136" HEIGHT="19" WC="0.91" CONTENT="kursiveradt."/>
						</TextLine>
					</TextBlock>
				</ComposedBlock>
			</PrintSpace>
		</Page>
	</Layout>
</alto>
