1092 1770
261 137 27 20 42
463 137 84 22 Ständ.
564 136 39 23 Sv.
619 150 27 3 —
662 137 48 22 Bil.
726 137 19 22 I.

302 200 77 21 Under
397 207 28 14 en
448 201 53 26 lång
524 200 56 27 följd
604 201 25 20 af
649 201 25 20 år
690 201 42 20 har
747 200 96 21 sålunda
860 200 44 21 den
920 199 69 28 ryska

231 234 138 27 diplomatin
392 235 61 20 inför
475 235 145 20 främmande
644 235 104 20 nationer
764 235 112 26 begagnat
890 234 98 27 uttryck,

232 268 157 21 innebärande
405 271 30 18 ett
451 269 149 20 erkännande
612 269 24 20 af
647 269 217 20 Storfurstendömet
877 267 112 22 Finlands

232 303 107 26 politiska
363 303 114 26 ställning.
510 303 28 21 Så
562 303 92 28 mycket
676 303 88 21 klarare
783 303 107 20 framstår
905 303 36 23 då,
958 304 31 19 att

231 383 40 22 (art
293 384 16 21 2,
328 385 17 17 5,
364 385 15 19 6,
399 384 28 21 16)
447 385 6 15 i
472 384 64 16 hvilka
554 384 116 16 förekomma
689 384 109 21 uttrycken:
817 384 35 16 »les
870 385 53 20 ports
936 383 21 16 de
970 383 18 16 la

232 413 65 15 Russie
315 413 16 16 et
349 413 25 16 du
393 413 131 20 grand-duché
542 413 22 16 de
583 413 103 19 Finlande»,
706 413 35 16 »les
760 414 58 19 ports!
832 413 21 16 de
872 413 80 20 Pempire
967 412 22 16 de

232 441 65 16 Russie
315 446 23 11 ou
357 442 25 15 du
400 442 133 20 grand-duche
551 442 22 16 de
591 442 104 16 Finlande».
725 443 5 15 1
751 441 175 17 handelstraktaten
946 441 42 15 med

230 470 90 20 Portugal
331 470 20 16 af
359 470 35 16 den
409 470 52 21 16/28
475 470 89 17 Februari
578 471 42 15 1851
635 470 54 16 heter
701 470 39 16 det:
748 471 33 15 »Le
791 470 76 21 prösent
874 470 60 17 traite,
943 470 46 16 dont

231 498 58 16 Veffet
309 498 92 17 s'6tendra
421 499 104 21 ögalement
539 504 25 11 au
580 500 96 20 Royaume
689 499 23 16 de
725 499 85 21 Pologne,
824 500 66 15 autant
903 498 45 22 gwil
962 498 26 16 lui

231 528 30 15 est
279 527 110 22 applicable,
406 528 49 16 ainsi
468 528 56 21 gw'au
537 528 137 16 Grand-Duch6
687 528 23 16 de
723 528 98 16 Finlande»
834 529 34 15 etc.
893 528 6 15 I
913 528 27 16 ett
952 527 37 16 till-

231 556 42 20 lägg
290 556 20 16 af
326 556 21 16 är
366 557 44 15 1853
428 557 30 16 till
477 557 36 15 den
533 557 70 16 mellan
620 556 93 22 Ryssland
728 557 36 15 och
777 556 142 21 Konungariket
932 556 56 21 Begge

233 585 98 16 Sicilierna
352 585 36 16 den
408 585 52 21 13/25
473 586 111 20 September
598 586 43 15 1845
654 585 92 16 afslutade
759 585 86 16 handels-
858 585 35 16 och
906 585 82 21 sjöfarts-

232 614 97 16 traktaten
348 614 47 16 talas
414 619 43 11 om:
475 614 93 21 »prodotti
588 614 52 20 della]
654 614 72 20 Russia,
742 614 30 16 del
784 614 62 20 Regno
858 614 20 16 di
890 614 76 16 Polonia
979 618 10 11 e

231 642 32 16 del
289 642 50 17 Gran
361 643 71 16 Ducato
445 643 20 16 di
478 643 114 20 Finlandia»,
604 643 59 21 »porti
677 643 55 16 Russi
744 643 16 16 et
772 643 20 16 di
804 643 113 19 Finlandia»,
930 643 58 20 »porti

231 671 44 16 dell
294 671 71 20 Impero
384 671 59 16 Russo
462 677 11 10 o
492 672 29 15 del
540 671 50 17 Gran
611 672 70 15 Ducato
700 671 19 16 di
737 671 113 20 Finlandia»,
868 671 59 21 »porti
940 671 48 16 della

232 700 68 15 Russia
319 705 10 10 e
345 700 30 16 del
389 700 51 16 Gran
453 701 71 16 Ducato
537 701 20 16 di
569 701 113 15 Finlandia».
708 701 143 16 Konventionen
865 700 69 16 mellan
948 700 40 21 Kej-

231 733 56 11 saren
305 729 21 15 af
342 729 93 20 Ryssland
454 729 34 16 och
508 729 104 21 Konungen
625 729 21 16 af
656 729 142 21 Sverige-Norge
810 729 20 16 af
841 729 35 16 den
891 729 50 21 15/27
955 729 34 16 De-

232 757 77 16 cember
322 757 49 22 1860,
384 759 35 15 art.
433 758 6 15 I
453 757 62 22 lyder:
528 758 58 16 »Tout
598 758 103 21 vagabond,
714 757 98 17 mendiant
824 763 24 10 ou
862 757 91 19 criminel,
965 757 23 16 né

231 785 49 16 dans
293 786 88 20 [Empire
393 787 22 15 de
427 787 65 16 Russie
504 791 23 12 ou
541 787 15 15 le
570 787 138 16 Grand-Duch6
720 787 21 16 de
754 787 95 19 Finlande,
858 787 18 15 et
886 786 33 21 qui
927 786 62 16 aurait

232 815 55 20 passe
306 819 22 11 en
345 815 60 16 Suede
417 820 25 11 ou
455 820 23 11 en
492 815 88 20 Norvöge,
593 820 24 11 ou
630 815 44 16 bien
687 816 42 15 tout
742 815 86 16 individu
840 815 126 20 appartenant
978 819 11 11 a

232 843 51 16 V'une
296 843 32 16 des
341 843 48 16 dites
402 844 101 20 categories
516 845 19 14 et
547 844 33 21 qui
594 844 23 15 né
629 849 23 10 en
663 844 59 16 Suede
732 849 25 11 ou
766 849 23 10 en
800 843 82 21 Norvege
892 843 43 16 d'un
946 843 43 21 pere

231 871 49 20 sujet
291 871 22 16 de
325 871 88 21 VEmpire
425 872 22 16 de
460 872 64 16 Russie
536 877 24 11 on
573 873 25 15 du
613 872 138 16 Grand-Duch6
763 872 21 16 de
796 872 96 18 Finlande,
905 877 45 10 aura
960 872 29 15 été

231 900 140 16 formellement
384 905 83 11 reconnu
478 906 49 15 pour
539 900 48 21 sujet
599 906 51 10 russe
662 906 24 10 ou
695 900 103 22 finlandais
808 905 34 16 par
852 906 26 10 un
888 900 101 16 document

230 928 67 16 émané
316 928 23 16 de
355 929 18 15 la
387 929 88 21 Legation
489 930 99 20 Imp&riale
600 930 10 15 A
624 929 115 19 Stockholm,
753 934 76 16 pourra»
842 930 34 15 etc.
902 929 87 16 Deklara-

230 957 66 16 tionen
303 958 20 14 af
335 957 36 16 den
385 958 52 21 11/23
450 958 52 21 April
516 958 50 20 1864,
579 959 123 15 sconcernant
714 958 27 16 les
754 958 92 20 héritages
860 958 83 15 meubles
957 958 32 16 des

232 986 60 20 sujets
305 990 68 12 saxons
385 986 79 16 décédés
477 986 46 16 dans
534 987 90 20 I/”empire
632 987 22 15 de
664 987 64 15 Russie
740 988 18 14 et
770 986 46 16 dans
826 986 15 16 le
851 986 65 16 Grand
928 986 63 16 Duché

231 1014 23 15 de
267 1014 90 16 Finlande
369 1016 19 14 et
400 1015 31 15 des
444 1014 56 21 sujets
513 1020 61 11 russes
586 1016 16 15 et
611 1015 105 21 finlandais
728 1014 78 17 décédés
815 1014 47 16 dans
872 1015 17 15 le
898 1020 90 15 royaume

231 1042 24 16 de
273 1043 58 20 Saxe,
350 1043 97 21 begynner
466 1043 89 17 sålunda!
576 1044 32 16 »Le
628 1044 144 16 Gouvernemenl
784 1043 88 21 Imperial
884 1043 22 16 de
920 1043 67 19 Russie,

231 1071 49 16 ainsi
297 1076 36 16 que
349 1072 46 16 celui
407 1072 25 16 dn
447 1072 137 16 Grand-Duchö
596 1072 21 16 de
630 1072 95 20 Finlande,
738 1073 19 15 et
770 1072 17 16 le
800 1072 151 16 Gouvernement
964 1072 25 16 du

231 1100 97 20 Royaume
341 1100 23 16 de
377 1100 51 20 Saxe,
441 1101 79 16 voulant
532 1101 60 21 regler
604 1100 141 16 Vintervention
758 1100 23 16 de
794 1101 50 15 leurs
854 1104 55 17 agens
918 1105 71 16 respec-

230 1128 33 16 tifs
277 1128 46 16 dans
336 1128 26 16 les
375 1129 75 16 affaires
463 1129 22 16 de
498 1130 107 16 succession
618 1130 109 20 auxguelles
740 1130 82 20 peuvent
831 1129 73 16 donner
915 1129 36 15 lieu
962 1129 26 16 les

229 1161 32 11 cas
274 1156 23 16 de
309 1156 54 17 décés
376 1157 23 16 de
412 1158 59 20 sujets
483 1163 68 11 saxons
564 1158 47 16 dans
624 1158 88 20 [Empire
724 1158 22 16 de
759 1158 68 19 Russie,
838 1158 47 15 ainsi
896 1162 36 16 que
942 1157 47 16 dans

230 1186 16 15 le
261 1185 64 16 Grand
337 1185 63 17 Duché
412 1186 21 16 de
450 1186 95 20 Finlande,
558 1188 19 14 et
593 1187 23 15 de
632 1187 58 21 sujets
709 1187 23 16 de
744 1186 39 16 lun
797 1188 18 14 et
828 1186 22 16 de
863 1186 66 16 Vautre
940 1191 49 15 pays

230 1213 48 17 dans
296 1214 17 16 le
332 1214 96 21 Royaume
447 1215 23 15 de
489 1215 50 16 Saxe.
553 1216 43 15 sont
613 1216 107 15 convenus*
735 1216 34 15 etc.
795 1215 6 15 I
815 1214 143 17 deklarationen
971 1215 20 15 af

229 1242 38 16 den
280 1243 21 15 23
314 1242 69 22 Mars/1
395 1243 53 21 April
463 1243 48 21 1866,
523 1245 128 19 ,,concernant
663 1244 27 16 les
703 1244 92 20 höritages
809 1243 84 16 meuhles
902 1243 23 15 de
933 1242 56 21 sujets

230 1275 61 11 russes
309 1272 17 14 et
342 1271 109 21 finlandais,
471 1272 77 16 decedes
567 1272 47 16 dans
633 1272 17 16 le
666 1277 90 16 royaume
775 1272 23 16 de
814 1272 92 20 Hanovre,
925 1272 19 15 et
957 1271 32 16 des

229 1299 60 21 sujets
301 1299 115 17 hanovriens
429 1300 78 16 décédés
520 1300 47 16 dans
580 1301 88 20 Empire
680 1301 21 15 de
714 1300 64 16 Russie
796 1301 18 15 et
832 1300 48 16 dans
895 1300 15 15 le
925 1299 64 16 Grand

229 1327 65 16 Duch6
305 1328 22 15 de
339 1328 107 20 Finlande",
460 1329 46 16 står:
522 1329 36 16 »les
576 1334 31 11 cas
623 1329 23 16 de
654 1329 54 16 döcts
718 1329 20 16 de
751 1328 56 21 sujets
820 1333 60 11 russes
892 1328 17 15 et
921 1328 68 21 finlan-

230 1356 43 15 dais
290 1355 47 17 dans
353 1356 17 16 le
388 1357 97 20 Royaume
506 1357 23 16 de
551 1357 91 20 Hanovre,
664 1359 18 14 et
702 1357 23 16 de
744 1357 58 21 sujets
816 1357 113 15 hanovriens
942 1355 47 17 dans

229 1384 89 21 VEmpire
337 1385 21 16 de
377 1385 64 17 Russie
454 1386 48 16 ainsi
515 1391 37 16 que
565 1386 47 16 dans
625 1386 15 16 le
654 1386 64 16 Grand
731 1385 63 17 Duche
806 1385 22 16 de
840 1385 102 16 Finlande"
955 1386 33 15 etc.

229 1413 7 15 I
250 1418 24 10 en
288 1413 117 17 deklaration
419 1414 20 16 af
449 1414 36 16 den
499 1415 21 15 20
535 1415 53 20 Maj/1
599 1415 45 15 Juni
656 1415 43 15 1870
708 1415 128 19 ,,concernant
844 1414 17 15 le
872 1413 117 16 rembourse-

229 1442 54 15 ment
295 1442 32 16 des
336 1442 45 16 frais
393 1447 36 11 aux
442 1443 64 21 sujets,
519 1443 33 21 qui
566 1448 22 11 en
602 1443 70 21 gualit6
686 1443 32 16 des
728 1442 82 16 tömoins
818 1443 65 15 seront
895 1442 94 16 entendus
