<?xml version="1.0" encoding="UTF-8"?>
<alto xmlns="http://www.loc.gov/standards/alto/ns-v3#" xmlns:xlink="http://www.w3.org/1999/xlink" xmlns:xsi="http://www.w3.org/2001/XMLSchema-instance" xsi:schemaLocation="http://www.loc.gov/standards/alto/ns-v3# http://www.loc.gov/alto/v3/alto-3-0.xsd">
	<Description>
		<MeasurementUnit>pixel</MeasurementUnit>
		<sourceImageInformation>
			<fileName>/tmp/tess_9_b3q8g5_input.PNG</fileName>
		</sourceImageInformation>
		<OCRProcessing ID="OCR_0">
			<ocrProcessingStep>
				<processingSoftware>
					<softwareName>tesseract 5.3.4</softwareName>
				</processingSoftware>
			</ocrProcessingStep>
		</OCRProcessing>
	</Description>
	<Layout>
		<Page WIDTH="1086" HEIGHT="1759" PHYSICAL_IMG_NR="0" ID="page_0">
			<PrintSpace HPOS="0" VPOS="0" WIDTH="1086" HEIGHT="1759">
				<ComposedBlock ID="cblock_0" HPOS="456" VPOS="142" WIDTH="385" HEIGHT="23">
					<TextBlock ID="block_0" HPOS="456" VPOS="142" WIDTH="385" HEIGHT="23">
						<TextLine ID="line_0" HPOS="456" VPOS="142" WIDTH="385" HEIGHT="23">
							<String ID="string_0" HPOS="456" VPOS="142" WIDTH="30" HEIGHT="23" WC="0.91" CONTENT="U."/><SP WIDTH="16" VPOS="142" HPOS="486"/>
							<String ID="string_1" HPOS="502" VPOS="142" WIDTH="28" HEIGHT="23" WC="0.92" CONTENT="B."/><SP WIDTH="284" VPOS="142" HPOS="530"/>
							<String ID="string_2" HPOS="814" VPOS="143" WIDTH="27" HEIGHT="21" WC="0.96" CONTENT="83"/>
						</TextLine>
					</TextBlock>
				</ComposedBlock>
				<ComposedBlock ID="cblock_1" HPOS="113" VPOS="211" WIDTH="760" HEIGHT="1228">
					<TextBlock ID="block_1" HPOS="113" VPOS="211" WIDTH="760" HEIGHT="234">
						<TextLine ID="line_1" HPOS="115" VPOS="211" WIDTH="758" HEIGHT="28">
							<String ID="string_3" HPOS="115" VPOS="212" WIDTH="73" HEIGHT="25" WC="0.89" CONTENT="»brott,"/><SP WIDTH="23" VPOS="212" HPOS="188"/>
							<String ID="string_4" HPOS="211" VPOS="212" WIDTH="64" HEIGHT="20" WC="0.92" CONTENT="hvarä"/><SP WIDTH="21" VPOS="212" HPOS="275"/>
							<String ID="string_5" HPOS="296" VPOS="212" WIDTH="94" HEIGHT="27" WC="0.96" CONTENT="fängelse"/><SP WIDTH="20" VPOS="212" HPOS="390"/>
							<String ID="string_6" HPOS="410" VPOS="212" WIDTH="60" HEIGHT="20" WC="0.96" CONTENT="öfver"/><SP WIDTH="15" VPOS="212" HPOS="470"/>
							<String ID="string_7" HPOS="485" VPOS="218" WIDTH="39" HEIGHT="14" WC="0.96" CONTENT="sex"/><SP WIDTH="15" VPOS="218" HPOS="524"/>
							<String ID="string_8" HPOS="539" VPOS="212" WIDTH="102" HEIGHT="20" WC="0.96" CONTENT="månader"/><SP WIDTH="17" VPOS="212" HPOS="641"/>
							<String ID="string_9" HPOS="658" VPOS="212" WIDTH="51" HEIGHT="20" WC="0.93" CONTENT="eller"/><SP WIDTH="15" VPOS="212" HPOS="709"/>
							<String ID="string_10" HPOS="724" VPOS="211" WIDTH="149" HEIGHT="21" WC="0.90" CONTENT="tukthusstraff"/>
						</TextLine>
						<TextLine ID="line_2" HPOS="114" VPOS="246" WIDTH="756" HEIGHT="28">
							<String ID="string_11" HPOS="114" VPOS="246" WIDTH="40" HEIGHT="21" WC="0.96" CONTENT="kan"/><SP WIDTH="22" VPOS="246" HPOS="154"/>
							<String ID="string_12" HPOS="176" VPOS="246" WIDTH="71" HEIGHT="27" WC="0.95" CONTENT="följa»."/><SP WIDTH="29" VPOS="246" HPOS="247"/>
							<String ID="string_13" HPOS="276" VPOS="246" WIDTH="33" HEIGHT="21" WC="0.86" CONTENT="Då"/><SP WIDTH="23" VPOS="246" HPOS="309"/>
							<String ID="string_14" HPOS="332" VPOS="246" WIDTH="40" HEIGHT="21" WC="0.96" CONTENT="den"/><SP WIDTH="16" VPOS="246" HPOS="372"/>
							<String ID="string_15" HPOS="388" VPOS="247" WIDTH="21" HEIGHT="20" WC="0.96" CONTENT="af"/><SP WIDTH="15" VPOS="247" HPOS="409"/>
							<String ID="string_16" HPOS="424" VPOS="246" WIDTH="108" HEIGHT="21" WC="0.96" CONTENT="Utskottet"/><SP WIDTH="14" VPOS="246" HPOS="532"/>
							<String ID="string_17" HPOS="546" VPOS="246" WIDTH="33" HEIGHT="20" WC="0.93" CONTENT="för"/><SP WIDTH="15" VPOS="246" HPOS="579"/>
							<String ID="string_18" HPOS="594" VPOS="246" WIDTH="12" HEIGHT="28" WC="0.92" CONTENT="&amp;"/><SP WIDTH="15" VPOS="246" HPOS="606"/>
							<String ID="string_19" HPOS="621" VPOS="247" WIDTH="13" HEIGHT="19" WC="0.96" CONTENT="8"/><SP WIDTH="16" VPOS="247" HPOS="634"/>
							<String ID="string_20" HPOS="650" VPOS="246" WIDTH="111" HEIGHT="20" WC="0.96" CONTENT="förordade"/><SP WIDTH="16" VPOS="246" HPOS="761"/>
							<String ID="string_21" HPOS="777" VPOS="246" WIDTH="93" HEIGHT="21" WC="0.96" CONTENT="ändrade"/>
						</TextLine>
						<TextLine ID="line_3" HPOS="113" VPOS="280" WIDTH="757" HEIGHT="27">
							<String ID="string_22" HPOS="113" VPOS="280" WIDTH="96" HEIGHT="27" WC="0.96" CONTENT="lydelsen"/><SP WIDTH="16" VPOS="280" HPOS="209"/>
							<String ID="string_23" HPOS="225" VPOS="280" WIDTH="92" HEIGHT="27" WC="0.96" CONTENT="påkallat"/><SP WIDTH="16" VPOS="280" HPOS="317"/>
							<String ID="string_24" HPOS="333" VPOS="280" WIDTH="174" HEIGHT="27" WC="0.93" CONTENT="omformulering"/><SP WIDTH="14" VPOS="280" HPOS="507"/>
							<String ID="string_25" HPOS="521" VPOS="281" WIDTH="79" HEIGHT="26" WC="0.92" CONTENT="jemväl"/><SP WIDTH="15" VPOS="281" HPOS="600"/>
							<String ID="string_26" HPOS="615" VPOS="280" WIDTH="21" HEIGHT="21" WC="0.97" CONTENT="af"/><SP WIDTH="15" VPOS="280" HPOS="636"/>
							<String ID="string_27" HPOS="651" VPOS="280" WIDTH="50" HEIGHT="21" WC="0.96" CONTENT="sista"/><SP WIDTH="16" VPOS="280" HPOS="701"/>
							<String ID="string_28" HPOS="717" VPOS="282" WIDTH="68" HEIGHT="19" WC="0.96" CONTENT="satsen"/><SP WIDTH="13" VPOS="282" HPOS="785"/>
							<String ID="string_29" HPOS="798" VPOS="280" WIDTH="7" HEIGHT="20" WC="0.45" CONTENT="i"/><SP WIDTH="10" VPOS="280" HPOS="805"/>
							<String ID="string_30" HPOS="815" VPOS="280" WIDTH="10" HEIGHT="27" WC="0.45" CONTENT="$"/><SP WIDTH="11" VPOS="280" HPOS="825"/>
							<String ID="string_31" HPOS="836" VPOS="280" WIDTH="34" HEIGHT="27" WC="0.96" CONTENT="80,"/>
						</TextLine>
						<TextLine ID="line_4" HPOS="114" VPOS="314" WIDTH="755" HEIGHT="28">
							<String ID="string_32" HPOS="114" VPOS="315" WIDTH="37" HEIGHT="20" WC="0.96" CONTENT="har"/><SP WIDTH="23" VPOS="315" HPOS="151"/>
							<String ID="string_33" HPOS="174" VPOS="315" WIDTH="35" HEIGHT="20" WC="0.96" CONTENT="det"/><SP WIDTH="20" VPOS="315" HPOS="209"/>
							<String ID="string_34" HPOS="229" VPOS="315" WIDTH="109" HEIGHT="20" WC="0.96" CONTENT="befunnits"/><SP WIDTH="14" VPOS="315" HPOS="338"/>
							<String ID="string_35" HPOS="352" VPOS="315" WIDTH="96" HEIGHT="27" WC="0.96" CONTENT="lämpligt"/><SP WIDTH="15" VPOS="315" HPOS="448"/>
							<String ID="string_36" HPOS="463" VPOS="317" WIDTH="30" HEIGHT="18" WC="0.93" CONTENT="att"/><SP WIDTH="15" VPOS="317" HPOS="493"/>
							<String ID="string_37" HPOS="508" VPOS="315" WIDTH="132" HEIGHT="26" WC="0.92" CONTENT="omredigera"/><SP WIDTH="14" VPOS="315" HPOS="640"/>
							<String ID="string_38" HPOS="654" VPOS="314" WIDTH="48" HEIGHT="21" WC="0.96" CONTENT="hela"/><SP WIDTH="16" VPOS="314" HPOS="702"/>
							<String ID="string_39" HPOS="718" VPOS="321" WIDTH="73" HEIGHT="14" WC="0.96" CONTENT="senare"/><SP WIDTH="16" VPOS="321" HPOS="791"/>
							<String ID="string_40" HPOS="807" VPOS="314" WIDTH="62" HEIGHT="21" WC="0.96" CONTENT="delen"/>
						</TextLine>
						<TextLine ID="line_5" HPOS="115" VPOS="349" WIDTH="755" HEIGHT="27">
							<String ID="string_41" HPOS="115" VPOS="349" WIDTH="20" HEIGHT="20" WC="0.93" CONTENT="af"/><SP WIDTH="16" VPOS="349" HPOS="135"/>
							<String ID="string_42" HPOS="151" VPOS="350" WIDTH="34" HEIGHT="26" WC="0.84" CONTENT="&amp;:n"/><SP WIDTH="16" VPOS="350" HPOS="185"/>
							<String ID="string_43" HPOS="201" VPOS="349" WIDTH="7" HEIGHT="20" WC="0.96" CONTENT="i"/><SP WIDTH="15" VPOS="349" HPOS="208"/>
							<String ID="string_44" HPOS="223" VPOS="349" WIDTH="70" HEIGHT="27" WC="0.94" CONTENT="fråga;"/><SP WIDTH="17" VPOS="349" HPOS="293"/>
							<String ID="string_45" HPOS="310" VPOS="349" WIDTH="37" HEIGHT="20" WC="0.96" CONTENT="och"/><SP WIDTH="17" VPOS="349" HPOS="347"/>
							<String ID="string_46" HPOS="364" VPOS="349" WIDTH="38" HEIGHT="20" WC="0.93" CONTENT="har"/><SP WIDTH="14" VPOS="349" HPOS="402"/>
							<String ID="string_47" HPOS="416" VPOS="349" WIDTH="81" HEIGHT="27" WC="0.92" CONTENT="dervid,"/><SP WIDTH="15" VPOS="349" HPOS="497"/>
							<String ID="string_48" HPOS="512" VPOS="349" WIDTH="6" HEIGHT="20" WC="0.96" CONTENT="i"/><SP WIDTH="16" VPOS="349" HPOS="518"/>
							<String ID="string_49" HPOS="534" VPOS="349" WIDTH="93" HEIGHT="27" WC="0.96" CONTENT="enlighet"/><SP WIDTH="10" VPOS="349" HPOS="627"/>
							<String ID="string_50" HPOS="637" VPOS="349" WIDTH="48" HEIGHT="20" WC="0.96" CONTENT="med"/><SP WIDTH="11" VPOS="349" HPOS="685"/>
							<String ID="string_51" HPOS="696" VPOS="349" WIDTH="54" HEIGHT="20" WC="0.96" CONTENT="hvad"/><SP WIDTH="11" VPOS="349" HPOS="750"/>
							<String ID="string_52" HPOS="761" VPOS="349" WIDTH="63" HEIGHT="20" WC="0.95" CONTENT="ofvan"/><SP WIDTH="12" VPOS="349" HPOS="824"/>
							<String ID="string_53" HPOS="836" VPOS="349" WIDTH="34" HEIGHT="20" WC="0.96" CONTENT="vid"/>
						</TextLine>
						<TextLine ID="line_6" HPOS="115" VPOS="383" WIDTH="754" HEIGHT="27">
							<String ID="string_54" HPOS="115" VPOS="383" WIDTH="156" HEIGHT="27" WC="0.96" CONTENT="behandlingen"/><SP WIDTH="20" VPOS="383" HPOS="271"/>
							<String ID="string_55" HPOS="291" VPOS="383" WIDTH="20" HEIGHT="21" WC="0.93" CONTENT="af"/><SP WIDTH="16" VPOS="383" HPOS="311"/>
							<String ID="string_56" HPOS="327" VPOS="384" WIDTH="12" HEIGHT="26" WC="0.93" CONTENT="&amp;"/><SP WIDTH="16" VPOS="384" HPOS="339"/>
							<String ID="string_57" HPOS="355" VPOS="383" WIDTH="26" HEIGHT="21" WC="0.96" CONTENT="62"/><SP WIDTH="16" VPOS="383" HPOS="381"/>
							<String ID="string_58" HPOS="397" VPOS="383" WIDTH="131" HEIGHT="27" WC="0.95" CONTENT="framhållits,"/><SP WIDTH="16" VPOS="383" HPOS="528"/>
							<String ID="string_59" HPOS="544" VPOS="383" WIDTH="61" HEIGHT="21" WC="0.96" CONTENT="äfven"/><SP WIDTH="17" VPOS="383" HPOS="605"/>
							<String ID="string_60" HPOS="622" VPOS="383" WIDTH="7" HEIGHT="20" WC="0.96" CONTENT="i"/><SP WIDTH="23" VPOS="383" HPOS="629"/>
							<String ID="string_61" HPOS="652" VPOS="390" WIDTH="29" HEIGHT="13" WC="0.95" CONTENT="nu"/><SP WIDTH="23" VPOS="390" HPOS="681"/>
							<String ID="string_62" HPOS="704" VPOS="383" WIDTH="137" HEIGHT="21" WC="0.93" CONTENT="förevarande"/><SP WIDTH="17" VPOS="383" HPOS="841"/>
							<String ID="string_63" HPOS="858" VPOS="383" WIDTH="11" HEIGHT="26" WC="0.91" CONTENT="&amp;"/>
						</TextLine>
						<TextLine ID="line_7" HPOS="115" VPOS="417" WIDTH="465" HEIGHT="28">
							<String ID="string_64" HPOS="115" VPOS="424" WIDTH="26" HEIGHT="14" WC="0.96" CONTENT="en"/><SP WIDTH="15" VPOS="424" HPOS="141"/>
							<String ID="string_65" HPOS="156" VPOS="418" WIDTH="127" HEIGHT="27" WC="0.96" CONTENT="hänvisning"/><SP WIDTH="15" VPOS="418" HPOS="283"/>
							<String ID="string_66" HPOS="298" VPOS="418" WIDTH="31" HEIGHT="20" WC="0.92" CONTENT="till"/><SP WIDTH="16" VPOS="418" HPOS="329"/>
							<String ID="string_67" HPOS="345" VPOS="417" WIDTH="10" HEIGHT="28" WC="0.90" CONTENT="$"/><SP WIDTH="16" VPOS="417" HPOS="355"/>
							<String ID="string_68" HPOS="371" VPOS="418" WIDTH="26" HEIGHT="20" WC="0.96" CONTENT="82"/><SP WIDTH="17" VPOS="418" HPOS="397"/>
							<String ID="string_69" HPOS="414" VPOS="420" WIDTH="80" HEIGHT="19" WC="0.96" CONTENT="ansetts"/><SP WIDTH="16" VPOS="420" HPOS="494"/>
							<String ID="string_70" HPOS="510" VPOS="417" WIDTH="70" HEIGHT="28" WC="0.96" CONTENT="nödig."/>
						</TextLine>
					</TextBlock>
					<TextBlock ID="block_2" HPOS="114" VPOS="451" WIDTH="756" HEIGHT="194">
						<TextLine ID="line_8" HPOS="183" VPOS="451" WIDTH="687" HEIGHT="28">
							<String ID="string_71" HPOS="183" VPOS="451" WIDTH="47" HEIGHT="22" WC="0.95" CONTENT="Den"/><SP WIDTH="20" VPOS="451" HPOS="230"/>
							<String ID="string_72" HPOS="250" VPOS="452" WIDTH="119" HEIGHT="27" WC="0.95" CONTENT="föreslagna"/><SP WIDTH="18" VPOS="452" HPOS="369"/>
							<String ID="string_73" HPOS="387" VPOS="452" WIDTH="163" HEIGHT="27" WC="0.96" CONTENT="förlängningen"/><SP WIDTH="16" VPOS="452" HPOS="550"/>
							<String ID="string_74" HPOS="566" VPOS="453" WIDTH="22" HEIGHT="20" WC="0.93" CONTENT="af"/><SP WIDTH="14" VPOS="453" HPOS="588"/>
							<String ID="string_75" HPOS="602" VPOS="452" WIDTH="135" HEIGHT="27" WC="0.90" CONTENT="tjenstetiden"/><SP WIDTH="16" VPOS="452" HPOS="737"/>
							<String ID="string_76" HPOS="753" VPOS="451" WIDTH="36" HEIGHT="22" WC="0.93" CONTENT="vid"/><SP WIDTH="15" VPOS="451" HPOS="789"/>
							<String ID="string_77" HPOS="804" VPOS="458" WIDTH="66" HEIGHT="15" WC="0.92" CONTENT="reser-"/>
						</TextLine>
						<TextLine ID="line_9" HPOS="115" VPOS="486" WIDTH="755" HEIGHT="28">
							<String ID="string_78" HPOS="115" VPOS="493" WIDTH="40" HEIGHT="14" WC="0.96" CONTENT="ven"/><SP WIDTH="16" VPOS="493" HPOS="155"/>
							<String ID="string_79" HPOS="171" VPOS="487" WIDTH="38" HEIGHT="20" WC="0.93" CONTENT="har"/><SP WIDTH="15" VPOS="487" HPOS="209"/>
							<String ID="string_80" HPOS="224" VPOS="487" WIDTH="175" HEIGHT="27" WC="0.92" CONTENT="nödvändiggjort"/><SP WIDTH="15" VPOS="487" HPOS="399"/>
							<String ID="string_81" HPOS="414" VPOS="487" WIDTH="91" HEIGHT="26" WC="0.96" CONTENT="ändring"/><SP WIDTH="12" VPOS="487" HPOS="505"/>
							<String ID="string_82" HPOS="517" VPOS="487" WIDTH="21" HEIGHT="20" WC="0.93" CONTENT="af"/><SP WIDTH="13" VPOS="487" HPOS="538"/>
							<String ID="string_83" HPOS="551" VPOS="487" WIDTH="243" HEIGHT="26" WC="0.92" CONTENT="tidsbestämningarna"/><SP WIDTH="-8" VPOS="487" HPOS="794"/>
							<String ID="string_84" HPOS="786" VPOS="482" WIDTH="12" HEIGHT="36" WC="0.96" CONTENT="i"/><SP WIDTH="9" VPOS="482" HPOS="798"/>
							<String ID="string_85" HPOS="807" VPOS="487" WIDTH="13" HEIGHT="24" WC="0.86" CONTENT="8"/><SP WIDTH="11" VPOS="487" HPOS="820"/>
							<String ID="string_86" HPOS="831" VPOS="486" WIDTH="39" HEIGHT="27" WC="0.96" CONTENT="82,"/>
						</TextLine>
						<TextLine ID="line_10" HPOS="114" VPOS="521" WIDTH="756" HEIGHT="27">
							<String ID="string_87" HPOS="114" VPOS="522" WIDTH="64" HEIGHT="26" WC="0.96" CONTENT="jemte"/><SP WIDTH="21" VPOS="522" HPOS="178"/>
							<String ID="string_88" HPOS="199" VPOS="521" WIDTH="36" HEIGHT="21" WC="0.96" CONTENT="det"/><SP WIDTH="21" VPOS="521" HPOS="235"/>
							<String ID="string_89" HPOS="256" VPOS="523" WIDTH="29" HEIGHT="19" WC="0.93" CONTENT="ett"/><SP WIDTH="20" VPOS="523" HPOS="285"/>
							<String ID="string_90" HPOS="305" VPOS="521" WIDTH="156" HEIGHT="27" WC="0.95" CONTENT="förtydligande"/><SP WIDTH="22" VPOS="521" HPOS="461"/>
							<String ID="string_91" HPOS="483" VPOS="521" WIDTH="72" HEIGHT="27" WC="0.95" CONTENT="tillägg"/><SP WIDTH="15" VPOS="521" HPOS="555"/>
							<String ID="string_92" HPOS="570" VPOS="523" WIDTH="80" HEIGHT="18" WC="0.96" CONTENT="ansetts"/><SP WIDTH="16" VPOS="523" HPOS="650"/>
							<String ID="string_93" HPOS="666" VPOS="521" WIDTH="50" HEIGHT="20" WC="0.96" CONTENT="böra"/><SP WIDTH="15" VPOS="521" HPOS="716"/>
							<String ID="string_94" HPOS="731" VPOS="521" WIDTH="6" HEIGHT="20" WC="0.93" CONTENT="i"/><SP WIDTH="16" VPOS="521" HPOS="737"/>
							<String ID="string_95" HPOS="753" VPOS="521" WIDTH="45" HEIGHT="26" WC="0.72" CONTENT="$:ns"/><SP WIDTH="16" VPOS="521" HPOS="798"/>
							<String ID="string_96" HPOS="814" VPOS="521" WIDTH="56" HEIGHT="20" WC="0.96" CONTENT="förra"/>
						</TextLine>
						<TextLine ID="line_11" HPOS="114" VPOS="554" WIDTH="753" HEIGHT="28">
							<String ID="string_97" HPOS="114" VPOS="562" WIDTH="63" HEIGHT="14" WC="0.96" CONTENT="mom."/><SP WIDTH="15" VPOS="562" HPOS="177"/>
							<String ID="string_98" HPOS="192" VPOS="556" WIDTH="88" HEIGHT="25" WC="0.96" CONTENT="införas;"/><SP WIDTH="20" VPOS="556" HPOS="280"/>
							<String ID="string_99" HPOS="300" VPOS="555" WIDTH="37" HEIGHT="21" WC="0.96" CONTENT="och"/><SP WIDTH="17" VPOS="555" HPOS="337"/>
							<String ID="string_100" HPOS="354" VPOS="555" WIDTH="61" HEIGHT="21" WC="0.93" CONTENT="hafva"/><SP WIDTH="19" VPOS="555" HPOS="415"/>
							<String ID="string_101" HPOS="434" VPOS="555" WIDTH="101" HEIGHT="27" WC="0.93" CONTENT="derjemte"/><SP WIDTH="16" VPOS="555" HPOS="535"/>
							<String ID="string_102" HPOS="551" VPOS="555" WIDTH="96" HEIGHT="21" WC="0.96" CONTENT="rättelser"/><SP WIDTH="18" VPOS="555" HPOS="647"/>
							<String ID="string_103" HPOS="665" VPOS="555" WIDTH="3" HEIGHT="20" WC="0.96" CONTENT="i"/><SP WIDTH="16" VPOS="555" HPOS="668"/>
							<String ID="string_104" HPOS="684" VPOS="556" WIDTH="28" HEIGHT="23" WC="0.94" CONTENT="88"/><SP WIDTH="15" VPOS="556" HPOS="712"/>
							<String ID="string_105" HPOS="727" VPOS="555" WIDTH="38" HEIGHT="27" WC="0.96" CONTENT="83,"/><SP WIDTH="15" VPOS="555" HPOS="765"/>
							<String ID="string_106" HPOS="780" VPOS="554" WIDTH="29" HEIGHT="23" WC="0.96" CONTENT="87"/><SP WIDTH="19" VPOS="554" HPOS="809"/>
							<String ID="string_107" HPOS="828" VPOS="555" WIDTH="39" HEIGHT="20" WC="0.96" CONTENT="och"/>
						</TextLine>
						<TextLine ID="line_12" HPOS="115" VPOS="589" WIDTH="755" HEIGHT="28">
							<String ID="string_108" HPOS="115" VPOS="589" WIDTH="30" HEIGHT="22" WC="0.89" CONTENT="89"/><SP WIDTH="15" VPOS="589" HPOS="145"/>
							<String ID="string_109" HPOS="160" VPOS="590" WIDTH="104" HEIGHT="27" WC="0.89" CONTENT="betingats"/><SP WIDTH="22" VPOS="590" HPOS="264"/>
							<String ID="string_110" HPOS="286" VPOS="590" WIDTH="21" HEIGHT="20" WC="0.93" CONTENT="af"/><SP WIDTH="22" VPOS="590" HPOS="307"/>
							<String ID="string_111" HPOS="329" VPOS="596" WIDTH="109" HEIGHT="15" WC="0.93" CONTENT="reservens"/><SP WIDTH="15" VPOS="596" HPOS="438"/>
							<String ID="string_112" HPOS="453" VPOS="590" WIDTH="40" HEIGHT="20" WC="0.93" CONTENT="och"/><SP WIDTH="15" VPOS="590" HPOS="493"/>
							<String ID="string_113" HPOS="508" VPOS="590" WIDTH="144" HEIGHT="20" WC="0.92" CONTENT="landtvärnets"/><SP WIDTH="15" VPOS="590" HPOS="652"/>
							<String ID="string_114" HPOS="667" VPOS="589" WIDTH="127" HEIGHT="21" WC="0.92" CONTENT="förändrade"/><SP WIDTH="16" VPOS="589" HPOS="794"/>
							<String ID="string_115" HPOS="810" VPOS="595" WIDTH="60" HEIGHT="21" WC="0.93" CONTENT="orga-"/>
						</TextLine>
						<TextLine ID="line_13" HPOS="115" VPOS="624" WIDTH="96" HEIGHT="21">
							<String ID="string_116" HPOS="115" VPOS="624" WIDTH="96" HEIGHT="21" WC="0.92" CONTENT="nisation."/>
						</TextLine>
					</TextBlock>
					<TextBlock ID="block_3" HPOS="114" VPOS="657" WIDTH="758" HEIGHT="782">
						<TextLine ID="line_14" HPOS="183" VPOS="657" WIDTH="685" HEIGHT="28">
							<String ID="string_117" HPOS="183" VPOS="659" WIDTH="89" HEIGHT="20" WC="0.92" CONTENT="Jemlikt"/><SP WIDTH="20" VPOS="659" HPOS="272"/>
							<String ID="string_118" HPOS="292" VPOS="660" WIDTH="37" HEIGHT="19" WC="0.96" CONTENT="art."/><SP WIDTH="21" VPOS="660" HPOS="329"/>
							<String ID="string_119" HPOS="350" VPOS="659" WIDTH="40" HEIGHT="20" WC="0.96" CONTENT="113"/><SP WIDTH="19" VPOS="659" HPOS="390"/>
							<String ID="string_120" HPOS="409" VPOS="658" WIDTH="7" HEIGHT="20" WC="0.95" CONTENT="i"/><SP WIDTH="22" VPOS="658" HPOS="416"/>
							<String ID="string_121" HPOS="438" VPOS="658" WIDTH="41" HEIGHT="21" WC="0.93" CONTENT="den"/><SP WIDTH="16" VPOS="658" HPOS="479"/>
							<String ID="string_122" HPOS="495" VPOS="658" WIDTH="76" HEIGHT="27" WC="0.92" CONTENT="nädiga"/><SP WIDTH="15" VPOS="658" HPOS="571"/>
							<String ID="string_123" HPOS="586" VPOS="658" WIDTH="155" HEIGHT="27" WC="0.96" CONTENT="propositionen"/><SP WIDTH="17" VPOS="658" HPOS="741"/>
							<String ID="string_124" HPOS="758" VPOS="657" WIDTH="68" HEIGHT="21" WC="0.96" CONTENT="skulle"/><SP WIDTH="17" VPOS="657" HPOS="826"/>
							<String ID="string_125" HPOS="843" VPOS="657" WIDTH="25" HEIGHT="21" WC="0.96" CONTENT="de"/>
						</TextLine>
						<TextLine ID="line_15" HPOS="115" VPOS="692" WIDTH="755" HEIGHT="28">
							<String ID="string_126" HPOS="115" VPOS="699" WIDTH="105" HEIGHT="21" WC="0.93" CONTENT="personer,"/><SP WIDTH="23" VPOS="699" HPOS="220"/>
							<String ID="string_127" HPOS="243" VPOS="693" WIDTH="70" HEIGHT="20" WC="0.96" CONTENT="hvilka"/><SP WIDTH="24" VPOS="693" HPOS="313"/>
							<String ID="string_128" HPOS="337" VPOS="693" WIDTH="33" HEIGHT="20" WC="0.93" CONTENT="vid"/><SP WIDTH="23" VPOS="693" HPOS="370"/>
							<String ID="string_129" HPOS="393" VPOS="692" WIDTH="148" HEIGHT="27" WC="0.76" CONTENT="besigtningen"/><SP WIDTH="23" VPOS="692" HPOS="541"/>
							<String ID="string_130" HPOS="564" VPOS="692" WIDTH="109" HEIGHT="21" WC="0.96" CONTENT="befunnits"/><SP WIDTH="22" VPOS="692" HPOS="673"/>
							<String ID="string_131" HPOS="695" VPOS="692" WIDTH="32" HEIGHT="21" WC="0.93" CONTENT="till"/><SP WIDTH="21" VPOS="692" HPOS="727"/>
							<String ID="string_132" HPOS="748" VPOS="692" WIDTH="122" HEIGHT="27" WC="0.92" CONTENT="krigstjenst"/>
						</TextLine>
						<TextLine ID="line_16" HPOS="116" VPOS="725" WIDTH="754" HEIGHT="30">
							<String ID="string_133" HPOS="116" VPOS="727" WIDTH="85" HEIGHT="28" WC="0.90" CONTENT="dugliga"/><SP WIDTH="16" VPOS="727" HPOS="201"/>
							<String ID="string_134" HPOS="217" VPOS="727" WIDTH="39" HEIGHT="21" WC="0.93" CONTENT="och"/><SP WIDTH="15" VPOS="727" HPOS="256"/>
							<String ID="string_135" HPOS="271" VPOS="727" WIDTH="49" HEIGHT="27" WC="0.92" CONTENT="ingä"/><SP WIDTH="15" VPOS="727" HPOS="320"/>
							<String ID="string_136" HPOS="335" VPOS="727" WIDTH="7" HEIGHT="20" WC="0.96" CONTENT="i"/><SP WIDTH="15" VPOS="727" HPOS="342"/>
							<String ID="string_137" HPOS="357" VPOS="727" WIDTH="35" HEIGHT="20" WC="0.97" CONTENT="det"/><SP WIDTH="15" VPOS="727" HPOS="392"/>
							<String ID="string_138" HPOS="407" VPOS="727" WIDTH="58" HEIGHT="20" WC="0.93" CONTENT="antal"/><SP WIDTH="16" VPOS="727" HPOS="465"/>
							<String ID="string_139" HPOS="481" VPOS="727" WIDTH="95" HEIGHT="26" WC="0.92" CONTENT="rekryter"/><SP WIDTH="12" VPOS="727" HPOS="576"/>
							<String ID="string_140" HPOS="588" VPOS="726" WIDTH="96" HEIGHT="21" WC="0.93" CONTENT="omrädet"/><SP WIDTH="12" VPOS="726" HPOS="684"/>
							<String ID="string_141" HPOS="696" VPOS="726" WIDTH="52" HEIGHT="21" WC="0.93" CONTENT="skall"/><SP WIDTH="12" VPOS="726" HPOS="748"/>
							<String ID="string_142" HPOS="760" VPOS="725" WIDTH="110" HEIGHT="28" WC="0.91" CONTENT="uppställa,"/>
						</TextLine>
						<TextLine ID="line_17" HPOS="115" VPOS="760" WIDTH="756" HEIGHT="28">
							<String ID="string_143" HPOS="115" VPOS="768" WIDTH="62" HEIGHT="15" WC="0.92" CONTENT="anses"/><SP WIDTH="20" VPOS="768" HPOS="177"/>
							<String ID="string_144" HPOS="197" VPOS="761" WIDTH="70" HEIGHT="21" WC="0.90" CONTENT="säsom"/><SP WIDTH="20" VPOS="761" HPOS="267"/>
							<String ID="string_145" HPOS="287" VPOS="763" WIDTH="89" HEIGHT="25" WC="0.90" CONTENT="antagna"/><SP WIDTH="20" VPOS="763" HPOS="376"/>
							<String ID="string_146" HPOS="396" VPOS="761" WIDTH="7" HEIGHT="20" WC="0.92" CONTENT="i"/><SP WIDTH="22" VPOS="761" HPOS="403"/>
							<String ID="string_147" HPOS="425" VPOS="761" WIDTH="70" HEIGHT="27" WC="0.92" CONTENT="tjenst,"/><SP WIDTH="21" VPOS="761" HPOS="495"/>
							<String ID="string_148" HPOS="516" VPOS="761" WIDTH="90" HEIGHT="20" WC="0.93" CONTENT="hvarhos"/><SP WIDTH="21" VPOS="761" HPOS="606"/>
							<String ID="string_149" HPOS="627" VPOS="763" WIDTH="36" HEIGHT="18" WC="0.96" CONTENT="art."/><SP WIDTH="18" VPOS="763" HPOS="663"/>
							<String ID="string_150" HPOS="681" VPOS="761" WIDTH="39" HEIGHT="20" WC="0.93" CONTENT="116"/><SP WIDTH="16" VPOS="761" HPOS="720"/>
							<String ID="string_151" HPOS="736" VPOS="760" WIDTH="135" HEIGHT="21" WC="0.93" CONTENT="föreskrifver"/>
						</TextLine>
						<TextLine ID="line_18" HPOS="115" VPOS="794" WIDTH="756" HEIGHT="28">
							<String ID="string_152" HPOS="115" VPOS="798" WIDTH="30" HEIGHT="19" WC="0.95" CONTENT="att"/><SP WIDTH="15" VPOS="798" HPOS="145"/>
							<String ID="string_153" HPOS="160" VPOS="796" WIDTH="26" HEIGHT="20" WC="0.93" CONTENT="de"/><SP WIDTH="15" VPOS="796" HPOS="186"/>
							<String ID="string_154" HPOS="201" VPOS="795" WIDTH="90" HEIGHT="21" WC="0.92" CONTENT="sälunda"/><SP WIDTH="15" VPOS="795" HPOS="291"/>
							<String ID="string_155" HPOS="306" VPOS="797" WIDTH="90" HEIGHT="25" WC="0.91" CONTENT="antagna"/><SP WIDTH="16" VPOS="797" HPOS="396"/>
							<String ID="string_156" HPOS="412" VPOS="795" WIDTH="131" HEIGHT="21" WC="0.91" CONTENT="omedelbart"/><SP WIDTH="10" VPOS="795" HPOS="543"/>
							<String ID="string_157" HPOS="553" VPOS="795" WIDTH="65" HEIGHT="20" WC="0.97" CONTENT="borde"/><SP WIDTH="13" VPOS="795" HPOS="618"/>
							<String ID="string_158" HPOS="631" VPOS="795" WIDTH="55" HEIGHT="20" WC="0.93" CONTENT="inför"/><SP WIDTH="11" VPOS="795" HPOS="686"/>
							<String ID="string_159" HPOS="697" VPOS="795" WIDTH="101" HEIGHT="20" WC="0.92" CONTENT="distrikts-"/><SP WIDTH="12" VPOS="795" HPOS="798"/>
							<String ID="string_160" HPOS="810" VPOS="794" WIDTH="61" HEIGHT="27" WC="0.92" CONTENT="(upp-"/>
						</TextLine>
						<TextLine ID="line_19" HPOS="114" VPOS="828" WIDTH="756" HEIGHT="29">
							<String ID="string_161" HPOS="114" VPOS="830" WIDTH="159" HEIGHT="26" WC="0.80" CONTENT="bäds-)nämden"/><SP WIDTH="22" VPOS="830" HPOS="273"/>
							<String ID="string_162" HPOS="295" VPOS="829" WIDTH="80" HEIGHT="28" WC="0.90" CONTENT="aflägga"/><SP WIDTH="21" VPOS="829" HPOS="375"/>
							<String ID="string_163" HPOS="396" VPOS="829" WIDTH="33" HEIGHT="28" WC="0.93" CONTENT="ed,"/><SP WIDTH="21" VPOS="829" HPOS="429"/>
							<String ID="string_164" HPOS="450" VPOS="829" WIDTH="105" HEIGHT="21" WC="0.93" CONTENT="hvarefter"/><SP WIDTH="19" VPOS="829" HPOS="555"/>
							<String ID="string_165" HPOS="574" VPOS="829" WIDTH="129" HEIGHT="27" WC="0.91" CONTENT="rekryterna,"/><SP WIDTH="17" VPOS="829" HPOS="703"/>
							<String ID="string_166" HPOS="720" VPOS="829" WIDTH="24" HEIGHT="26" WC="0.93" CONTENT="pä"/><SP WIDTH="16" VPOS="829" HPOS="744"/>
							<String ID="string_167" HPOS="760" VPOS="828" WIDTH="110" HEIGHT="21" WC="0.93" CONTENT="föranstal-"/>
						</TextLine>
						<TextLine ID="line_20" HPOS="114" VPOS="862" WIDTH="756" HEIGHT="29">
							<String ID="string_168" HPOS="114" VPOS="864" WIDTH="63" HEIGHT="21" WC="0.91" CONTENT="tande"/><SP WIDTH="16" VPOS="864" HPOS="177"/>
							<String ID="string_169" HPOS="193" VPOS="864" WIDTH="21" HEIGHT="20" WC="0.93" CONTENT="af"/><SP WIDTH="14" VPOS="864" HPOS="214"/>
							<String ID="string_170" HPOS="228" VPOS="864" WIDTH="146" HEIGHT="27" WC="0.92" CONTENT="länenämden,"/><SP WIDTH="16" VPOS="864" HPOS="374"/>
							<String ID="string_171" HPOS="390" VPOS="863" WIDTH="72" HEIGHT="21" WC="0.93" CONTENT="kunde"/><SP WIDTH="11" VPOS="863" HPOS="462"/>
							<String ID="string_172" HPOS="473" VPOS="865" WIDTH="114" HEIGHT="26" WC="0.91" CONTENT="temporärt"/><SP WIDTH="14" VPOS="865" HPOS="587"/>
							<String ID="string_173" HPOS="601" VPOS="863" WIDTH="154" HEIGHT="27" WC="0.92" CONTENT="hemförlofvas,"/><SP WIDTH="11" VPOS="863" HPOS="755"/>
							<String ID="string_174" HPOS="766" VPOS="863" WIDTH="65" HEIGHT="20" WC="0.93" CONTENT="innan"/><SP WIDTH="13" VPOS="863" HPOS="831"/>
							<String ID="string_175" HPOS="844" VPOS="862" WIDTH="26" HEIGHT="21" WC="0.96" CONTENT="de"/>
						</TextLine>
						<TextLine ID="line_21" HPOS="115" VPOS="897" WIDTH="755" HEIGHT="28">
							<String ID="string_176" HPOS="115" VPOS="899" WIDTH="52" HEIGHT="26" WC="0.92" CONTENT="egde"/><SP WIDTH="20" VPOS="899" HPOS="167"/>
							<String ID="string_177" HPOS="187" VPOS="898" WIDTH="82" HEIGHT="21" WC="0.91" CONTENT="inställa"/><SP WIDTH="19" VPOS="898" HPOS="269"/>
							<String ID="string_178" HPOS="288" VPOS="899" WIDTH="31" HEIGHT="26" WC="0.95" CONTENT="sig"/><SP WIDTH="15" VPOS="899" HPOS="319"/>
							<String ID="string_179" HPOS="334" VPOS="899" WIDTH="6" HEIGHT="19" WC="0.93" CONTENT="i"/><SP WIDTH="16" VPOS="899" HPOS="340"/>
							<String ID="string_180" HPOS="356" VPOS="898" WIDTH="139" HEIGHT="27" WC="0.89" CONTENT="tjenstgöring"/><SP WIDTH="18" VPOS="898" HPOS="495"/>
							<String ID="string_181" HPOS="513" VPOS="898" WIDTH="32" HEIGHT="20" WC="0.93" CONTENT="vid"/><SP WIDTH="17" VPOS="898" HPOS="545"/>
							<String ID="string_182" HPOS="562" VPOS="904" WIDTH="52" HEIGHT="21" WC="0.93" CONTENT="resp."/><SP WIDTH="17" VPOS="904" HPOS="614"/>
							<String ID="string_183" HPOS="631" VPOS="900" WIDTH="91" HEIGHT="25" WC="0.92" CONTENT="trupper."/><SP WIDTH="29" VPOS="900" HPOS="722"/>
							<String ID="string_184" HPOS="751" VPOS="897" WIDTH="63" HEIGHT="21" WC="0.93" CONTENT="Detta"/><SP WIDTH="15" VPOS="897" HPOS="814"/>
							<String ID="string_185" HPOS="829" VPOS="897" WIDTH="41" HEIGHT="20" WC="0.93" CONTENT="för-"/>
						</TextLine>
						<TextLine ID="line_22" HPOS="114" VPOS="931" WIDTH="756" HEIGHT="29">
							<String ID="string_186" HPOS="114" VPOS="933" WIDTH="126" HEIGHT="27" WC="0.89" CONTENT="faringssätt,"/><SP WIDTH="22" VPOS="933" HPOS="240"/>
							<String ID="string_187" HPOS="262" VPOS="933" WIDTH="78" HEIGHT="20" WC="0.96" CONTENT="hvilket"/><SP WIDTH="18" VPOS="933" HPOS="340"/>
							<String ID="string_188" HPOS="358" VPOS="933" WIDTH="46" HEIGHT="20" WC="0.96" CONTENT="icke"/><SP WIDTH="21" VPOS="933" HPOS="404"/>
							<String ID="string_189" HPOS="425" VPOS="938" WIDTH="50" HEIGHT="21" WC="0.96" CONTENT="eger"/><SP WIDTH="20" VPOS="938" HPOS="475"/>
							<String ID="string_190" HPOS="495" VPOS="932" WIDTH="147" HEIGHT="27" WC="0.96" CONTENT="tillämplighet"/><SP WIDTH="21" VPOS="932" HPOS="642"/>
							<String ID="string_191" HPOS="663" VPOS="932" WIDTH="34" HEIGHT="20" WC="0.96" CONTENT="vid"/><SP WIDTH="21" VPOS="932" HPOS="697"/>
							<String ID="string_192" HPOS="718" VPOS="931" WIDTH="34" HEIGHT="21" WC="0.19" CONTENT="det"/><SP WIDTH="14" VPOS="931" HPOS="752"/>
							<String ID="string_193" HPOS="766" VPOS="931" WIDTH="8" HEIGHT="21" WC="0.19" CONTENT="i"/><SP WIDTH="15" VPOS="931" HPOS="774"/>
							<String ID="string_194" HPOS="789" VPOS="931" WIDTH="81" HEIGHT="20" WC="0.92" CONTENT="Värne-"/>
						</TextLine>
						<TextLine ID="line_23" HPOS="114" VPOS="965" WIDTH="758" HEIGHT="30">
							<String ID="string_195" HPOS="114" VPOS="967" WIDTH="125" HEIGHT="28" WC="0.88" CONTENT="pligtslagen"/><SP WIDTH="16" VPOS="967" HPOS="239"/>
							<String ID="string_196" HPOS="255" VPOS="967" WIDTH="65" HEIGHT="27" WC="0.93" CONTENT="följda"/><SP WIDTH="15" VPOS="967" HPOS="320"/>
							<String ID="string_197" HPOS="335" VPOS="969" WIDTH="102" HEIGHT="24" WC="0.96" CONTENT="systemet"/><SP WIDTH="15" VPOS="969" HPOS="437"/>
							<String ID="string_198" HPOS="452" VPOS="967" WIDTH="48" HEIGHT="20" WC="0.93" CONTENT="med"/><SP WIDTH="12" VPOS="967" HPOS="500"/>
							<String ID="string_199" HPOS="512" VPOS="967" WIDTH="164" HEIGHT="26" WC="0.93" CONTENT="kontingentens"/><SP WIDTH="12" VPOS="967" HPOS="676"/>
							<String ID="string_200" HPOS="688" VPOS="966" WIDTH="119" HEIGHT="27" WC="0.93" CONTENT="fördelning"/><SP WIDTH="11" VPOS="966" HPOS="807"/>
							<String ID="string_201" HPOS="818" VPOS="965" WIDTH="54" HEIGHT="21" WC="0.96" CONTENT="efter"/>
						</TextLine>
						<TextLine ID="line_24" HPOS="114" VPOS="1000" WIDTH="756" HEIGHT="29">
							<String ID="string_202" HPOS="114" VPOS="1001" WIDTH="113" HEIGHT="28" WC="0.92" CONTENT="uppbädet,"/><SP WIDTH="20" VPOS="1001" HPOS="227"/>
							<String ID="string_203" HPOS="247" VPOS="1008" WIDTH="64" HEIGHT="21" WC="0.92" CONTENT="synes"/><SP WIDTH="22" VPOS="1008" HPOS="311"/>
							<String ID="string_204" HPOS="333" VPOS="1001" WIDTH="107" HEIGHT="20" WC="0.96" CONTENT="dessutom"/><SP WIDTH="19" VPOS="1001" HPOS="440"/>
							<String ID="string_205" HPOS="459" VPOS="1001" WIDTH="22" HEIGHT="20" WC="0.96" CONTENT="sä"/><SP WIDTH="21" VPOS="1001" HPOS="481"/>
							<String ID="string_206" HPOS="502" VPOS="1001" WIDTH="86" HEIGHT="26" WC="0.95" CONTENT="mycket"/><SP WIDTH="15" VPOS="1001" HPOS="588"/>
							<String ID="string_207" HPOS="603" VPOS="1007" WIDTH="45" HEIGHT="14" WC="0.93" CONTENT="mer"/><SP WIDTH="20" VPOS="1007" HPOS="648"/>
							<String ID="string_208" HPOS="668" VPOS="1000" WIDTH="86" HEIGHT="27" WC="0.92" CONTENT="obilligt,"/><SP WIDTH="18" VPOS="1000" HPOS="754"/>
							<String ID="string_209" HPOS="772" VPOS="1006" WIDTH="47" HEIGHT="14" WC="0.93" CONTENT="som"/><SP WIDTH="15" VPOS="1006" HPOS="819"/>
							<String ID="string_210" HPOS="834" VPOS="1006" WIDTH="36" HEIGHT="14" WC="0.93" CONTENT="en-"/>
						</TextLine>
						<TextLine ID="line_25" HPOS="115" VPOS="1034" WIDTH="754" HEIGHT="29">
							<String ID="string_211" HPOS="115" VPOS="1036" WIDTH="38" HEIGHT="27" WC="0.93" CONTENT="ligt"/><SP WIDTH="13" VPOS="1036" HPOS="153"/>
							<String ID="string_212" HPOS="166" VPOS="1036" WIDTH="116" HEIGHT="21" WC="0.92" CONTENT="detsamma"/><SP WIDTH="11" VPOS="1036" HPOS="282"/>
							<String ID="string_213" HPOS="293" VPOS="1036" WIDTH="39" HEIGHT="20" WC="0.93" CONTENT="den"/><SP WIDTH="12" VPOS="1036" HPOS="332"/>
							<String ID="string_214" HPOS="344" VPOS="1035" WIDTH="172" HEIGHT="27" WC="0.92" CONTENT="oundgängligen"/><SP WIDTH="11" VPOS="1035" HPOS="516"/>
							<String ID="string_215" HPOS="527" VPOS="1035" WIDTH="133" HEIGHT="26" WC="0.92" CONTENT="nödvändiga"/><SP WIDTH="11" VPOS="1035" HPOS="660"/>
							<String ID="string_216" HPOS="671" VPOS="1034" WIDTH="198" HEIGHT="21" WC="0.91" CONTENT="förberedelsetiden"/>
						</TextLine>
						<TextLine ID="line_26" HPOS="115" VPOS="1068" WIDTH="756" HEIGHT="29">
							<String ID="string_217" HPOS="115" VPOS="1070" WIDTH="32" HEIGHT="21" WC="0.93" CONTENT="för"/><SP WIDTH="19" VPOS="1070" HPOS="147"/>
							<String ID="string_218" HPOS="166" VPOS="1070" WIDTH="91" HEIGHT="21" WC="0.96" CONTENT="inträdet"/><SP WIDTH="19" VPOS="1070" HPOS="257"/>
							<String ID="string_219" HPOS="276" VPOS="1070" WIDTH="6" HEIGHT="20" WC="0.96" CONTENT="i"/><SP WIDTH="22" VPOS="1070" HPOS="282"/>
							<String ID="string_220" HPOS="304" VPOS="1070" WIDTH="55" HEIGHT="21" WC="0.93" CONTENT="aktiv"/><SP WIDTH="23" VPOS="1070" HPOS="359"/>
							<String ID="string_221" HPOS="382" VPOS="1070" WIDTH="64" HEIGHT="27" WC="0.93" CONTENT="tjenst"/><SP WIDTH="21" VPOS="1070" HPOS="446"/>
							<String ID="string_222" HPOS="467" VPOS="1069" WIDTH="46" HEIGHT="21" WC="0.96" CONTENT="icke"/><SP WIDTH="21" VPOS="1069" HPOS="513"/>
							<String ID="string_223" HPOS="534" VPOS="1075" WIDTH="49" HEIGHT="15" WC="0.96" CONTENT="vore"/><SP WIDTH="16" VPOS="1075" HPOS="583"/>
							<String ID="string_224" HPOS="599" VPOS="1075" WIDTH="26" HEIGHT="15" WC="0.97" CONTENT="en"/><SP WIDTH="17" VPOS="1075" HPOS="625"/>
							<String ID="string_225" HPOS="642" VPOS="1069" WIDTH="39" HEIGHT="20" WC="0.93" CONTENT="den"/><SP WIDTH="18" VPOS="1069" HPOS="681"/>
							<String ID="string_226" HPOS="699" VPOS="1068" WIDTH="172" HEIGHT="27" WC="0.91" CONTENT="värnepligtigo"/><SP WIDTH="-14" VPOS="1068" HPOS="871"/>
							<String ID="string_227" HPOS="857" VPOS="1064" WIDTH="16" HEIGHT="37" WC="0.96" CONTENT="i"/>
						</TextLine>
						<TextLine ID="line_27" HPOS="115" VPOS="1102" WIDTH="756" HEIGHT="29">
							<String ID="string_228" HPOS="115" VPOS="1105" WIDTH="34" HEIGHT="25" WC="0.92" CONTENT="lag"/><SP WIDTH="15" VPOS="1105" HPOS="149"/>
							<String ID="string_229" HPOS="164" VPOS="1104" WIDTH="121" HEIGHT="27" WC="0.92" CONTENT="medgifven"/><SP WIDTH="16" VPOS="1104" HPOS="285"/>
							<String ID="string_230" HPOS="301" VPOS="1104" WIDTH="103" HEIGHT="27" WC="0.96" CONTENT="rättighet,"/><SP WIDTH="17" VPOS="1104" HPOS="404"/>
							<String ID="string_231" HPOS="421" VPOS="1106" WIDTH="50" HEIGHT="18" WC="0.93" CONTENT="utan"/><SP WIDTH="16" VPOS="1106" HPOS="471"/>
							<String ID="string_232" HPOS="487" VPOS="1103" WIDTH="69" HEIGHT="21" WC="0.88" CONTENT="blefve"/><SP WIDTH="16" VPOS="1103" HPOS="556"/>
							<String ID="string_233" HPOS="572" VPOS="1103" WIDTH="106" HEIGHT="21" WC="0.96" CONTENT="beroende"/><SP WIDTH="16" VPOS="1103" HPOS="678"/>
							<String ID="string_234" HPOS="694" VPOS="1103" WIDTH="21" HEIGHT="20" WC="0.93" CONTENT="af"/><SP WIDTH="16" VPOS="1103" HPOS="715"/>
							<String ID="string_235" HPOS="731" VPOS="1102" WIDTH="140" HEIGHT="21" WC="0.84" CONTENT="vederböran-"/>
						</TextLine>
						<TextLine ID="line_28" HPOS="115" VPOS="1136" WIDTH="756" HEIGHT="29">
							<String ID="string_236" HPOS="115" VPOS="1139" WIDTH="37" HEIGHT="20" WC="0.96" CONTENT="des"/><SP WIDTH="16" VPOS="1139" HPOS="152"/>
							<String ID="string_237" HPOS="168" VPOS="1145" WIDTH="45" HEIGHT="14" WC="0.96" CONTENT="mer"/><SP WIDTH="15" VPOS="1145" HPOS="213"/>
							<String ID="string_238" HPOS="228" VPOS="1138" WIDTH="51" HEIGHT="21" WC="0.96" CONTENT="eller"/><SP WIDTH="14" VPOS="1138" HPOS="279"/>
							<String ID="string_239" HPOS="293" VPOS="1138" WIDTH="82" HEIGHT="21" WC="0.93" CONTENT="mindre"/><SP WIDTH="16" VPOS="1138" HPOS="375"/>
							<String ID="string_240" HPOS="391" VPOS="1138" WIDTH="135" HEIGHT="27" WC="0.92" CONTENT="godtyckliga"/><SP WIDTH="16" VPOS="1138" HPOS="526"/>
							<String ID="string_241" HPOS="542" VPOS="1137" WIDTH="104" HEIGHT="28" WC="0.93" CONTENT="pröfning."/><SP WIDTH="31" VPOS="1137" HPOS="646"/>
							<String ID="string_242" HPOS="677" VPOS="1137" WIDTH="54" HEIGHT="20" WC="0.96" CONTENT="Vida"/><SP WIDTH="15" VPOS="1137" HPOS="731"/>
							<String ID="string_243" HPOS="746" VPOS="1143" WIDTH="45" HEIGHT="14" WC="0.93" CONTENT="mer"/><SP WIDTH="11" VPOS="1143" HPOS="791"/>
							<String ID="string_244" HPOS="802" VPOS="1136" WIDTH="69" HEIGHT="21" WC="0.92" CONTENT="öfver-"/>
						</TextLine>
						<TextLine ID="line_29" HPOS="115" VPOS="1170" WIDTH="756" HEIGHT="29">
							<String ID="string_245" HPOS="115" VPOS="1173" WIDTH="170" HEIGHT="20" WC="0.91" CONTENT="ensstämmande"/><SP WIDTH="20" VPOS="1173" HPOS="285"/>
							<String ID="string_246" HPOS="305" VPOS="1173" WIDTH="47" HEIGHT="20" WC="0.95" CONTENT="med"/><SP WIDTH="16" VPOS="1173" HPOS="352"/>
							<String ID="string_247" HPOS="368" VPOS="1174" WIDTH="41" HEIGHT="19" WC="0.96" CONTENT="rätt"/><SP WIDTH="21" VPOS="1174" HPOS="409"/>
							<String ID="string_248" HPOS="430" VPOS="1173" WIDTH="39" HEIGHT="20" WC="0.93" CONTENT="och"/><SP WIDTH="20" VPOS="1173" HPOS="469"/>
							<String ID="string_249" HPOS="489" VPOS="1171" WIDTH="96" HEIGHT="28" WC="0.90" CONTENT="billighet"/><SP WIDTH="15" VPOS="1171" HPOS="585"/>
							<String ID="string_250" HPOS="600" VPOS="1173" WIDTH="23" HEIGHT="19" WC="0.97" CONTENT="är"/><SP WIDTH="15" VPOS="1173" HPOS="623"/>
							<String ID="string_251" HPOS="638" VPOS="1174" WIDTH="35" HEIGHT="24" WC="0.96" CONTENT="att,"/><SP WIDTH="15" VPOS="1174" HPOS="673"/>
							<String ID="string_252" HPOS="688" VPOS="1171" WIDTH="26" HEIGHT="27" WC="0.96" CONTENT="pä"/><SP WIDTH="15" VPOS="1171" HPOS="714"/>
							<String ID="string_253" HPOS="729" VPOS="1173" WIDTH="40" HEIGHT="18" WC="0.93" CONTENT="sätt"/><SP WIDTH="19" VPOS="1173" HPOS="769"/>
							<String ID="string_254" HPOS="788" VPOS="1171" WIDTH="13" HEIGHT="24" WC="0.95" CONTENT="8"/><SP WIDTH="16" VPOS="1171" HPOS="801"/>
							<String ID="string_255" HPOS="817" VPOS="1170" WIDTH="31" HEIGHT="21" WC="0.96" CONTENT="84"/><SP WIDTH="17" VPOS="1170" HPOS="848"/>
							<String ID="string_256" HPOS="865" VPOS="1171" WIDTH="6" HEIGHT="20" WC="0.84" CONTENT="i"/>
						</TextLine>
						<TextLine ID="line_30" HPOS="116" VPOS="1205" WIDTH="756" HEIGHT="29">
							<String ID="string_257" HPOS="116" VPOS="1207" WIDTH="203" HEIGHT="27" WC="0.92" CONTENT="Värnepligtslagen,"/><SP WIDTH="17" VPOS="1207" HPOS="319"/>
							<String ID="string_258" HPOS="336" VPOS="1207" WIDTH="68" HEIGHT="20" WC="0.92" CONTENT="säsom"/><SP WIDTH="17" VPOS="1207" HPOS="404"/>
							<String ID="string_259" HPOS="421" VPOS="1207" WIDTH="70" HEIGHT="20" WC="0.93" CONTENT="denna"/><SP WIDTH="16" VPOS="1207" HPOS="491"/>
							<String ID="string_260" HPOS="507" VPOS="1206" WIDTH="12" HEIGHT="27" WC="0.90" CONTENT="&amp;"/><SP WIDTH="15" VPOS="1206" HPOS="519"/>
							<String ID="string_261" HPOS="534" VPOS="1206" WIDTH="61" HEIGHT="27" WC="0.91" CONTENT="lyder"/><SP WIDTH="15" VPOS="1206" HPOS="595"/>
							<String ID="string_262" HPOS="610" VPOS="1206" WIDTH="6" HEIGHT="20" WC="0.93" CONTENT="i"/><SP WIDTH="16" VPOS="1206" HPOS="616"/>
							<String ID="string_263" HPOS="632" VPOS="1205" WIDTH="77" HEIGHT="27" WC="0.92" CONTENT="nädiga"/><SP WIDTH="12" VPOS="1205" HPOS="709"/>
							<String ID="string_264" HPOS="721" VPOS="1205" WIDTH="151" HEIGHT="26" WC="0.96" CONTENT="förordningen"/>
						</TextLine>
						<TextLine ID="line_31" HPOS="116" VPOS="1239" WIDTH="755" HEIGHT="28">
							<String ID="string_265" HPOS="116" VPOS="1241" WIDTH="39" HEIGHT="20" WC="0.96" CONTENT="den"/><SP WIDTH="18" VPOS="1241" HPOS="155"/>
							<String ID="string_266" HPOS="173" VPOS="1241" WIDTH="26" HEIGHT="20" WC="0.96" CONTENT="20"/><SP WIDTH="16" VPOS="1241" HPOS="199"/>
							<String ID="string_267" HPOS="215" VPOS="1241" WIDTH="120" HEIGHT="20" WC="0.96" CONTENT="November"/><SP WIDTH="9" VPOS="1241" HPOS="335"/>
							<String ID="string_268" HPOS="344" VPOS="1241" WIDTH="60" HEIGHT="24" WC="0.92" CONTENT="1882,"/><SP WIDTH="9" VPOS="1241" HPOS="404"/>
							<String ID="string_269" HPOS="413" VPOS="1241" WIDTH="141" HEIGHT="26" WC="0.85" CONTENT="föreskrifver,"/><SP WIDTH="9" VPOS="1241" HPOS="554"/>
							<String ID="string_270" HPOS="563" VPOS="1240" WIDTH="25" HEIGHT="21" WC="0.96" CONTENT="de"/><SP WIDTH="9" VPOS="1240" HPOS="588"/>
							<String ID="string_271" HPOS="597" VPOS="1240" WIDTH="32" HEIGHT="21" WC="0.93" CONTENT="till"/><SP WIDTH="9" VPOS="1240" HPOS="629"/>
							<String ID="string_272" HPOS="638" VPOS="1240" WIDTH="137" HEIGHT="27" WC="0.92" CONTENT="tjenstgöring"/><SP WIDTH="8" VPOS="1240" HPOS="775"/>
							<String ID="string_273" HPOS="783" VPOS="1239" WIDTH="88" HEIGHT="20" WC="0.93" CONTENT="utsedde"/>
						</TextLine>
						<TextLine ID="line_32" HPOS="116" VPOS="1273" WIDTH="754" HEIGHT="29">
							<String ID="string_274" HPOS="116" VPOS="1275" WIDTH="121" HEIGHT="27" WC="0.96" CONTENT="offentligen"/><SP WIDTH="22" VPOS="1275" HPOS="237"/>
							<String ID="string_275" HPOS="259" VPOS="1275" WIDTH="66" HEIGHT="20" WC="0.96" CONTENT="kallas"/><SP WIDTH="16" VPOS="1275" HPOS="325"/>
							<String ID="string_276" HPOS="341" VPOS="1277" WIDTH="29" HEIGHT="19" WC="0.93" CONTENT="att"/><SP WIDTH="16" VPOS="1277" HPOS="370"/>
							<String ID="string_277" HPOS="386" VPOS="1275" WIDTH="12" HEIGHT="20" WC="0.93" CONTENT="å"/><SP WIDTH="13" VPOS="1275" HPOS="398"/>
							<String ID="string_278" HPOS="411" VPOS="1275" WIDTH="95" HEIGHT="20" WC="0.96" CONTENT="bestämd"/><SP WIDTH="16" VPOS="1275" HPOS="506"/>
							<String ID="string_279" HPOS="522" VPOS="1275" WIDTH="40" HEIGHT="26" WC="0.92" CONTENT="dag"/><SP WIDTH="15" VPOS="1275" HPOS="562"/>
							<String ID="string_280" HPOS="577" VPOS="1274" WIDTH="82" HEIGHT="21" WC="0.94" CONTENT="infinna"/><SP WIDTH="15" VPOS="1274" HPOS="659"/>
							<String ID="string_281" HPOS="674" VPOS="1275" WIDTH="32" HEIGHT="26" WC="0.96" CONTENT="sig"/><SP WIDTH="16" VPOS="1275" HPOS="706"/>
							<String ID="string_282" HPOS="722" VPOS="1275" WIDTH="6" HEIGHT="19" WC="0.93" CONTENT="i"/><SP WIDTH="16" VPOS="1275" HPOS="728"/>
							<String ID="string_283" HPOS="744" VPOS="1274" WIDTH="73" HEIGHT="27" WC="0.92" CONTENT="tjenst;"/><SP WIDTH="14" VPOS="1274" HPOS="817"/>
							<String ID="string_284" HPOS="831" VPOS="1273" WIDTH="39" HEIGHT="21" WC="0.96" CONTENT="och"/>
						</TextLine>
						<TextLine ID="line_33" HPOS="115" VPOS="1307" WIDTH="757" HEIGHT="30">
							<String ID="string_285" HPOS="115" VPOS="1309" WIDTH="60" HEIGHT="22" WC="0.97" CONTENT="torde"/><SP WIDTH="15" VPOS="1309" HPOS="175"/>
							<String ID="string_286" HPOS="190" VPOS="1310" WIDTH="35" HEIGHT="21" WC="0.93" CONTENT="det"/><SP WIDTH="14" VPOS="1310" HPOS="225"/>
							<String ID="string_287" HPOS="239" VPOS="1310" WIDTH="78" HEIGHT="27" WC="0.92" CONTENT="jemväl"/><SP WIDTH="15" VPOS="1310" HPOS="317"/>
							<String ID="string_288" HPOS="332" VPOS="1309" WIDTH="21" HEIGHT="21" WC="0.96" CONTENT="få"/><SP WIDTH="16" VPOS="1309" HPOS="353"/>
							<String ID="string_289" HPOS="369" VPOS="1315" WIDTH="62" HEIGHT="15" WC="0.93" CONTENT="anses"/><SP WIDTH="15" VPOS="1315" HPOS="431"/>
							<String ID="string_290" HPOS="446" VPOS="1309" WIDTH="123" HEIGHT="28" WC="0.96" CONTENT="lämpligare"/><SP WIDTH="16" VPOS="1309" HPOS="569"/>
							<String ID="string_291" HPOS="585" VPOS="1311" WIDTH="35" HEIGHT="25" WC="0.93" CONTENT="att,"/><SP WIDTH="16" VPOS="1311" HPOS="620"/>
							<String ID="string_292" HPOS="636" VPOS="1309" WIDTH="69" HEIGHT="20" WC="0.96" CONTENT="såsom"/><SP WIDTH="15" VPOS="1309" HPOS="705"/>
							<String ID="string_293" HPOS="720" VPOS="1310" WIDTH="6" HEIGHT="19" WC="0.95" CONTENT="i"/><SP WIDTH="14" VPOS="1310" HPOS="726"/>
							<String ID="string_294" HPOS="740" VPOS="1309" WIDTH="12" HEIGHT="24" WC="0.86" CONTENT="8"/><SP WIDTH="13" VPOS="1309" HPOS="752"/>
							<String ID="string_295" HPOS="765" VPOS="1307" WIDTH="31" HEIGHT="22" WC="0.92" CONTENT="88"/><SP WIDTH="20" VPOS="1307" HPOS="796"/>
							<String ID="string_296" HPOS="816" VPOS="1307" WIDTH="56" HEIGHT="21" WC="0.92" CONTENT="stad-"/>
						</TextLine>
						<TextLine ID="line_34" HPOS="116" VPOS="1342" WIDTH="756" HEIGHT="29">
							<String ID="string_297" HPOS="116" VPOS="1350" WIDTH="43" HEIGHT="21" WC="0.93" CONTENT="gas,"/><SP WIDTH="21" VPOS="1350" HPOS="159"/>
							<String ID="string_298" HPOS="180" VPOS="1343" WIDTH="188" HEIGHT="28" WC="0.91" CONTENT="krigsmannaeden"/><SP WIDTH="22" VPOS="1343" HPOS="368"/>
							<String ID="string_299" HPOS="390" VPOS="1343" WIDTH="93" HEIGHT="27" WC="0.93" CONTENT="aflägges"/><SP WIDTH="21" VPOS="1343" HPOS="483"/>
							<String ID="string_300" HPOS="504" VPOS="1343" WIDTH="52" HEIGHT="21" WC="0.96" CONTENT="först"/><SP WIDTH="19" VPOS="1343" HPOS="556"/>
							<String ID="string_301" HPOS="575" VPOS="1343" WIDTH="34" HEIGHT="20" WC="0.93" CONTENT="vid"/><SP WIDTH="17" VPOS="1343" HPOS="609"/>
							<String ID="string_302" HPOS="626" VPOS="1343" WIDTH="122" HEIGHT="20" WC="0.92" CONTENT="ankomsten"/><SP WIDTH="18" VPOS="1343" HPOS="748"/>
							<String ID="string_303" HPOS="766" VPOS="1342" WIDTH="32" HEIGHT="21" WC="0.93" CONTENT="till"/><SP WIDTH="16" VPOS="1342" HPOS="798"/>
							<String ID="string_304" HPOS="814" VPOS="1344" WIDTH="58" HEIGHT="24" WC="0.93" CONTENT="trup-"/>
						</TextLine>
						<TextLine ID="line_35" HPOS="116" VPOS="1376" WIDTH="756" HEIGHT="29">
							<String ID="string_305" HPOS="116" VPOS="1384" WIDTH="47" HEIGHT="21" WC="0.96" CONTENT="pen,"/><SP WIDTH="21" VPOS="1384" HPOS="163"/>
							<String ID="string_306" HPOS="184" VPOS="1378" WIDTH="54" HEIGHT="21" WC="0.93" CONTENT="helst"/><SP WIDTH="16" VPOS="1378" HPOS="238"/>
							<String ID="string_307" HPOS="254" VPOS="1378" WIDTH="121" HEIGHT="27" WC="0.92" CONTENT="härigenom"/><SP WIDTH="16" VPOS="1378" HPOS="375"/>
							<String ID="string_308" HPOS="391" VPOS="1379" WIDTH="30" HEIGHT="19" WC="0.93" CONTENT="ett"/><SP WIDTH="15" VPOS="1379" HPOS="421"/>
							<String ID="string_309" HPOS="436" VPOS="1377" WIDTH="138" HEIGHT="28" WC="0.90" CONTENT="högtidligare"/><SP WIDTH="18" VPOS="1377" HPOS="574"/>
							<String ID="string_310" HPOS="592" VPOS="1377" WIDTH="106" HEIGHT="27" WC="0.92" CONTENT="begäende"/><SP WIDTH="16" VPOS="1377" HPOS="698"/>
							<String ID="string_311" HPOS="714" VPOS="1377" WIDTH="20" HEIGHT="20" WC="0.96" CONTENT="af"/><SP WIDTH="15" VPOS="1377" HPOS="734"/>
							<String ID="string_312" HPOS="749" VPOS="1377" WIDTH="55" HEIGHT="20" WC="0.93" CONTENT="eden"/><SP WIDTH="16" VPOS="1377" HPOS="804"/>
							<String ID="string_313" HPOS="820" VPOS="1376" WIDTH="52" HEIGHT="26" WC="0.93" CONTENT="möj-"/>
						</TextLine>
						<TextLine ID="line_36" HPOS="116" VPOS="1412" WIDTH="96" HEIGHT="27">
							<String ID="string_314" HPOS="116" VPOS="1412" WIDTH="96" HEIGHT="27" WC="0.92" CONTENT="liggöres."/>
						</TextLine>
					</TextBlock>
				</ComposedBlock>
			</PrintSpace>
		</Page>
	</Layout>
</alto>
