1086 1761
827 123 28 21 59

126 191 7 21 i
148 191 100 26 fredstid;
273 192 21 26 3)
313 191 35 21 vid
364 191 152 27 öfningsmöte;
540 192 22 26 4)
579 191 6 21 i
602 191 115 27 civiltjenst
732 191 39 22 och
787 191 22 27 5)
825 194 59 18 utom

127 227 43 20 stat
185 225 68 22 under
269 225 36 22 två
319 225 35 21 års
370 225 32 21 tid
416 225 34 22 för
466 225 149 22 öfverförande
631 226 33 21 till
680 232 98 15 reserven
794 225 7 22 i
812 225 72 22 anled-

126 260 50 27 ning
192 259 23 22 af
227 259 131 27 befattnings
373 259 137 28 indragande.

195 313 51 19 Art.
263 312 62 18 205.
348 310 199 26 Reservofficerare,
563 317 46 15 som
621 311 102 21 anställas
735 312 6 20 i
752 311 48 21 civil
811 311 73 27 tjenst,

127 345 119 21 bibehållas
261 344 35 22 vid
312 344 47 22 sina
374 345 96 21 militära
484 346 79 26 grader
578 345 33 21 för
626 345 41 21 den
680 345 102 22 händelse
793 346 26 20 de
830 346 55 26 ånyo

127 380 69 21 skulle
218 379 85 22 inträda
328 380 6 20 i
357 382 126 24 truppernas
506 380 35 21 led
568 380 52 21 eller
647 382 113 19 utnämnas
785 380 34 21 till
837 380 48 21 civil

129 414 71 27 tjenst,
217 420 44 15 som
278 414 41 20 kan
335 414 95 21 besättas
446 414 48 21 med
510 414 168 27 militärperson,
690 417 55 18 samt
755 415 92 26 åtnjuta,
859 414 27 20 då

129 448 25 21 de
170 448 97 21 tillträda
283 454 68 14 annan
370 448 125 27 befattning,
512 449 49 20 civil
577 455 59 20 rang,
653 448 85 22 hvartill
754 449 26 21 de
796 451 38 19 äro
849 448 36 21 be-

129 483 108 26 rättigade
260 483 27 26 på
309 483 68 26 grund
401 482 24 21 af
439 483 91 26 tidigare
545 483 59 20 aktiv
620 482 141 27 tjenstgöring
777 484 34 21 vid
827 482 58 22 civilt

129 517 52 20 verk
196 517 53 20 eller
265 516 7 21 i
288 516 130 27 krigstjenst,
434 517 52 21 eller
501 517 27 26 på
543 517 69 26 grund
629 517 23 21 af
665 517 156 21 innehafvande
831 516 54 22 bild-

130 551 121 26 ningsgrad,
267 551 40 21 allt
321 551 54 21 efter
391 551 55 21 hvad
463 552 25 21 de
504 558 51 15 anse
571 551 34 22 för
621 551 32 27 sig
668 551 155 28 förmånligast.

196 590 51 17 Anm.
271 590 36 17 Till
325 590 71 18 arméns
414 595 61 13 reserv
493 590 82 18 hörande
593 590 105 18 officerares
717 590 33 18 och
764 591 121 22 tjenstemäns

129 618 90 23 rättighet
231 618 29 18 till
273 618 115 23 delaktighet
400 619 5 17 i
418 619 163 23 landttruppernas
590 619 140 18 emeritalkassa
738 619 109 17 bestämmes
856 624 29 17 ge-

129 652 42 13 nom
182 648 66 22 regler,
261 652 37 13 som
311 647 59 18 finnas
382 648 76 22 intagna
470 648 6 17 i
488 648 313 22 Militäraförfattningssamlingen.

197 691 52 18 Art.
268 691 61 18 206.
361 683 29 27 Åt
405 688 111 22 officerare
532 689 40 21 och
588 689 134 27 tjenstemän,
737 695 47 15 som
799 688 87 22 inskrif-

129 728 36 16 vas
183 723 35 21 vid
237 729 106 20 reserven,
360 723 96 21 utfärdas
470 723 105 22 särskildt
591 723 142 27 reserv-intyg
749 723 68 26 enligt
831 722 54 21 bifo-

128 757 51 27 gadt
194 756 109 22 formulär.

197 805 51 18 Art.
265 804 60 19 207.
356 802 60 22 Efter
433 802 156 28 öfverföringen
605 804 34 20 till
655 809 99 15 reserven
771 802 115 22 inskrifvas

129 837 111 21 officerare
258 837 39 21 och
312 838 128 26 tjenstemän
456 838 6 20 i
478 838 94 21 rullorna
588 838 39 21 hos
643 837 242 22 Militärbefälhafvaren

129 872 6 20 i
153 872 35 21 det
204 872 93 25 distrikt,
314 872 37 21 der
367 872 25 21 de
407 872 72 21 bosatt
494 872 38 27 sig.

198 920 51 18 Art.
266 920 61 18 208.
342 914 16 34 I
378 924 98 15 reserven
487 918 88 21 stående
587 918 109 21 officerare
708 918 38 21 och
756 918 129 26 tjenstemän

129 952 61 21 skola
205 952 33 21 till
254 952 41 21 den
312 952 331 25 distriktsmilitärbefälhafvare,
659 953 39 20 hos
714 952 86 21 hvilken
811 952 26 21 de
849 953 36 19 äro

130 985 104 22 inskrifna
249 987 7 20 i
272 986 95 21 rullorna
382 987 50 26 (art.
449 987 57 27 207),
523 987 91 21 aflemna
630 987 118 27 uppgifter:
766 987 21 26 1)
804 992 33 15 om
854 985 32 21 sin

130 1021 126 26 boningsort
275 1021 39 21 och
330 1021 72 27 hvarje
418 1021 45 22 deri
478 1021 93 22 skeende
587 1021 126 27 förändring
727 1021 57 21 inom
800 1020 86 21 distrik-

130 1057 37 24 tet,
190 1055 40 21 och
254 1056 22 26 2)
293 1061 33 15 om
350 1055 82 22 inträde
448 1056 6 20 i
471 1055 65 27 tjenst
551 1056 35 21 vid
603 1055 127 26 civilstaten,
744 1055 143 26 jernvägarne

130 1090 52 21 eller
198 1090 125 27 telegrafen,
339 1097 33 15 om
383 1091 126 26 utnämning
520 1091 32 20 till
563 1090 128 27 befattning,
702 1097 45 14 som
758 1089 82 22 medför
852 1089 34 21 be-

130 1123 71 22 frielse
224 1124 47 21 från
295 1125 123 21 inkallande
434 1125 7 21 i
456 1125 59 21 aktiv
538 1125 131 27 krigstjenst,
688 1127 55 19 samt
759 1130 34 15 om
809 1123 78 27 afgång

130 1158 47 21 från
200 1159 66 20 sådan
290 1159 119 27 befattning
432 1159 52 21 eller
500 1159 116 21 befordran
632 1159 33 21 till
680 1159 66 27 högre
761 1158 49 22 civil
825 1163 61 21 rang.

130 1192 49 22 Alla
194 1192 80 22 sådana
290 1192 107 28 uppgifter
413 1193 53 21 böra
481 1193 102 21 aflemnas
594 1193 57 21 inom
662 1194 36 26 sju
710 1193 71 27 dagar,
793 1192 94 21 räknadt

131 1227 47 21 från
201 1227 185 28 öfverflyttningen
409 1228 33 21 till
465 1234 70 15 annan
558 1228 134 26 boningsort,
712 1227 125 26 utnämning
853 1226 33 21 till

130 1262 127 27 befattning,
278 1262 79 27 afgång
376 1269 26 14 ur
418 1262 65 27 tjenst
498 1263 53 21 eller
566 1262 116 22 befordran
698 1262 32 21 till
745 1262 67 26 högre
827 1260 59 27 grad.

130 1296 91 27 Uppgift
235 1302 34 15 om
285 1296 125 28 boningsort
426 1297 52 21 eller
494 1296 124 27 förändring
633 1296 23 22 af
670 1297 125 21 densamma
805 1296 40 21 bör
855 1294 32 22 åt-

131 1330 61 26 följas
209 1330 23 21 af
246 1331 171 26 reserv-intyget,
433 1331 87 25 hvilket,
537 1332 65 20 sedan
614 1330 139 27 erforderliga
764 1330 124 21 antecknin-

129 1371 39 20 gar
183 1364 51 22 derå
256 1364 70 22 blifvit
348 1364 81 28 gjorda,
449 1365 134 21 omedelbart
601 1365 34 21 till
652 1365 161 21 vederbörande
831 1364 57 21 åter-

130 1400 81 20 ställes.
244 1400 106 20 Anmälan
366 1406 33 15 om
416 1400 126 26 boningsort
557 1400 57 21 skall
630 1400 82 26 årligen
728 1400 64 20 innan
809 1400 40 20 den
862 1400 25 19 13

129 1434 32 26 (1)
177 1434 89 20 Januari
283 1434 91 26 förnyas.
