1086 1761
443 119 20 21 U.
480 119 21 21 B.
795 120 23 20 11

95 187 39 14 nas
151 181 95 27 vetskap,
262 181 40 22 fria
318 181 49 27 vilja
383 182 41 21 och
440 182 118 27 samtycke,
574 182 42 21 och
628 182 84 21 således
723 182 48 21 icke
782 182 67 21 häller

94 215 69 21 under
178 215 69 22 andra
263 216 69 21 vilkor
348 217 27 20 än
391 216 48 21 dem
457 217 117 20 ständerna
590 216 111 27 medgifvit
716 217 49 20 eller
782 216 67 21 förut-

95 252 49 24 satt,
163 253 57 18 samt
235 252 32 19 att
282 250 53 21 finsk
352 257 51 14 man
418 257 79 20 genom
513 253 31 18 att
559 253 87 25 uttagas
660 250 31 21 till
706 251 143 26 tjänstgöring

95 284 34 20 vid
148 284 50 27 rysk
214 286 63 25 trupp
294 285 110 21 dessutom
420 285 67 21 skulle
503 284 28 27 gä
546 285 96 27 förlustig
658 285 42 21 den
715 285 81 21 honom
812 291 37 20 ge-

95 324 51 15 nom
165 318 55 21 finsk
241 319 105 27 grundlag
365 319 203 27 (regeringsformen
584 319 12 27 $
615 320 34 25 16;
672 319 121 27 förenings-
808 319 41 21 och

95 352 178 22 säkerhetsakten
289 353 68 27 punkt
371 354 21 26 2)
413 353 157 22 tillförsäkrade
585 354 113 20 förmänen
714 356 31 18 att
760 354 35 20 stä
810 360 40 14 un-

95 387 38 21 der
153 390 48 24 eget
221 388 62 20 lands
303 388 60 26 lagar
382 388 41 21 och
442 390 32 19 att
492 388 76 21 dömas
585 388 65 27 enligt
666 388 69 21 dessa.
765 388 34 20 Ett
815 388 35 20 sä-

95 422 54 20 dant
171 422 125 27 stadgande,
320 429 47 15 som
390 422 41 22 den
455 423 79 27 nädiga
557 423 163 27 propositionen
743 422 57 21 afser
822 434 28 3 —

97 456 79 21 hvilket
194 457 81 27 jämväl
294 456 104 22 innebure
419 457 92 27 ändring
531 457 22 21 af
571 457 253 27 grundlagsstadganden
845 457 4 20 i

96 491 99 26 gällande
218 491 167 27 värnepliktslag
409 504 25 2 —
457 492 43 20 kan
520 492 28 27 pä
567 492 65 21 dessa
651 492 41 21 och
711 491 68 27 öfriga
797 491 53 25 skäl,

96 526 49 20 dem
169 526 104 21 utskottet
288 526 6 20 i
310 526 35 20 sitt
367 526 68 21 första
454 526 136 22 betänkande
609 526 113 26 utvecklat,
742 526 55 27 förty
817 528 34 18 ut-

96 560 73 21 färdas
194 560 77 22 endast
297 560 49 22 med
371 560 41 22 alla
435 560 46 28 fyra
505 560 104 22 ständens
632 560 14 22 å
668 560 102 27 landtdag
793 560 58 27 gifna

96 594 117 27 samtycke.

166 628 61 21 Hvad
248 629 46 21 äter
317 629 102 21 beträffar
441 629 102 28 förslaget
566 632 31 19 att
615 630 6 20 i
641 630 40 21 den
702 629 33 22 för
753 635 28 16 en
801 636 15 14 s.
832 629 19 20 k.

97 663 177 28 rikslagstiftning
288 664 116 27 uppstälda
420 664 92 27 ordning
527 665 41 20 och
584 664 85 22 säledes
685 667 50 18 utan
751 663 100 22 ständer-

98 704 40 15 nas
153 698 6 20 i
175 698 105 27 grundlag
295 699 111 20 bestämda
424 699 132 21 medvärkan
573 699 57 21 vissa
644 699 118 21 finansiella
777 698 75 27 bidrag

98 733 68 20 skulle
185 733 115 21 fastställas
316 735 32 19 att
363 733 23 21 af
400 733 202 22 storfurstendömet
618 733 89 21 Finland
723 733 81 26 årligen
821 739 31 14 er-

97 767 75 26 läggas
194 767 30 21 till
247 768 64 27 ryska
331 767 231 22 riksskattkammaren
582 768 34 21 för
636 768 91 21 militära
743 766 109 26 ändamäl,

97 802 26 21 sä
143 801 67 22 skulle
232 802 62 21 äfven
316 802 180 27 genomförandet
515 803 24 21 af
556 803 68 27 sagda
647 802 78 27 förslag
748 801 104 22 innebära

98 836 92 27 ändring
205 837 6 20 i
226 837 54 20 finsk
295 837 110 27 grundlag.

168 870 39 22 Om
224 871 107 27 nämligen
346 877 27 15 en
386 872 80 26 rikslag
475 871 24 21 af
507 872 79 27 antydd
604 871 146 21 beskaffenhet
766 871 87 21 komme

98 905 30 21 till
143 906 70 26 ständ,
231 905 24 21 sä
271 906 67 21 skulle
354 906 40 21 den
411 906 61 21 säväl
488 907 6 20 i
510 908 10 20 2
531 906 12 28 $
558 906 24 21 af
595 906 194 27 regeringsformen
805 911 48 15 som

98 940 6 20 i
120 940 13 21 2
149 940 95 27 punkten
260 940 23 22 af
300 940 121 28 förenings-
441 941 42 21 och
501 941 179 21 säkerhetsakten
701 940 96 22 uttalade
815 940 38 20 all-

99 976 80 19 männä
194 975 144 27 grundsatsen
354 978 31 18 att
401 975 72 21 landet
489 975 53 21 skall
557 978 71 25 styras
648 975 64 27 enligt
730 975 50 21 dess
799 980 55 21 egna

98 1009 61 27 lagar
179 1010 126 26 härigenom
324 1010 89 21 komma
436 1012 31 18 att
487 1010 42 21 lida
544 1010 92 27 intrång.
665 1010 48 21 Men
734 1010 47 20 icke
801 1009 52 21 blott

98 1044 72 22 denna
190 1043 110 23 allmänna
322 1045 115 27 grundsats
461 1045 68 21 skulle
552 1044 64 22 häraf
637 1044 98 26 beröras;
759 1044 36 20 det
817 1050 37 20 ges

99 1078 63 22 äfven
186 1082 29 18 ett
238 1079 32 21 för
292 1079 229 27 finansförvaltningen
546 1079 100 21 särskildt
671 1078 99 28 gällande
795 1078 58 20 stad-

99 1114 77 26 gande,
200 1121 46 14 som
266 1114 102 21 likaledes
387 1114 88 21 komme
493 1117 32 18 att
543 1114 75 21 träffas
633 1113 23 22 af
672 1113 115 22 enahanda
807 1112 46 21 öde.

99 1148 63 21 Detta
178 1149 5 20 i
202 1149 13 21 5
235 1149 12 26 $
263 1148 22 21 af
306 1149 54 21 1772
379 1148 36 21 års
435 1148 166 27 regeringsform
623 1148 111 27 ingående,
752 1154 26 15 ur
800 1147 55 22 1634

99 1183 36 20 års
163 1182 167 28 regeringsform
358 1185 111 25 upptagna
499 1183 119 27 stadgande
648 1181 118 23 innehåller
796 1183 59 19 näm-

99 1217 63 27 ligen,
182 1217 83 21 afklädt
285 1218 33 20 sin
338 1216 156 28 ålderdomliga
516 1218 68 24 dräkt,
604 1217 26 21 bl.
647 1224 25 19 a.,
688 1219 31 19 att
735 1216 120 22 monarken

99 1258 51 20 eger
166 1254 59 25 styra
240 1252 42 21 och
297 1252 54 21 råda
367 1252 60 21 öfver
437 1252 96 21 kronans
544 1252 54 26 gods
609 1252 41 20 och
661 1250 194 28 inkomstgifvande

99 1286 126 26 rättigheter
246 1286 65 27 enligt
329 1286 48 27 lag
395 1298 28 3 —
443 1286 85 22 således
543 1286 131 27 landslagen,
696 1286 86 20 hvilken
797 1286 58 20 ännu

99 1320 35 21 vid
154 1320 62 22 sidan
232 1320 22 22 af
271 1320 195 28 regeringsformen
480 1321 85 27 jämlikt
581 1321 50 21 dess
646 1322 13 19 2
674 1320 12 28 $
702 1320 39 21 har
756 1320 100 27 gällande

99 1355 55 21 kraft
171 1368 25 2 —
213 1356 56 20 och
286 1355 304 27 regeringsformen.
613 1355 71 21 Jämte
700 1354 64 22 dessa
779 1354 77 27 grund-

99 1392 70 19 satser
191 1390 67 21 skulle
281 1390 91 26 således,
397 1396 35 15 om
451 1396 28 15 en
499 1390 79 26 rikslag
593 1390 6 20 i
615 1390 142 21 förevarande
776 1389 80 21 ärende

168 1436 134 23 Lagutskottets
314 1436 109 18 betänkande
436 1436 34 18 N:o
483 1438 18 16 2.
