1095 1750
414 126 86 23 Ständ.
516 126 39 24 Sv.
809 128 25 20 57

107 199 151 27 truppernas
286 198 162 28 förvaltning
476 198 11 22 i
507 198 160 26 militäriskt,
687 198 113 22 sanitärt
819 198 44 22 och
879 212 2 4 .

108 232 155 22 ekonomiskt
293 232 121 22 afseende
446 232 133 22 inrättade
605 232 180 29 myndigheter
811 232 53 22 icke

108 266 87 23 kunna
214 266 151 22 införlifvas
385 266 59 22 med
464 267 61 22 eller
537 267 179 22 underordnas
728 267 48 22 den
786 266 78 29 ryska

107 300 343 29 militärdistriktsstyrelsen
469 301 60 22 eller
547 301 152 22 annorledes
714 300 38 30 på
770 301 95 22 sådant

108 336 50 22 sätt
178 335 147 27 förändras,
336 336 38 22 att
384 336 32 22 de
425 335 83 23 skulle
518 336 118 28 upphöra
646 337 38 21 att
694 342 64 16 vara
770 336 93 26 finska,

109 370 81 22 under
210 370 68 22 finsk
297 370 43 28 lag
359 370 118 28 lydande
495 370 185 29 myndigheter.
871 374 2 2 |

178 404 87 29 Enligt
285 405 40 21 1:a
343 404 115 28 punkten
477 404 8 22 i
503 405 95 29 nådiga
616 404 191 29 propositionen
823 410 41 16 an-

110 438 97 30 gående
234 438 146 30 grunderna
407 438 41 22 för
471 439 32 22 de
521 439 84 22 finska
624 440 152 28 truppernas
795 445 71 22 orga-

109 473 109 22 nisation
237 473 45 22 och
301 473 157 29 förvaltning
477 474 79 22 borde
575 474 31 22 de
625 474 84 22 finska
727 476 138 26 trupperna

109 508 8 22 i
137 508 117 22 afseende
274 508 14 22 å
306 508 92 29 högsta
417 508 189 29 förvaltningen
625 508 142 29 underlyda
781 508 84 28 Krigs-

110 542 136 26 ministern,
273 542 33 28 på
334 542 42 22 det
401 544 37 20 att
467 542 116 29 samtliga
611 542 119 26 ärenden,
755 548 53 16 som
830 548 35 16 er-

109 576 87 23 fordra
212 576 89 30 nådigt
317 577 147 29 afgörande,
477 577 76 22 måtte
567 577 7 22 i
587 577 204 29 underdånighet
803 576 62 23 före-

110 611 92 29 dragas
221 611 46 22 hos
286 611 124 29 Kejsaren
429 612 161 22 uteslutande
609 612 25 22 af
653 611 212 30 Krigsministern.

177 646 49 22 Det
252 646 52 22 ofta
333 646 146 28 åberopade
505 646 123 29 förslaget
658 646 36 22 till
717 645 149 29 förordning

110 681 46 21 har
176 681 89 28 i-kap.
291 681 12 22 I
325 681 84 28 dragit
431 681 102 28 mycket
553 681 71 29 långt
650 681 100 28 gående
778 681 88 21 konse-

109 715 109 22 kvenser
238 715 25 22 af
281 715 48 22 den
348 715 8 22 i
376 715 109 22 anförda
503 715 82 28 punkt
604 715 104 29 angifna
727 715 138 28 principen,

109 749 8 22 i
135 749 43 22 det
197 751 35 20 att
250 749 54 22 icke
322 749 64 22 blott
405 749 218 30 Krigsministern,
637 753 61 18 utan
712 749 56 22 hela
782 749 84 28 Krigs-

109 784 163 21 ministerium
291 784 56 22 med
367 784 91 26 kansli,
476 784 156 23 hufvudstab
646 784 46 22 och
706 783 160 29 öfverstyrel-

110 824 39 16 ser
176 818 98 22 komme
303 820 35 20 att
368 818 151 23 handhafva
547 819 111 22 ärenden
691 818 110 23 rörande
835 817 31 22 de

109 852 83 22 finska
217 854 146 27 trupperna,
392 853 38 22 till
457 853 64 29 följd
540 853 92 22 hvaraf
650 853 46 22 ock
715 853 49 22 den
783 852 83 22 finska

109 887 217 28 föredragandens
353 887 48 22 hos
430 887 208 30 Krigsministern
668 887 96 22 embete
787 886 79 23 skulle

112 921 130 22 afskaffas.

178 955 86 22 Andra
287 957 136 21 momentet
446 956 27 22 af
497 956 14 29 8
536 956 49 22 119
609 957 8 21 i
636 956 118 29 gällande
774 956 93 21 Värne-

108 990 125 29 pligtslag,
256 990 97 22 hvilket
379 990 56 22 häri
464 991 56 22 fullt
545 991 237 22 öfverensstämmer
809 990 57 21 med

109 1025 48 21 den
177 1025 27 22 år
224 1025 66 22 1877
320 1025 35 22 till
373 1025 158 29 landtdagen
551 1025 94 22 aflåtna
664 1025 94 29 nådiga
778 1031 89 22 propo-

109 1059 113 26 sitionen,
245 1059 125 22 förklarar
397 1059 44 22 det
472 1059 137 23 tillkomma
634 1059 233 29 Krigsministern
854 1055 17 37 i

110 1093 190 29 Kejsaredömet
320 1095 35 20 att
380 1093 162 30 »handlägga
564 1094 46 22 och
623 1094 45 22 hos
683 1094 123 29 Kejsaren
819 1093 46 22 och

112 1127 153 23 Storfursten
292 1127 138 30 föredraga
456 1129 97 22 sådana
577 1129 31 22 de
626 1129 84 22 finska
730 1130 137 26 trupperna

110 1162 108 22 rörande
246 1163 222 29 angelägenheter,
496 1170 52 16 som
576 1163 53 22 icke
648 1163 107 22 hänföra
775 1162 38 29 sig
832 1162 36 22 till

111 1196 191 30 lagstiftningen
327 1197 60 22 eller
409 1197 51 22 den
489 1198 163 22 ekonomiska
680 1197 188 29 förvaltningen

110 1231 59 22 eller
196 1238 40 15 om
263 1232 100 22 hvilkas
387 1232 157 29 behandling
566 1232 98 22 landets
685 1232 181 28 författningar

110 1265 54 22 icke
197 1266 159 22 annorlunda
383 1266 178 22 föreskrifva.>
611 1266 193 29 Handlingarna
831 1266 38 21 rö-

109 1300 79 22 rande
207 1300 204 28 propositionens
431 1301 121 22 tillkomst
564 1301 91 27 utvisa,
671 1302 36 21 att
720 1300 148 23 dåvarande

111 1333 206 30 Krigsministern
337 1334 89 30 grefve
446 1335 109 29 Miljutin
574 1335 53 23 icke
647 1337 81 21 ansett
758 1342 31 15 en
816 1334 53 22 vid-

111 1368 137 23 sträcktare
273 1369 154 29 befogenhet
454 1370 41 22 för
520 1370 213 29 Krigsministern,
760 1370 32 22 än
819 1369 50 22 den

109 1402 105 23 härmed
234 1403 111 29 angifna,
365 1410 65 16 vara
449 1404 121 29 behöflig.
