<?xml version="1.0" encoding="UTF-8"?>
<alto xmlns="http://www.loc.gov/standards/alto/ns-v3#" xmlns:xlink="http://www.w3.org/1999/xlink" xmlns:xsi="http://www.w3.org/2001/XMLSchema-instance" xsi:schemaLocation="http://www.loc.gov/standards/alto/ns-v3# http://www.loc.gov/alto/v3/alto-3-0.xsd">
	<Description>
		<MeasurementUnit>pixel</MeasurementUnit>
		<sourceImageInformation>
			<fileName>/tmp/tess_hz57k24a_input.PNG</fileName>
		</sourceImageInformation>
		<OCRProcessing ID="OCR_0">
			<ocrProcessingStep>
				<processingSoftware>
					<softwareName>tesseract 5.3.4</softwareName>
				</processingSoftware>
			</ocrProcessingStep>
		</OCRProcessing>
	</Description>
	<Layout>
		<Page WIDTH="1089" HEIGHT="1773" PHYSICAL_IMG_NR="0" ID="page_0">
			<PrintSpace HPOS="0" VPOS="0" WIDTH="1089" HEIGHT="1773">
				<ComposedBlock ID="cblock_0" HPOS="239" VPOS="141" WIDTH="41" HEIGHT="20">
					<TextBlock ID="block_0" HPOS="239" VPOS="141" WIDTH="41" HEIGHT="20">
						<TextLine ID="line_0" HPOS="239" VPOS="141" WIDTH="41" HEIGHT="20">
							<String ID="string_0" HPOS="239" VPOS="141" WIDTH="41" HEIGHT="20" WC="0.96" CONTENT="150"/>
						</TextLine>
					</TextBlock>
				</ComposedBlock>
				<ComposedBlock ID="cblock_1" HPOS="549" VPOS="141" WIDTH="72" HEIGHT="22">
					<TextBlock ID="block_1" HPOS="549" VPOS="141" WIDTH="72" HEIGHT="22">
						<TextLine ID="line_1" HPOS="549" VPOS="141" WIDTH="72" HEIGHT="22">
							<String ID="string_1" HPOS="549" VPOS="141" WIDTH="29" HEIGHT="22" WC="0.90" CONTENT="U."/><SP WIDTH="16" VPOS="141" HPOS="578"/>
							<String ID="string_2" HPOS="594" VPOS="141" WIDTH="27" HEIGHT="22" WC="0.92" CONTENT="B."/>
						</TextLine>
					</TextBlock>
				</ComposedBlock>
				<ComposedBlock ID="cblock_2" HPOS="415" VPOS="209" WIDTH="551" HEIGHT="338">
					<TextBlock ID="block_2" HPOS="415" VPOS="209" WIDTH="550" HEIGHT="131">
						<TextLine ID="line_2" HPOS="417" VPOS="209" WIDTH="546" HEIGHT="28">
							<String ID="string_3" HPOS="417" VPOS="210" WIDTH="53" HEIGHT="21" WC="0.95" CONTENT="till"/><SP WIDTH="14" VPOS="210" HPOS="470"/>
							<String ID="string_4" HPOS="484" VPOS="210" WIDTH="146" HEIGHT="27" WC="0.94" CONTENT="volontär,"/><SP WIDTH="16" VPOS="210" HPOS="630"/>
							<String ID="string_5" HPOS="646" VPOS="209" WIDTH="47" HEIGHT="21" WC="0.96" CONTENT="bör"/><SP WIDTH="11" VPOS="209" HPOS="693"/>
							<String ID="string_6" HPOS="704" VPOS="209" WIDTH="199" HEIGHT="28" WC="0.92" CONTENT="personligen"/><SP WIDTH="12" VPOS="209" HPOS="903"/>
							<String ID="string_7" HPOS="915" VPOS="216" WIDTH="48" HEIGHT="13" WC="0.92" CONTENT="an-"/>
						</TextLine>
						<TextLine ID="line_3" HPOS="415" VPOS="243" WIDTH="550" HEIGHT="29">
							<String ID="string_8" HPOS="415" VPOS="245" WIDTH="77" HEIGHT="20" WC="0.91" CONTENT="mäla"/><SP WIDTH="18" VPOS="245" HPOS="492"/>
							<String ID="string_9" HPOS="510" VPOS="244" WIDTH="42" HEIGHT="28" WC="0.96" CONTENT="sig"/><SP WIDTH="15" VPOS="244" HPOS="552"/>
							<String ID="string_10" HPOS="567" VPOS="244" WIDTH="50" HEIGHT="21" WC="0.95" CONTENT="hos"/><SP WIDTH="15" VPOS="244" HPOS="617"/>
							<String ID="string_11" HPOS="632" VPOS="243" WIDTH="218" HEIGHT="22" WC="0.91" CONTENT="vederbörande"/><SP WIDTH="16" VPOS="243" HPOS="850"/>
							<String ID="string_12" HPOS="866" VPOS="245" WIDTH="99" HEIGHT="26" WC="0.91" CONTENT="trupp-"/>
						</TextLine>
						<TextLine ID="line_4" HPOS="416" VPOS="277" WIDTH="549" HEIGHT="28">
							<String ID="string_13" HPOS="416" VPOS="279" WIDTH="185" HEIGHT="20" WC="0.96" CONTENT="kommendör"/><SP WIDTH="17" VPOS="279" HPOS="601"/>
							<String ID="string_14" HPOS="618" VPOS="279" WIDTH="75" HEIGHT="20" WC="0.93" CONTENT="eller"/><SP WIDTH="15" VPOS="279" HPOS="693"/>
							<String ID="string_15" HPOS="708" VPOS="278" WIDTH="141" HEIGHT="27" WC="0.89" CONTENT="chefskap"/><SP WIDTH="10" VPOS="278" HPOS="849"/>
							<String ID="string_16" HPOS="859" VPOS="279" WIDTH="48" HEIGHT="26" WC="0.93" CONTENT="för"/><SP WIDTH="12" VPOS="279" HPOS="907"/>
							<String ID="string_17" HPOS="919" VPOS="277" WIDTH="46" HEIGHT="21" WC="0.92" CONTENT="mi-"/>
						</TextLine>
						<TextLine ID="line_5" HPOS="416" VPOS="313" WIDTH="514" HEIGHT="27">
							<String ID="string_18" HPOS="416" VPOS="313" WIDTH="260" HEIGHT="27" WC="0.91" CONTENT="litärinrättning"/><SP WIDTH="16" VPOS="313" HPOS="676"/>
							<String ID="string_19" HPOS="692" VPOS="315" WIDTH="75" HEIGHT="19" WC="0.92" CONTENT="samt"/><SP WIDTH="15" VPOS="315" HPOS="767"/>
							<String ID="string_20" HPOS="782" VPOS="313" WIDTH="148" HEIGHT="21" WC="0.91" CONTENT="inlemna:"/>
						</TextLine>
					</TextBlock>
					<TextBlock ID="block_3" HPOS="460" VPOS="347" WIDTH="440" HEIGHT="28">
						<TextLine ID="line_6" HPOS="460" VPOS="347" WIDTH="440" HEIGHT="28">
							<String ID="string_21" HPOS="460" VPOS="348" WIDTH="20" HEIGHT="26" WC="0.93" CONTENT="a)"/><SP WIDTH="12" VPOS="348" HPOS="480"/>
							<String ID="string_22" HPOS="492" VPOS="347" WIDTH="120" HEIGHT="28" WC="0.91" CONTENT="prestbevis"/><SP WIDTH="16" VPOS="347" HPOS="612"/>
							<String ID="string_23" HPOS="628" VPOS="347" WIDTH="60" HEIGHT="28" WC="0.95" CONTENT="öfver"/><SP WIDTH="15" VPOS="347" HPOS="688"/>
							<String ID="string_24" HPOS="703" VPOS="347" WIDTH="61" HEIGHT="22" WC="0.96" CONTENT="ålder"/><SP WIDTH="15" VPOS="347" HPOS="764"/>
							<String ID="string_25" HPOS="779" VPOS="347" WIDTH="38" HEIGHT="21" WC="0.93" CONTENT="och"/><SP WIDTH="15" VPOS="347" HPOS="817"/>
							<String ID="string_26" HPOS="832" VPOS="347" WIDTH="68" HEIGHT="28" WC="0.90" CONTENT="frejd;"/>
						</TextLine>
					</TextBlock>
					<TextBlock ID="block_4" HPOS="416" VPOS="381" WIDTH="548" HEIGHT="97">
						<TextLine ID="line_7" HPOS="460" VPOS="381" WIDTH="503" HEIGHT="28">
							<String ID="string_27" HPOS="460" VPOS="381" WIDTH="18" HEIGHT="28" WC="0.92" CONTENT="b)"/><SP WIDTH="20" VPOS="381" HPOS="478"/>
							<String ID="string_28" HPOS="498" VPOS="382" WIDTH="52" HEIGHT="27" WC="0.96" CONTENT="ifall"/><SP WIDTH="20" VPOS="382" HPOS="550"/>
							<String ID="string_29" HPOS="570" VPOS="382" WIDTH="46" HEIGHT="21" WC="0.95" CONTENT="han"/><SP WIDTH="14" VPOS="382" HPOS="616"/>
							<String ID="string_30" HPOS="630" VPOS="383" WIDTH="27" HEIGHT="20" WC="0.96" CONTENT="är"/><SP WIDTH="15" VPOS="383" HPOS="657"/>
							<String ID="string_31" HPOS="672" VPOS="382" WIDTH="110" HEIGHT="27" WC="0.96" CONTENT="omyndig,"/><SP WIDTH="16" VPOS="382" HPOS="782"/>
							<String ID="string_32" HPOS="798" VPOS="381" WIDTH="63" HEIGHT="28" WC="0.96" CONTENT="intyg"/><SP WIDTH="16" VPOS="381" HPOS="861"/>
							<String ID="string_33" HPOS="877" VPOS="381" WIDTH="29" HEIGHT="28" WC="0.93" CONTENT="af"/><SP WIDTH="10" VPOS="381" HPOS="906"/>
							<String ID="string_34" HPOS="916" VPOS="381" WIDTH="47" HEIGHT="28" WC="0.93" CONTENT="för-"/>
						</TextLine>
						<TextLine ID="line_8" HPOS="416" VPOS="416" WIDTH="548" HEIGHT="28">
							<String ID="string_35" HPOS="416" VPOS="417" WIDTH="76" HEIGHT="20" WC="0.87" CONTENT="äldrar"/><SP WIDTH="25" VPOS="417" HPOS="492"/>
							<String ID="string_36" HPOS="517" VPOS="417" WIDTH="95" HEIGHT="26" WC="0.78" CONTENT="(utesl)"/><SP WIDTH="16" VPOS="417" HPOS="612"/>
							<String ID="string_37" HPOS="628" VPOS="417" WIDTH="52" HEIGHT="20" WC="0.96" CONTENT="eller"/><SP WIDTH="16" VPOS="417" HPOS="680"/>
							<String ID="string_38" HPOS="696" VPOS="416" WIDTH="110" HEIGHT="21" WC="0.96" CONTENT="målsman"/><SP WIDTH="23" VPOS="416" HPOS="806"/>
							<String ID="string_39" HPOS="829" VPOS="416" WIDTH="60" HEIGHT="28" WC="0.93" CONTENT="öfver"/><SP WIDTH="14" VPOS="416" HPOS="889"/>
							<String ID="string_40" HPOS="903" VPOS="423" WIDTH="61" HEIGHT="14" WC="0.92" CONTENT="sam-"/>
						</TextLine>
						<TextLine ID="line_9" HPOS="417" VPOS="450" WIDTH="307" HEIGHT="28">
							<String ID="string_41" HPOS="417" VPOS="451" WIDTH="59" HEIGHT="27" WC="0.96" CONTENT="tycke"/><SP WIDTH="16" VPOS="451" HPOS="476"/>
							<String ID="string_42" HPOS="492" VPOS="450" WIDTH="34" HEIGHT="21" WC="0.95" CONTENT="till"/><SP WIDTH="14" VPOS="450" HPOS="526"/>
							<String ID="string_43" HPOS="540" VPOS="451" WIDTH="109" HEIGHT="25" WC="0.95" CONTENT="inträdet;"/><SP WIDTH="16" VPOS="451" HPOS="649"/>
							<String ID="string_44" HPOS="665" VPOS="452" WIDTH="59" HEIGHT="19" WC="0.96" CONTENT="samt"/>
						</TextLine>
					</TextBlock>
					<TextBlock ID="block_5" HPOS="416" VPOS="484" WIDTH="550" HEIGHT="63">
						<TextLine ID="line_10" HPOS="460" VPOS="484" WIDTH="506" HEIGHT="28">
							<String ID="string_45" HPOS="460" VPOS="484" WIDTH="17" HEIGHT="28" WC="0.77" CONTENT="c)"/><SP WIDTH="19" VPOS="484" HPOS="477"/>
							<String ID="string_46" HPOS="496" VPOS="491" WIDTH="35" HEIGHT="14" WC="0.96" CONTENT="om"/><SP WIDTH="28" VPOS="491" HPOS="531"/>
							<String ID="string_47" HPOS="559" VPOS="485" WIDTH="45" HEIGHT="20" WC="0.96" CONTENT="han"/><SP WIDTH="25" VPOS="485" HPOS="604"/>
							<String ID="string_48" HPOS="629" VPOS="487" WIDTH="33" HEIGHT="18" WC="0.93" CONTENT="är"/><SP WIDTH="12" VPOS="487" HPOS="662"/>
							<String ID="string_49" HPOS="674" VPOS="485" WIDTH="126" HEIGHT="27" WC="0.86" CONTENT="inskrifven"/><SP WIDTH="15" VPOS="485" HPOS="800"/>
							<String ID="string_50" HPOS="815" VPOS="484" WIDTH="38" HEIGHT="21" WC="0.95" CONTENT="vid"/><SP WIDTH="13" VPOS="484" HPOS="853"/>
							<String ID="string_51" HPOS="866" VPOS="491" WIDTH="100" HEIGHT="14" WC="0.95" CONTENT="reserven"/>
						</TextLine>
						<TextLine ID="line_11" HPOS="416" VPOS="519" WIDTH="506" HEIGHT="28">
							<String ID="string_52" HPOS="416" VPOS="520" WIDTH="50" HEIGHT="20" WC="0.90" CONTENT="eller"/><SP WIDTH="14" VPOS="520" HPOS="466"/>
							<String ID="string_53" HPOS="480" VPOS="519" WIDTH="145" HEIGHT="27" WC="0.90" CONTENT="landtvärnet,"/><SP WIDTH="16" VPOS="519" HPOS="625"/>
							<String ID="string_54" HPOS="641" VPOS="519" WIDTH="63" HEIGHT="28" WC="0.93" CONTENT="intyg"/><SP WIDTH="10" VPOS="519" HPOS="704"/>
							<String ID="string_55" HPOS="714" VPOS="519" WIDTH="86" HEIGHT="28" WC="0.92" CONTENT="jemväl"/><SP WIDTH="15" VPOS="519" HPOS="800"/>
							<String ID="string_56" HPOS="815" VPOS="519" WIDTH="107" HEIGHT="28" WC="0.89" CONTENT="häröfver."/>
						</TextLine>
					</TextBlock>
				</ComposedBlock>
				<ComposedBlock ID="cblock_3" HPOS="651" VPOS="595" WIDTH="81" HEIGHT="25">
					<TextBlock ID="block_6" HPOS="651" VPOS="595" WIDTH="81" HEIGHT="25">
						<TextLine ID="line_12" HPOS="651" VPOS="595" WIDTH="81" HEIGHT="25">
							<String ID="string_57" HPOS="651" VPOS="595" WIDTH="15" HEIGHT="25" WC="0.92" CONTENT="$"/><SP WIDTH="14" VPOS="595" HPOS="666"/>
							<String ID="string_58" HPOS="680" VPOS="595" WIDTH="52" HEIGHT="20" WC="0.96" CONTENT="100."/>
						</TextLine>
					</TextBlock>
				</ComposedBlock>
				<ComposedBlock ID="cblock_4" HPOS="415" VPOS="639" WIDTH="552" HEIGHT="400">
					<TextBlock ID="block_7" HPOS="415" VPOS="639" WIDTH="551" HEIGHT="234">
						<TextLine ID="line_13" HPOS="460" VPOS="639" WIDTH="506" HEIGHT="28">
							<String ID="string_59" HPOS="460" VPOS="640" WIDTH="44" HEIGHT="21" WC="0.96" CONTENT="För"/><SP WIDTH="15" VPOS="640" HPOS="504"/>
							<String ID="string_60" HPOS="519" VPOS="640" WIDTH="105" HEIGHT="27" WC="0.95" CONTENT="volontär,"/><SP WIDTH="16" VPOS="640" HPOS="624"/>
							<String ID="string_61" HPOS="640" VPOS="647" WIDTH="46" HEIGHT="14" WC="0.96" CONTENT="som"/><SP WIDTH="16" VPOS="647" HPOS="686"/>
							<String ID="string_62" HPOS="702" VPOS="639" WIDTH="69" HEIGHT="28" WC="0.96" CONTENT="enligt"/><SP WIDTH="13" VPOS="639" HPOS="771"/>
							<String ID="string_63" HPOS="784" VPOS="640" WIDTH="10" HEIGHT="20" WC="0.96" CONTENT="i"/><SP WIDTH="15" VPOS="640" HPOS="794"/>
							<String ID="string_64" HPOS="809" VPOS="640" WIDTH="127" HEIGHT="27" WC="0.93" CONTENT="föregående"/><SP WIDTH="16" VPOS="640" HPOS="936"/>
							<String ID="string_65" HPOS="952" VPOS="641" WIDTH="14" HEIGHT="26" WC="0.93" CONTENT="$"/>
						</TextLine>
						<TextLine ID="line_14" HPOS="417" VPOS="674" WIDTH="549" HEIGHT="28">
							<String ID="string_66" HPOS="417" VPOS="674" WIDTH="95" HEIGHT="27" WC="0.95" CONTENT="anförda"/><SP WIDTH="22" VPOS="674" HPOS="512"/>
							<String ID="string_67" HPOS="534" VPOS="674" WIDTH="98" HEIGHT="27" WC="0.95" CONTENT="grunder"/><SP WIDTH="24" VPOS="674" HPOS="632"/>
							<String ID="string_68" HPOS="656" VPOS="674" WIDTH="100" HEIGHT="21" WC="0.94" CONTENT="inträder"/><SP WIDTH="24" VPOS="674" HPOS="756"/>
							<String ID="string_69" HPOS="780" VPOS="674" WIDTH="10" HEIGHT="21" WC="0.94" CONTENT="i"/><SP WIDTH="24" VPOS="674" HPOS="790"/>
							<String ID="string_70" HPOS="814" VPOS="675" WIDTH="60" HEIGHT="20" WC="0.86" CONTENT="aktiv"/><SP WIDTH="21" VPOS="675" HPOS="874"/>
							<String ID="string_71" HPOS="895" VPOS="675" WIDTH="71" HEIGHT="27" WC="0.92" CONTENT="tjenst,"/>
						</TextLine>
						<TextLine ID="line_15" HPOS="415" VPOS="709" WIDTH="551" HEIGHT="27">
							<String ID="string_72" HPOS="415" VPOS="709" WIDTH="70" HEIGHT="27" WC="0.92" CONTENT="gäller"/><SP WIDTH="21" VPOS="709" HPOS="485"/>
							<String ID="string_73" HPOS="506" VPOS="709" WIDTH="58" HEIGHT="20" WC="0.92" CONTENT="hvad"/><SP WIDTH="19" VPOS="709" HPOS="564"/>
							<String ID="string_74" HPOS="583" VPOS="709" WIDTH="10" HEIGHT="20" WC="0.92" CONTENT="i"/><SP WIDTH="14" VPOS="709" HPOS="593"/>
							<String ID="string_75" HPOS="607" VPOS="709" WIDTH="15" HEIGHT="27" WC="0.89" CONTENT="$"/><SP WIDTH="17" VPOS="709" HPOS="622"/>
							<String ID="string_76" HPOS="639" VPOS="709" WIDTH="19" HEIGHT="26" WC="0.92" CONTENT="9,"/><SP WIDTH="14" VPOS="709" HPOS="658"/>
							<String ID="string_77" HPOS="672" VPOS="709" WIDTH="95" HEIGHT="27" WC="0.91" CONTENT="jemförd"/><SP WIDTH="15" VPOS="709" HPOS="767"/>
							<String ID="string_78" HPOS="782" VPOS="709" WIDTH="49" HEIGHT="20" WC="0.93" CONTENT="med"/><SP WIDTH="14" VPOS="709" HPOS="831"/>
							<String ID="string_79" HPOS="845" VPOS="710" WIDTH="15" HEIGHT="25" WC="0.92" CONTENT="$"/><SP WIDTH="16" VPOS="710" HPOS="860"/>
							<String ID="string_80" HPOS="876" VPOS="709" WIDTH="38" HEIGHT="25" WC="0.95" CONTENT="32,"/><SP WIDTH="16" VPOS="709" HPOS="914"/>
							<String ID="string_81" HPOS="930" VPOS="716" WIDTH="36" HEIGHT="13" WC="0.96" CONTENT="om"/>
						</TextLine>
						<TextLine ID="line_16" HPOS="418" VPOS="743" WIDTH="546" HEIGHT="28">
							<String ID="string_82" HPOS="418" VPOS="743" WIDTH="110" HEIGHT="27" WC="0.81" CONTENT="tjenstelid"/><SP WIDTH="14" VPOS="743" HPOS="528"/>
							<String ID="string_83" HPOS="542" VPOS="743" WIDTH="37" HEIGHT="20" WC="0.96" CONTENT="vid"/><SP WIDTH="15" VPOS="743" HPOS="579"/>
							<String ID="string_84" HPOS="594" VPOS="743" WIDTH="60" HEIGHT="20" WC="0.96" CONTENT="aktiv"/><SP WIDTH="16" VPOS="743" HPOS="654"/>
							<String ID="string_85" HPOS="670" VPOS="745" WIDTH="66" HEIGHT="26" WC="0.96" CONTENT="trupp"/><SP WIDTH="12" VPOS="745" HPOS="736"/>
							<String ID="string_86" HPOS="748" VPOS="743" WIDTH="38" HEIGHT="20" WC="0.96" CONTENT="och"/><SP WIDTH="9" VPOS="743" HPOS="786"/>
							<String ID="string_87" HPOS="795" VPOS="750" WIDTH="99" HEIGHT="14" WC="0.93" CONTENT="reserven"/><SP WIDTH="8" VPOS="750" HPOS="894"/>
							<String ID="string_88" HPOS="902" VPOS="743" WIDTH="62" HEIGHT="26" WC="0.92" CONTENT="sagdt"/>
						</TextLine>
						<TextLine ID="line_17" HPOS="416" VPOS="777" WIDTH="550" HEIGHT="28">
							<String ID="string_89" HPOS="416" VPOS="779" WIDTH="32" HEIGHT="19" WC="0.96" CONTENT="är."/><SP WIDTH="29" VPOS="779" HPOS="448"/>
							<String ID="string_90" HPOS="477" VPOS="777" WIDTH="51" HEIGHT="21" WC="0.96" CONTENT="Har"/><SP WIDTH="24" VPOS="777" HPOS="528"/>
							<String ID="string_91" HPOS="552" VPOS="777" WIDTH="45" HEIGHT="21" WC="0.96" CONTENT="han"/><SP WIDTH="21" VPOS="777" HPOS="597"/>
							<String ID="string_92" HPOS="618" VPOS="777" WIDTH="69" HEIGHT="21" WC="0.88" CONTENT="redan"/><SP WIDTH="19" VPOS="777" HPOS="687"/>
							<String ID="string_93" HPOS="706" VPOS="777" WIDTH="102" HEIGHT="28" WC="0.93" CONTENT="fullgjort"/><SP WIDTH="16" VPOS="777" HPOS="808"/>
							<String ID="string_94" HPOS="824" VPOS="777" WIDTH="142" HEIGHT="28" WC="0.92" CONTENT="tjenstgöring"/>
						</TextLine>
						<TextLine ID="line_18" HPOS="417" VPOS="812" WIDTH="548" HEIGHT="27">
							<String ID="string_95" HPOS="417" VPOS="812" WIDTH="38" HEIGHT="20" WC="0.96" CONTENT="vid"/><SP WIDTH="14" VPOS="812" HPOS="455"/>
							<String ID="string_96" HPOS="469" VPOS="812" WIDTH="59" HEIGHT="20" WC="0.95" CONTENT="aktiv"/><SP WIDTH="16" VPOS="812" HPOS="528"/>
							<String ID="string_97" HPOS="544" VPOS="814" WIDTH="66" HEIGHT="25" WC="0.93" CONTENT="trupp"/><SP WIDTH="15" VPOS="814" HPOS="610"/>
							<String ID="string_98" HPOS="625" VPOS="812" WIDTH="105" HEIGHT="26" WC="0.91" CONTENT="(utesl.),"/><SP WIDTH="12" VPOS="812" HPOS="730"/>
							<String ID="string_99" HPOS="742" VPOS="812" WIDTH="127" HEIGHT="21" WC="0.93" CONTENT="bestämmes"/><SP WIDTH="11" VPOS="812" HPOS="869"/>
							<String ID="string_100" HPOS="880" VPOS="812" WIDTH="85" HEIGHT="27" WC="0.92" CONTENT="tjenste-"/>
						</TextLine>
						<TextLine ID="line_19" HPOS="418" VPOS="846" WIDTH="229" HEIGHT="27">
							<String ID="string_101" HPOS="418" VPOS="846" WIDTH="59" HEIGHT="20" WC="0.95" CONTENT="tiden"/><SP WIDTH="13" VPOS="846" HPOS="477"/>
							<String ID="string_102" HPOS="490" VPOS="852" WIDTH="79" HEIGHT="21" WC="0.93" CONTENT="genom"/><SP WIDTH="15" VPOS="852" HPOS="569"/>
							<String ID="string_103" HPOS="584" VPOS="846" WIDTH="63" HEIGHT="27" WC="0.91" CONTENT="aftal."/>
						</TextLine>
					</TextBlock>
					<TextBlock ID="block_8" HPOS="416" VPOS="879" WIDTH="551" HEIGHT="160">
						<TextLine ID="line_20" HPOS="466" VPOS="879" WIDTH="500" HEIGHT="29">
							<String ID="string_104" HPOS="466" VPOS="879" WIDTH="94" HEIGHT="22" WC="0.96" CONTENT="Under"/><SP WIDTH="23" VPOS="879" HPOS="560"/>
							<String ID="string_105" HPOS="583" VPOS="880" WIDTH="131" HEIGHT="28" WC="0.96" CONTENT="krigstid"/><SP WIDTH="22" VPOS="880" HPOS="714"/>
							<String ID="string_106" HPOS="736" VPOS="880" WIDTH="54" HEIGHT="21" WC="0.93" CONTENT="kan"/><SP WIDTH="20" VPOS="880" HPOS="790"/>
							<String ID="string_107" HPOS="810" VPOS="882" WIDTH="156" HEIGHT="19" WC="0.92" CONTENT="värneman"/>
						</TextLine>
						<TextLine ID="line_21" HPOS="418" VPOS="915" WIDTH="549" HEIGHT="27">
							<String ID="string_108" HPOS="418" VPOS="915" WIDTH="54" HEIGHT="20" WC="0.96" CONTENT="till"/><SP WIDTH="22" VPOS="915" HPOS="472"/>
							<String ID="string_109" HPOS="494" VPOS="915" WIDTH="135" HEIGHT="20" WC="0.93" CONTENT="volontär"/><SP WIDTH="21" VPOS="915" HPOS="629"/>
							<String ID="string_110" HPOS="650" VPOS="917" WIDTH="128" HEIGHT="25" WC="0.90" CONTENT="antagas"/><SP WIDTH="15" VPOS="917" HPOS="778"/>
							<String ID="string_111" HPOS="793" VPOS="915" WIDTH="48" HEIGHT="27" WC="0.96" CONTENT="för"/><SP WIDTH="14" VPOS="915" HPOS="841"/>
							<String ID="string_112" HPOS="855" VPOS="915" WIDTH="51" HEIGHT="20" WC="0.96" CONTENT="den"/><SP WIDTH="16" VPOS="915" HPOS="906"/>
							<String ID="string_113" HPOS="922" VPOS="915" WIDTH="45" HEIGHT="20" WC="0.96" CONTENT="tid"/>
						</TextLine>
						<TextLine ID="line_22" HPOS="416" VPOS="948" WIDTH="551" HEIGHT="28">
							<String ID="string_114" HPOS="416" VPOS="949" WIDTH="147" HEIGHT="27" WC="0.96" CONTENT="fälttåget"/><SP WIDTH="21" VPOS="949" HPOS="563"/>
							<String ID="string_115" HPOS="584" VPOS="956" WIDTH="97" HEIGHT="20" WC="0.96" CONTENT="varar,"/><SP WIDTH="25" VPOS="956" HPOS="681"/>
							<String ID="string_116" HPOS="706" VPOS="951" WIDTH="72" HEIGHT="19" WC="0.96" CONTENT="utan"/><SP WIDTH="15" VPOS="951" HPOS="778"/>
							<String ID="string_117" HPOS="793" VPOS="948" WIDTH="174" HEIGHT="28" WC="0.96" CONTENT="skyldighet"/>
						</TextLine>
						<TextLine ID="line_23" HPOS="416" VPOS="983" WIDTH="550" HEIGHT="28">
							<String ID="string_118" HPOS="416" VPOS="985" WIDTH="46" HEIGHT="19" WC="0.95" CONTENT="att"/><SP WIDTH="20" VPOS="985" HPOS="462"/>
							<String ID="string_119" HPOS="482" VPOS="983" WIDTH="79" HEIGHT="28" WC="0.96" CONTENT="efter"/><SP WIDTH="21" VPOS="983" HPOS="561"/>
							<String ID="string_120" HPOS="582" VPOS="983" WIDTH="92" HEIGHT="22" WC="0.96" CONTENT="sådan"/><SP WIDTH="16" VPOS="983" HPOS="674"/>
							<String ID="string_121" HPOS="690" VPOS="983" WIDTH="80" HEIGHT="22" WC="0.92" CONTENT="aktiv"/><SP WIDTH="16" VPOS="983" HPOS="770"/>
							<String ID="string_122" HPOS="786" VPOS="984" WIDTH="94" HEIGHT="27" WC="0.89" CONTENT="tjenst"/><SP WIDTH="15" VPOS="984" HPOS="880"/>
							<String ID="string_123" HPOS="895" VPOS="983" WIDTH="71" HEIGHT="27" WC="0.95" CONTENT="ingå"/>
						</TextLine>
						<TextLine ID="line_24" HPOS="416" VPOS="1018" WIDTH="167" HEIGHT="21">
							<String ID="string_124" HPOS="416" VPOS="1018" WIDTH="9" HEIGHT="20" WC="0.80" CONTENT="i"/><SP WIDTH="14" VPOS="1018" HPOS="425"/>
							<String ID="string_125" HPOS="439" VPOS="1025" WIDTH="144" HEIGHT="14" WC="0.80" CONTENT="reserven."/>
						</TextLine>
					</TextBlock>
				</ComposedBlock>
				<ComposedBlock ID="cblock_5" HPOS="651" VPOS="1093" WIDTH="79" HEIGHT="27">
					<TextBlock ID="block_9" HPOS="651" VPOS="1093" WIDTH="79" HEIGHT="27">
						<TextLine ID="line_25" HPOS="651" VPOS="1093" WIDTH="79" HEIGHT="27">
							<String ID="string_126" HPOS="651" VPOS="1093" WIDTH="15" HEIGHT="27" WC="0.93" CONTENT="$"/><SP WIDTH="16" VPOS="1093" HPOS="666"/>
							<String ID="string_127" HPOS="682" VPOS="1094" WIDTH="48" HEIGHT="20" WC="0.96" CONTENT="104."/>
						</TextLine>
					</TextBlock>
				</ComposedBlock>
				<ComposedBlock ID="cblock_6" HPOS="415" VPOS="1139" WIDTH="552" HEIGHT="337">
					<TextBlock ID="block_10" HPOS="415" VPOS="1139" WIDTH="552" HEIGHT="337">
						<TextLine ID="line_26" HPOS="460" VPOS="1139" WIDTH="506" HEIGHT="27">
							<String ID="string_128" HPOS="460" VPOS="1139" WIDTH="14" HEIGHT="20" WC="0.96" CONTENT="I"/><SP WIDTH="19" VPOS="1139" HPOS="474"/>
							<String ID="string_129" HPOS="493" VPOS="1139" WIDTH="59" HEIGHT="21" WC="0.92" CONTENT="aktiv"/><SP WIDTH="24" VPOS="1139" HPOS="552"/>
							<String ID="string_130" HPOS="576" VPOS="1139" WIDTH="65" HEIGHT="27" WC="0.91" CONTENT="tjenst"/><SP WIDTH="22" VPOS="1139" HPOS="641"/>
							<String ID="string_131" HPOS="663" VPOS="1139" WIDTH="97" HEIGHT="20" WC="0.93" CONTENT="varande"/><SP WIDTH="23" VPOS="1139" HPOS="760"/>
							<String ID="string_132" HPOS="783" VPOS="1139" WIDTH="129" HEIGHT="27" WC="0.87" CONTENT="underbefäl"/><SP WIDTH="16" VPOS="1139" HPOS="912"/>
							<String ID="string_133" HPOS="928" VPOS="1139" WIDTH="38" HEIGHT="20" WC="0.96" CONTENT="och"/>
						</TextLine>
						<TextLine ID="line_27" HPOS="417" VPOS="1173" WIDTH="549" HEIGHT="28">
							<String ID="string_134" HPOS="417" VPOS="1173" WIDTH="113" HEIGHT="27" WC="0.95" CONTENT="manskap,"/><SP WIDTH="16" VPOS="1173" HPOS="530"/>
							<String ID="string_135" HPOS="546" VPOS="1180" WIDTH="44" HEIGHT="14" WC="0.95" CONTENT="som"/><SP WIDTH="17" VPOS="1180" HPOS="590"/>
							<String ID="string_136" HPOS="607" VPOS="1173" WIDTH="71" HEIGHT="21" WC="0.91" CONTENT="under"/><SP WIDTH="14" VPOS="1173" HPOS="678"/>
							<String ID="string_137" HPOS="692" VPOS="1173" WIDTH="106" HEIGHT="28" WC="0.91" CONTENT="utöfning"/><SP WIDTH="15" VPOS="1173" HPOS="798"/>
							<String ID="string_138" HPOS="813" VPOS="1173" WIDTH="29" HEIGHT="27" WC="0.96" CONTENT="af"/><SP WIDTH="11" VPOS="1173" HPOS="842"/>
							<String ID="string_139" HPOS="853" VPOS="1173" WIDTH="36" HEIGHT="20" WC="0.93" CONTENT="sin"/><SP WIDTH="13" VPOS="1173" HPOS="889"/>
							<String ID="string_140" HPOS="902" VPOS="1173" WIDTH="64" HEIGHT="27" WC="0.91" CONTENT="tjenst"/>
						</TextLine>
						<TextLine ID="line_28" HPOS="416" VPOS="1207" WIDTH="551" HEIGHT="28">
							<String ID="string_141" HPOS="416" VPOS="1209" WIDTH="56" HEIGHT="19" WC="0.96" CONTENT="utan"/><SP WIDTH="18" VPOS="1209" HPOS="472"/>
							<String ID="string_142" HPOS="490" VPOS="1209" WIDTH="44" HEIGHT="26" WC="0.93" CONTENT="eget"/><SP WIDTH="14" VPOS="1209" HPOS="534"/>
							<String ID="string_143" HPOS="548" VPOS="1207" WIDTH="138" HEIGHT="28" WC="0.92" CONTENT="förvållande"/><SP WIDTH="16" VPOS="1207" HPOS="686"/>
							<String ID="string_144" HPOS="702" VPOS="1207" WIDTH="75" HEIGHT="27" WC="0.93" CONTENT="blifvit"/><SP WIDTH="15" VPOS="1207" HPOS="777"/>
							<String ID="string_145" HPOS="792" VPOS="1207" WIDTH="126" HEIGHT="28" WC="0.92" CONTENT="oförmögne"/><SP WIDTH="16" VPOS="1207" HPOS="918"/>
							<String ID="string_146" HPOS="934" VPOS="1209" WIDTH="33" HEIGHT="19" WC="0.95" CONTENT="att"/>
						</TextLine>
						<TextLine ID="line_29" HPOS="415" VPOS="1241" WIDTH="551" HEIGHT="28">
							<String ID="string_147" HPOS="415" VPOS="1241" WIDTH="104" HEIGHT="27" WC="0.95" CONTENT="fortsätta"/><SP WIDTH="22" VPOS="1241" HPOS="519"/>
							<String ID="string_148" HPOS="541" VPOS="1242" WIDTH="135" HEIGHT="26" WC="0.95" CONTENT="densamma,"/><SP WIDTH="24" VPOS="1242" HPOS="676"/>
							<String ID="string_149" HPOS="700" VPOS="1241" WIDTH="114" HEIGHT="28" WC="0.93" CONTENT="äfvensom"/><SP WIDTH="22" VPOS="1241" HPOS="814"/>
							<String ID="string_150" HPOS="836" VPOS="1241" WIDTH="130" HEIGHT="27" WC="0.91" CONTENT="underbefäl"/>
						</TextLine>
						<TextLine ID="line_30" HPOS="416" VPOS="1275" WIDTH="548" HEIGHT="28">
							<String ID="string_151" HPOS="416" VPOS="1275" WIDTH="38" HEIGHT="21" WC="0.96" CONTENT="och"/><SP WIDTH="21" VPOS="1275" HPOS="454"/>
							<String ID="string_152" HPOS="475" VPOS="1275" WIDTH="107" HEIGHT="28" WC="0.95" CONTENT="manskap"/><SP WIDTH="21" VPOS="1275" HPOS="582"/>
							<String ID="string_153" HPOS="603" VPOS="1275" WIDTH="37" HEIGHT="21" WC="0.93" CONTENT="vid"/><SP WIDTH="14" VPOS="1275" HPOS="640"/>
							<String ID="string_154" HPOS="654" VPOS="1282" WIDTH="99" HEIGHT="14" WC="0.92" CONTENT="reserven"/><SP WIDTH="15" VPOS="1282" HPOS="753"/>
							<String ID="string_155" HPOS="768" VPOS="1275" WIDTH="45" HEIGHT="21" WC="0.93" CONTENT="och"/><SP WIDTH="15" VPOS="1275" HPOS="813"/>
							<String ID="string_156" HPOS="828" VPOS="1275" WIDTH="136" HEIGHT="21" WC="0.92" CONTENT="landtvär-"/>
						</TextLine>
						<TextLine ID="line_31" HPOS="416" VPOS="1309" WIDTH="551" HEIGHT="28">
							<String ID="string_157" HPOS="416" VPOS="1311" WIDTH="48" HEIGHT="25" WC="0.96" CONTENT="net,"/><SP WIDTH="26" VPOS="1311" HPOS="464"/>
							<String ID="string_158" HPOS="490" VPOS="1309" WIDTH="74" HEIGHT="21" WC="0.95" CONTENT="hvilka"/><SP WIDTH="26" VPOS="1309" HPOS="564"/>
							<String ID="string_159" HPOS="590" VPOS="1310" WIDTH="70" HEIGHT="20" WC="0.92" CONTENT="under"/><SP WIDTH="27" VPOS="1310" HPOS="660"/>
							<String ID="string_160" HPOS="687" VPOS="1309" WIDTH="164" HEIGHT="28" WC="0.88" CONTENT="öfningsmöten"/><SP WIDTH="27" VPOS="1309" HPOS="851"/>
							<String ID="string_161" HPOS="878" VPOS="1309" WIDTH="89" HEIGHT="21" WC="0.91" CONTENT="erhållit"/>
						</TextLine>
						<TextLine ID="line_32" HPOS="416" VPOS="1343" WIDTH="549" HEIGHT="28">
							<String ID="string_162" HPOS="416" VPOS="1343" WIDTH="122" HEIGHT="28" WC="0.89" CONTENT="kroppslyte"/><SP WIDTH="15" VPOS="1343" HPOS="538"/>
							<String ID="string_163" HPOS="553" VPOS="1344" WIDTH="38" HEIGHT="21" WC="0.96" CONTENT="och"/><SP WIDTH="16" VPOS="1344" HPOS="591"/>
							<String ID="string_164" HPOS="607" VPOS="1343" WIDTH="75" HEIGHT="28" WC="0.96" CONTENT="blifvit"/><SP WIDTH="15" VPOS="1343" HPOS="682"/>
							<String ID="string_165" HPOS="697" VPOS="1344" WIDTH="34" HEIGHT="21" WC="0.96" CONTENT="till"/><SP WIDTH="15" VPOS="1344" HPOS="731"/>
							<String ID="string_166" HPOS="746" VPOS="1343" WIDTH="72" HEIGHT="22" WC="0.92" CONTENT="arbete"/><SP WIDTH="15" VPOS="1343" HPOS="818"/>
							<String ID="string_167" HPOS="833" VPOS="1343" WIDTH="132" HEIGHT="28" WC="0.90" CONTENT="oförmögne,"/>
						</TextLine>
						<TextLine ID="line_33" HPOS="416" VPOS="1378" WIDTH="550" HEIGHT="27">
							<String ID="string_168" HPOS="416" VPOS="1379" WIDTH="56" HEIGHT="20" WC="0.95" CONTENT="utan"/><SP WIDTH="16" VPOS="1379" HPOS="472"/>
							<String ID="string_169" HPOS="488" VPOS="1379" WIDTH="32" HEIGHT="20" WC="0.90" CONTENT="alt"/><SP WIDTH="14" VPOS="1379" HPOS="520"/>
							<String ID="string_170" HPOS="534" VPOS="1378" WIDTH="76" HEIGHT="27" WC="0.91" CONTENT="sjelfve"/><SP WIDTH="14" VPOS="1378" HPOS="610"/>
							<String ID="string_171" HPOS="624" VPOS="1378" WIDTH="82" HEIGHT="21" WC="0.96" CONTENT="sådant"/><SP WIDTH="14" VPOS="1378" HPOS="706"/>
							<String ID="string_172" HPOS="720" VPOS="1378" WIDTH="70" HEIGHT="27" WC="0.95" CONTENT="hafva"/><SP WIDTH="15" VPOS="1378" HPOS="790"/>
							<String ID="string_173" HPOS="805" VPOS="1378" WIDTH="75" HEIGHT="27" WC="0.93" CONTENT="vållat,"/><SP WIDTH="14" VPOS="1378" HPOS="880"/>
							<String ID="string_174" HPOS="894" VPOS="1378" WIDTH="72" HEIGHT="27" WC="0.92" CONTENT="undfå"/>
						</TextLine>
						<TextLine ID="line_34" HPOS="416" VPOS="1412" WIDTH="550" HEIGHT="28">
							<String ID="string_175" HPOS="416" VPOS="1412" WIDTH="118" HEIGHT="21" WC="0.94" CONTENT="understöd"/><SP WIDTH="32" VPOS="1412" HPOS="534"/>
							<String ID="string_176" HPOS="566" VPOS="1419" WIDTH="28" HEIGHT="14" WC="0.91" CONTENT="ur"/><SP WIDTH="34" VPOS="1419" HPOS="594"/>
							<String ID="string_177" HPOS="628" VPOS="1413" WIDTH="248" HEIGHT="27" WC="0.84" CONTENT="krigsmanshuskassan"/><SP WIDTH="16" VPOS="1413" HPOS="876"/>
							<String ID="string_178" HPOS="892" VPOS="1408" WIDTH="9" HEIGHT="36" WC="0.63" CONTENT="="/><SP WIDTH="11" VPOS="1408" HPOS="901"/>
							<String ID="string_179" HPOS="912" VPOS="1412" WIDTH="54" HEIGHT="27" WC="0.96" CONTENT="efter"/>
						</TextLine>
						<TextLine ID="line_35" HPOS="416" VPOS="1447" WIDTH="221" HEIGHT="29">
							<String ID="string_180" HPOS="416" VPOS="1447" WIDTH="94" HEIGHT="21" WC="0.92" CONTENT="särskild"/><SP WIDTH="11" VPOS="1447" HPOS="510"/>
							<String ID="string_181" HPOS="521" VPOS="1447" WIDTH="116" HEIGHT="29" WC="0.91" CONTENT="pröfning."/>
						</TextLine>
					</TextBlock>
				</ComposedBlock>
			</PrintSpace>
		</Page>
	</Layout>
</alto>
