1086 1786
269 141 13 20 2
547 139 85 24 Ständ.
649 139 39 23 Sv.

239 211 47 22 och
305 211 47 22 den
370 211 143 23 finansiella
532 212 256 29 värnepligtstungan
807 212 7 21 i
828 211 107 23 Finland
949 211 44 23 och

238 246 9 21 i
263 245 181 30 Kejsardömet.

308 280 38 22 Då
369 280 74 22 dessa
468 281 187 28 propositioner
676 281 98 28 jemlikt
795 280 82 22 Eders
896 281 99 28 Kejser-

238 314 52 29 liga
309 314 127 29 Majestäts
455 315 148 22 meddelade
622 315 94 29 nådiga
734 315 146 29 befallning,
896 316 35 20 att
947 314 48 22 frå-

239 355 80 23 gorna
347 349 131 29 angående
505 349 163 29 utjemnande
697 349 25 22 af
739 350 255 28 värnepligtstungan

239 383 71 22 skola
329 383 119 23 hänföras
469 384 35 22 till
524 384 127 22 allmänna
669 384 276 29 riksangelägenheter,
958 384 36 22 till

240 418 140 22 Ständerna
409 418 179 22 öfverlemnats
616 418 39 22 för
685 420 35 20 att
738 418 161 29 handläggas
918 418 8 22 i
945 418 48 22 den

238 452 117 29 ordning,
383 459 53 16 som
464 453 83 22 finnes
575 453 119 28 uppstäld
716 453 7 22 i
742 453 32 22 de
798 453 95 29 nådiga
918 453 76 21 mani-

238 486 74 23 festet
322 487 25 21 af
359 487 49 22 den
418 485 62 33 3/15
494 487 124 22 Februari
629 487 174 23 innevarande
817 488 28 21 år
856 487 137 29 åtföljande

238 521 268 29 grundstadgandena,
537 528 60 16 anse
626 522 39 28 sig
694 522 141 22 Ständerna
858 522 62 22 böra
939 522 54 22 när-

238 557 65 21 mast
329 556 8 22 i
356 556 204 29 underdänighet
579 556 142 26 framhälla,
741 556 123 22 hurusom
883 563 30 15 en
932 556 61 22 riks-

237 590 166 29 lagstiftning,
432 591 80 22 sädan
540 597 53 16 som
621 591 31 22 de
680 591 197 28 ifrägavarande
901 590 92 29 grund-

238 625 175 28 stadgandena
437 625 142 26 förutsätta,
599 625 54 22 icke
671 625 111 29 lagligen
802 625 50 22 kan
872 631 47 23 ega
937 631 55 16 rum

236 659 41 22 för
296 659 112 22 Finland.
448 659 58 23 Som
528 659 141 23 Ständerna
688 659 137 23 emellertid
844 659 149 22 redan
919 655 10 38 i
941 659 52 22 sitt

238 693 174 30 underdäniga
435 701 60 15 svar
518 695 8 21 i
548 694 138 29 anledning
705 694 25 22 af
749 694 82 22 Eders
851 694 140 29 Kejserliga

238 728 128 29 Majestäts
397 729 95 29 nådiga
522 729 186 28 propositioner
738 729 57 22 med
824 729 97 28 förslag
956 728 35 22 till

238 763 198 29 värnepligtslag
464 763 39 23 för
530 763 240 23 Storfurstendömet
798 763 107 22 Finland
928 765 64 20 samt

238 798 131 28 angäende
396 798 146 29 grunderna
566 798 40 22 för
631 798 31 22 de
681 798 83 22 finska
784 800 151 26 truppernas
955 804 36 16 or-

236 832 144 28 ganisation
412 833 46 22 och
489 832 157 29 förvaltning
677 832 147 29 utförligare
855 832 136 29 ädagalagt

237 866 77 26 detta,
326 867 59 21 utbe
404 867 39 28 sig
464 866 140 23 Ständerna
624 869 43 24 att,
687 867 56 22 med
762 866 153 29 hänvisning
934 866 7 22 i
957 866 34 22 öf-

236 900 51 29 rigt
311 901 36 22 till
374 901 37 22 sin
436 901 172 29 nyssberörda
626 901 194 28 framställning,
841 901 46 21 här
904 901 25 21 fä
950 907 40 16 an-

236 934 56 23 föra
312 935 88 22 endast
417 935 113 29 följande
549 935 223 29 omständigheter.

306 969 94 23 Genom
428 970 92 29 Kejsar
543 970 146 22 Alexander
708 970 32 22 I:s
760 970 29 21 är
810 969 66 23 1809
894 969 96 29 högtid-

236 1003 68 29 ligen
332 1004 96 29 afgifna
456 1005 46 22 och
522 1005 35 21 till
577 1004 142 23 Ständerna
744 1004 187 22 öfverlemnade
950 1003 40 23 be-

236 1038 119 22 kräftelse
374 1039 26 21 af
418 1039 120 22 Finlands
557 1039 157 29 grundlagar
732 1039 136 22 stadfästes
887 1039 38 21 för
935 1038 55 22 Fin-

235 1072 61 22 land
321 1073 48 22 den
396 1073 82 22 under
505 1073 49 22 den
578 1073 110 22 svenska
716 1073 68 22 tiden
806 1073 7 22 i
836 1073 86 22 landet
940 1073 50 28 gäl-

235 1106 76 23 lande
340 1107 205 27 konstitutionen,
575 1108 46 22 och
648 1107 83 22 denna
754 1107 140 22 innehåller
913 1107 76 22 bland

236 1143 87 20 annat:
354 1144 35 20 att
407 1142 87 22 landet
512 1142 64 22 skall
596 1144 83 27 styras
699 1142 78 29 enligt
796 1142 58 21 dess
874 1148 65 23 egna
957 1141 33 22 la-

235 1182 59 22 gar;
320 1177 35 21 att
379 1176 139 22 Monarken
543 1183 60 22 eger
628 1178 70 27 styra
722 1177 47 21 och
793 1176 63 22 räda
881 1176 56 22 med
956 1176 34 22 bi-

235 1210 72 22 träde
332 1210 25 22 af
375 1210 131 22 inhemska
525 1210 189 29 myndigheter;
734 1212 36 20 att
788 1210 48 28 lag,
856 1216 53 16 som
928 1210 62 22 skall

234 1244 68 28 gälla
321 1244 7 22 i
346 1244 93 27 landet,
460 1245 50 22 kan
530 1245 81 22 stiftas
630 1245 63 22 blott
712 1244 56 23 med
781 1244 156 23 Ständernas
956 1244 34 22 bi-

234 1278 44 22 fall
297 1278 45 22 och
361 1280 128 28 samtycke
507 1281 68 21 utom
593 1280 8 22 i
621 1280 98 26 ämnen,
740 1286 54 15 som
814 1280 44 20 äro
878 1280 35 20 att
931 1279 59 22 hän-

234 1312 56 22 föra
315 1313 35 22 till
369 1314 27 21 sä
418 1314 100 22 kallade
537 1314 131 29 ordnings-
687 1314 45 22 och
750 1313 238 29 hushällningsmä!;

234 1346 131 23 äfvensom
393 1349 36 21 att
457 1355 51 21 nya
530 1348 60 22 eller
608 1348 83 22 ökade
711 1348 96 22 skatter
826 1347 61 22 eller
906 1354 83 16 annan

234 1382 79 28 tunga
337 1382 21 28 ej
384 1382 40 22 mä
449 1382 124 30 päläggas
594 1382 79 23 folket
691 1384 61 20 utan
771 1382 72 22 bifall
862 1382 46 22 och
927 1388 62 16 sam-

233 1416 73 28 tycke
331 1416 25 22 af
376 1416 150 28 Ständerna,
551 1417 88 22 hvilka
664 1424 47 22 ega
735 1417 89 22 utöfva
842 1416 90 22 folkets
950 1423 39 15 ur-

233 1450 84 29 gamla
335 1452 50 21 rätt
404 1453 36 20 att
458 1452 38 28 sig
514 1452 67 29 sjelft
599 1451 126 23 beskatta.
