1092 1770
122 451 141 34 Förslag
283 452 44 28 till
350 452 279 34 Värnepligtslag
650 452 54 28 för
725 452 98 28 Stor-

248 504 260 28 furstendömet
534 504 151 28 Finland.

344 587 98 21 FÖRSTA
458 587 136 21 KAPITLET.

310 644 130 22 Allmänna
455 645 165 26 stadganden.

159 710 50 18 Art.
233 710 14 18 1.
278 708 46 21 Den
340 708 119 26 Kejserliga
473 708 97 21 Tronens
587 708 38 21 och
642 708 36 21 det
691 708 72 27 Ryska
772 708 75 21 Rikets

89 742 83 22 försvar
195 744 25 19 är
242 748 26 16 en
290 742 56 27 helig
368 742 56 27 pligt
446 742 32 21 för
497 742 74 27 hvarje
593 742 51 27 rysk
666 742 125 27 undersäte;
809 742 38 22 och

90 778 25 19 är
129 776 57 27 förty
202 776 42 22 den
259 776 97 27 manliga!
366 776 150 27 befolkningen
527 776 6 21 i
546 776 25 21 de
582 776 79 22 Finska
672 776 70 27 länen,
753 776 76 22 liksom
841 776 7 21 i

89 811 118 27 Rysslands
223 810 68 28 öfriga
306 812 160 26 guvernement,
481 812 53 20 utan
552 810 99 22 afseende
663 812 12 20 å
690 811 71 26 stånd,
772 812 76 20 värne-

90 845 76 27 pligtig
181 846 56 20 samt
252 845 78 27 fullgör
344 845 149 27 värnepligten
510 845 67 27 enligt
593 845 71 21 denna
679 845 41 27 lag.

160 885 49 16 Anm.
233 885 91 17 Personer
341 885 21 17 af
379 885 44 22 rysk
440 885 97 18 härkomst
555 885 98 23 (kristna),
671 890 38 13 som
721 887 32 16 äro
765 885 38 18 fast
815 885 32 17 bo-

92 915 50 16 satta
155 913 6 17 i
173 913 85 22 Finland,
269 919 34 17 ega
311 913 92 23 rättighet
412 915 29 16 att
448 913 82 22 fullgöra
537 913 129 23 värnepligten
675 913 60 23 enligt
743 913 60 18 denna
812 913 36 22 lag.

159 956 51 18 Art.
227 956 23 18 2.
274 954 39 21 Att
328 954 48 21 med
391 954 121 27 penningar
527 954 47 21 lösa
589 954 32 27 sig
636 954 48 21 från
699 954 149 27 värnepligten

91 988 51 22 eller
157 989 33 20 att
205 988 33 21 för
254 989 32 26 sig
300 988 64 22 ställa
379 989 99 21 volontär
494 991 24 19 är
533 989 46 21 icke
595 989 85 21 tillåtet.

160 1037 50 18 Art.
227 1037 23 18 3.
280 1035 106 21 Personer
409 1035 23 21 af
452 1035 101 26 mankön,
577 1041 46 15 som
645 1035 47 26 fyllt
714 1035 81 21 femton
818 1035 30 25 är,

91 1070 75 21 kunna
182 1069 95 22 frikallas
292 1069 48 22 från
363 1070 61 27 ryskt
447 1069 158 27 undersåtskap
622 1069 55 21 först
687 1069 67 22 sedan
765 1069 26 21 de
801 1068 49 21 full-

91 1104 96 27 ständigt
202 1104 96 27 fullgjort
314 1105 32 20 sin
362 1104 121 27 värnepligt
500 1104 50 21 eller
564 1105 81 26 uttagit
655 1104 48 26 lott,
714 1110 45 15 som
769 1103 80 22 befriar

92 1139 46 21 dem
154 1138 47 21 från
218 1139 142 27 tjenstgöring
375 1139 36 21 vid
427 1139 26 21 de
468 1139 91 21 stående
573 1140 129 26 trupperna.

160 1187 50 18 Art.
227 1187 23 18 4.
281 1185 113 26 Personer,
410 1191 46 16 som
472 1184 53 22 efter
536 1185 104 26 uppnådd
651 1184 80 22 femton
743 1185 34 20 års
790 1183 59 22 ålder

90 1219 63 28 flytta
168 1219 33 21 till
216 1221 42 24 ort,
275 1219 37 22 der
330 1219 148 28 värnepligten
494 1221 89 25 utgöres
597 1219 67 27 enligt
675 1218 174 28 Kejsaredömets

91 1254 35 27 lag
142 1253 50 22 eller
214 1253 66 28 enligt
296 1254 107 21 särskilda
417 1253 143 28 stadganden,
576 1253 51 22 eller
643 1253 39 21 ock
697 1253 32 21 till
745 1254 40 25 ort,
802 1258 45 15 som

90 1289 7 20 i
114 1288 169 27 anmärkningen
306 1288 31 21 till
362 1288 70 21 denna
455 1288 78 21 artikel
549 1289 96 25 nämnes,
665 1287 91 27 fullgöra
774 1288 75 19 värne-

90 1323 82 26 pligten
188 1323 66 26 enligt
270 1323 71 21 denna
355 1323 42 26 lag.

160 1362 49 17 Anm.
233 1362 110 18 Tillsvidare
356 1362 34 18 och
402 1362 50 17 intill
465 1362 41 17 dess
521 1361 63 18 derom
599 1361 114 18 annorlunda
724 1361 7 17 i
743 1360 62 18 Nåder
814 1360 36 18 för-

91 1390 67 18 ordnas
177 1392 33 16 äro
228 1390 112 18 invånarene
358 1390 6 18 i
382 1390 140 23 Lappmarkens
539 1390 60 18 härad
617 1390 93 17 äfvensom
723 1389 5 17 i
741 1388 109 23 Kuolajärvi

90 1419 86 18 kommun
192 1418 20 18 af
223 1419 53 18 Kemi
288 1419 59 18 härad
359 1419 85 18 befriade
456 1418 42 18 från
511 1418 139 23 värnepligtens
662 1417 102 23 utgörande
777 1417 34 18 och
824 1417 27 17 in-

90 1448 62 17 kallas
164 1447 50 23 förty
226 1448 41 17 icke
279 1448 31 17 till
322 1448 86 22 lottning.
