1092 1761
333 136 84 23 Ständ.
434 136 39 23 Sv.
489 149 28 2 —
532 137 48 22 Bil.
596 137 31 22 II.
800 139 26 20 81

98 204 144 27 tjenstetiden
268 205 37 20 må
332 205 129 20 tillkomma
485 206 50 25 den,
560 213 50 14 som
634 206 93 20 afslutat
748 206 55 21 kurs
819 206 38 21 vid

98 239 65 26 ryskt
178 239 54 20 eller
248 239 120 20 utländskt
384 239 111 21 läroverk.

168 273 184 20 Vidkommande
375 273 104 27 slutligen
496 274 27 20 de
539 274 6 20 i
562 275 12 25 $
590 275 26 19 32
633 274 111 26 ingående
761 275 97 20 bestäm-

99 306 113 27 ningarna
237 307 96 20 rörande
356 307 182 27 tjenstetidernas
560 308 74 26 längd,
653 308 71 20 hafva
743 308 49 20 häri
808 308 50 21 icke

99 340 81 21 införts
203 341 72 21 andra
299 341 123 27 ändringar
442 343 29 19 än
495 342 34 26 de,
551 342 79 20 hvilka
646 342 114 26 påkallats
776 342 25 20 af
814 342 43 21 den

101 374 120 27 förlängda
237 375 144 27 tjenstetiden
397 376 38 20 vid
451 381 110 15 reserven.

172 409 42 20 Vid
238 410 140 26 behandling
401 410 24 20 af
446 410 79 26 frågan
546 416 39 14 om
601 410 103 20 befrielse
721 410 49 20 från
788 410 70 27 krigs-

100 443 68 27 tjenst
189 444 29 26 på
240 444 73 26 grund
329 444 25 20 af
367 444 46 20 kall
430 444 42 20 och
489 444 55 27 yrke
560 444 42 20 har
618 444 43 20 den
678 444 82 26 nådiga
777 451 82 21 propo-

100 478 98 20 sitionen
222 478 31 20 uti
277 478 74 27 punkt
372 479 13 19 2
408 478 25 20 af
453 480 39 19 art.
513 480 33 24 51,
564 478 93 20 hvilken
674 481 40 18 art.
732 481 127 18 motsvarar

102 511 14 28 8
138 512 30 22 35
184 512 6 20 i
206 512 217 28 Värnepligtslagen,
439 513 59 20 velat
513 512 68 21 hafva
598 512 64 27 dylik
679 512 103 22 befrielse
798 513 61 20 med-

100 546 76 26 gifven
197 546 85 27 jemväl
305 547 23 20 åt
346 547 122 27 Kejserliga
486 546 208 21 Konstakademins
711 547 148 27 pensionärer

101 581 43 20 och
162 581 72 20 andra
252 582 141 25 konstnärer,
410 581 78 20 hvilka
504 581 52 20 med
573 581 182 20 statsunderstöd
770 581 89 21 vistas
849 577 13 34 i

103 615 105 20 utlandet
225 615 34 20 för
275 615 150 20 fulländande
441 615 25 20 af
479 615 34 20 sin
531 615 114 20 artistiska
662 615 136 26 utbildning.
825 615 34 20 Då

102 648 73 27 dylikt
197 649 138 26 utvidgande
358 649 25 20 af
396 649 105 26 gällande
516 649 172 26 bestämningar
703 649 6 20 i
726 651 78 19 ämnet
819 649 41 20 lik-

102 683 37 20 väl
155 683 50 20 icke
221 687 63 23 synts
301 690 53 14 vara
371 683 25 20 af
409 683 175 20 förhållandena
600 683 6 20 i
624 683 99 20 Finland
735 683 124 28 påkalladt,

101 717 43 20 har
166 717 152 27 nyssherörda
341 718 12 25 $
372 718 26 19 35
415 717 159 21 underkastats
590 717 81 21 endast
686 717 28 21 de
730 718 130 26 ändringar,

102 758 50 14 som
175 751 111 26 betingats
310 751 25 21 af
356 751 139 21 Ständernas
511 751 75 21 beslut
602 752 97 20 rörande
716 752 144 26 förlängning

102 785 25 20 af
140 785 43 20 den
201 786 117 20 allmänna
334 785 144 28 tjenstetiden
495 788 58 18 samt
562 793 38 13 om
610 793 116 14 reservens
736 787 44 20 och
789 786 72 20 landt-

103 821 91 19 värnets
211 819 201 26 omorganisation.

174 854 7 19 I
206 856 95 18 motsats
324 854 33 20 till
381 854 43 20 den
448 854 83 26 nådiga
552 854 186 27 propositionens
754 854 106 26 förslag
849 850 14 36 i

104 890 39 18 art.
160 888 25 20 51
203 888 96 20 innebär
315 890 39 18 art.
371 888 34 25 53,
418 888 92 20 hvilken
527 890 127 18 motsvarar
670 888 94 27 punkt
750 883 12 36 3
774 888 46 27 af
811 883 12 36 $
830 887 31 22 36

104 922 6 20 i
119 922 216 27 Värnepligtslagen,
345 929 27 13 en
389 924 77 24 sträng
482 922 168 26 inskränkning
666 922 24 20 af
704 922 105 26 gällande
824 922 37 20 be-

104 956 74 20 frielse
187 956 29 27 på
225 956 73 26 grund
307 956 25 20 af
342 956 61 27 yrke.
423 956 94 21 Jemlikt
526 956 143 20 sistnämnda
679 956 78 21 artikel
768 957 93 20 komme

105 990 114 26 nämligen
243 990 188 28 kofferdisjömän
456 991 42 20 alls
521 991 49 20 icke
586 993 32 18 att
632 991 150 20 tillerkännas
798 990 64 27 dylik

104 1024 110 26 befrielse,
236 1027 54 18 utan
314 1025 74 21 skulle
404 1025 98 21 inträdet
517 1025 6 20 i
540 1025 130 27 krigstjenst
685 1025 81 21 endast
782 1025 79 20 kunna

104 1058 137 28 uppskjutas
263 1059 33 20 till
319 1059 52 21 dess
391 1059 62 20 tiden
477 1060 34 20 för
533 1060 65 20 deras
615 1059 190 27 tjenstekontrakt
820 1059 42 20 till-

105 1092 126 28 ändalupit,
253 1093 59 20 dock
328 1093 49 21 icke
393 1093 6 20 i
416 1093 75 26 någon
508 1093 109 21 händelse
633 1094 89 20 utöfver
737 1093 38 21 det
790 1092 73 28 tjugu-

105 1127 67 20 femte
196 1127 128 21 åldersåret.
356 1128 51 20 Med
431 1127 106 21 afseende
560 1128 13 20 å
596 1128 44 20 den
664 1130 60 18 stora
747 1127 115 27 betydelse

106 1161 106 27 sjöfarten
234 1167 50 21 eger
307 1162 35 20 för
364 1162 89 20 landets
476 1162 151 20 ekonomiska
649 1162 130 26 utveckling
794 1161 70 27 ligger

105 1196 37 20 det
164 1196 124 20 emellertid
312 1196 115 26 synnerlig
448 1196 47 26 vigt
517 1196 68 27 uppå,
609 1198 32 18 att
662 1196 135 20 densamma
813 1195 50 21 icke

106 1230 107 20 hämmas
236 1236 82 20 genom
335 1230 128 20 restriktiva
480 1230 184 26 lagstadganden.
697 1230 166 26 Befolkningen

105 1264 7 20 i
129 1264 99 20 Finland
245 1264 42 20 har
303 1264 75 21 städse
394 1264 52 20 med
462 1264 94 21 intresse
572 1266 67 24 egnat
655 1264 33 26 sig
704 1264 22 20 åt
743 1264 120 26 sjöfarten;

106 1298 88 21 landets
217 1298 162 21 handelsflotta
402 1298 141 27 ombesörjer
564 1298 18 27 ej
606 1298 57 21 blott
682 1305 27 14 en
726 1300 47 19 stor
788 1298 36 20 del
841 1298 25 20 af

105 1332 89 21 landets
217 1335 80 25 export
319 1333 44 20 och
385 1333 92 27 import,
500 1335 55 18 utan
578 1332 72 28 plöjer
673 1333 43 20 ock
732 1333 5 19 i
754 1332 111 20 utländsk

106 1366 104 21 fraktfart
226 1367 44 20 alla
286 1367 49 25 haf;
351 1367 59 20 befäl
427 1367 44 20 och
485 1368 113 26 manskap
607 1367 69 20 hafva
684 1372 82 21 genom
776 1366 89 20 erkänd

106 1400 117 27 duglighet
245 1401 59 27 gjort
326 1401 70 21 heder
418 1401 23 20 åt
464 1401 44 21 den
527 1401 79 26 flagga,
623 1401 73 20 under
719 1400 94 21 hvilken
836 1400 28 20 de

106 1435 66 26 segla.
198 1435 45 20 För
258 1438 31 18 att
305 1436 60 20 detta
381 1435 67 21 äfven
465 1435 121 21 framdeles
603 1435 38 20 må
656 1435 70 20 blifva
743 1435 62 20 fallet
821 1434 44 21 och

787 1479 10 17 6
