1086 1748
274 120 12 18 2
593 118 22 22 U.
631 118 22 22 B.

246 187 140 29 aktstycken,
402 187 78 22 hvilka
493 186 72 29 jämte
581 187 28 21 de
624 187 85 28 nådiga
722 186 197 30 propositionerna
929 186 75 22 öfver-

245 222 96 21 lämnats
364 222 34 21 till
420 222 128 26 ständerna,
571 221 143 22 förekomma
734 221 140 25 uttalanden,
890 221 114 21 beroende

245 258 29 27 pä
289 256 201 28 missuppfattning
506 256 26 21 af
545 256 38 21 det
602 263 83 21 genom
702 258 26 19 18
744 256 13 28 S
773 256 7 20 i
796 255 206 29 regeringsformen

245 290 26 22 af
284 290 43 22 den
342 292 26 19 21
384 290 91 28 augusti
499 292 54 19 1772
575 290 120 22 faststälda
710 290 97 21 militära
822 290 180 28 indelningsvär-

245 326 39 20 ket
307 327 56 19 samt
382 325 72 21 dettas
475 324 144 22 förhällande
633 325 35 21 till
683 332 32 14 nu
730 324 107 28 gällande
852 324 149 28 värneplikts-

244 360 45 28 lag,
312 359 39 21 har
373 360 117 25 utskottet,
515 359 58 21 efter
589 361 33 19 att
638 359 7 21 i
661 366 28 14 en
704 358 72 22 första
792 358 117 28 afdelning
924 358 25 21 af
963 359 39 20 sitt

246 394 141 21 betänkande
410 394 69 22 hafva
499 394 51 21 sökt
566 394 65 28 gifva
646 401 29 13 en
689 393 170 28 framställning
874 393 26 21 af
912 392 90 22 nästbe-

244 428 67 21 rörda
325 427 147 27 förhållande,
488 428 7 21 i
509 428 102 28 följande
623 428 118 28 afdelning
752 428 81 21 skridit
843 428 35 20 till
888 435 28 13 en
926 426 75 22 utred-

243 462 57 28 ning
315 462 25 21 af
353 462 172 29 ofvanantydda
543 462 128 22 afvikelser.
703 462 54 21 Som
774 462 139 25 ständernas,
929 462 71 28 lagut-

244 497 85 21 skottet
350 497 132 21 meddelade
504 497 106 28 uppdrag
633 497 59 21 dock
714 498 72 20 måste
808 504 66 14 anses
889 496 111 21 innefatta

244 531 69 22 äfven
335 531 69 22 andra
426 531 117 29 uppgifter
565 531 37 22 för
624 531 113 21 utskottet
758 534 29 18 än
802 530 159 22 utarbetandet
976 530 28 22 af

244 566 148 21 omförmälda
406 566 153 28 utredningar,
575 573 53 14 men
644 566 38 21 det
697 568 14 19 å
726 566 70 21 andra
811 565 65 22 sidan
891 565 48 21 icke
953 564 46 22 häl-

243 600 33 22 ler
292 600 45 22 kan
359 608 63 14 anses
442 600 70 22 hafva
527 600 60 22 varit
603 600 133 22 ständernas
751 600 99 28 mening,
868 601 32 19 att
914 601 85 19 tvänne

243 634 73 22 skilda
331 635 87 21 utskott
432 635 74 21 skulle
521 635 68 21 hvart
604 634 36 22 för
656 635 35 28 sig
707 634 43 22 och
762 634 128 22 oberoende
901 633 25 22 af
933 634 66 21 hvar-

243 669 71 21 andra
327 670 35 20 till
377 670 122 21 ständerna
517 669 98 22 aflämna
629 669 88 29 förslag
731 669 8 21 i
754 676 86 14 samma
854 671 88 23 ämnen,
958 668 41 21 har

242 703 155 28 lagutskottet,
420 704 58 22 efter
500 704 38 21 det
561 704 179 28 öfverläggning
757 704 8 20 i
783 703 83 28 frågan
888 704 38 26 egt
948 709 50 14 rum

241 738 83 21 mellan
339 738 133 28 delegerade
488 738 51 22 från
549 738 150 28 värneplikts-
711 738 43 21 och
764 737 163 29 lagutskotten,
939 738 59 19 stan-

242 774 40 19 nat
304 772 38 22 vid
364 773 44 21 den
428 773 94 25 åsikten,
539 775 33 19 att
587 772 151 29 lagutskottet
753 772 137 21 tillkommer
905 773 33 19 att
953 773 45 19 sär-

242 806 69 22 skildt
325 807 71 21 utlåta
412 808 34 28 sig
461 808 8 20 i
483 807 85 21 sådana
583 806 85 29 frågor,
683 814 48 14 som
741 808 60 26 angå
811 805 188 22 statsförfattnin-

240 848 46 20 gen
296 841 7 21 i
314 842 100 28 egentlig
424 842 102 28 mening;
537 841 119 22 hvaremot
666 840 252 28 värnepliktsutskottet
927 839 71 21 borde

240 874 20 29 ej
276 876 88 21 mindre
386 879 87 18 ensamt
495 876 82 21 bereda
597 876 28 21 de
647 875 62 22 delar
724 874 26 23 af
763 875 99 26 ärendet,
880 881 47 15 som
942 876 56 19 utan

240 912 33 19 att
288 910 88 29 ingripa
391 911 7 20 i
413 910 168 29 författningen
604 911 59 27 angå
683 909 159 29 värneplikten
865 911 58 19 samt
945 909 52 21 med

240 944 129 22 densamma
384 945 151 28 förknippade
550 944 165 29 skyldigheter,
732 947 29 18 än
775 943 69 22 äfven
855 943 102 22 utarbeta
969 943 28 21 de

239 978 87 29 förslag
340 979 34 21 till
389 979 93 28 lagtext,
499 986 48 14 som
571 986 66 14 anses
653 978 54 22 böra
723 978 122 21 ständerna
860 977 135 29 föreläggas.

238 1013 46 21 Vid
299 1013 79 21 sådant
393 1013 143 22 förhållande
548 1013 41 22 har
601 1013 38 21 det
650 1015 84 19 ansetts
746 1013 63 28 ligga
819 1012 8 21 i
838 1012 80 21 sakens
929 1015 69 18 natur

238 1049 34 19 att
286 1047 156 28 lagutskottet,
458 1048 7 20 i
475 1047 166 28 hufvudsaklig
653 1046 234 22 öfverensstämmelse
898 1046 50 21 med
958 1045 38 22 det

238 1083 52 24 sätt,
305 1081 86 29 hvarpå
404 1081 87 29 jämväl
505 1081 63 22 förut
583 1083 74 26 några
669 1083 87 26 gånger
768 1080 108 26 förfarits,
887 1080 110 21 aflämnar

238 1115 39 21 sitt
299 1115 143 22 betänkande
465 1116 34 21 till
521 1115 262 29 värnepliktsutskottet,
806 1116 30 27 på
855 1114 86 22 hvilket
957 1114 39 21 det

238 1150 70 21 sedan
329 1150 131 22 ankommer
483 1152 33 20 att
536 1149 107 22 befordra
659 1149 130 25 detsamma,
802 1149 72 28 jämte
890 1149 37 20 sitt
943 1151 52 25 eget

237 1183 149 27 betänkande,
402 1184 35 21 till
452 1184 128 21 ständerna.

304 1437 140 22 Lagutskottets
456 1436 122 17 betänkande.
