1086 1745
405 129 84 23 Ständ.
506 129 39 23 Sv.
784 130 39 21 149

100 201 82 22 klarat
209 201 91 22 sådant
325 201 55 22 icke
405 201 123 23 innebära
546 202 78 28 något
643 202 52 21 mot
713 200 140 30 Rysslands

101 236 49 22 rätt
178 235 134 23 stridande.
350 236 152 22 Monarkens
530 236 53 26 ord,
612 236 112 22 uttalade
752 236 32 22 då
803 235 49 22 han

100 270 161 28 personligen
289 270 73 22 afslöt
389 270 86 29 Borgå
502 270 131 29 landtdag,
657 270 60 29 lyda
736 270 116 23 sålunda:

105 304 189 29 >Inspirez-leur
322 304 56 30 (vos
396 304 186 31 compatriotes)
610 305 25 22 la
653 306 79 21 möme
760 304 95 22 convic-

102 339 57 26 tion,
177 339 24 22 la
220 340 78 21 méme
319 346 134 16 assurance
472 346 43 16 sur
534 340 35 22 les
589 340 82 28 objets
689 339 36 22 les
744 339 56 29 plus
813 339 42 21 im-

102 375 103 27 portans
225 374 14 21 a
258 375 70 21 votre
348 374 124 22 existence
491 374 134 29 politique:
645 374 22 22 le
686 374 119 22 maintien
824 373 31 22 de

103 415 45 15 vos
167 408 58 26 loix,
245 408 24 22 la
288 409 82 21 säretö
389 409 165 28 personnelle,
572 409 23 21 le
609 410 98 27 respect
720 408 136 22 inviolable

103 443 14 21 ä
137 449 45 16 vos
209 443 151 28 propriötös»
372 443 28 28 *).
420 442 54 23 Och
502 443 123 28 Kejsaren
650 443 91 26 tillade,
761 444 35 21 att
814 442 42 22 det

103 477 82 22 finska
203 477 78 22 folket
299 477 84 22 kunde
396 477 116 22 betrakta
526 478 39 29 sig
577 478 84 21 såsom
677 477 83 28 »placé
774 477 82 22 d6sor-

103 512 62 22 mais
193 518 32 16 au
252 519 63 22 rang
343 512 43 22 des
413 512 108 27 nations,
550 519 59 16 sous
636 512 112 28 empire
767 511 31 22 de
817 517 39 16 ses

103 547 66 22 loix»
179 546 29 29 **)
228 548 63 21 samt
310 547 82 22 såsom
414 547 77 22 »libre
510 547 63 22 dans
585 546 208 29 Vintörieur»
745 541 56 39 ***).
814 545 44 23 Sä-

105 588 52 15 som
184 581 145 29 ytterligare
356 581 55 22 stöd
430 581 40 22 för
489 581 82 22 denna
590 581 163 29 uppfattning
772 581 85 22 kunna

106 615 140 23 Ständerna
274 615 110 29 äberopa
412 616 42 22 det
480 616 104 26 faktum,
605 617 36 21 att
667 615 120 23 Finlands
806 615 52 22 folk

105 651 80 22 under
212 651 38 21 sin
278 651 144 28 nittioäriga
446 651 118 28 förening
582 651 57 22 med
659 650 127 29 Ryssland
804 649 54 23 icke

105 685 74 29 gifvit
203 685 55 22 sina
280 685 134 22 Monarker
438 685 59 22 eller
521 685 127 29 Ryssland
668 685 136 28 anledning
823 684 35 22 till

105 719 153 30 bekymmer.
292 720 55 21 Den
364 720 183 29 misstämning,
567 727 53 15 som
639 719 39 22 för
699 719 159 22 närvarande

105 754 75 22 räder
204 754 7 21 i
234 754 114 26 Finland,
376 755 47 21 har
449 754 157 22 framkallats
634 760 90 23 genom
744 754 31 22 de
794 754 65 21 stän-

107 788 58 29 diga
193 795 145 22 angreppen
365 789 33 27 pä
426 789 70 22 hvad
520 788 120 23 Finlands
659 788 130 29 laglydiga
807 787 52 23 folk

107 823 82 22 säsom
207 822 52 23 folk
279 823 96 23 skattar
393 823 76 29 högst
488 823 45 22 och
552 823 143 29 dyrbarast.

177 857 141 22 Ständerna
343 859 43 20 äro
408 858 142 21 förvissade
569 858 93 25 derom,
682 858 35 21 att
735 864 34 15 nu
787 857 73 21 fram-

106 892 92 26 hällna,
218 892 72 29 djupt
318 892 131 29 allvarliga
477 892 214 29 omständigheter
719 891 60 26 icke,
802 891 59 22 eller

107 926 149 23 åtminstone
275 927 53 22 icke
346 927 167 28 fullständigt,
533 927 88 28 bragts
634 926 66 22 inför
713 926 82 23 Eders
806 925 56 29 Kej-

107 961 91 29 serliga
217 961 124 28 Majestät,
361 961 90 22 medan
468 961 42 22 det
523 962 14 21 ä
551 961 80 22 andra
644 961 72 22 sidan
729 961 79 22 mäste
821 960 41 22 be-

106 995 76 27 faras,
198 997 35 21 att
251 996 39 22 för
306 996 106 22 Finland
426 996 117 29 skadliga
556 995 191 26 meddelanden,
761 995 101 22 hvilkas

107 1030 137 29 oriktighet
271 1031 41 21 väl
330 1031 68 22 tiden
418 1031 64 21 skall
502 1031 169 28 ädagalägga,
691 1030 128 22 framförts
839 1029 21 29 ej

107 1065 97 22 mindre
222 1065 36 22 till
277 1065 80 22 Eders
376 1065 118 28 Majestät
510 1066 32 21 än
555 1065 36 22 till
603 1065 183 29 inflytelserika
799 1064 64 22 kret-

109 1106 42 16 sar
169 1099 7 22 i
190 1099 196 29 Kejsaredömet.
407 1099 53 23 Hos
480 1099 120 22 Finlands
618 1099 53 22 folk
689 1099 47 22 har
755 1099 64 22 dock
839 1098 25 22 af

109 1134 70 22 älder
198 1134 48 22 den
265 1134 187 29 öfvertygelsen
472 1134 66 22 varit
557 1134 96 26 rotfäst,
675 1135 34 21 att
722 1133 78 22 folket
813 1133 50 22 kan

109 1169 45 22 och
178 1168 46 23 bör
246 1169 57 22 med
322 1169 144 22 förtroende
486 1169 83 22 vända
589 1169 38 28 sig
646 1169 36 22 till
701 1169 38 21 sin
758 1167 106 23 Monark

108 1203 40 22 för
171 1204 35 21 att
229 1203 66 22 inför
319 1204 91 21 honom
434 1203 151 29 framlägga,
605 1203 69 22 hvad
693 1209 53 16 som
764 1203 43 22 rör
826 1202 38 29 sig

178 1309 16 23 *)
208 1309 149 23 ,Underhällen
376 1315 78 12 samma
466 1310 104 18 tänkesätt
582 1309 38 18 och
633 1314 77 13 samma
723 1308 143 24 öfvertygelse,

110 1344 33 12 om
161 1338 23 18 de
203 1338 32 18 för
250 1338 54 18 Eder
315 1338 96 24 politiska
424 1338 100 23 ställning
536 1338 110 23 vigtigasto
659 1338 93 22 fördelar,
766 1343 34 12 om
811 1336 55 19 Edra

110 1367 77 23 Lagars
200 1367 66 23 helgd,
279 1373 33 11 om
323 1367 103 23 personlig
439 1367 96 18 säkerhet
547 1367 37 18 och
597 1366 70 18 ostörd
680 1366 167 24 egendomsrätt.*

179 1395 25 22 +»)
218 1395 116 24 ,Upphöjdt
352 1395 32 18 för
403 1395 110 18 framtiden
525 1395 70 18 ibland
607 1395 135 18 Nationernas
754 1394 62 22 antal,
828 1400 38 12 un-

111 1424 35 18 der
158 1423 45 18 sina
215 1424 78 23 Lagars
306 1424 82 24 skydd.

179 1452 35 23 ***)
228 1453 64 22 "Fritt
304 1452 54 19 inom
371 1453 48 23 sig."
