1086 1759
440 122 22 22 U.
479 122 21 22 B.
791 125 27 19 89

92 190 131 28 förslaget
238 193 38 19 att
298 191 105 21 tilldela
421 190 208 29 ifrågavarande
650 191 43 21 del
715 191 29 21 af
756 194 92 19 värne-

93 225 165 29 pliktslagen
290 226 234 28 grundlagsnatur,
558 233 46 14 var
638 225 114 29 grefven
786 225 60 21 icke

93 259 119 29 okunnig
235 267 38 14 om
296 262 47 23 att,
360 260 82 21 sedan
464 262 37 19 ett
524 260 28 21 af
569 260 144 21 ständerna
736 261 112 27 antaget

93 293 149 29 lagförslag
264 301 93 21 genom
380 294 160 21 monarkens
564 294 127 21 sanktion
715 293 132 30 upphöjts

93 329 43 21 till
151 329 42 28 lag
208 329 42 20 för
265 328 97 26 landet,
379 329 85 20 denna
478 328 44 29 lag
538 328 22 29 ej
577 329 50 21 kan
643 328 96 22 ändras
755 336 91 14 annor-

93 363 82 22 lunda
189 366 33 18 än
236 363 57 21 med
309 363 155 21 ständernas
480 363 78 21 bifall
573 363 49 22 och
637 363 143 28 samtycke.

163 397 101 22 Grefven
279 405 40 14 var
329 397 115 28 nämligen
454 397 117 26 tillstädes,
587 397 29 22 då
627 397 82 28 Kejsar
719 397 130 22 Alexander

93 433 23 20 II
131 433 7 21 i
153 439 58 21 egen
221 432 47 28 hög
275 439 82 21 person
365 432 104 29 öppnade
480 433 110 20 1863—64
599 433 35 20 års
642 431 110 29 landtdag
760 432 43 22 och
810 431 38 22 be-

93 467 111 21 tecknade
220 467 44 20 den
278 466 183 22 konstitutionelt
480 466 144 21 monarkiska
638 466 119 29 principen
772 468 74 20 såsom

95 508 176 14 sammanvuxen
282 501 51 21 med
343 501 38 21 det
388 501 74 21 finska
470 501 83 21 folkets
562 501 71 25 seder,
641 501 153 21 institutioner
802 500 43 22 och

95 535 71 28 lagar;
182 535 96 28 grefven
292 535 76 21 kunde
391 535 69 22 äfven
476 535 54 28 eljes
544 535 50 22 icke
617 535 70 22 hafva
701 535 59 21 varit
776 535 69 21 okun-

95 570 40 28 nig
150 577 42 18 om,
207 569 94 22 hvilken
316 569 116 29 betydelse
456 570 70 28 enligt
541 570 83 21 allmän
643 569 205 29 rättsuppfattning

95 604 44 21 den
155 604 196 28 omständigheten
366 604 47 26 har,
430 606 33 19 att
478 605 124 20 monarken
617 604 101 21 förlänar
733 604 35 21 sin
784 603 64 22 sank-

96 639 47 21 tion
165 641 22 18 åt
203 641 32 18 ett
253 639 26 21 af
300 639 120 21 ständerna
436 641 91 26 antaget
549 639 132 28 lagförslag.
711 639 53 20 Men
780 637 69 22 äfven

96 681 36 14 om
147 673 38 22 det
199 673 62 28 finge
284 675 99 26 antagas,
400 675 33 20 att
455 673 80 28 grefve
549 673 101 28 Miljutin
665 673 20 28 ej
705 673 73 21 skulle
794 672 55 21 känt

96 707 68 26 detta,
179 708 77 21 kunde
271 707 82 29 Kejsar
363 708 129 21 Alexander
502 708 41 21 II:s
560 707 114 29 principer
689 707 20 28 ej
724 707 71 22 hafva
809 714 38 14 va-

96 742 29 21 rit
139 742 36 21 för
190 742 83 21 honom
289 742 118 25 obekanta,
423 745 54 18 enär
492 742 28 21 de
535 744 82 26 många
633 743 87 27 gånger
732 741 50 22 före
794 743 53 19 1877

96 776 69 29 gifvit
179 777 35 28 sig
229 777 93 28 uttryck
337 777 57 21 både
410 777 7 20 i
432 777 40 21 ord
488 777 43 21 och
545 777 8 20 i
567 776 117 28 handling.
707 776 40 21 Ett
756 775 94 29 positivt

96 811 63 21 bevis
174 811 36 22 för
226 813 33 19 att
274 811 79 28 grefve
368 811 100 28 Miljutin
482 811 119 28 värkligen
617 812 38 27 egt
670 810 128 22 kännedom
814 817 36 14 om

96 845 108 22 Finlands
226 845 150 22 konstitution
391 845 123 22 förefinnes
530 845 115 22 dessutom
659 845 7 20 i
683 852 28 14 en
728 844 26 22 af
766 844 84 21 honom

97 879 44 22 den
156 881 26 20 25
198 880 95 21 oktober
316 882 54 19 1876
386 880 35 21 till
438 880 313 21 ministerstatssekreteraren
767 878 83 22 aflåten

97 914 125 26 skrifvelse,
246 915 39 20 där
300 915 7 20 i
322 915 65 28 fråga
410 922 37 14 om
469 915 44 21 den
535 921 88 22 person,
640 916 23 19 åt
677 913 94 22 hvilken
786 913 61 21 kom-

97 949 92 21 mandot
204 949 64 22 öfver
284 949 27 22 de
333 949 75 21 finska
426 951 124 26 trupperna
565 949 70 21 borde
651 948 119 25 anförtros,
786 947 62 22 anfö-

98 990 34 14 res
147 983 69 21 bland
231 986 78 19 annat:
332 984 122 21 Dessutom
469 983 137 22 tillkommer
621 983 72 28 enligt
708 983 44 21 den
760 981 90 22 svenska

97 1018 168 22 konstitutionen
277 1019 28 27 af
312 1019 42 21 den
364 1019 28 20 21
404 1018 89 28 augusti
503 1018 65 27 1772,
579 1017 86 22 hvilken
675 1017 55 28 lagts
738 1017 32 21 till
776 1015 76 29 grund

97 1052 36 27 för
147 1053 112 21 Finlands
274 1053 196 28 statsförfattning,
485 1054 37 19 det
536 1052 82 28 högsta
633 1051 85 22 befälet
733 1051 64 21 öfver
808 1050 44 21 alla

98 1090 93 25 trupper
213 1087 43 21 och
278 1087 156 28 krigsmakten
456 1087 36 20 till
514 1087 64 20 lands
601 1086 80 21 endast
695 1084 155 29 konungen”).

97 1120 35 22 Af
145 1128 84 14 samma
244 1121 118 22 skrifvelse
377 1121 107 28 framgår,
500 1123 33 19 att
547 1120 81 29 grefve
643 1119 99 29 Miljutin
757 1119 45 21 fått
813 1118 36 21 del

98 1155 26 21 af
136 1155 43 22 och
194 1156 207 27 uppmärksammat
416 1158 104 19 senatens
536 1155 101 21 uttalade
653 1153 153 28 ,tvifvelsmål
814 1160 36 14 om

98 1189 148 29 möjligheten
260 1192 33 19 att
308 1189 84 22 erhålla
406 1189 89 22 landets
511 1189 102 22 ständers
629 1189 118 28 samtycke
763 1187 35 22 till
814 1190 37 18 än-

98 1224 67 28 dring
180 1223 26 22 af
219 1224 149 28 grundlagen,
384 1231 49 15 som
448 1224 98 28 stadgar,
563 1225 33 20 att
611 1223 79 28 hvarje
705 1221 147 22 innehafvare

167 1316 17 22 *)
196 1316 27 17 Ka
240 1321 45 17 Tomy
297 1321 25 12 xe
340 1321 12 12 k
365 1321 25 12 uno
408 1315 120 20 lllBexckok
547 1315 150 22 mOoHcTMTYMIN
713 1315 24 16 21
756 1313 98 23 ÅBrycTa

100 1345 51 16 1772
164 1349 19 16 r.,
192 1345 112 21 NDUHATOR
316 1350 25 11 BT
353 1344 121 18 OCHORAHIC
486 1349 217 18 TOCYAAPCTBEHHATO
715 1343 139 23 ycTPpoiicrBa

98 1372 129 22 OHHAIAHAIN,
245 1378 72 12 BHCHICO
330 1373 162 17 HATANKCTEOBAHIE
509 1373 60 17 BCbMHM
586 1377 96 12 BOCKHHMH
699 1377 12 12 H
723 1375 130 19 CYXONYTHMMM

98 1406 70 13 CHAAMH
180 1406 142 17 WMPIHANIeKUTE
333 1406 65 12 TOJIBKO
411 1406 69 17 OIHOMY
491 1406 78 17 KOPO1W.

167 1441 141 23 Lagutskottets
320 1441 122 17 vetänkande.
