1092 1750
397 138 86 22 Ständ.
499 138 38 23 Sv.
792 139 26 20 95

160 209 8 22 i
186 209 44 22 fall
249 209 50 21 han
318 209 58 22 fälts
395 209 36 22 till
449 209 113 29 fängelse
582 209 72 22 öfver
670 216 45 15 sex
728 209 120 23 månader

92 243 59 22 eller
170 243 35 22 till
225 243 186 26 tukthusstraff,
431 244 28 21 så
479 245 69 21 snart
567 244 50 22 han
636 244 90 22 utstått
742 244 106 26 straffet;

93 279 63 21 samt

161 312 46 22 der
235 312 74 22 äfven
330 312 91 22 förlust
443 312 26 22 af
487 312 198 29 medborgerligt
703 312 145 22 förtroende

93 346 59 22 eller
172 346 151 29 ovärdighet
342 348 35 20 att
395 347 96 28 nyttjas
509 347 8 22 i
536 347 99 22 landets
657 347 77 28 tjenst
757 347 92 22 honom

94 380 105 27 ådömts,
220 380 78 22 sedan
317 381 69 21 tiden
404 380 39 22 för
463 382 80 21 sådan
562 381 98 29 påföljd
682 381 166 29 tilländagått.

163 415 76 22 Hvad
267 415 7 21 i
297 415 14 29 $
340 415 33 22 82
395 415 82 22 finnes
497 416 125 29 stadgadt,
642 416 64 22 skall
725 416 45 22 ock
789 416 8 21 i
816 422 34 15 nu

94 450 110 21 nämnda
223 450 44 21 fall
285 450 7 21 i
311 450 149 29 tillämpliga
479 451 71 22 delar
568 451 134 28 iakttagas.

435 536 14 29 s
470 537 39 22 81.

165 588 45 26 De,
237 588 86 22 hvilka
341 588 118 22 inkallats
480 588 6 22 i
506 588 77 29 tjenst
601 588 7 22 i
628 588 82 22 stället
728 588 38 22 för
786 588 64 25 dem,

96 629 52 16 som
168 622 78 28 enligt
263 622 15 29 8
298 622 33 22 79
351 622 99 22 erhållit
469 622 124 26 befrielse,
614 622 131 22 äfvensom
763 622 40 22 för
822 622 30 22 de

96 658 7 21 i
130 652 19 38 $8
158 657 32 22 80
218 657 150 22 omnämnda
395 663 130 22 personer,
551 658 44 20 äro
614 656 158 29 berättigade
792 657 35 21 att
845 656 7 21 i

96 693 102 21 motsatt
226 692 109 28 ordning
361 691 36 22 till
415 691 75 22 deras
509 691 179 29 nummerföljd
706 691 8 21 i
732 691 121 22 lottlistan

96 726 79 22 blifva
203 725 159 29 entledigade
390 726 156 22 omedelbart
574 725 62 22 efter
661 725 42 22 det
722 725 30 22 de
772 724 82 23 dertill

96 760 153 29 förpligtade
269 760 88 28 sjelfve
376 760 96 22 inträdt
489 761 8 21 i
516 760 84 28 tjenst.

166 794 39 22 Då
225 794 84 29 någon
328 794 78 29 enligt
425 794 32 29 8&
480 795 55 25 112,
552 794 48 22 113
615 794 59 22 eller
689 794 47 22 115
751 794 7 21 i
771 793 83 22 denna

97 829 42 29 lag
168 829 135 21 förklarats
331 829 102 28 skyldig
453 831 36 20 att
507 829 72 22 träda
600 829 6 21 i
627 828 68 22 aktiv
714 828 76 28 tjenst
810 827 45 22 och

98 864 82 22 blifvit
208 863 53 23 deri
289 863 100 26 instäld,
418 863 71 27 skall,
517 870 39 15 om
579 864 109 27 truppen
710 862 146 28 derigenom

98 898 82 22 blifvit
208 897 201 29 öfverkomplett,
438 898 86 28 någon
554 898 35 22 till
614 897 95 29 afgäng
739 896 70 28 villig
832 895 24 22 af

99 932 49 22 den
167 932 118 26 ärsklass,
306 938 52 16 som
378 934 86 20 senast
483 932 95 22 inträdt
595 932 8 22 i
622 932 84 28 tjenst,
720 931 56 21 frän
790 932 67 26 trup-

98 973 50 22 pen
167 966 151 29 entledigas;
338 966 47 22 och
404 972 62 16 vare
485 967 49 22 den
554 966 35 22 till
608 965 177 29 entledigande
802 965 55 21 när-

99 1003 65 20 mast
183 1001 150 29 berättigad,
351 1007 53 16 som
417 1001 119 22 inkallats
549 1000 57 22 frän
620 1006 95 16 samma
728 999 130 28 lottnings-

100 1036 102 22 omräde
233 1036 45 21 och
305 1035 106 22 innehar
433 1036 93 28 högsta
545 1036 184 24 lottnummern,
750 1033 108 23 derefter

100 1070 56 26 den,
177 1076 54 16 som
249 1070 92 28 uttagit
359 1070 114 22 närmast
491 1070 71 28 lägre
580 1070 168 24 lottnummer,
765 1068 46 22 och
830 1067 28 22 sä

101 1104 96 22 vidare.

169 1138 62 26 Den,
259 1144 52 16 som
338 1138 8 22 i
373 1138 64 28 följd
467 1138 26 22 af
521 1138 175 28 stadgandena
718 1137 7 22 i
744 1137 83 22 denna
846 1136 13 26 $

101 1173 59 22 eller
179 1173 33 28 pä
231 1173 83 28 grund
334 1173 25 22 af
377 1173 274 28 familjeförhällanden
664 1172 82 22 blifvit
759 1170 101 23 entledi-

102 1207 57 29 gad,
180 1207 135 22 inskrifves
335 1207 42 22 vid
396 1207 171 22 landtvärnet.

446 1298 15 29 s
483 1299 40 22 82.

171 1351 54 21 Har
253 1351 85 29 någon
365 1350 84 22 blifvit
472 1350 58 22 från
556 1350 229 28 uppbädslängden
812 1350 51 20 ute-

102 1385 86 29 glömd
207 1385 46 22 och
273 1385 24 21 af
316 1385 79 22 sädan
416 1385 138 29 anledning
573 1385 54 21 icke
649 1384 33 28 pä
694 1382 169 24 föreskrifven

103 1419 36 22 tid
157 1419 140 28 uppbädad
316 1419 37 22 till
371 1419 118 29 lottning,
510 1419 64 22 skall
586 1419 58 28 han,
657 1419 7 21 i
677 1418 44 22 fall
734 1418 130 28 misstaget

103 1454 140 28 upptäckes
271 1454 77 21 innan
376 1454 51 21 han
449 1454 111 28 uppnätt
582 1452 127 23 trettiotvä
729 1452 40 22 ärs
789 1451 76 25 älder,
