1086 1761
444 125 22 22 U.
483 125 21 22 B.
796 128 25 19 91

97 195 93 21 fästelse
205 195 7 20 i
228 194 44 21 den
294 195 65 25 form,
382 195 44 20 den
449 194 26 21 af
492 195 121 21 ständerna
635 195 104 28 antagits,
756 195 36 21 för
814 195 38 20 det

97 229 71 21 första
190 228 90 22 därföre
303 231 33 18 att
351 229 75 21 denna
443 229 45 28 lag,
504 229 71 28 enligt
591 229 132 21 ständernas
738 229 112 25 anhållan,

97 263 90 22 komme
210 265 34 19 att
262 263 71 21 blifva
351 263 79 21 endast
445 265 113 26 temporär
573 263 43 22 och
632 263 148 22 underkastas
795 263 56 22 revi-

97 297 56 26 sion,
169 297 71 21 sedan
255 296 129 22 densamma
398 297 123 29 tillämpats
537 298 7 20 i
558 298 32 21 tio
601 299 24 19 år
637 297 54 21 eller
703 298 33 20 till
748 297 42 22 och
800 297 51 21 med

97 331 103 29 tidigare,
217 338 37 14 om
269 331 80 21 sådant
363 331 83 21 funnes
461 332 86 28 nödigt,
563 334 64 23 samt,
641 331 91 29 jämlikt
747 334 103 19 senatens

97 366 114 28 yttrande,
235 368 29 26 på
280 368 43 18 sätt
339 366 25 21 af
378 366 223 21 statssekretariatets
617 366 119 21 skrifvelse
750 366 43 22 N:o
810 368 40 19 512

96 401 118 26 inhämtas,
231 400 27 21 de
274 400 7 21 i
296 400 106 22 händelse
418 400 26 21 af
455 400 71 22 behof
534 400 79 29 nödiga
624 400 124 28 ändringar
759 401 7 21 i
777 401 74 28 lagens

97 435 91 28 detaljer
211 435 36 22 och
270 435 111 22 redaktion
402 437 55 20 utan
472 435 109 28 svårighet
595 435 78 22 kunna
689 435 35 21 ske
738 435 112 28 efteråt”).

97 470 49 25 och,
161 469 36 22 för
212 469 38 22 det
266 469 75 27 andra,
357 471 29 27 på
401 469 38 22 det
454 469 179 22 värkställandet
648 469 25 21 af
688 469 43 22 den
746 470 36 21 för
796 472 54 19 stor-

96 504 166 22 furstendömet
284 505 24 20 så
329 504 147 28 nödvändiga
498 504 96 21 militära
616 504 119 25 reformen,
758 506 25 19 så
802 503 49 22 vidt

97 539 89 28 möjligt
201 541 31 23 är,
248 538 49 21 icke
314 538 74 21 blefve
403 538 140 29 uppskjutet.

165 573 83 21 Tillika
270 573 40 21 har
332 573 212 27 krigsministerium
567 575 74 19 ansett
663 573 36 27 sig
721 573 77 21 kunna
819 573 31 19 in-

96 610 96 18 stämma
207 608 6 20 i
230 607 37 21 det
290 606 25 22 af
335 609 93 19 senaten
448 606 36 22 för
506 607 97 21 Finland
619 606 88 29 afgifna
722 606 106 28 yttrande
843 606 6 20 i

97 642 123 28 anledning
243 641 26 21 af
289 641 131 21 ständernas
436 641 167 29 framställning
619 642 7 20 i
640 641 82 28 frägan
736 648 37 14 om
788 640 62 22 anvi-

97 676 68 22 sande
181 676 26 21 af
220 676 73 20 medel
314 675 36 21 för
372 676 170 28 värnepliktens
565 676 126 25 införande,
713 675 70 22 likväl
798 674 51 22 med

98 710 113 22 förbehäll
226 712 33 19 att
274 710 28 21 de
317 710 51 21 utaf
382 710 135 28 afgörandet
532 710 25 21 af
571 710 74 22 denna
659 710 66 28 fräga
738 709 112 22 beroende

96 745 86 28 förslag
197 744 35 22 till
248 744 152 28 organisation
416 744 25 22 af
455 744 28 22 de
498 745 74 21 finska
584 747 124 26 trupperna
718 747 58 18 samt
786 744 64 21 deras

96 779 107 28 styrelser
226 778 42 22 och
291 779 95 21 militära
408 779 158 28 inrättningar,
582 786 48 14 som
653 781 93 19 senaten
760 778 90 21 komme

97 816 33 19 att
145 816 110 26 uppgöra,
272 813 48 21 före
336 814 125 20 desammas
478 813 184 22 öfverlämnande
678 813 33 21 till
723 813 63 21 Hans
797 811 53 29 Kej-

97 848 83 28 serliga
202 847 115 29 Majestäts
339 848 84 28 nådiga
445 848 153 26 fastställelse,
618 848 3 20 i
637 848 72 21 sinom
726 847 33 21 tid
776 846 74 22 blefve

97 881 131 22 meddelade
247 881 211 29 krigsministerium
474 882 7 21 i
496 882 107 22 afseende
619 884 13 19 å
647 881 123 26 utlåtande,
793 883 57 19 samt

97 918 33 19 att
144 916 82 28 frågan
249 924 37 13 om
304 916 164 28 upphäfvande
484 916 25 22 af
522 915 327 29 inkvarteringsskyldigheten

97 951 6 21 i
118 950 104 26 Finland,
245 952 73 20 såsom
340 950 122 22 fordrande
486 959 27 13 en
536 951 91 28 mycket
650 950 145 28 omsorgsfull
815 949 35 21 be-

97 985 115 28 handling,
228 985 8 21 i
251 984 123 29 synnerhet
389 985 7 21 i
411 985 62 21 hvad
496 986 129 20 densamma
647 987 70 26 angår
736 984 114 28 kejsardö-

97 1022 56 18 mets
175 1022 100 26 trupper,
298 1019 76 21 blefve
397 1020 58 20 skild
478 1020 53 21 från
545 1020 149 21 förevarande
710 1019 82 21 ärende
808 1018 42 21 och

96 1054 153 21 underkastad
272 1061 27 13 en
322 1054 90 28 allsidig
436 1054 149 28 granskning,
604 1054 58 22 först
677 1056 29 26 på
721 1053 81 25 stället,
817 1054 32 19 så-

96 1088 69 21 lunda
180 1090 33 19 att
229 1088 38 21 det
289 1088 74 21 lokala
385 1088 168 22 militärbefälet
575 1088 115 21 lämnades
712 1087 89 21 tillfälle
817 1088 33 19 att

96 1122 48 22 däri
159 1125 54 25 taga
228 1122 42 26 del,
286 1122 42 22 och
343 1122 70 22 sedan
428 1123 7 20 i
451 1123 83 28 själfva
549 1122 216 29 krigsministerium.

165 1156 149 21 Meddelande
336 1156 38 21 det
396 1156 71 21 ofvan
490 1156 101 27 anförda,
614 1156 41 21 har
669 1156 40 28 jag
724 1159 55 18 äran
794 1157 56 19 äter-

96 1191 65 20 ställa
176 1193 55 19 etc.*

164 1225 188 28 Krigsministeen
375 1229 41 24 gör
437 1225 43 21 här
500 1225 88 21 skilnad
608 1225 82 21 mellan
705 1223 145 29 ändringar
837 1219 17 38 i

96 1259 78 28 lagens
190 1259 94 28 detaljer
299 1259 42 22 och
357 1259 51 22 dess
424 1259 124 26 redaktion,
567 1259 139 22 beträffande
717 1259 78 21 hvilka
804 1258 46 21 han

96 1297 47 18 tror
158 1294 121 28 ändringar
294 1296 56 19 utan
366 1294 116 28 svärighet
500 1294 77 21 kunna
594 1293 171 25 ästadkommas,
782 1295 13 19 ä
808 1299 42 15 ena

96 1328 71 25 sidan,
182 1328 43 21 och
241 1328 73 28 öfriga
329 1329 143 27 stadganden
488 1330 12 19 &
516 1328 43 21 den
577 1328 80 25 andra;
672 1335 51 14 men
736 1335 37 14 om
783 1327 67 28 lagen

164 1404 17 21 *)
194 1403 118 17 Kursiveradt
325 1403 20 17 af
357 1403 95 17 utskottet.

163 1443 140 23 Lagutskottets
316 1443 122 17 betänkande.
