1089 1778
262 142 27 20 20

301 213 51 18 Art.
375 213 39 18 57.
445 211 164 27 Upprättandet
631 211 24 21 af
675 211 80 27 förslag
769 211 94 21 rörande
880 211 109 27 uppbåds-

233 245 116 22 områdena
365 246 123 21 ankommer
504 246 11 21 ä
531 247 142 26 guvernören,
685 252 46 16 som
741 245 102 22 insänder
858 245 78 22 sådant
946 245 43 22 för-

233 279 46 27 slag
294 279 32 22 till
342 279 104 23 Senatens
461 280 100 27 pröfning
577 280 39 21 och
631 281 144 21 fastställelse.

300 313 91 28 Uppgift
406 321 34 15 om
456 315 26 21 de
497 315 29 27 på
541 315 72 27 grund
629 315 22 21 af
661 315 128 27 föregående
801 314 91 21 artiklar
903 314 86 21 bildade

232 348 222 27 uppbådsområdena,
478 349 48 21 med
544 351 123 25 noggrannt
683 349 128 27 angifvande
826 348 23 22 af
863 349 63 21 deras
942 350 47 19 sär-

232 382 70 21 skilda
325 382 58 21 delar
406 383 38 21 och
463 383 25 21 de
503 383 88 27 platser,
607 383 72 21 hvilka
694 383 69 21 blifvit
778 382 93 22 utsedda
886 382 31 21 till
933 389 56 20 upp-

232 416 139 27 bådsställen,
387 417 101 22 insändas
504 417 33 22 till
552 418 185 27 Krigsministern.

302 470 50 19 Art.
376 471 41 18 58.
447 469 89 27 Förslag
559 469 32 21 till
607 469 92 28 ändring
715 469 22 22 af
750 469 67 21 redan
832 468 83 22 bildadt
934 474 54 21 upp-

232 502 142 22 bådsområde
388 503 121 22 hemställes
526 503 23 22 af
563 503 141 22 Guvernören
716 503 31 22 till
758 503 101 27 Senaten,
871 509 45 16 som
927 502 59 22 stad-

232 536 68 22 fäster
315 537 118 22 detsamma
448 538 6 21 i
470 538 86 21 samråd
571 538 48 21 med
634 538 185 27 Krigsministern.

488 641 95 22 SJUNDE
599 641 136 22 KAPITLET.

294 693 34 21 Om
344 693 24 21 de
385 693 144 28 myndigheter,
545 693 65 22 hvilka
625 694 34 21 det
674 694 120 21 tillkommer
809 693 31 21 att
856 693 71 27 bringa

441 728 138 27 värnepligten
596 728 5 20 i
617 728 162 27 verkställighet.

302 787 50 18 Art.
370 787 41 19 59.
442 786 10 20 I
467 786 72 26 hvarje
554 786 35 20 län
606 786 55 21 skall
675 785 70 22 finnas
761 792 25 14 en
798 785 69 21 under
878 785 109 21 Guvernö-

233 825 49 15 rens
298 819 183 27 ordförandeskap
494 820 90 21 stående
594 820 131 27 Länenämd,
735 820 118 21 bestående
864 820 23 21 af
894 820 94 27 följande

231 853 129 21 ledamöter:
394 854 345 27 —distriktsmilitärbefälhafvaren,
774 854 213 21 landssekreteraren

232 889 63 25 samt,
321 888 67 27 enligt
412 888 144 22 förordnande
580 888 23 22 af
623 886 146 29 Guvernören,
793 889 37 21 två
855 888 133 22 kommunal-

232 921 206 23 nämdsordförande
460 922 47 22 från
531 922 58 22 länet
613 923 39 21 och
677 922 285 28 expeditionssekreteraren
982 923 5 20 i

232 956 98 22 nämden.

302 1004 50 18 Art.
369 1005 43 18 60.
443 1003 11 21 I
468 1003 59 25 länet
550 1003 54 21 skall
619 1002 70 22 finnas
708 1005 32 19 ett
759 1002 51 22 eller
828 1003 37 21 två
880 1002 109 27 uppbåds-

232 1036 95 22 distrikt.
361 1037 10 21 I
393 1037 73 27 hvarje
488 1037 190 27 uppbådsdistrikt
701 1038 102 21 tillsättes
826 1043 26 15 en
875 1036 114 22 Distrikts-

232 1070 72 27 nämd,
319 1070 117 22 bestående
452 1071 23 21 af
490 1071 346 22 Distriktsmilitärbefälhafvaren
852 1071 70 21 såsom
939 1071 49 20 ord-

231 1104 91 22 förande
336 1107 57 19 samt
408 1105 92 28 följande
515 1105 130 22 ledamöter:
657 1112 26 15 en
695 1106 22 21 af
726 1105 162 22 vederbörande
898 1105 90 21 militär-

231 1139 57 21 befäl
306 1139 78 21 utsedd
408 1139 77 27 officer,
506 1146 25 15 en
548 1140 23 21 af
583 1141 136 26 guvernören
734 1139 79 22 utsedd
828 1145 79 21 person
922 1139 66 21 bland

232 1173 138 21 medlemmar
380 1173 7 21 i
397 1174 213 21 kommunalnämder
625 1175 52 20 eller
692 1173 196 28 stadsfullmäktige
898 1173 7 21 i
915 1173 73 22 lands-

232 1207 52 21 eller
298 1208 217 21 stadskommunerna
529 1209 58 21 inom
603 1209 118 26 distriktet,
737 1210 58 19 samt
810 1214 26 15 en
852 1208 102 21 likaledes
968 1207 23 21 af

231 1244 136 24 guvernören
384 1243 78 20 utsedd
473 1243 104 26 juridiskt
592 1243 72 21 bildad
679 1249 86 21 person,
782 1249 45 14 som
842 1242 68 21 tillika
920 1244 25 19 är
956 1248 34 15 ex-

231 1276 358 28 peditionssekreterareinämden,
598 1277 114 22 hvarutom
721 1277 100 26 nämden,
828 1277 28 21 då
865 1277 124 21 densamma

230 1311 37 20 vid
282 1311 212 26 uppbådstillfällena
509 1313 173 20 sammanträder
698 1313 12 20 å
725 1313 27 20 de
763 1311 69 22 skilda
843 1311 145 28 uppbådsom-

230 1345 94 21 rådenas
340 1346 186 27 samlingsställen,
541 1347 120 21 förstärkes
679 1347 48 21 med
743 1347 37 20 två
791 1346 124 26 ledamöter,
928 1345 62 22 valde

231 1379 24 22 af
268 1380 196 28 stadsfullmäktige
479 1381 50 22 eller
551 1382 223 25 kommunalstämma,
791 1381 37 21 der
843 1380 146 27 uppbådsom-

229 1414 65 21 rådet
316 1415 104 21 omfattar
443 1422 25 14 en
491 1416 108 26 kommun,
617 1422 54 20 men,
689 1422 33 15 om
740 1415 199 27 uppbådsområdet
955 1416 35 19 ut-

230 1450 63 26 göres
310 1448 22 22 af
345 1448 51 22 flere
419 1450 131 26 kommuner,
574 1450 35 21 vid
625 1456 123 22 gemensam
771 1449 217 22 kommunalstämma
