1086 1781
800 132 26 20 49

170 203 50 18 Art.
237 203 49 18 157.
316 200 33 21 Då
364 206 122 15 reservman
503 200 134 27 öfverflyttar
652 200 34 21 till
697 206 69 15 annan
777 202 41 24 ort,
829 200 28 21 af-

101 235 57 21 föres
177 235 42 21 han
236 235 48 21 från
300 234 128 22 alfabetiska
443 234 160 27 förteckningen
620 234 13 21 å
648 234 41 21 den
705 237 40 24 ort,
762 235 38 20 der
815 234 41 21 han

101 270 56 21 varit
172 269 79 26 bosatt,
266 269 39 21 och
321 269 113 21 inskrifves
451 269 6 20 i
472 269 113 21 enahanda
595 268 135 28 förteckning
741 269 13 21 å
765 269 39 21 den
816 271 41 24 ort,

102 304 31 21 dit
148 304 41 21 han
207 303 101 28 inflyttat.

170 358 51 19 Art.
238 358 50 18 158.
319 355 115 27 Angående
449 355 76 27 hvarje
540 355 87 27 ombyte
642 355 23 20 af
680 355 83 22 hemort
773 357 61 26 göres
846 354 12 21 å

102 389 100 28 utflyttad
214 396 134 15 reservmans
360 389 154 28 afgångsbetyg
525 389 117 27 behörigen
653 389 69 27 styrkt
730 389 128 27 anteckning

103 424 23 21 af
140 424 40 21 den
196 424 124 27 myndighet
335 424 52 21 eller
402 429 88 22 person,
506 429 45 16 som
567 423 98 21 handhar
680 423 40 22 den
731 424 128 21 alfabetiska

103 458 161 27 förteckningen
280 459 12 20 å
307 458 40 21 den
361 461 40 23 ort,
412 457 95 22 derifrån
518 457 152 28 utflyttningen
681 457 49 22 sker
740 459 49 27 (art.
802 459 56 26 154),

104 493 76 20 medan
196 492 46 21 åter
258 493 58 20 tiden
332 492 33 22 för
380 492 148 27 inflyttningen
542 492 117 21 antecknas
671 492 22 21 af
701 492 158 23 vederbörande

104 526 124 27 myndighet
244 527 51 20 eller
310 533 77 20 person
403 526 13 21 å
426 526 203 27 inflyttningsorten.
653 526 115 27 Angående
778 533 81 15 reserv-

104 567 59 15 mans
179 561 121 27 utflyttning
315 561 47 22 frän
379 568 25 15 en
421 563 34 20 ort
471 561 109 22 äfvensom
597 567 34 15 om
648 561 39 21 den
703 564 39 24 ort,
759 562 31 21 dit
802 561 57 27 flytt-

104 596 78 27 ningen
194 596 55 26 sker,
260 597 56 20 skall
324 597 156 20 underrättelse
488 596 111 21 meddelas
608 596 251 21 Distriktsmilitärbefä]-

104 631 102 20 hafvaren
222 631 7 21 i
244 631 156 22 vederbörande
416 631 94 22 distrikt.

174 684 50 19 Art.
248 684 51 19 159.
329 683 41 21 Vid
393 689 131 14 reservmans
548 682 108 27 tillfälliga
678 689 58 15 resor
751 683 57 21 inom
825 683 35 20 det

105 716 96 27 distrikt,
217 717 6 20 i
239 717 63 21 hvars
325 717 55 21 rulla
395 717 42 21 han
453 719 24 19 är
492 717 123 27 inskrifven,
631 717 108 21 äfvensom
755 719 59 20 utom
830 717 30 21 di-

105 751 99 21 striktet:
227 752 25 26 a)
267 751 27 27 pä
316 751 63 27 högst
401 752 27 20 50
444 753 69 19 versts
530 751 87 21 afständ
632 751 48 21 frän
696 751 109 22 hemorten
821 751 39 21 och

106 785 22 27 0)
143 785 28 27 pä
186 785 74 27 längre
276 785 88 27 afständ,
381 792 49 15 men
445 785 28 27 pä
488 793 26 14 en
531 785 32 22 tid
578 785 24 22 af
615 786 64 27 högst
694 785 79 28 fjorton
787 785 73 28 dagar,

105 819 109 22 erfordras
238 820 23 21 af
283 820 77 21 honom
379 820 63 27 ingen
460 820 108 26 anmälan,
584 827 48 14 men
648 822 24 19 är
687 820 41 21 han
744 820 116 27 förpligtad

106 856 31 19 att
152 853 46 22 ifall
215 854 24 21 af
253 855 121 21 inkallande
391 855 6 21 i
414 855 60 21 aktiv
490 855 64 27 tjenst
570 855 80 21 infinna
665 855 32 26 sig
709 855 35 20 vid
754 855 33 21 sin
797 857 63 24 trupp

106 889 52 20 eller
174 889 33 20 till
223 889 141 27 öfningsmöte
380 889 6 21 i
402 891 72 19 rättan
490 890 38 20 tid.
552 889 41 21 Vid
609 895 48 15 resa
670 891 58 19 utom
740 889 36 22 det
786 889 74 24 härad,

107 922 37 21 der
159 929 122 15 reservman
297 925 23 19 är
336 923 122 27 inskrifven,
469 925 28 26 pä
508 924 73 27 längre
591 923 86 22 afständ
689 926 25 19 än
726 924 62 21 ofvan
800 923 62 27 sagdt

107 959 24 18 är
147 957 51 21 eller
213 957 28 28 pä
256 958 75 27 längre
347 958 31 21 tid
394 960 26 19 än
436 958 79 27 fjorton
532 958 72 27 dagar,
620 961 56 18 samt
686 958 34 21 vid
730 959 74 26 hvarje
815 964 47 15 resa

107 993 58 19 utom
188 992 162 27 Kejsaredömet
365 993 108 21 äfvensom
493 993 35 20 vid
544 993 74 26 hvarje
634 993 116 21 äterkomst
766 993 47 21 frän
828 994 34 19 sä-

108 1025 41 22 dan
165 1032 47 15 resa
229 1027 106 27 iakttages
352 1027 55 21 hvad
424 1027 5 21 i
446 1030 39 18 art.
505 1028 39 20 156
561 1027 38 21 och
617 1027 39 21 158
673 1027 101 27 stadgadt
791 1029 23 19 är
826 1034 36 14 an-

107 1060 81 27 gäende
204 1061 86 28 ombyte
305 1061 22 22 af
341 1062 90 21 hemort.

176 1115 50 18 Art.
251 1115 52 18 160.
332 1114 136 25 Reservman,
493 1119 45 15 som
562 1113 80 22 lemnat
665 1116 60 19 orten
745 1113 39 22 och
799 1113 63 21 hvars

107 1147 122 21 vistelseort
245 1150 23 18 är
284 1148 77 24 okänd,
384 1148 78 21 afföres
483 1148 47 21 icke
545 1154 25 14 ur
587 1148 25 21 de
628 1147 128 22 alfabetiska
771 1147 91 22 förteck-

107 1181 105 27 ningarna
236 1182 63 21 innan
322 1183 138 26 tjenstetiden
477 1182 35 21 vid
528 1188 100 15 reserven
652 1182 71 27 utgätt
737 1182 53 21 eller
805 1182 57 21 med-

108 1215 90 22 delande
214 1216 47 21 frän
277 1217 158 21 vederbörande
451 1217 62 21 civila
525 1217 124 26 myndighet
660 1217 112 21 inkommit
783 1216 79 27 derom,

109 1253 31 19 att
156 1250 164 27 ifrägavarande
336 1258 76 20 person
429 1252 47 21 icke
492 1252 119 20 anträffats.

177 1306 50 18 Art.
252 1306 40 18 161.
322 1304 134 21 Beträffande
479 1306 135 19 reservmäns
629 1304 82 21 inträde
727 1304 6 20 i
749 1304 65 26 tjenst
829 1303 35 21 vid

106 1338 94 26 jernväg,
224 1338 92 26 telegraf
340 1338 52 22 eller
414 1338 27 27 pä
464 1338 161 27 handelsfartyg
649 1340 57 19 samt
730 1338 62 21 deras
818 1338 46 20 ent-

109 1372 112 27 ledigande
230 1372 47 21 frän
286 1372 57 28 dylik
351 1372 65 28 tjenst
424 1373 110 21 äfvensom
542 1372 133 22 beträffande
683 1372 57 22 tiden
749 1372 39 22 och
798 1374 67 20 sättet

108 1407 33 20 för
153 1407 5 21 i
170 1406 66 22 sådan
248 1407 66 26 tjenst
325 1407 97 21 anstälde
433 1409 135 19 reservmäns
579 1407 124 26 inställelse,
716 1407 5 21 i
729 1406 104 22 händelse
843 1406 23 21 af

110 1441 129 27 kungörelse
256 1448 32 14 om
305 1442 84 26 uppbåd
405 1442 32 21 till
453 1442 148 27 tjenstgöring,
617 1442 68 26 gäller
700 1442 55 20 hvad
771 1442 7 20 i
788 1441 77 21 sådant

785 1481 11 16 4
