1095 1800
273 136 39 20 146
550 137 85 23 Ständ.
651 137 39 22 Sv.

244 208 79 28 begär
348 210 36 20 att
408 208 79 23 varda
508 208 108 23 erkändt
635 209 83 22 såsom
738 216 30 15 en
788 208 56 23 med
863 208 43 23 det
923 209 75 28 ryska

243 242 113 29 politiskt
373 243 134 28 jemnstäld
517 243 94 26 nation,
623 243 53 22 icke
694 243 107 22 förneka
821 243 38 22 sin
870 243 128 29 egenskap

243 277 25 22 af
296 277 85 22 nation
409 277 59 22 eller
497 277 89 30 afsäga
614 278 39 29 sig
672 278 38 22 sin
733 285 64 22 egen
816 277 181 28 rättsordning,

242 313 27 27 ty
288 312 42 22 det
349 311 79 22 skulle
448 312 31 22 då
499 312 107 22 förneka
625 313 38 21 sin
683 312 26 22 af
727 319 31 16 en
777 313 79 28 högre
870 312 68 22 makt
948 312 50 21 det-

242 353 95 15 samma
364 346 131 29 förelagda
521 347 174 22 bestämmelse
723 347 47 22 och
794 347 31 22 de
852 347 81 22 medel
956 346 42 22 det

243 381 99 22 erhållit
366 381 35 22 till
425 381 218 29 förverkligandet
668 381 25 22 af
711 381 84 22 denna
815 381 181 22 bestämmelse.

311 415 90 22 Härtill
420 415 113 22 kommer
552 416 85 29 vigten
658 416 25 22 af
701 416 89 29 lagens
808 415 84 30 helgd.

310 450 66 22 Utan
400 450 120 29 trygghet
547 451 80 22 under
654 451 74 28 lagen
755 450 64 22 skall
838 450 88 29 hvarje
945 449 51 22 folk

241 485 77 22 hafva
338 485 70 22 svårt
427 486 35 21 att
481 485 88 22 arbeta
588 485 32 28 på
639 485 38 22 sin
697 485 154 28 utveckling,
871 485 46 22 och
936 485 61 21 intet

240 519 53 22 folk
321 519 64 22 skall
412 519 85 22 känna
525 520 39 29 sig
587 521 74 28 trygt,
680 520 45 22 der
744 520 42 22 det
805 519 79 22 måste
904 519 93 25 befara,

241 555 36 21 att
295 561 31 15 en
346 561 82 15 annan
447 555 51 21 rätt
517 555 32 21 än
568 554 57 22 dess
645 561 64 22 egen
729 553 64 23 skall
812 554 94 29 dragas
924 553 72 22 öfver

240 589 146 26 detsamma,
410 588 139 30 »allmogen
568 589 36 22 till
625 590 105 28 tunga»,
743 589 83 22 såsom
846 588 48 22 den
913 587 82 30 gamla

239 623 75 29 lagen
333 623 125 29 uttryckte
477 624 47 28 sig.

308 658 49 22 För
376 658 41 22 det
435 658 85 22 finska
538 658 84 26 folket,
641 665 52 15 som
713 659 47 21 har
780 659 36 21 att
834 658 91 28 kämpa
938 658 56 21 med

239 693 42 22 det
300 692 133 27 motstånd,
454 699 53 16 som
526 693 109 22 nordens
654 693 68 22 kalla
741 692 131 23 luftstreck
886 692 46 22 och
944 692 51 21 lan-

239 727 55 22 dets
322 727 79 29 karga
424 728 76 21 natur
519 727 72 22 ställa
610 729 51 20 mot
679 727 129 29 odlingen,
828 727 65 22 skall
912 726 82 22 denna

239 761 75 29 kamp
342 761 78 22 blifva
446 761 105 23 dubbelt
579 762 67 26 svår,
675 768 41 16 om
744 762 50 22 den
812 761 55 22 icke
886 767 51 16 mer
955 760 39 23 får

237 795 70 23 föras
333 796 81 23 under
441 796 43 22 det
509 797 142 28 tryggande
676 795 180 24 medvetandet
884 802 39 15 om
945 795 48 22 den

238 831 186 25 fäderneärfda,
450 831 57 22 med
529 831 91 22 folkets
638 830 211 29 rättsåskådning
868 830 125 22 öfverens-

237 865 156 22 stämmande
411 865 89 29 lagens
519 865 82 30 helgd,
620 867 26 27 ty
665 867 35 20 ett
718 865 55 22 folk
791 865 51 22 kan
860 864 54 23 icke
932 864 61 29 byta

237 906 41 15 om
297 899 48 23 den
364 899 215 30 rättsåskådning,
599 907 52 15 som
671 901 29 20 är
717 899 194 23 århundradens
922 899 69 21 verk.

239 933 32 23 Så
299 934 109 29 naturlig
436 935 29 21 är
487 934 48 23 den
555 935 114 28 farhåga,
690 934 105 22 hvilken
814 934 46 21 hos
880 934 34 21 ett
931 933 60 26 folk,

237 968 153 23 befinnande
410 969 38 28 sig
467 969 8 21 i
493 969 42 22 det
553 969 84 22 finska
647 969 93 22 folkets
753 968 163 22 närvarande
930 968 63 28 läge,

237 1003 46 29 gör
311 1003 39 29 sig
376 1003 119 29 gällande
518 1003 160 23 beträffande
697 1003 51 22 den
768 1009 65 22 egna
852 1003 74 28 lagen
945 1002 46 22 och

235 1038 213 29 rättsordningen,
479 1039 36 21 att
541 1038 147 23 densamma
714 1037 56 23 icke
798 1037 80 22 borde
905 1037 86 21 kunna

235 1072 153 22 missförstås
414 1073 26 22 af
461 1073 92 28 någon,
574 1079 53 16 som
645 1074 62 21 utan
727 1072 100 22 fördom
846 1071 60 22 eller
924 1071 67 22 förut

235 1106 95 22 fattade
349 1107 153 22 misstankar
520 1107 75 22 söker
613 1107 107 22 försätta
740 1106 40 29 sig
789 1107 27 21 in
828 1106 8 21 i
847 1106 68 21 detta
925 1105 64 29 läge,

235 1140 45 22 och
300 1148 52 15 som
371 1141 46 22 har
435 1141 89 23 känsla
543 1141 38 22 för
601 1148 65 22 egna
685 1140 138 23 nationella
835 1139 153 23 traditioner.

303 1175 55 22 Men
377 1176 55 22 icke
450 1182 51 23 nog
519 1176 112 22 härmed.
660 1176 53 22 Der
731 1176 91 28 lagens
840 1174 77 29 helgd
936 1174 53 22 icke

234 1210 189 28 upprätthålles,
442 1211 45 22 der
505 1211 63 22 lider
587 1209 221 30 förverkligandet
827 1209 25 22 af
871 1209 57 22 dess
947 1209 42 21 eti-

233 1244 46 21 ska
298 1245 128 28 uppgifter
445 1245 107 28 intrång,
571 1246 27 27 ty
616 1245 131 28 grumladt
757 1243 232 23 rättsmedvetande

233 1279 45 21 och
310 1279 148 29 förslappad
486 1279 153 22 rättskänsla
666 1280 82 21 måste
776 1278 101 22 befaras
906 1277 82 22 såsom

231 1313 91 28 följder
341 1313 78 27 deraf,
438 1314 44 22 och
502 1313 280 29 samhällsupplösande
798 1312 107 22 element
917 1311 71 22 skola

232 1347 51 22 helt
309 1348 63 22 visst
394 1348 62 23 söka
485 1350 34 21 att
539 1348 74 22 äfven
632 1348 7 22 i
659 1347 110 23 Finland
788 1347 70 22 finna
877 1345 110 27 fotfäste,

231 1388 40 15 om
289 1383 190 28 grundvalarna
498 1383 38 22 för
555 1383 90 22 folkets
659 1381 235 24 rättsmedvetande
907 1381 80 21 varda

230 1417 180 28 undergräfda.
431 1417 39 22 En
490 1417 119 22 särskildt
627 1417 119 28 allvarlig
764 1415 131 29 betydelse
908 1415 79 22 måste

230 1451 46 22 ock
305 1451 117 23 tillmätas
450 1452 47 22 den
526 1451 223 29 omständigheten
778 1451 43 25 att,
850 1449 84 22 derest
952 1456 35 22 ny
