1089 1759
253 119 40 21 120
571 120 27 22 U.
616 120 28 22 B.

292 188 10 21 I
325 188 41 21 den
388 188 70 22 finska
479 188 107 27 lagtexten
609 188 63 21 hafva
692 188 67 27 några
774 187 123 28 paragrafer
913 187 68 22 blifvit

221 222 8 20 i
252 222 105 27 språkligt
381 222 122 22 hänseende
526 223 93 21 ändrade
644 222 61 22 äfven
728 223 7 21 i
758 222 79 22 sådana
853 222 63 26 delar,
933 228 46 16 som

222 258 52 20 utan
291 257 90 27 ändring
396 256 22 22 af
431 257 116 21 innehållet
562 257 110 27 upptagits
687 256 47 22 från
750 257 97 27 gällande
863 257 41 27 lag.

293 428 32 22 De
341 428 77 27 nådiga
432 429 188 27 propositionerna
638 428 44 22 afse
697 429 200 21 åstadkommandet
912 428 22 22 af
948 428 32 22 så-

222 462 42 22 dan
285 462 115 22 förändrad
417 462 135 28 lagstiftning
567 463 109 27 angående
692 464 36 20 det
743 462 69 22 finska
826 463 154 21 militärväsen-

222 497 41 26 det,
279 499 32 19 att
326 497 122 27 derigenom
464 497 46 21 icke
525 498 55 20 blott
591 504 27 14 nu
631 497 97 27 gällande
739 497 179 27 Värnepligtslag,
930 499 50 19 utan

221 531 41 21 ock
284 531 77 27 nådiga
383 531 121 22 manifestet
526 531 23 22 af
569 532 41 20 den
629 532 51 26 6/18
696 532 118 20 December
830 532 55 20 1878
902 532 78 24 derom,

221 567 32 19 att
273 565 106 27 åtskilliga
401 566 123 27 paragrafer
540 566 6 20 i
562 566 66 26 sagda
643 566 35 26 lag
692 566 60 21 skola
768 566 70 21 såsom
855 566 125 26 grundlags-

221 600 134 26 stadganden
372 600 114 26 betraktas,
502 600 69 21 blefve
586 600 135 27 fullständigt
736 600 116 27 upphäfda.

291 634 43 21 Det
349 634 23 21 af
385 634 112 22 Utskottet
512 634 120 28 uppgjorda
647 634 241 27 författningsförslaget
900 636 23 19 är
934 634 46 22 der-

221 670 59 19 emot
302 668 66 27 bygdt
390 668 27 27 på
435 669 41 21 den
492 669 97 27 gällande
605 668 206 28 Värnepligtslagen,
827 669 7 20 i
848 668 86 22 hvilken
950 670 31 19 ett

221 702 57 21 antal
301 702 123 28 paragrafer
446 703 85 21 komme
554 705 31 19 att
608 709 76 21 genom
706 704 40 20 den
770 709 40 21 nya
825 702 153 28 författningen

220 736 81 22 erhålla
316 743 26 15 en
357 736 115 23 förändrad
487 738 86 26 lydelse.

290 770 31 22 Af
334 771 26 21 de
375 772 127 27 paragrafer,
518 772 70 21 hvilka
597 778 76 21 genom
681 772 140 21 förenämnda
831 771 98 21 manifest
940 771 40 21 till-

221 805 68 21 delats
312 806 134 27 egenskapen
470 806 23 21 af
512 807 256 26 grundlagsstadganden,
792 806 84 21 befinna
899 806 33 26 sig
954 806 26 21 de

220 839 68 26 flesta,
303 840 105 27 nämligen
426 841 23 27 8$
466 842 17 25 1,
500 842 18 24 2,
534 842 19 25 3,
568 842 20 25 4,
603 841 20 26 5,
638 842 20 25 9,
672 842 31 24 13,
721 841 31 25 19,
769 841 33 25 20,
819 841 46 25 121,
885 840 41 21 122
941 840 39 21 och

221 874 48 26 123,
285 874 64 21 bland
364 874 26 22 de
405 875 139 27 stadganden,
559 875 7 21 i
582 875 70 21 hvilka
667 875 91 27 ändring
772 874 128 27 föreslagits.
929 874 50 21 Men

220 908 27 21 de
264 909 31 20 uti
309 908 90 22 anförda
413 909 123 27 paragrafer
557 910 101 26 vidtagna
673 910 115 26 ändringar
803 908 63 22 hafva
880 908 46 22 icke
942 908 37 27 gif-

220 943 31 20 vit
274 943 109 21 desamma
403 944 65 27 något
490 944 77 21 sådant
589 946 47 25 nytt
658 944 98 25 innehåll,
778 950 46 14 som
841 943 68 21 skulle
925 943 55 27 gälla

219 979 67 19 annat
308 979 62 19 ämne
393 980 26 18 än
441 978 41 26 det,
504 978 80 21 hvilket
604 978 166 27 ursprungligen
786 978 82 26 utgjort
880 977 99 27 stadgan-

220 1011 48 21 dets
289 1010 89 22 föremål
399 1012 38 21 och
458 1012 106 22 föranledt
579 1014 31 19 att
625 1012 126 27 paragrafen
769 1012 67 21 blifvit
851 1011 33 21 för
901 1011 78 27 grund-

219 1044 168 28 lagsstadgande
409 1046 113 21 förklarad.
554 1047 11 20 I
588 1046 11 28 $
622 1047 14 20 4
658 1046 38 22 har
718 1046 113 22 Utskottet
853 1046 126 26 visserligen

219 1078 112 28 föreslagit
347 1080 136 27 upptagande
498 1080 23 21 af
534 1083 78 19 tvenne
627 1087 41 21 nya
684 1083 100 19 moment.
814 1080 49 21 Men
880 1080 27 20 då
917 1080 63 20 dessa

219 1116 97 18 moment
338 1114 46 21 icke
406 1115 97 27 utvidgat
525 1115 74 27 lagens
622 1115 98 24 innehåll,
742 1117 51 19 utan
816 1114 82 26 endast,
914 1114 22 21 af
949 1120 29 14 nu

218 1146 148 23 förekommen
382 1149 91 21 särskild
488 1149 120 27 anledning,
628 1149 140 27 uttryckligen
785 1148 67 22 uttala
867 1148 112 27 principer,

219 1181 72 22 hvilka
313 1182 66 21 redan
401 1182 59 22 förut
477 1183 152 27 obestridligen
645 1184 120 20 inneburits
780 1183 7 21 i
803 1183 58 21 såväl
877 1183 11 27 $
903 1183 14 20 4
933 1189 45 15 som

218 1216 69 21 andra
303 1216 249 28 grundlagsstadganden
574 1218 6 20 i
603 1224 81 14 samma
706 1218 41 26 lag,
766 1217 41 21 kan
823 1217 17 27 ej
858 1217 66 21 heller
940 1217 10 27 $
966 1217 13 20 4

219 1256 78 20 genom
313 1250 91 22 berörda
419 1251 75 27 tillägg
508 1251 79 21 förlora
602 1252 33 20 sin
652 1252 107 26 egenskap
775 1251 23 21 af
812 1251 110 27 grundlag.

290 1285 37 21 Uti
349 1285 132 27 handlingar,
498 1292 45 14 som
566 1285 70 27 åtföljt
658 1286 26 20 de
699 1286 78 26 nådiga
792 1285 188 27 propositionerna

219 1318 40 22 och
275 1319 118 21 särskildt
388 1314 13 38 i
404 1320 190 26 Krigsministerns
610 1320 146 27 underdåniga
774 1319 111 22 memorial
901 1326 33 14 n:o
953 1320 25 20 18

218 1352 23 22 af
263 1353 41 21 den
327 1354 27 20 14
372 1354 122 21 November
510 1354 54 21 1898
580 1354 38 21 har
634 1355 36 21 det
684 1354 118 27 påstående
817 1354 69 21 blifvit
902 1354 77 26 gjordt,

217 1388 33 20 att
265 1387 120 22 Ständerna
398 1388 34 21 vid
443 1388 128 27 landtdagen
588 1388 140 22 1877—1878
745 1388 130 26 obehörigen
892 1388 88 21 beslutit

217 1423 32 19 att
265 1428 26 14 en
307 1421 34 22 del
356 1422 122 27 paragrafer
494 1422 6 21 i
517 1422 198 28 Värnepligtslagen
732 1422 67 22 borde
815 1422 71 22 såsom
900 1423 78 26 grund-
