1089 1725
463 146 31 22 U.
510 146 29 22 B.
807 146 40 21 161

116 216 39 21 sid.
177 216 14 20 4
213 215 23 21 af
263 216 58 20 detta
347 214 135 22 betänkande
509 214 84 26 uttalas,
621 214 76 21 skridit
723 214 32 21 till
782 214 94 22 behand-

115 249 71 27 lingen
208 249 23 21 af
250 250 26 20 de
293 249 78 27 nådiga
388 249 191 27 propositionerna
595 248 111 27 angående
721 248 155 27 värnepligten,

115 285 56 20 samt
189 286 45 19 tror
255 284 33 26 sig
307 284 18 26 ej
345 284 53 20 böra
413 284 72 20 såsom
502 283 83 27 möjligt
600 284 83 26 antaga,
699 284 32 20 att
745 283 71 27 någon
832 283 44 27 lag-

115 318 186 27 stiftningsåtgärd
320 318 7 21 i
345 318 58 21 detta
421 320 64 18 ämne
503 317 69 21 skulle
587 317 66 21 varda
668 317 100 27 vidtagen
783 317 7 21 i
805 324 70 14 annan

115 352 98 28 ordning,
234 354 27 19 än
281 352 101 21 Finlands
402 352 131 27 grundlagar
553 352 82 26 stadga.
664 352 31 26 Ty
712 358 26 14 en
757 352 66 20 sådan
841 352 35 26 lag

115 386 68 22 skulle
204 386 43 22 lika
266 387 47 21 litet
333 393 46 15 som
397 386 36 22 det
453 386 78 27 nådiga
545 385 122 22 manifestet
682 386 73 21 kunna
770 386 105 21 erkännas

115 421 71 21 såsom
202 421 116 27 rättsgiltig
332 420 35 28 lag
381 421 8 21 i
404 420 98 22 Finland.

185 455 50 21 Med
257 454 100 22 afseende
379 455 12 21 å
407 455 42 21 den
465 455 66 27 djupa
545 454 110 28 betydelse
670 455 63 21 dessa
749 454 72 27 frågor
836 460 39 21 ega

113 489 34 21 för
165 490 102 21 Finlands
286 489 49 26 folk,
351 489 39 21 hos
405 489 83 21 hvilket
503 489 122 21 vördnaden
641 488 32 22 för
688 489 35 27 lag
737 488 138 28 fortplantats

114 523 47 22 från
180 524 69 27 slägte
267 524 31 21 till
313 524 68 27 slägte
397 524 40 21 och
453 530 47 15 som
516 524 69 21 måste
601 524 70 27 gripas
687 523 22 22 af
723 530 56 21 sorg,
789 530 35 15 om
840 524 36 20 det

114 558 19 27 ej
153 558 73 22 vidare
247 558 41 22 kan
308 558 38 21 lita
366 558 67 27 derpå
453 560 32 19 att
505 558 99 27 lagarnas
624 558 64 27 helgd
706 558 168 26 vidmakthålles,

113 593 102 22 framstår
241 593 36 22 det
301 593 67 27 enligt
390 593 125 22 Utskottets
538 593 63 21 tanke
624 593 72 21 såsom
719 599 26 15 en
768 593 108 27 bjudande

114 627 54 28 pligt
185 627 33 22 för
235 628 84 21 landets
336 627 90 22 Ständer
442 629 33 20 att
489 629 66 25 öppet
569 627 32 21 för
617 627 61 21 Hans
695 627 120 28 Kejserliga
830 627 44 21 Ma-

111 661 67 27 jestät
193 662 68 21 uttala
275 661 63 22 ofvan
353 661 128 22 framhållna
496 661 88 22 orsaker
599 661 31 22 till
641 662 36 21 det
687 661 129 28 bekymmer,
828 667 46 16 som

114 702 29 15 nu
159 697 76 26 tynger
250 696 29 27 på
293 697 60 20 Hans
369 696 112 27 Majestäts
497 697 78 26 trogna
589 695 70 22 finska
673 696 132 21 undersåtar.

184 730 46 22 Och
247 731 28 21 då
289 737 27 14 en
331 737 113 20 noggrann
459 731 116 26 utredning
590 730 23 21 af
626 731 26 20 de
667 731 156 26 rättsgrunder,
839 736 36 15 en-

113 765 40 26 ligt
173 764 72 22 hvilka
263 765 18 26 ej
302 765 83 20 mindre
402 764 163 27 lagstiftningen
583 765 111 26 angående
713 765 120 26 värnepligt
848 766 26 19 än

114 798 140 22 förenämnda
274 799 110 21 manifests
406 799 131 22 förhållande
557 799 31 21 till
608 799 101 22 Finlands
731 799 143 21 konstitution

115 833 53 22 böra
189 833 108 27 bedömas,
317 833 68 22 blifvit
405 833 112 22 framstäld
537 833 23 22 af
578 833 151 27 Lagutskottet
744 833 7 21 i
766 833 110 25 afdelning

115 868 35 21 III
165 867 22 22 af
209 868 49 22 dess
278 868 140 26 betänkande,
439 874 63 15 anser
518 868 113 22 Utskottet
646 868 33 27 sig
696 868 52 21 böra
763 868 111 21 vördsamt

114 902 89 22 föreslå:

390 971 36 21 det
442 970 125 22 Ständerna
582 971 52 21 ville
649 971 84 22 besluta
752 973 33 19 att
800 972 71 27 afdel-

323 1005 56 28 ning
395 1005 35 22 III
445 1005 30 27 af
491 1006 99 20 nämnda
611 1005 134 22 betänkande
766 1006 57 21 skall
839 1006 35 20 till

321 1040 40 21 sitt
375 1039 123 28 väsentliga
513 1040 102 21 innehåll
629 1042 109 26 upptagas
754 1040 7 21 i
773 1040 66 21 slutet
849 1040 29 27 af

321 1074 43 21 den
379 1074 154 28 underdåniga
553 1074 192 28 svarsskrifvelsen
761 1074 14 22 å
790 1074 25 22 de
830 1074 43 21 nå-

321 1108 52 28 diga
385 1108 202 28 propositionerna.

183 1318 38 23 Uti
243 1320 99 21 ärendets
358 1319 131 28 behandling
504 1320 63 22 hafva
586 1321 89 27 deltagit
692 1320 146 22 ordföranden
853 1321 23 21 L.

113 1353 112 27 Mechelin,
249 1353 145 22 ledamöterne
416 1354 99 22 Friherre
539 1354 25 22 O.
590 1355 27 21 A.
640 1355 85 25 Wrede,
755 1355 120 27 Stjernvall,

113 1387 79 26 Antell,
222 1388 95 27 Donner,
334 1389 21 22 J.
370 1389 25 21 R.
411 1388 124 26 Danielson,
552 1389 123 28 Karlsberg,
691 1389 100 22 Friherre
806 1389 25 22 E.
850 1389 25 22 G.

114 1420 95 27 Palmén,
232 1422 83 27 Heikel,
329 1423 38 21 Th.
383 1422 115 27 Wegelius,
514 1423 85 28 Elving,
614 1424 62 21 Ferd.
690 1424 103 26 Jusölius,
810 1423 64 22 Oitti-

114 1461 49 20 nen,
179 1455 89 28 Ojanen,
283 1456 105 22 Pitkänen
404 1456 39 22 och
458 1457 87 27 Torppa
561 1460 56 19 samt
627 1458 68 21 delvis
707 1458 166 27 suppleanterne

807 1504 20 16 11
