1089 1742
270 113 26 20 42
552 112 84 23 Ständ.
654 112 39 23 Sv.

241 184 189 22 värnemännen
449 184 7 21 i
476 184 30 22 de
525 190 80 22 yngre
624 184 174 22 årsklasserna
811 184 7 21 i
831 183 110 22 berörda
953 183 44 23 fall

241 218 69 28 finge
329 218 83 22 såsom
431 218 242 29 ersättningsreserv
693 218 97 22 anlitas.

310 252 163 22 Beträffande
492 253 142 29 ordningen
653 253 39 21 för
704 252 156 23 inkallandet
872 253 46 21 har
931 253 65 27 prin-

240 286 72 28 cipen
339 287 8 21 i
375 287 116 28 gällande
519 288 42 27 lag
588 287 150 26 bibehållits,
757 287 57 22 med
832 288 35 20 ett
885 287 111 28 förtydli-

240 321 84 28 gande
343 321 87 29 tillägg
448 321 40 22 för
506 321 31 22 de
556 321 49 26 fall,
625 321 32 22 då
675 321 54 22 icke
747 321 42 22 hel
808 321 110 22 årsklass
935 327 61 22 upp-

239 355 88 22 bådas.

310 389 65 29 Nyss
403 390 108 22 berörda
535 390 160 29 bestämning
715 390 131 29 angående
866 390 31 22 de
916 397 79 22 yngre

239 424 202 23 värnemännens
461 425 141 22 eventuella
622 425 127 22 anlitande
768 425 39 22 för
826 425 85 22 aktiva
929 426 67 27 trup-

239 465 59 21 pers
325 459 194 29 komplettering
546 459 47 22 har
619 459 126 22 föranledt
766 459 133 22 införande
919 459 25 22 af
962 461 34 20 ett

239 494 56 27 nytt
313 495 115 25 moment,
449 493 25 22 af
491 494 117 26 innehåll,
628 495 35 20 att
681 494 72 21 desse
773 495 138 20 värnemän
924 493 70 22 skola

239 527 186 28 hemförlofvas,
452 529 27 21 så
507 530 70 20 snart
604 529 74 22 deras
703 529 77 28 tjenst
798 529 7 21 i
825 528 85 22 aktiva
930 529 65 27 trup-

239 568 80 21 perna
338 563 21 28 ej
380 563 87 22 vidare
486 563 129 22 behöfves.

239 742 173 28 Organisationen
432 743 25 22 af
474 743 25 22 de
520 743 151 28 myndigheter,
687 743 69 22 hvilka
772 743 36 22 det
822 743 125 23 tillkommer
962 744 32 21 att

258 782 73 28 bringa
346 783 142 28 värnepligten
504 783 29 22 till
549 783 166 28 verkställighet.
746 783 114 28 Ordningen
875 783 35 23 för
925 789 49 22 upp-

488 822 75 24 bådets
579 824 162 22 verkställande.

306 900 164 23 Beträffande
489 901 74 21 dessa
585 901 87 29 frågor
691 901 78 21 hafva
789 900 148 27 Ständerna,
960 900 32 22 ef-

238 935 38 21 ter
302 934 142 29 jemförelse
472 935 25 22 af
515 935 32 22 de
564 935 104 29 förslag,
689 942 52 15 som
761 935 8 22 i
788 942 94 15 samma
902 936 90 20 ämnen

237 968 139 23 meddelats
412 970 8 21 i
450 970 48 22 den
531 970 94 28 nådiga
659 970 189 28 propositionen
882 976 40 15 om
958 976 34 22 ny

237 1002 211 30 Värnepligtslag,
471 1004 56 22 med
540 1004 179 22 motsvarande
732 1004 159 28 stadganden
904 1004 8 21 i
927 1004 65 22 1878

237 1037 42 22 års
307 1038 209 29 Värnepligtslag,
543 1038 82 23 funnit
653 1039 38 28 sig
713 1038 167 29 öfvertygade
900 1038 92 26 derom,

237 1072 37 21 att
304 1072 71 22 såväl
404 1072 341 30 uppbådsmyndigheternas
776 1072 148 22 nuvarande
955 1079 37 15 or-

236 1106 150 28 ganisation,
414 1114 52 15 som
493 1107 45 22 ock
567 1108 48 21 den
643 1107 118 29 gällande
790 1107 140 29 ordningen
952 1106 40 22 för

236 1140 144 28 uppbådets
408 1142 193 26 verkställande,
629 1142 44 22 äro
700 1142 83 22 bättre
809 1141 116 28 lämpade
953 1141 38 22 för

235 1174 99 23 landets
352 1175 182 26 förhållanden,
553 1176 32 22 än
599 1176 31 22 de
642 1176 155 22 förändrade
811 1176 179 28 anordningar,

236 1215 54 16 som
317 1210 8 21 i
352 1210 188 28 propositionen
568 1210 113 22 föreslås.
720 1210 39 22 En
787 1211 115 21 närmare
922 1210 70 22 redo-

235 1244 99 28 görelse
362 1244 39 22 för
425 1244 79 29 sagda
523 1245 142 28 jemförelse
684 1245 46 21 och
749 1245 40 21 för
807 1244 31 22 de
857 1244 56 22 skäl
931 1244 7 22 i
958 1244 33 22 öf-

234 1278 57 28 rigt,
318 1278 32 28 på
378 1278 86 22 hvilka
493 1278 143 23 Ständerna
664 1279 111 29 grundat
797 1279 39 21 sitt
854 1278 83 22 beslut
956 1280 36 20 att

234 1312 38 22 uti
290 1312 197 29 ifrågavarande
506 1314 72 21 ämne
597 1313 126 22 bibehålla
743 1313 42 23 det
797 1313 9 22 i
818 1313 118 29 gällande
948 1312 43 29 lag

234 1346 134 23 faststälda
388 1349 124 27 systemet,
531 1348 128 22 meddelas
677 1348 8 21 i
704 1348 108 28 Bilagan
830 1347 32 22 II.
