1086 1773
451 118 20 21 U.
489 118 21 21 B.
816 118 10 19 7

100 181 90 27 görelse,
213 181 30 21 till
263 181 112 27 samtelige
391 180 102 22 Finlands
508 180 126 28 Inbyggare,
650 180 114 27 angäende
779 180 40 21 den
835 179 24 21 af

99 215 70 21 Landt
184 215 120 22 Ständerne
319 215 86 27 aflagda
419 215 54 21 Tro-
489 216 42 20 och
546 214 182 27 Huldhets-Eden,
744 214 24 22 af
777 214 40 22 den
829 214 26 21 23

101 256 58 14 mars
169 250 27 20 /4
212 250 59 27 April
287 250 70 27 1809).

169 284 21 27 d)
206 284 48 25 ,Wi
267 284 126 22 Alexander
411 284 42 21 den
472 284 52 21 I:ste
535 285 36 20 etc.
586 296 23 2 —
622 296 27 2 —
663 278 148 32 Öfvertygade,
824 284 32 19 att

99 318 43 21 den
157 317 148 29 Författning
320 318 38 22 och
372 318 25 21 de
413 318 82 28 Lagar,
511 325 43 14 som
566 318 234 27 öfverensstämmande
810 317 47 21 med

100 352 86 22 Finska
208 352 86 22 Folkets
318 352 73 28 lynne,
414 352 59 22 seder
492 352 38 22 och
548 352 105 27 bildning,
675 352 72 21 under
761 358 28 15 en
805 351 50 27 lång

99 386 55 28 följd
169 386 28 28 af
208 387 26 21 är
249 387 85 28 utgjort
346 386 140 29 grundvalen
501 387 36 27 för
551 387 47 21 dess
611 386 118 28 borgerliga
740 386 68 26 frihet
817 385 36 21 och

101 421 58 28 lugn,
176 421 43 22 icke
232 422 80 26 kunde,
328 424 57 19 utan
400 422 56 21 väda
472 422 35 27 för
522 422 67 26 dessa,
598 420 135 22 inskränkas
743 420 51 22 eller
804 420 49 22 rud-

99 455 44 25 bas,
163 456 63 27 hafve
245 457 33 21 Wi
293 456 63 27 ifrån
371 457 69 27 första
456 457 95 20 stunden
566 456 28 27 af
607 456 51 21 Wär
672 455 109 28 Regering
797 454 57 28 öfver

100 491 59 21 detta
169 491 73 26 Land,
253 491 44 21 icke
308 491 93 22 allenast
407 491 32 27 pä
449 491 35 21 det
493 491 149 28 högtidligaste
652 490 110 27 bekräftat
771 497 82 14 samma

101 525 146 28 Författning
270 525 36 22 och
329 525 82 28 Lagar,
431 525 46 22 med
493 526 24 21 de
533 525 75 27 hvarje
623 525 71 22 Finsk
709 525 144 27 Medborgare,

101 560 8 21 i
131 559 50 29 följe
203 560 69 27 deraf,
296 560 161 21 tillkommande
480 559 91 28 friheter
593 559 38 22 och
649 559 132 28 rättigheter,
797 560 56 20 utan

101 594 36 22 ock
155 595 54 26 efter
223 594 131 29 föregängen
369 595 165 28 öfverläggning
548 595 47 21 med
610 595 100 21 Landets
723 593 132 28 församlade

101 629 100 26 Ständer,
218 629 151 28 tillförordnat
383 636 28 15 en
426 629 90 22 särskilt
531 629 98 27 Styrelse,
642 636 50 19 som,
704 629 71 21 under
785 635 69 15 namn

101 663 26 28 af
142 664 50 21 Wär
207 664 220 28 Regerings-Conseil,
443 665 145 21 sammansatt
604 665 25 26 af
644 663 81 22 Finske
739 663 62 25 Män,
813 663 42 20 hit-

103 698 44 21 tills
169 699 9 20 i
200 699 60 21 Wärt
282 705 69 16 namn
374 699 79 28 besörjt
467 699 98 22 Landets
580 698 71 22 Civila
666 698 138 28 förvaltning
819 697 35 22 och

101 733 120 21 rättvisans
236 733 104 27 skipande
356 733 7 21 i
378 733 54 22 sista
447 733 112 26 Instance,
575 733 114 22 oberoende
700 733 27 27 af
735 733 30 21 all
775 739 80 15 annan

102 767 65 26 makt,
190 769 30 19 än
243 767 120 28 Lagarnes,
385 767 36 22 och
440 768 42 21 den
498 768 38 25 Wi,
552 768 69 21 såsom
636 767 89 28 Regent,
741 767 8 21 i
765 767 50 28 följe
831 767 24 26 af

100 801 54 26 dem,
177 801 77 28 Sjelfve
277 802 78 27 utöfve.
386 802 45 21 Det
449 805 27 18 är
488 803 31 27 pä
533 803 82 21 sådant
629 803 44 20 sätt
688 802 32 21 Wi
734 801 57 22 velat
805 801 50 22 både

100 836 134 28 ädagalägga
256 837 24 20 de
304 837 114 25 tänkesätt,
441 844 44 15 som
502 837 42 22 ledt
558 837 37 21 och
610 837 112 28 framgent
734 836 59 21 skola
809 835 46 22 leda

103 870 44 26 Oss,
163 871 8 21 i
190 871 121 22 hänseende
327 871 33 22 till
375 872 62 21 Wäre
453 871 82 23 Finske
555 871 154 27 Undersätare,
725 871 36 21 och
778 870 75 24 tillika,

101 905 36 27 för
151 906 135 28 evärderliga
302 906 60 26 tider,
379 906 83 28 befästa
477 907 42 21 den
534 906 121 28 försäkran
670 906 24 21 de
710 906 27 27 af
746 905 39 21 Oss
795 906 61 20 emot-

103 940 59 28 tagit,
179 940 111 27 angående
306 940 157 22 bibehällandet
477 941 28 27 af
518 941 63 21 deras
594 940 108 22 särskilda
713 939 143 31 Författning

101 974 72 22 under
188 975 50 21 Wär
254 975 37 21 och
307 976 61 20 Wäre
383 975 166 28 Efterträdares
565 976 77 26 Spira;
653 988 27 2 —
691 988 29 2 —
730 978 42 12 —*
788 974 69 28 (Hans

101 1009 117 27 Kejserliga
244 1010 68 28 Maj:ts
334 1010 84 28 Nädiga
440 1011 140 27 Kungörelse,
604 1010 114 27 angående
739 1009 118 27 Kejserliga

102 1044 254 27 Regerings-Conseilens
386 1045 131 22 förändrade
542 1045 133 27 benämning
700 1044 29 21 till
754 1044 104 27 Kejserlig

101 1077 70 22 Senat
185 1078 33 22 för
232 1079 97 27 Finland,
346 1079 23 21 af
383 1080 41 21 den
440 1080 51 26 9/21
508 1079 93 22 februari
616 1079 69 27 1816).

175 1112 19 28 €)
209 1112 140 29 ,Konungen
365 1115 50 26 äger
430 1115 62 25 styra
507 1113 57 22 Rike
579 1114 54 24 sino,
650 1120 44 14 som
704 1112 95 28 Sveriges
810 1112 48 27 Lag

101 1148 68 26 säger,
192 1146 56 22 Han
270 1147 38 21 och
330 1147 71 29 ingen
423 1154 88 20 annan,
531 1148 57 21 Rätt
602 1148 38 21 och
656 1148 104 27 Sanning
775 1146 82 28 styrka,

101 1180 63 22 älska
186 1181 36 22 och
244 1184 96 25 gömma;
363 1188 48 15 men
434 1182 118 28 vrängvisa
572 1182 38 22 och
626 1184 59 20 orätt
699 1182 108 27 förbiuda,
825 1181 34 26 af-

101 1215 73 27 skafta
196 1216 37 21 och
251 1216 152 28 nedertrycka;
425 1216 73 29 Ingen
521 1217 113 27 förderfva
650 1216 25 22 til
695 1216 40 28 Lif
749 1216 38 22 och
803 1211 54 29 Ära,

102 1250 40 20 lem
165 1250 36 21 och
220 1250 96 28 välfärd,
334 1252 57 20 utan
407 1251 46 22 han
469 1251 94 29 lagligen
578 1251 128 28 förvunnen
722 1251 36 21 och
773 1250 86 22 dömder

102 1286 33 23 är,
160 1284 36 21 och
218 1285 66 27 ingen
305 1285 100 27 afhända
420 1286 52 21 eller
487 1286 101 27 afhända
605 1286 46 21 låta
666 1286 67 27 något
745 1285 58 29 gods,
821 1284 39 22 löst

101 1318 52 22 eller
168 1318 50 28 fast,
234 1321 57 20 utan
308 1319 48 28 laga
371 1320 56 21 Dom
444 1320 37 21 och
497 1320 155 28 Ransakning,
670 1321 56 21 samt
740 1321 62 26 styra
817 1318 42 22 Ri-

102 1352 35 22 ket
173 1352 54 26 efter
257 1354 215 28 Konunga-Balken,
509 1354 164 28 Lands-Lagen
706 1354 37 21 och
777 1354 82 21 thenna

172 1399 134 23 Lagutskottets
319 1400 110 18 betänkande
442 1400 34 18 N:o
489 1402 18 16 2.
