1089 1750
439 128 29 22 U.
484 128 28 22 B.
782 128 39 20 137

345 198 24 27 3)
385 199 32 18 att
432 198 95 25 mottaga
545 197 32 20 till
588 197 96 20 nämden
706 196 86 27 ingifna
811 203 40 14 an-

301 231 123 27 sökningar
446 238 35 13 om
504 231 101 27 befrielse,
625 231 97 27 uppskof
734 231 40 20 och
791 230 60 27 efter-

300 265 51 28 gift;

346 300 24 27 4)
387 301 31 19 att
443 300 32 20 till
491 300 147 20 länenämden
656 299 95 21 insända
768 298 85 28 uppgift

300 335 31 26 på
348 335 82 20 antalet
445 335 26 26 af
487 335 24 20 de
520 341 103 20 personer
634 333 7 21 i
651 334 76 27 hvarje
737 334 115 25 kommun,

302 368 75 21 hvilka
401 375 38 20 ega
463 369 128 20 hörsamma
610 369 102 20 kallelsen
729 369 30 19 att
775 369 77 25 utgöra

302 403 147 27 värnepligten
455 411 6 16 ;

344 437 24 27 5)
394 439 30 18 att
448 437 7 20 i
478 437 94 27 enlighet
594 437 50 21 med
665 435 188 30 föreskrifterna
840 431 17 38 i

301 471 72 20 denna
397 472 35 26 lag
456 472 126 24 bestämma,
602 471 75 21 hvilka
693 471 61 20 skola
771 471 7 20 i
793 469 59 22 aktiv

301 505 62 27 tjenst
388 505 93 26 inträda,
509 506 40 20 och
575 505 75 21 hvilka
678 506 52 20 böra
759 505 91 27 öfver-

300 539 84 27 föras
409 540 198 20 tillreserven
636 540 72 20 eller
731 538 119 27 inskrif-

301 581 50 14 vas
367 574 48 21 vid
430 575 205 25 landtvärnet;

345 608 24 28 6)
391 610 31 19 alt
441 610 125 20 underrätta
582 610 25 20 de
623 609 32 20 till
670 608 59 21 aktiv
745 608 61 28 tjenst
822 609 29 19 ut-

300 643 62 20 sedde
377 650 36 13 om
436 643 60 20 hvad
510 644 47 19 dem
574 643 66 27 enligt
655 643 72 20 denna
743 644 36 25 lag
795 642 7 20 i
817 642 33 26 af-

300 677 75 20 seende
390 677 13 20 ä
419 677 146 28 värnepligten
577 677 84 27 äligger
671 677 96 27 iakttaga
778 677 74 20 samt

301 713 47 22 att,
360 711 34 20 dä
407 711 189 27 vederbörlig
606 711 149 28 föreskrift
765 711 85 20 derom

302 745 145 27 utfärdas,
471 746 120 20 inkalla
617 746 66 26 dem,
708 752 57 14 som
792 745 58 20 till-

301 779 72 21 höra
398 787 135 14 reserven
557 781 72 19 eller
650 779 200 23 landtvärnet,

301 813 49 21 till
365 813 82 21 aktiv
463 814 171 27 tjensteller
645 813 205 28 öfningsmöte;

301 848 130 20 börande
451 848 8 20 i
480 849 103 26 hvarje
598 849 59 26 fall
671 848 108 20 sådant
793 847 56 27 för-

301 882 203 27 ständigande
536 883 113 20 enhvar
677 881 171 28 skriftligen

301 917 158 24 meddelas;

344 951 23 26 7)
389 953 42 18 att
453 951 94 27 enligt
571 951 189 26 vederbörlig
775 951 73 27 före-

299 985 93 27 skrift
420 986 189 27 föranstalta
639 986 112 20 sädana
783 985 66 20 kon-

301 1021 174 20 trollmöten
500 1021 61 20 med
579 1021 174 24 reservmän,
769 1019 82 21 somi

299 1054 15 27 $
331 1055 26 20 18
373 1055 208 26 omförmälas;

343 1089 24 27 8)
390 1090 42 19 att
453 1089 48 27 för
523 1089 103 27 hvarje
642 1089 207 27 loitningsom-

300 1122 423 29 rädeinomuppbädskretsen
734 1124 114 26 ärligen

301 1158 142 27 upprätta
457 1158 112 21 allmän
584 1158 265 27 värnepligtslängd,

300 1192 215 27 innefattande
529 1193 207 26 jemvälrulla
751 1193 48 27 för
812 1199 38 14 re-

299 1233 101 14 serven
413 1227 48 20 och
473 1227 193 27 förteckning
678 1227 71 27 öfver
763 1227 86 20 landt-

300 1262 109 23 värnet,
438 1263 77 18 samt
542 1261 129 27 derefter
695 1262 66 26 föra
786 1261 64 20 den-

299 1302 110 13 samma
427 1295 97 27 enligt
539 1295 310 28 deföreskrifter,
799 1291 54 36 som

300 1329 96 20 derom
412 1329 148 20 särskildt
576 1330 150 27 utfärdas;

342 1363 25 27 9)
392 1365 32 18 att
445 1363 129 28 handlägga
593 1364 26 20 de
633 1364 81 27 frågor,
731 1371 46 14 som
795 1363 7 21 i
817 1364 33 26 öf-

300 1397 42 27 rigt
373 1397 94 20 rörande
500 1398 159 27 värnepligtens
692 1397 158 22 verkställande

299 1432 77 20 kunna
391 1432 151 27 förekomma;
