1086 1756
421 120 21 22 U.
459 120 22 22 B.
774 121 26 19 77

74 189 197 29 komiteprotokoll
291 190 36 20 för
347 189 44 22 den
406 191 28 19 28
450 196 59 14 mars
526 191 54 19 1897
597 189 85 25 därom,
700 191 46 23 ,att
761 188 69 28 ryska

74 224 89 21 makten
187 224 73 28 aldrig
282 224 46 21 fäst
351 223 106 22 afseende
479 224 39 21 vid
541 224 75 28 gamla
639 224 99 21 svenska
759 223 70 27 lagar,

74 258 78 21 hvilka
166 258 111 21 utfärdats
293 258 72 21 under
380 258 133 28 riksdagens
529 258 162 23 medvärkan*,
700 257 80 21 främst
793 264 37 14 an-

74 292 50 21 föra
146 292 153 21 bekräftelsen
320 294 30 26 pä
373 292 106 28 gällande
501 292 223 28 landtdagsordning
744 292 25 21 af
786 291 44 21 den

75 328 50 26 3/15
141 326 57 29 april
215 328 60 24 1869,
291 334 49 14 som
355 326 136 22 innehäller:

145 362 82 25 vJemte
249 361 34 21 det
307 361 32 21 Wi
362 360 120 28 förbehälla
502 361 39 21 Oss
559 361 53 21 Wär
626 362 52 26 rätt,
694 360 70 23 sådan
781 361 50 21 den-

74 402 84 15 samma
175 395 33 21 uti
223 395 208 28 Regeringsformen
447 396 28 27 af
487 396 42 21 den
544 396 29 21 21
588 396 98 27 Augusti
701 396 59 21 1772
775 397 57 20 samt

75 430 130 27 Förenings-
228 430 35 21 och
285 430 180 21 Säkerhetsakten
488 430 27 28 af
535 430 43 22 den
596 430 28 21 21
641 430 110 22 Februari
766 430 36 22 och
816 430 15 21 3

75 464 64 27 April
155 464 60 21 1789
231 464 118 28 försäkrad
363 464 72 27 finnes
451 464 36 22 och
501 464 45 22 icke
562 464 71 28 blifvit
646 472 76 20 genom
737 465 94 27 uttryck-

75 498 44 28 liga
141 499 38 21 ord
201 498 33 22 uti
251 498 135 28 förestäende
401 499 227 28 Landtdagsordning
643 499 131 27 förändrad,
791 499 41 21 vele

78 533 32 21 Wi
125 533 8 21 i
150 532 76 22 Näder
249 533 74 21 denna
345 533 227 28 Landtdagsordning
594 533 70 21 säsom
687 540 26 14 en
736 533 96 28 orygglig

74 567 111 28 grundlag
199 567 54 28 gilla
267 567 36 22 och
317 567 131 27 fastställa.*

144 602 122 21 Dessutom
291 601 108 29 åberopas
426 602 234 28 ,regeringsformen*
688 604 72 20 såsom
786 602 46 28 gäl-

77 636 66 21 lande
157 636 38 28 lag
209 636 8 20 i
233 638 25 18 71
275 636 13 28 $
305 635 24 22 af
342 636 256 28 landtdagsordningen.
629 636 35 21 Af
685 644 77 14 senare
785 636 47 21 akt-

77 670 95 28 stycken
187 672 36 19 mä
239 670 89 21 anföras
344 670 80 21 endast
438 670 85 28 nädiga
537 670 131 22 manifestet
678 670 26 21 af
712 671 43 21 den
768 672 64 27 13/25

75 704 51 28 juni
142 706 61 24 1886,
219 704 152 28 hvarigenom,
388 704 65 26 ,med
469 704 163 29 upphäfvande
648 705 26 21 af
687 707 33 19 6:e
730 705 102 29 punkten

77 740 7 20 i
99 739 134 28 Förenings-
249 739 42 21 och
311 738 193 22 Säkerhetsakten
524 739 25 21 af
563 739 45 21 den
623 742 26 18 21
666 740 109 21 Februari
790 740 43 21 och

77 776 13 18 3
105 774 66 28 April
195 775 75 25 17894,
286 773 101 28 stadgats
403 780 37 14 om
455 774 145 20 motionsrätt
615 773 37 22 för
667 774 126 21 ständerna.

146 808 35 21 De
196 808 173 28 invändningar,
386 815 49 14 som
450 807 91 22 anföras
550 810 60 19 emot
622 808 134 28 giltigheten
768 808 25 22 af
801 816 33 14 re-

79 842 180 28 geringsformen
284 845 57 18 samt
363 842 127 28 förenings-
513 842 43 22 och
579 842 192 26 säkerhetsakten,
794 846 38 18 äro

79 876 192 28 hufvudsakligen
286 876 110 28 följande:

148 913 18 18 1.
197 911 45 21 Det
264 910 136 26 framhälles,
420 913 33 19 att
471 912 58 20 ända
544 911 36 21 till
596 913 24 19 är
637 914 54 18 1863
708 919 27 14 en
750 911 83 28 mängd

79 945 63 28 lagar
157 945 42 21 och
214 945 163 28 författningar
392 946 8 20 i
414 946 99 20 Finland
529 945 113 22 utfärdats
653 946 25 21 af
687 946 147 21 monarkerne

79 982 54 18 utan
152 979 132 21 ständernas
303 979 145 23 medvärkan.
479 980 54 21 Men
547 980 81 21 härvid
644 980 42 21 har
700 988 52 13 man
767 980 68 21 förbi-

79 1016 44 19 sett
145 1014 88 28 viktiga
255 1014 199 28 omständigheter.
485 1014 46 21 Det
553 1014 150 26 förhällande,
726 1017 32 19 att
776 1016 59 20 stän-

79 1048 69 21 derna
163 1048 83 21 mellan
261 1050 54 19 ären
332 1050 54 19 1809
402 1048 43 22 och
462 1050 54 20 1863
533 1048 49 22 icke
598 1049 189 25 sammankallats,
802 1051 34 19 ut-

79 1084 41 25 gör
135 1082 57 21 intet
214 1082 63 21 bevis
295 1085 47 18 mot
357 1083 220 28 regeringsformens
594 1083 113 28 giltighet,
723 1086 24 25 ty
764 1084 72 27 enligt

80 1116 206 28 regeringsformen
308 1117 41 20 har
372 1117 44 26 det,
437 1117 60 21 intill
516 1117 261 28 landtdagsordningens
792 1117 44 21 till-

80 1150 80 26 komst,
177 1150 73 21 berott
265 1150 26 21 af
303 1151 137 21 monarkens
456 1151 164 28 godtfinnande
632 1154 33 19 att
676 1151 161 22 sammankalla

80 1184 127 21 ständerna.
231 1184 48 22 Och
295 1185 219 28 regeringsformens
527 1186 122 28 ogiltighet
660 1186 87 21 bevisas
758 1185 20 29 ej
790 1186 46 21 häl-

80 1218 33 21 ler
135 1219 70 26 däraf,
224 1221 33 19 att
275 1219 124 22 monarken
415 1219 129 22 oberoende
560 1220 26 21 af
599 1221 123 20 ständerna
736 1220 100 21 utfärdat

80 1253 163 28 författningar
258 1253 7 21 i
280 1253 110 22 särskilda
406 1256 89 19 ämnen.
527 1254 126 21 Monarken
668 1255 42 20 har
722 1254 115 28 nämligen

81 1289 84 19 ansetts
188 1287 77 22 kunna
288 1289 29 26 på
339 1288 61 21 vissa
414 1288 270 29 lagstiftningsområden
699 1289 139 28 (egentligen

81 1321 140 22 omfattande
245 1321 61 22 hvad
329 1329 48 14 som
399 1324 30 26 på
451 1324 52 20 vårt
527 1323 115 28 lagspråk,
665 1331 37 14 om
723 1323 43 22 ock
788 1323 50 21 icke

81 1355 91 22 alldeles
187 1356 119 28 sakenligt,
322 1356 133 21 betecknats
472 1359 74 19 såsom
557 1357 118 28 ordnings-
687 1357 42 22 och
739 1357 99 22 hushåll-

81 1389 121 29 ningsmål)
221 1389 91 22 utfärda
331 1390 164 29 författningar
510 1394 56 18 utan
581 1393 33 19 att
630 1391 132 22 ständernas
778 1391 60 22 med-

150 1435 140 22 Lagutskottets
303 1435 122 18 betänkande.
