1092 1759
262 134 27 20 94
461 132 84 23 Ständ.
562 132 39 22 Sv.
617 145 27 3 —
660 132 47 22 Bil.
725 132 28 22 IH.

232 204 56 18 utan
311 204 32 18 att
364 202 102 20 komitöen
492 202 60 20 dock
573 202 60 20 velat
654 202 53 26 ingå
730 201 6 21 i
753 202 144 20 bedömande
913 201 76 25 häraf;

232 236 126 27 hvarjemte
381 236 102 21 komiten
507 236 37 20 vid
569 238 39 18 art.
633 236 37 20 101
689 236 77 20 såsom
783 236 50 20 skäl
850 236 34 20 för
899 236 91 20 lottnin-

231 276 55 20 gens
302 270 169 21 verkställande
487 270 48 20 före
551 270 157 26 besigtningen
725 270 66 20 anför
807 272 37 23 att,
861 270 82 20 medan
953 276 37 14 en-

233 305 40 26 ligt
288 305 104 26 gällande
409 305 61 20 finsk
486 305 36 25 lag
538 311 27 14 en
582 304 167 21 administrativ
759 303 140 28 myndighet,
912 305 77 19 värne-

231 339 177 26 pligtsnämden,
432 339 63 26 afgör
518 339 177 26 hufvudfrägan,
719 338 116 27 nämligen
854 339 67 20 hvem
938 345 50 14 som

232 373 59 21 skall
314 373 90 21 inträda
425 373 7 20 i
448 373 67 27 tjenst
531 373 43 21 och
590 373 69 21 hvem
676 373 55 26 icke,
748 373 76 20 denna
840 373 62 26 fräga
917 373 7 20 i
941 372 49 27 Kej-

232 407 129 21 saredömet
384 408 88 26 afgöres
496 413 82 21 genom
595 407 104 26 lottning,
715 407 120 21 äfvensom
853 409 37 24 att,
906 407 31 20 dä
953 407 36 21 det

232 442 74 20 finnes
322 449 27 13 en
366 442 94 26 allmän,
481 442 78 27 hvarje
576 442 121 21 undersäte
714 441 105 27 gällande
835 442 36 26 lag
887 449 37 13 om
941 448 48 20 per-

232 477 74 26 sonlig
321 476 134 27 värnepligt,
477 477 119 26 lösningen
613 477 26 20 af
652 477 154 20 omförmälda
822 476 63 27 fräga
900 476 42 20 bör
958 476 31 20 öf-

232 511 127 20 verlemnas
383 511 22 20 ät
429 511 87 21 enhvar
538 511 151 27 personligen.
724 511 123 20 Dessutom
872 510 118 27 uppgifver

231 545 103 20 komiten
358 547 32 18 att
413 545 122 20 enahanda
558 545 98 26 ordning
679 552 52 14 vore
747 545 77 21 införd
841 545 36 20 vid
893 545 44 20 alla
953 551 35 14 ar-

231 579 63 21 möer
309 579 6 20 i
332 580 100 27 Europa.

300 614 68 21 Emot
391 615 76 20 denna
493 614 181 27 knapphändiga
697 614 136 26 motivering
855 614 42 20 bör
920 614 67 20 fram-

231 648 84 21 hällas:

299 685 31 18 att
345 683 252 27 värnepligtsnämdens
613 683 125 26 inflytande
754 684 25 19 är
795 683 137 26 fullkomligt
942 683 47 20 lika

231 717 170 27 betydelsefullt
426 717 6 20 i
454 717 121 21 hvartdera
591 717 68 26 fallet,
675 719 55 18 enär
752 717 37 20 det
805 718 25 19 är
846 717 142 26 besigtnings-

231 751 113 24 resultatet,
361 758 50 13 som
428 753 25 19 är
469 751 122 27 afgörande
607 751 35 20 för
658 751 96 21 inträdet
764 751 87 27 itjenst,
861 751 126 20 oberoende

229 785 71 26 deraf,
316 792 38 13 om
364 785 157 27 besigtningen
537 786 52 20 sker
605 785 54 21 efter
675 785 125 26 lottningen
817 785 53 20 eller
881 785 46 20 före
935 785 53 20 den-

232 825 100 20 samma;
859 841 2 2 N

300 856 32 17 att
354 853 43 21 den
422 853 150 28 upphädades
588 853 129 28 personliga
733 853 135 27 ingripande
885 853 37 20 vid
939 853 48 21 lott-

230 887 142 27 dragningen
388 888 80 20 förblir
484 891 54 18 utan
554 889 30 19 all
600 889 85 20 verkan
701 888 8 20 i
725 888 36 20 det
777 888 46 25 fall,
839 890 31 18 att
879 887 43 21 den
939 888 48 20 lott-

230 921 117 27 dragande
363 922 129 21 sedermera
507 923 103 20 befinnes
626 923 33 20 till
675 922 131 27 krigstjenst
821 922 102 26 oduglig;

300 958 32 19 att
348 956 115 21 komitöns
479 957 88 26 uppgift
583 957 86 26 derom,
686 959 31 18 att
733 957 43 20 den
793 956 128 26 föreslagna
937 956 50 20 ord-

230 990 85 27 ningen
331 997 53 14 vore
400 991 75 20 införd
491 991 38 20 vid
545 991 44 20 alla
605 991 88 20 arméer
708 991 6 20 i
732 991 99 26 Europa,
848 991 49 20 icke
910 992 25 19 är
944 991 43 19 rik-

230 1024 38 27 tig,
284 1026 55 19 enär
354 1025 138 26 exempelvis
509 1025 6 20 i
531 1025 118 27 Tyskland
665 1025 158 26 besigtningen
839 1025 88 26 föregår
938 1025 48 20 lott-

230 1059 96 26 ningen;
343 1061 59 18 samt

299 1095 38 23 att,
354 1093 88 20 oafsedt
457 1093 67 26 detta,
540 1093 72 20 andra
628 1093 91 21 länders
735 1093 116 20 föredöme
862 1093 125 26 ingalunda

231 1129 65 24 utgör
312 1127 49 20 skäl
377 1127 34 20 till
427 1128 124 27 utbytande
568 1128 25 20 af
606 1128 44 20 den
667 1128 5 20 i
683 1127 99 21 Finland
793 1127 116 20 allaredan
923 1127 63 20 häfd-

229 1167 80 14 vunna
324 1162 43 20 och
379 1162 182 26 ändamålsenlig
569 1162 100 20 befunna
681 1161 235 28 uppbådsordningen
925 1163 61 19 emot

229 1202 28 13 en
274 1202 85 19 annan,
376 1202 49 14 som
442 1196 49 20 icke
507 1196 77 20 kunde
600 1196 77 26 undgå
693 1198 32 18 att
740 1196 122 20 framkalla
873 1195 113 21 särskilda

228 1229 220 21 missförhållanden
465 1230 43 20 och
524 1230 150 26 olägenheter.

299 1263 77 20 Redan
400 1264 44 20 den
469 1264 157 26 kommission,
643 1271 50 14 som
709 1264 7 20 i
733 1263 80 27 början
830 1263 24 20 af
869 1263 117 20 1870-talet

228 1297 116 21 nedsattes
367 1297 35 21 för
424 1298 149 27 uppgörande
595 1298 26 20 af
641 1298 84 26 förslag
746 1298 33 20 till
803 1298 85 20 allmän
908 1299 78 19 värne-

228 1331 68 27 pligts
319 1332 121 20 införande
456 1332 7 20 i
480 1332 104 26 Finland,
600 1332 121 21 förordade
738 1332 31 21 uti
786 1332 37 20 det
839 1332 24 20 af
877 1332 108 20 kommis-

228 1366 81 20 sionen
333 1367 133 20 utarbetade
490 1367 106 26 förslaget
618 1379 27 2 —
669 1367 7 20 i
693 1366 164 27 hufvudsaklig
873 1366 112 21 öfverens-

228 1401 132 20 stämmelse
376 1401 111 20 hvarmed
503 1401 172 26 propositionen
692 1401 6 20 i
712 1402 77 19 ämnet
801 1400 34 21 till
846 1401 139 20 1877—1878

228 1434 38 21 års
288 1435 108 26 landtdag
412 1435 127 20 sedermera
555 1435 140 27 uppgjordes
710 1447 28 2 —
754 1437 38 23 att,
808 1435 53 20 med
877 1434 108 21 afvikelse
