1092 1753
247 132 26 20 60
526 132 85 22 Ständ.
627 132 39 22 Sv.

219 202 80 22 sällan
317 202 51 23 kan
387 203 82 23 direkt
487 204 74 22 träda
579 204 8 22 i
606 204 120 29 beröring
739 203 57 23 med
810 203 84 22 finska
906 210 69 22 myn-

218 237 122 29 digheter.

289 271 142 23 Ständerna
453 272 78 22 hafva
550 272 67 29 förty
636 272 54 23 icke
709 272 84 22 funnit
821 278 84 16 annan
933 272 41 21 än-

219 306 75 28 dring
313 306 26 22 af
357 306 224 30 bestämningarna
606 314 40 15 om
666 306 222 30 Krigsministerns
907 306 67 22 befo-

218 340 94 29 genhet
330 341 127 28 påkallad,
479 342 31 21 än
531 343 35 20 att
584 342 31 21 de
635 342 60 21 sista
715 341 79 22 orden
813 341 8 21 i
840 342 134 20 momentet

221 374 75 22 »eller
324 381 39 16 om
382 375 100 22 hvilkas
501 375 156 30 behandling
675 375 99 23 landets
794 375 181 29 författningar

218 409 54 22 icke
292 409 158 23 annorlunda
468 409 166 23 föreskrifva»
654 411 131 25 uteslutas,
807 409 105 22 emedan
925 409 49 22 den

217 443 156 30 hänvisning
399 445 32 22 de
461 445 127 22 innehålla
615 445 64 22 lider
708 445 24 22 af
760 444 142 29 otydlighet
928 444 46 22 och

219 477 54 23 icke
300 478 47 22 har
365 479 84 28 någon
468 479 116 28 praktisk
603 479 137 29 betydelse,
762 479 132 22 äfvensom
913 480 35 21 att
966 479 7 22 i

219 512 74 22 deras
321 513 70 22 ställe
419 513 115 30 tillägges
565 515 79 21 »samt
670 514 102 22 utöfvar
794 513 7 22 i
821 513 77 29 öfrigt
925 513 48 22 den

218 546 160 29 befogenhet,
408 555 53 15 som
488 548 8 22 i
525 548 83 22 denna
634 549 42 28 lag
700 549 28 21 är
749 548 93 22 honom
863 548 108 28 tillagd>.

218 580 12 22 I
259 581 90 29 sjelfva
377 582 88 22 verket
492 582 106 27 komme,
621 583 77 28 enligt
718 582 48 22 den
786 582 26 22 af
832 582 141 22 Ständerna

218 622 35 15 nu
276 617 110 28 antagna
405 616 189 30 författningen,
614 617 208 29 Krigsministern
842 618 36 20 att
896 616 77 23 hand-

217 650 78 28 lägga
327 651 124 22 särskilda
484 651 117 27 ärenden,
628 652 87 22 hvilka
746 651 80 29 enligt
856 652 117 28 gällande

219 684 206 30 Värnepligtslag
443 686 153 28 föredragits
616 686 25 22 af
656 685 317 23 Ministerstatssekretera-

217 725 45 15 ren
290 719 25 28 ($
336 719 22 26 5,
377 719 14 29 $
413 719 61 30 121)
503 720 59 22 eller
584 727 40 15 om
642 721 87 22 hvilka
747 721 70 21 förut
836 721 22 28 ej
878 719 95 23 funnits

219 753 159 29 stadganden
397 754 7 21 i
422 754 75 29 lagen
516 755 26 28 ($
564 755 49 28 10).

287 787 38 22 Dä
345 788 219 29 Krigsministerns
584 789 152 29 befogenhet
756 789 109 22 sälunda
879 790 93 21 ansetts

218 821 63 23 böra
303 822 8 22 i
330 822 146 23 hufvudsak
495 823 140 23 bibehällas
654 824 43 22 vid
716 824 32 22 de
767 823 7 22 i
794 823 119 29 gällande
931 823 42 29 lag

217 856 124 29 stadgade
368 858 118 28 grunder,
512 858 78 22 hafva
620 858 142 23 Ständerna
791 857 105 22 härmed
919 857 54 22 icke

217 891 68 22 velat
312 891 165 23 underskatta
504 892 148 29 betydelsen
679 893 80 26 deraf,
783 893 36 21 att
842 892 75 22 äfven
936 892 37 22 sä-

218 925 66 22 dana
303 925 49 22 den
371 926 84 22 finska
474 927 123 22 militären
616 927 109 22 rörande
750 927 221 28 angelägenheter,

218 965 53 16 som
291 960 132 23 ankomma
429 956 13 38 ä
465 961 367 23 Ministerstatssekreterarens
844 961 129 28 föredrag-

217 993 62 30 ning
306 994 60 23 eller
393 995 100 22 hvilkas
522 996 139 29 afgörande
689 997 29 21 är
739 995 186 23 öfverlemnadt
948 995 25 22 ät

218 1027 118 27 Senaten,
348 1029 80 22 varda
441 1029 207 29 Krigsministern
658 1030 228 22 kommunicerade.
911 1029 62 22 Här-

216 1061 101 29 igenom
344 1063 47 22 har
418 1063 207 30 Krigsministern
652 1064 96 22 tillfälle
777 1065 37 20 att
832 1063 88 22 utöfva
939 1063 34 22 in-

216 1096 115 28 flytande
351 1097 75 22 äfven
444 1098 33 28 pä
494 1099 73 21 dessa
581 1099 118 22 ärenden.
738 1098 144 23 Ständerna
896 1097 76 22 hafva

217 1130 86 23 derför
330 1131 36 22 till
399 1131 6 29 $
436 1132 49 23 119
513 1133 71 28 fogat
606 1134 34 21 ett
657 1134 57 27 nytt
731 1134 113 21 moment
863 1132 25 22 af
906 1132 67 22 inne-

215 1165 52 22 håll
291 1167 35 20 att
345 1166 132 29 angående
502 1167 164 22 omförmälda
684 1167 220 22 kommunikation
922 1167 51 28 gäl-

215 1199 37 22 ler
265 1199 69 22 hvad
348 1200 86 23 derom
448 1201 26 22 af
487 1201 123 29 Kejsaren
622 1202 46 22 och
683 1201 157 23 Storfursten
854 1201 119 22 särskildt

214 1233 143 23 förordnas.

284 1268 12 22 I
323 1269 94 29 nädiga
447 1270 189 28 propositionen
664 1270 134 29 angäende
826 1269 145 29 grunderna

214 1302 40 22 för
283 1303 30 21 de
337 1303 84 22 finska
441 1305 151 28 truppernas
610 1305 175 28 organisation
805 1304 47 22 och
870 1303 102 22 förvalt-

214 1336 62 29 ning
297 1337 114 27 föresläs,
441 1340 37 21 att
499 1339 251 28 officerspersonalen
773 1338 45 23 vid
837 1338 31 22 de
887 1338 84 22 finska

214 1372 139 27 trupperna
381 1372 64 22 skall
468 1373 178 28 kompletteras
666 1373 75 22 äfven
760 1373 60 22 med
840 1372 131 23 officerare

214 1404 26 22 af
266 1405 62 29 rysk
350 1406 139 23 härkomst.
526 1408 53 21 Art.
600 1408 33 21 24
652 1408 7 21 i
677 1407 125 29 förslaget
820 1406 37 22 till
876 1406 95 22 förord-

213 1439 62 29 ning
302 1440 7 21 i
337 1440 84 22 ämnet
449 1442 28 21 är
495 1441 107 23 sälunda
621 1442 119 22 affattad:
763 1441 208 28 »Officersperso-
