<?xml version="1.0" encoding="UTF-8"?>
<alto xmlns="http://www.loc.gov/standards/alto/ns-v3#" xmlns:xlink="http://www.w3.org/1999/xlink" xmlns:xsi="http://www.w3.org/2001/XMLSchema-instance" xsi:schemaLocation="http://www.loc.gov/standards/alto/ns-v3# http://www.loc.gov/alto/v3/alto-3-0.xsd">
	<Description>
		<MeasurementUnit>pixel</MeasurementUnit>
		<sourceImageInformation>
			<fileName>/tmp/tess_52241kvk_input.PNG</fileName>
		</sourceImageInformation>
		<OCRProcessing ID="OCR_0">
			<ocrProcessingStep>
				<processingSoftware>
					<softwareName>tesseract 5.3.4</softwareName>
				</processingSoftware>
			</ocrProcessingStep>
		</OCRProcessing>
	</Description>
	<Layout>
		<Page WIDTH="1086" HEIGHT="1767" PHYSICAL_IMG_NR="0" ID="page_0">
			<PrintSpace HPOS="0" VPOS="0" WIDTH="1086" HEIGHT="1767">
				<ComposedBlock ID="cblock_0" HPOS="450" VPOS="144" WIDTH="382" HEIGHT="22">
					<TextBlock ID="block_0" HPOS="450" VPOS="144" WIDTH="382" HEIGHT="22">
						<TextLine ID="line_0" HPOS="450" VPOS="144" WIDTH="382" HEIGHT="22">
							<String ID="string_0" HPOS="450" VPOS="144" WIDTH="30" HEIGHT="22" WC="0.88" CONTENT="U."/><SP WIDTH="16" VPOS="144" HPOS="480"/>
							<String ID="string_1" HPOS="496" VPOS="144" WIDTH="27" HEIGHT="22" WC="0.89" CONTENT="B."/><SP WIDTH="283" VPOS="144" HPOS="523"/>
							<String ID="string_2" HPOS="806" VPOS="144" WIDTH="26" HEIGHT="21" WC="0.96" CONTENT="67"/>
						</TextLine>
					</TextBlock>
				</ComposedBlock>
				<ComposedBlock ID="cblock_1" HPOS="107" VPOS="213" WIDTH="767" HEIGHT="1262">
					<TextBlock ID="block_1" HPOS="107" VPOS="213" WIDTH="756" HEIGHT="62">
						<TextLine ID="line_1" HPOS="107" VPOS="213" WIDTH="756" HEIGHT="27">
							<String ID="string_3" HPOS="107" VPOS="215" WIDTH="58" HEIGHT="25" WC="0.92" CONTENT="tatet,"/><SP WIDTH="16" VPOS="215" HPOS="165"/>
							<String ID="string_4" HPOS="181" VPOS="220" WIDTH="46" HEIGHT="14" WC="0.95" CONTENT="som"/><SP WIDTH="15" VPOS="220" HPOS="227"/>
							<String ID="string_5" HPOS="242" VPOS="215" WIDTH="24" HEIGHT="19" WC="0.93" CONTENT="är"/><SP WIDTH="10" VPOS="215" HPOS="266"/>
							<String ID="string_6" HPOS="276" VPOS="213" WIDTH="114" HEIGHT="27" WC="0.92" CONTENT="afgörande"/><SP WIDTH="16" VPOS="213" HPOS="390"/>
							<String ID="string_7" HPOS="406" VPOS="213" WIDTH="33" HEIGHT="21" WC="0.96" CONTENT="för"/><SP WIDTH="15" VPOS="213" HPOS="439"/>
							<String ID="string_8" HPOS="454" VPOS="213" WIDTH="91" HEIGHT="21" WC="0.96" CONTENT="inträdet"/><SP WIDTH="15" VPOS="213" HPOS="545"/>
							<String ID="string_9" HPOS="560" VPOS="213" WIDTH="7" HEIGHT="21" WC="0.93" CONTENT="i"/><SP WIDTH="16" VPOS="213" HPOS="567"/>
							<String ID="string_10" HPOS="583" VPOS="213" WIDTH="70" HEIGHT="27" WC="0.92" CONTENT="tjenst,"/><SP WIDTH="16" VPOS="213" HPOS="653"/>
							<String ID="string_11" HPOS="669" VPOS="213" WIDTH="119" HEIGHT="21" WC="0.96" CONTENT="oberoende"/><SP WIDTH="16" VPOS="213" HPOS="788"/>
							<String ID="string_12" HPOS="804" VPOS="213" WIDTH="59" HEIGHT="21" WC="0.95" CONTENT="deraf"/>
						</TextLine>
						<TextLine ID="line_2" HPOS="107" VPOS="247" WIDTH="755" HEIGHT="28">
							<String ID="string_13" HPOS="107" VPOS="254" WIDTH="34" HEIGHT="14" WC="0.93" CONTENT="om"/><SP WIDTH="20" VPOS="254" HPOS="141"/>
							<String ID="string_14" HPOS="161" VPOS="248" WIDTH="148" HEIGHT="27" WC="0.84" CONTENT="besigtningen"/><SP WIDTH="21" VPOS="248" HPOS="309"/>
							<String ID="string_15" HPOS="330" VPOS="248" WIDTH="48" HEIGHT="20" WC="0.96" CONTENT="sker"/><SP WIDTH="20" VPOS="248" HPOS="378"/>
							<String ID="string_16" HPOS="398" VPOS="247" WIDTH="52" HEIGHT="21" WC="0.96" CONTENT="efter"/><SP WIDTH="18" VPOS="247" HPOS="450"/>
							<String ID="string_17" HPOS="468" VPOS="247" WIDTH="119" HEIGHT="27" WC="0.96" CONTENT="lottningen"/><SP WIDTH="16" VPOS="247" HPOS="587"/>
							<String ID="string_18" HPOS="603" VPOS="247" WIDTH="52" HEIGHT="21" WC="0.96" CONTENT="eller"/><SP WIDTH="14" VPOS="247" HPOS="655"/>
							<String ID="string_19" HPOS="669" VPOS="248" WIDTH="45" HEIGHT="20" WC="0.96" CONTENT="före"/><SP WIDTH="16" VPOS="248" HPOS="714"/>
							<String ID="string_20" HPOS="730" VPOS="247" WIDTH="132" HEIGHT="25" WC="0.95" CONTENT="densamma;"/>
						</TextLine>
					</TextBlock>
					<TextBlock ID="block_2" HPOS="107" VPOS="282" WIDTH="756" HEIGHT="95">
						<TextLine ID="line_3" HPOS="176" VPOS="282" WIDTH="687" HEIGHT="27">
							<String ID="string_21" HPOS="176" VPOS="284" WIDTH="29" HEIGHT="20" WC="0.96" CONTENT="att"/><SP WIDTH="19" VPOS="284" HPOS="205"/>
							<String ID="string_22" HPOS="224" VPOS="282" WIDTH="40" HEIGHT="20" WC="0.91" CONTENT="den"/><SP WIDTH="20" VPOS="282" HPOS="264"/>
							<String ID="string_23" HPOS="284" VPOS="282" WIDTH="135" HEIGHT="27" WC="0.91" CONTENT="uppbådades"/><SP WIDTH="18" VPOS="282" HPOS="419"/>
							<String ID="string_24" HPOS="437" VPOS="282" WIDTH="120" HEIGHT="27" WC="0.96" CONTENT="personliga"/><SP WIDTH="15" VPOS="282" HPOS="557"/>
							<String ID="string_25" HPOS="572" VPOS="282" WIDTH="125" HEIGHT="27" WC="0.96" CONTENT="ingripande"/><SP WIDTH="16" VPOS="282" HPOS="697"/>
							<String ID="string_26" HPOS="713" VPOS="282" WIDTH="34" HEIGHT="20" WC="0.93" CONTENT="vid"/><SP WIDTH="15" VPOS="282" HPOS="747"/>
							<String ID="string_27" HPOS="762" VPOS="282" WIDTH="101" HEIGHT="27" WC="0.92" CONTENT="lottdrag-"/>
						</TextLine>
						<TextLine ID="line_4" HPOS="107" VPOS="316" WIDTH="755" HEIGHT="28">
							<String ID="string_28" HPOS="107" VPOS="317" WIDTH="78" HEIGHT="27" WC="0.96" CONTENT="ningen"/><SP WIDTH="17" VPOS="317" HPOS="185"/>
							<String ID="string_29" HPOS="202" VPOS="316" WIDTH="72" HEIGHT="21" WC="0.95" CONTENT="förblir"/><SP WIDTH="16" VPOS="316" HPOS="274"/>
							<String ID="string_30" HPOS="290" VPOS="319" WIDTH="50" HEIGHT="17" WC="0.96" CONTENT="utan"/><SP WIDTH="16" VPOS="319" HPOS="340"/>
							<String ID="string_31" HPOS="356" VPOS="316" WIDTH="28" HEIGHT="20" WC="0.96" CONTENT="all"/><SP WIDTH="16" VPOS="316" HPOS="384"/>
							<String ID="string_32" HPOS="400" VPOS="316" WIDTH="78" HEIGHT="20" WC="0.96" CONTENT="verkan"/><SP WIDTH="16" VPOS="316" HPOS="478"/>
							<String ID="string_33" HPOS="494" VPOS="317" WIDTH="7" HEIGHT="19" WC="0.96" CONTENT="i"/><SP WIDTH="16" VPOS="317" HPOS="501"/>
							<String ID="string_34" HPOS="517" VPOS="316" WIDTH="35" HEIGHT="21" WC="0.96" CONTENT="det"/><SP WIDTH="15" VPOS="316" HPOS="552"/>
							<String ID="string_35" HPOS="567" VPOS="316" WIDTH="44" HEIGHT="26" WC="0.96" CONTENT="fall,"/><SP WIDTH="12" VPOS="316" HPOS="611"/>
							<String ID="string_36" HPOS="623" VPOS="318" WIDTH="30" HEIGHT="19" WC="0.96" CONTENT="att"/><SP WIDTH="10" VPOS="318" HPOS="653"/>
							<String ID="string_37" HPOS="663" VPOS="316" WIDTH="41" HEIGHT="21" WC="0.91" CONTENT="den"/><SP WIDTH="13" VPOS="316" HPOS="704"/>
							<String ID="string_38" HPOS="717" VPOS="316" WIDTH="145" HEIGHT="28" WC="0.91" CONTENT="lottdragande"/>
						</TextLine>
						<TextLine ID="line_5" HPOS="107" VPOS="350" WIDTH="596" HEIGHT="27">
							<String ID="string_39" HPOS="107" VPOS="351" WIDTH="120" HEIGHT="21" WC="0.90" CONTENT="sedermera"/><SP WIDTH="16" VPOS="351" HPOS="227"/>
							<String ID="string_40" HPOS="243" VPOS="350" WIDTH="94" HEIGHT="22" WC="0.90" CONTENT="befinnes"/><SP WIDTH="16" VPOS="350" HPOS="337"/>
							<String ID="string_41" HPOS="353" VPOS="350" WIDTH="31" HEIGHT="21" WC="0.93" CONTENT="till"/><SP WIDTH="16" VPOS="350" HPOS="384"/>
							<String ID="string_42" HPOS="400" VPOS="350" WIDTH="122" HEIGHT="27" WC="0.92" CONTENT="krigstjenst"/><SP WIDTH="16" VPOS="350" HPOS="522"/>
							<String ID="string_43" HPOS="538" VPOS="350" WIDTH="95" HEIGHT="27" WC="0.96" CONTENT="oduglig;"/><SP WIDTH="15" VPOS="350" HPOS="633"/>
							<String ID="string_44" HPOS="648" VPOS="353" WIDTH="55" HEIGHT="19" WC="0.96" CONTENT="samt"/>
						</TextLine>
					</TextBlock>
					<TextBlock ID="block_3" HPOS="108" VPOS="385" WIDTH="758" HEIGHT="268">
						<TextLine ID="line_6" HPOS="177" VPOS="385" WIDTH="687" HEIGHT="27">
							<String ID="string_45" HPOS="177" VPOS="387" WIDTH="29" HEIGHT="19" WC="0.91" CONTENT="att"/><SP WIDTH="21" VPOS="387" HPOS="206"/>
							<String ID="string_46" HPOS="227" VPOS="385" WIDTH="90" HEIGHT="26" WC="0.90" CONTENT="(oafsedt"/><SP WIDTH="19" VPOS="385" HPOS="317"/>
							<String ID="string_47" HPOS="336" VPOS="387" WIDTH="29" HEIGHT="19" WC="0.93" CONTENT="att"/><SP WIDTH="18" VPOS="387" HPOS="365"/>
							<String ID="string_48" HPOS="383" VPOS="385" WIDTH="105" HEIGHT="21" WC="0.92" CONTENT="komiténs"/><SP WIDTH="16" VPOS="385" HPOS="488"/>
							<String ID="string_49" HPOS="504" VPOS="385" WIDTH="82" HEIGHT="27" WC="0.96" CONTENT="uppgift"/><SP WIDTH="18" VPOS="385" HPOS="586"/>
							<String ID="string_50" HPOS="604" VPOS="385" WIDTH="79" HEIGHT="26" WC="0.96" CONTENT="derom,"/><SP WIDTH="19" VPOS="385" HPOS="683"/>
							<String ID="string_51" HPOS="702" VPOS="388" WIDTH="30" HEIGHT="18" WC="0.96" CONTENT="att"/><SP WIDTH="18" VPOS="388" HPOS="732"/>
							<String ID="string_52" HPOS="750" VPOS="386" WIDTH="41" HEIGHT="20" WC="0.92" CONTENT="den"/><SP WIDTH="18" VPOS="386" HPOS="791"/>
							<String ID="string_53" HPOS="809" VPOS="386" WIDTH="55" HEIGHT="20" WC="0.92" CONTENT="före-"/>
						</TextLine>
						<TextLine ID="line_7" HPOS="108" VPOS="419" WIDTH="757" HEIGHT="29">
							<String ID="string_54" HPOS="108" VPOS="420" WIDTH="73" HEIGHT="27" WC="0.95" CONTENT="slagna"/><SP WIDTH="20" VPOS="420" HPOS="181"/>
							<String ID="string_55" HPOS="201" VPOS="419" WIDTH="118" HEIGHT="28" WC="0.96" CONTENT="ordningen"/><SP WIDTH="21" VPOS="419" HPOS="319"/>
							<String ID="string_56" HPOS="340" VPOS="425" WIDTH="49" HEIGHT="15" WC="0.96" CONTENT="vore"/><SP WIDTH="15" VPOS="425" HPOS="389"/>
							<String ID="string_57" HPOS="404" VPOS="419" WIDTH="70" HEIGHT="20" WC="0.96" CONTENT="införd"/><SP WIDTH="16" VPOS="419" HPOS="474"/>
							<String ID="string_58" HPOS="490" VPOS="419" WIDTH="35" HEIGHT="21" WC="0.96" CONTENT="vid"/><SP WIDTH="15" VPOS="419" HPOS="525"/>
							<String ID="string_59" HPOS="540" VPOS="419" WIDTH="41" HEIGHT="21" WC="0.96" CONTENT="alla"/><SP WIDTH="12" VPOS="419" HPOS="581"/>
							<String ID="string_60" HPOS="593" VPOS="420" WIDTH="82" HEIGHT="20" WC="0.96" CONTENT="arméer"/><SP WIDTH="14" VPOS="420" HPOS="675"/>
							<String ID="string_61" HPOS="689" VPOS="420" WIDTH="7" HEIGHT="20" WC="0.96" CONTENT="i"/><SP WIDTH="15" VPOS="420" HPOS="696"/>
							<String ID="string_62" HPOS="711" VPOS="420" WIDTH="91" HEIGHT="28" WC="0.96" CONTENT="Europa,"/><SP WIDTH="15" VPOS="420" HPOS="802"/>
							<String ID="string_63" HPOS="817" VPOS="420" WIDTH="48" HEIGHT="21" WC="0.96" CONTENT="icke"/>
						</TextLine>
						<TextLine ID="line_8" HPOS="108" VPOS="454" WIDTH="756" HEIGHT="28">
							<String ID="string_64" HPOS="108" VPOS="456" WIDTH="23" HEIGHT="19" WC="0.96" CONTENT="är"/><SP WIDTH="14" VPOS="456" HPOS="131"/>
							<String ID="string_65" HPOS="145" VPOS="455" WIDTH="69" HEIGHT="26" WC="0.95" CONTENT="riktig,"/><SP WIDTH="17" VPOS="455" HPOS="214"/>
							<String ID="string_66" HPOS="231" VPOS="456" WIDTH="51" HEIGHT="19" WC="0.93" CONTENT="enär"/><SP WIDTH="14" VPOS="456" HPOS="282"/>
							<String ID="string_67" HPOS="296" VPOS="455" WIDTH="14" HEIGHT="19" WC="0.92" CONTENT="t."/><SP WIDTH="15" VPOS="455" HPOS="310"/>
							<String ID="string_68" HPOS="325" VPOS="460" WIDTH="33" HEIGHT="14" WC="0.95" CONTENT="ex."/><SP WIDTH="15" VPOS="460" HPOS="358"/>
							<String ID="string_69" HPOS="373" VPOS="454" WIDTH="7" HEIGHT="20" WC="0.95" CONTENT="i"/><SP WIDTH="15" VPOS="454" HPOS="380"/>
							<String ID="string_70" HPOS="395" VPOS="454" WIDTH="107" HEIGHT="27" WC="0.93" CONTENT="Tyskland"/><SP WIDTH="16" VPOS="454" HPOS="502"/>
							<String ID="string_71" HPOS="518" VPOS="454" WIDTH="148" HEIGHT="27" WC="0.92" CONTENT="besigtningen"/><SP WIDTH="16" VPOS="454" HPOS="666"/>
							<String ID="string_72" HPOS="682" VPOS="455" WIDTH="82" HEIGHT="27" WC="0.93" CONTENT="föregår"/><SP WIDTH="14" VPOS="455" HPOS="764"/>
							<String ID="string_73" HPOS="778" VPOS="455" WIDTH="86" HEIGHT="21" WC="0.90" CONTENT="lottnin-"/>
						</TextLine>
						<TextLine ID="line_9" HPOS="109" VPOS="488" WIDTH="756" HEIGHT="28">
							<String ID="string_74" HPOS="109" VPOS="489" WIDTH="47" HEIGHT="27" WC="0.96" CONTENT="gen)"/><SP WIDTH="23" VPOS="489" HPOS="156"/>
							<String ID="string_75" HPOS="179" VPOS="489" WIDTH="66" HEIGHT="20" WC="0.96" CONTENT="andra"/><SP WIDTH="23" VPOS="489" HPOS="245"/>
							<String ID="string_76" HPOS="268" VPOS="488" WIDTH="84" HEIGHT="21" WC="0.96" CONTENT="länders"/><SP WIDTH="23" VPOS="488" HPOS="352"/>
							<String ID="string_77" HPOS="375" VPOS="488" WIDTH="108" HEIGHT="21" WC="0.95" CONTENT="föredöme"/><SP WIDTH="22" VPOS="488" HPOS="483"/>
							<String ID="string_78" HPOS="505" VPOS="488" WIDTH="116" HEIGHT="27" WC="0.95" CONTENT="ingalunda"/><SP WIDTH="20" VPOS="488" HPOS="621"/>
							<String ID="string_79" HPOS="641" VPOS="490" WIDTH="62" HEIGHT="25" WC="0.96" CONTENT="utgör"/><SP WIDTH="21" VPOS="490" HPOS="703"/>
							<String ID="string_80" HPOS="724" VPOS="489" WIDTH="44" HEIGHT="20" WC="0.96" CONTENT="skäl"/><SP WIDTH="17" VPOS="489" HPOS="768"/>
							<String ID="string_81" HPOS="785" VPOS="489" WIDTH="31" HEIGHT="21" WC="0.92" CONTENT="till"/><SP WIDTH="16" VPOS="489" HPOS="816"/>
							<String ID="string_82" HPOS="832" VPOS="492" WIDTH="33" HEIGHT="17" WC="0.92" CONTENT="ut-"/>
						</TextLine>
						<TextLine ID="line_10" HPOS="109" VPOS="522" WIDTH="756" HEIGHT="28">
							<String ID="string_83" HPOS="109" VPOS="523" WIDTH="93" HEIGHT="27" WC="0.92" CONTENT="bytande"/><SP WIDTH="15" VPOS="523" HPOS="202"/>
							<String ID="string_84" HPOS="217" VPOS="523" WIDTH="21" HEIGHT="20" WC="0.96" CONTENT="af"/><SP WIDTH="16" VPOS="523" HPOS="238"/>
							<String ID="string_85" HPOS="254" VPOS="523" WIDTH="40" HEIGHT="20" WC="0.96" CONTENT="den"/><SP WIDTH="17" VPOS="523" HPOS="294"/>
							<String ID="string_86" HPOS="311" VPOS="522" WIDTH="7" HEIGHT="21" WC="0.74" CONTENT="i"/><SP WIDTH="8" VPOS="522" HPOS="318"/>
							<String ID="string_87" HPOS="326" VPOS="522" WIDTH="89" HEIGHT="21" WC="0.74" CONTENT="Finland"/><SP WIDTH="16" VPOS="522" HPOS="415"/>
							<String ID="string_88" HPOS="431" VPOS="523" WIDTH="107" HEIGHT="20" WC="0.92" CONTENT="allaredan"/><SP WIDTH="17" VPOS="523" HPOS="538"/>
							<String ID="string_89" HPOS="555" VPOS="523" WIDTH="122" HEIGHT="21" WC="0.92" CONTENT="häfdvunna"/><SP WIDTH="16" VPOS="523" HPOS="677"/>
							<String ID="string_90" HPOS="693" VPOS="524" WIDTH="38" HEIGHT="20" WC="0.93" CONTENT="och"/><SP WIDTH="16" VPOS="524" HPOS="731"/>
							<String ID="string_91" HPOS="747" VPOS="523" WIDTH="118" HEIGHT="21" WC="0.91" CONTENT="ändamåls-"/>
						</TextLine>
						<TextLine ID="line_11" HPOS="109" VPOS="556" WIDTH="757" HEIGHT="28">
							<String ID="string_92" HPOS="109" VPOS="557" WIDTH="57" HEIGHT="27" WC="0.93" CONTENT="enlig"/><SP WIDTH="22" VPOS="557" HPOS="166"/>
							<String ID="string_93" HPOS="188" VPOS="557" WIDTH="94" HEIGHT="21" WC="0.91" CONTENT="befunna"/><SP WIDTH="23" VPOS="557" HPOS="282"/>
							<String ID="string_94" HPOS="305" VPOS="556" WIDTH="213" HEIGHT="27" WC="0.92" CONTENT="uppbådsordningen"/><SP WIDTH="24" VPOS="556" HPOS="518"/>
							<String ID="string_95" HPOS="542" VPOS="559" WIDTH="57" HEIGHT="19" WC="0.96" CONTENT="emot"/><SP WIDTH="22" VPOS="559" HPOS="599"/>
							<String ID="string_96" HPOS="621" VPOS="563" WIDTH="26" HEIGHT="14" WC="0.96" CONTENT="en"/><SP WIDTH="20" VPOS="563" HPOS="647"/>
							<String ID="string_97" HPOS="667" VPOS="564" WIDTH="76" HEIGHT="20" WC="0.96" CONTENT="annan,"/><SP WIDTH="15" VPOS="564" HPOS="743"/>
							<String ID="string_98" HPOS="758" VPOS="564" WIDTH="44" HEIGHT="14" WC="0.96" CONTENT="som"/><SP WIDTH="16" VPOS="564" HPOS="802"/>
							<String ID="string_99" HPOS="818" VPOS="557" WIDTH="48" HEIGHT="21" WC="0.96" CONTENT="icke"/>
						</TextLine>
						<TextLine ID="line_12" HPOS="109" VPOS="591" WIDTH="756" HEIGHT="27">
							<String ID="string_100" HPOS="109" VPOS="592" WIDTH="72" HEIGHT="20" WC="0.96" CONTENT="kunde"/><SP WIDTH="20" VPOS="592" HPOS="181"/>
							<String ID="string_101" HPOS="201" VPOS="591" WIDTH="72" HEIGHT="27" WC="0.96" CONTENT="undgå"/><SP WIDTH="19" VPOS="591" HPOS="273"/>
							<String ID="string_102" HPOS="292" VPOS="593" WIDTH="29" HEIGHT="18" WC="0.96" CONTENT="att"/><SP WIDTH="16" VPOS="593" HPOS="321"/>
							<String ID="string_103" HPOS="337" VPOS="591" WIDTH="111" HEIGHT="20" WC="0.96" CONTENT="framkalla"/><SP WIDTH="27" VPOS="591" HPOS="448"/>
							<String ID="string_104" HPOS="475" VPOS="591" WIDTH="103" HEIGHT="20" WC="0.95" CONTENT="särskilda"/><SP WIDTH="26" VPOS="591" HPOS="578"/>
							<String ID="string_105" HPOS="604" VPOS="591" WIDTH="196" HEIGHT="22" WC="0.95" CONTENT="missförhållanden"/><SP WIDTH="26" VPOS="591" HPOS="800"/>
							<String ID="string_106" HPOS="826" VPOS="592" WIDTH="39" HEIGHT="21" WC="0.95" CONTENT="och"/>
						</TextLine>
						<TextLine ID="line_13" HPOS="109" VPOS="626" WIDTH="140" HEIGHT="27">
							<String ID="string_107" HPOS="109" VPOS="626" WIDTH="140" HEIGHT="27" WC="0.96" CONTENT="olägenheter."/>
						</TextLine>
					</TextBlock>
					<TextBlock ID="block_4" HPOS="109" VPOS="659" WIDTH="765" HEIGHT="816">
						<TextLine ID="line_14" HPOS="179" VPOS="659" WIDTH="688" HEIGHT="28">
							<String ID="string_108" HPOS="179" VPOS="660" WIDTH="72" HEIGHT="21" WC="0.96" CONTENT="Redan"/><SP WIDTH="17" VPOS="660" HPOS="251"/>
							<String ID="string_109" HPOS="268" VPOS="659" WIDTH="42" HEIGHT="21" WC="0.96" CONTENT="den"/><SP WIDTH="15" VPOS="659" HPOS="310"/>
							<String ID="string_110" HPOS="325" VPOS="659" WIDTH="144" HEIGHT="27" WC="0.96" CONTENT="kommission,"/><SP WIDTH="16" VPOS="659" HPOS="469"/>
							<String ID="string_111" HPOS="485" VPOS="666" WIDTH="45" HEIGHT="14" WC="0.96" CONTENT="som"/><SP WIDTH="16" VPOS="666" HPOS="530"/>
							<String ID="string_112" HPOS="546" VPOS="660" WIDTH="7" HEIGHT="19" WC="0.96" CONTENT="i"/><SP WIDTH="16" VPOS="660" HPOS="553"/>
							<String ID="string_113" HPOS="569" VPOS="659" WIDTH="73" HEIGHT="28" WC="0.96" CONTENT="början"/><SP WIDTH="16" VPOS="659" HPOS="642"/>
							<String ID="string_114" HPOS="658" VPOS="660" WIDTH="21" HEIGHT="21" WC="0.96" CONTENT="af"/><SP WIDTH="12" VPOS="660" HPOS="679"/>
							<String ID="string_115" HPOS="691" VPOS="661" WIDTH="115" HEIGHT="21" WC="0.93" CONTENT="1870-talet"/><SP WIDTH="7" VPOS="661" HPOS="806"/>
							<String ID="string_116" HPOS="813" VPOS="661" WIDTH="54" HEIGHT="20" WC="0.91" CONTENT="ned-"/>
						</TextLine>
						<TextLine ID="line_15" HPOS="109" VPOS="693" WIDTH="758" HEIGHT="29">
							<String ID="string_117" HPOS="109" VPOS="696" WIDTH="64" HEIGHT="20" WC="0.95" CONTENT="sattes"/><SP WIDTH="18" VPOS="696" HPOS="173"/>
							<String ID="string_118" HPOS="191" VPOS="694" WIDTH="33" HEIGHT="21" WC="0.96" CONTENT="för"/><SP WIDTH="18" VPOS="694" HPOS="224"/>
							<String ID="string_119" HPOS="242" VPOS="693" WIDTH="138" HEIGHT="28" WC="0.96" CONTENT="upprättande"/><SP WIDTH="16" VPOS="693" HPOS="380"/>
							<String ID="string_120" HPOS="396" VPOS="693" WIDTH="21" HEIGHT="21" WC="0.96" CONTENT="af"/><SP WIDTH="15" VPOS="693" HPOS="417"/>
							<String ID="string_121" HPOS="432" VPOS="693" WIDTH="78" HEIGHT="28" WC="0.96" CONTENT="förslag"/><SP WIDTH="16" VPOS="693" HPOS="510"/>
							<String ID="string_122" HPOS="526" VPOS="693" WIDTH="30" HEIGHT="21" WC="0.96" CONTENT="till"/><SP WIDTH="17" VPOS="693" HPOS="556"/>
							<String ID="string_123" HPOS="573" VPOS="694" WIDTH="78" HEIGHT="20" WC="0.93" CONTENT="allmän"/><SP WIDTH="16" VPOS="694" HPOS="651"/>
							<String ID="string_124" HPOS="667" VPOS="695" WIDTH="127" HEIGHT="27" WC="0.92" CONTENT="värnepligts"/><SP WIDTH="14" VPOS="695" HPOS="794"/>
							<String ID="string_125" HPOS="808" VPOS="695" WIDTH="59" HEIGHT="20" WC="0.92" CONTENT="infö-"/>
						</TextLine>
						<TextLine ID="line_16" HPOS="110" VPOS="727" WIDTH="755" HEIGHT="27">
							<String ID="string_126" HPOS="110" VPOS="729" WIDTH="64" HEIGHT="20" WC="0.96" CONTENT="rande"/><SP WIDTH="21" VPOS="729" HPOS="174"/>
							<String ID="string_127" HPOS="195" VPOS="729" WIDTH="7" HEIGHT="20" WC="0.96" CONTENT="i"/><SP WIDTH="21" VPOS="729" HPOS="202"/>
							<String ID="string_128" HPOS="223" VPOS="728" WIDTH="96" HEIGHT="26" WC="0.96" CONTENT="Finland,"/><SP WIDTH="20" VPOS="728" HPOS="319"/>
							<String ID="string_129" HPOS="339" VPOS="727" WIDTH="112" HEIGHT="22" WC="0.96" CONTENT="förordade"/><SP WIDTH="16" VPOS="727" HPOS="451"/>
							<String ID="string_130" HPOS="467" VPOS="728" WIDTH="30" HEIGHT="20" WC="0.96" CONTENT="uti"/><SP WIDTH="16" VPOS="728" HPOS="497"/>
							<String ID="string_131" HPOS="513" VPOS="728" WIDTH="36" HEIGHT="21" WC="0.96" CONTENT="det"/><SP WIDTH="14" VPOS="728" HPOS="549"/>
							<String ID="string_132" HPOS="563" VPOS="728" WIDTH="22" HEIGHT="20" WC="0.96" CONTENT="af"/><SP WIDTH="15" VPOS="728" HPOS="585"/>
							<String ID="string_133" HPOS="600" VPOS="728" WIDTH="163" HEIGHT="21" WC="0.93" CONTENT="kommissionen"/><SP WIDTH="16" VPOS="728" HPOS="763"/>
							<String ID="string_134" HPOS="779" VPOS="729" WIDTH="86" HEIGHT="20" WC="0.91" CONTENT="utarbe-"/>
						</TextLine>
						<TextLine ID="line_17" HPOS="111" VPOS="762" WIDTH="754" HEIGHT="28">
							<String ID="string_135" HPOS="111" VPOS="763" WIDTH="48" HEIGHT="21" WC="0.92" CONTENT="tade"/><SP WIDTH="18" VPOS="763" HPOS="159"/>
							<String ID="string_136" HPOS="177" VPOS="763" WIDTH="99" HEIGHT="27" WC="0.92" CONTENT="förslaget"/><SP WIDTH="18" VPOS="763" HPOS="276"/>
							<String ID="string_137" HPOS="294" VPOS="775" WIDTH="28" HEIGHT="2" WC="0.92" CONTENT="—"/><SP WIDTH="17" VPOS="775" HPOS="322"/>
							<String ID="string_138" HPOS="339" VPOS="763" WIDTH="7" HEIGHT="19" WC="0.93" CONTENT="i"/><SP WIDTH="18" VPOS="763" HPOS="346"/>
							<String ID="string_139" HPOS="364" VPOS="762" WIDTH="151" HEIGHT="27" WC="0.91" CONTENT="hufvudsaklig"/><SP WIDTH="16" VPOS="762" HPOS="515"/>
							<String ID="string_140" HPOS="531" VPOS="762" WIDTH="217" HEIGHT="21" WC="0.90" CONTENT="öfverensstämmelse"/><SP WIDTH="15" VPOS="762" HPOS="748"/>
							<String ID="string_141" HPOS="763" VPOS="763" WIDTH="102" HEIGHT="20" WC="0.92" CONTENT="hvarmed"/>
						</TextLine>
						<TextLine ID="line_18" HPOS="110" VPOS="796" WIDTH="756" HEIGHT="29">
							<String ID="string_142" HPOS="110" VPOS="797" WIDTH="157" HEIGHT="28" WC="0.96" CONTENT="propositionen"/><SP WIDTH="16" VPOS="797" HPOS="267"/>
							<String ID="string_143" HPOS="283" VPOS="797" WIDTH="7" HEIGHT="20" WC="0.96" CONTENT="i"/><SP WIDTH="16" VPOS="797" HPOS="290"/>
							<String ID="string_144" HPOS="306" VPOS="798" WIDTH="70" HEIGHT="19" WC="0.95" CONTENT="ämnet"/><SP WIDTH="15" VPOS="798" HPOS="376"/>
							<String ID="string_145" HPOS="391" VPOS="797" WIDTH="31" HEIGHT="20" WC="0.93" CONTENT="till"/><SP WIDTH="17" VPOS="797" HPOS="422"/>
							<String ID="string_146" HPOS="439" VPOS="797" WIDTH="140" HEIGHT="20" WC="0.85" CONTENT="1877—1878"/><SP WIDTH="12" VPOS="797" HPOS="579"/>
							<String ID="string_147" HPOS="591" VPOS="796" WIDTH="32" HEIGHT="21" WC="0.93" CONTENT="års"/><SP WIDTH="12" VPOS="796" HPOS="623"/>
							<String ID="string_148" HPOS="635" VPOS="797" WIDTH="99" HEIGHT="27" WC="0.91" CONTENT="landtdag"/><SP WIDTH="12" VPOS="797" HPOS="734"/>
							<String ID="string_149" HPOS="746" VPOS="797" WIDTH="120" HEIGHT="21" WC="0.96" CONTENT="sedermera"/>
						</TextLine>
						<TextLine ID="line_19" HPOS="112" VPOS="831" WIDTH="756" HEIGHT="28">
							<String ID="string_150" HPOS="112" VPOS="831" WIDTH="127" HEIGHT="28" WC="0.92" CONTENT="uppgjordes"/><SP WIDTH="20" VPOS="831" HPOS="239"/>
							<String ID="string_151" HPOS="259" VPOS="844" WIDTH="27" HEIGHT="2" WC="0.91" CONTENT="—"/><SP WIDTH="19" VPOS="844" HPOS="286"/>
							<String ID="string_152" HPOS="305" VPOS="833" WIDTH="34" HEIGHT="24" WC="0.95" CONTENT="att,"/><SP WIDTH="18" VPOS="833" HPOS="339"/>
							<String ID="string_153" HPOS="357" VPOS="831" WIDTH="49" HEIGHT="20" WC="0.92" CONTENT="med"/><SP WIDTH="18" VPOS="831" HPOS="406"/>
							<String ID="string_154" HPOS="424" VPOS="831" WIDTH="102" HEIGHT="20" WC="0.92" CONTENT="afvikelse"/><SP WIDTH="21" VPOS="831" HPOS="526"/>
							<String ID="string_155" HPOS="547" VPOS="831" WIDTH="46" HEIGHT="20" WC="0.96" CONTENT="från"/><SP WIDTH="20" VPOS="831" HPOS="593"/>
							<String ID="string_156" HPOS="613" VPOS="831" WIDTH="54" HEIGHT="20" WC="0.96" CONTENT="hvad"/><SP WIDTH="21" VPOS="831" HPOS="667"/>
							<String ID="string_157" HPOS="688" VPOS="831" WIDTH="7" HEIGHT="20" WC="0.96" CONTENT="i"/><SP WIDTH="24" VPOS="831" HPOS="695"/>
							<String ID="string_158" HPOS="719" VPOS="831" WIDTH="74" HEIGHT="20" WC="0.93" CONTENT="sådant"/><SP WIDTH="22" VPOS="831" HPOS="793"/>
							<String ID="string_159" HPOS="815" VPOS="831" WIDTH="53" HEIGHT="20" WC="0.91" CONTENT="hän-"/>
						</TextLine>
						<TextLine ID="line_20" HPOS="112" VPOS="865" WIDTH="754" HEIGHT="28">
							<String ID="string_160" HPOS="112" VPOS="866" WIDTH="78" HEIGHT="21" WC="0.93" CONTENT="seende"/><SP WIDTH="16" VPOS="866" HPOS="190"/>
							<String ID="string_161" HPOS="206" VPOS="865" WIDTH="60" HEIGHT="28" WC="0.92" CONTENT="gälde"/><SP WIDTH="16" VPOS="865" HPOS="266"/>
							<String ID="string_162" HPOS="282" VPOS="865" WIDTH="31" HEIGHT="21" WC="0.93" CONTENT="uti"/><SP WIDTH="14" VPOS="865" HPOS="313"/>
							<String ID="string_163" HPOS="327" VPOS="865" WIDTH="167" HEIGHT="27" WC="0.91" CONTENT="Kejsaredömet,"/><SP WIDTH="17" VPOS="865" HPOS="494"/>
							<String ID="string_164" HPOS="511" VPOS="865" WIDTH="147" HEIGHT="27" WC="0.91" CONTENT="besigtningen"/><SP WIDTH="16" VPOS="865" HPOS="658"/>
							<String ID="string_165" HPOS="674" VPOS="865" WIDTH="64" HEIGHT="22" WC="0.95" CONTENT="borde"/><SP WIDTH="15" VPOS="865" HPOS="738"/>
							<String ID="string_166" HPOS="753" VPOS="866" WIDTH="7" HEIGHT="20" WC="0.96" CONTENT="i"/><SP WIDTH="16" VPOS="866" HPOS="760"/>
							<String ID="string_167" HPOS="776" VPOS="865" WIDTH="90" HEIGHT="21" WC="0.95" CONTENT="Finland"/>
						</TextLine>
						<TextLine ID="line_21" HPOS="112" VPOS="899" WIDTH="754" HEIGHT="28">
							<String ID="string_168" HPOS="112" VPOS="900" WIDTH="72" HEIGHT="27" WC="0.96" CONTENT="föregå"/><SP WIDTH="15" VPOS="900" HPOS="184"/>
							<String ID="string_169" HPOS="199" VPOS="900" WIDTH="123" HEIGHT="27" WC="0.95" CONTENT="lottningen."/><SP WIDTH="30" VPOS="900" HPOS="322"/>
							<String ID="string_170" HPOS="352" VPOS="899" WIDTH="39" HEIGHT="21" WC="0.95" CONTENT="Till"/><SP WIDTH="15" VPOS="899" HPOS="391"/>
							<String ID="string_171" HPOS="406" VPOS="900" WIDTH="46" HEIGHT="20" WC="0.96" CONTENT="stöd"/><SP WIDTH="16" VPOS="900" HPOS="452"/>
							<String ID="string_172" HPOS="468" VPOS="899" WIDTH="32" HEIGHT="21" WC="0.96" CONTENT="för"/><SP WIDTH="16" VPOS="899" HPOS="500"/>
							<String ID="string_173" HPOS="516" VPOS="900" WIDTH="57" HEIGHT="21" WC="0.96" CONTENT="detta"/><SP WIDTH="10" VPOS="900" HPOS="573"/>
							<String ID="string_174" HPOS="583" VPOS="900" WIDTH="78" HEIGHT="27" WC="0.96" CONTENT="förslag"/><SP WIDTH="11" VPOS="900" HPOS="661"/>
							<String ID="string_175" HPOS="672" VPOS="900" WIDTH="86" HEIGHT="21" WC="0.93" CONTENT="anförde"/><SP WIDTH="8" VPOS="900" HPOS="758"/>
							<String ID="string_176" HPOS="766" VPOS="900" WIDTH="100" HEIGHT="20" WC="0.92" CONTENT="kommis-"/>
						</TextLine>
						<TextLine ID="line_22" HPOS="113" VPOS="934" WIDTH="756" HEIGHT="28">
							<String ID="string_177" HPOS="113" VPOS="935" WIDTH="74" HEIGHT="20" WC="0.96" CONTENT="sionen"/><SP WIDTH="21" VPOS="935" HPOS="187"/>
							<String ID="string_178" HPOS="208" VPOS="934" WIDTH="102" HEIGHT="27" WC="0.93" CONTENT="följande:"/><SP WIDTH="36" VPOS="934" HPOS="310"/>
							<String ID="string_179" HPOS="346" VPOS="934" WIDTH="94" HEIGHT="21" WC="0.80" CONTENT="»Genom"/><SP WIDTH="19" VPOS="934" HPOS="440"/>
							<String ID="string_180" HPOS="459" VPOS="934" WIDTH="70" HEIGHT="21" WC="0.96" CONTENT="denna"/><SP WIDTH="18" VPOS="934" HPOS="529"/>
							<String ID="string_181" HPOS="547" VPOS="935" WIDTH="119" HEIGHT="27" WC="0.96" CONTENT="anordning"/><SP WIDTH="18" VPOS="935" HPOS="666"/>
							<String ID="string_182" HPOS="684" VPOS="935" WIDTH="37" HEIGHT="20" WC="0.93" CONTENT="har"/><SP WIDTH="15" VPOS="935" HPOS="721"/>
							<String ID="string_183" HPOS="736" VPOS="934" WIDTH="133" HEIGHT="21" WC="0.91" CONTENT="kommissio-"/>
						</TextLine>
						<TextLine ID="line_23" HPOS="113" VPOS="968" WIDTH="757" HEIGHT="27">
							<String ID="string_184" HPOS="113" VPOS="975" WIDTH="42" HEIGHT="14" WC="0.96" CONTENT="nen"/><SP WIDTH="19" VPOS="975" HPOS="155"/>
							<String ID="string_185" HPOS="174" VPOS="971" WIDTH="49" HEIGHT="18" WC="0.96" CONTENT="trott"/><SP WIDTH="19" VPOS="971" HPOS="223"/>
							<String ID="string_186" HPOS="242" VPOS="969" WIDTH="40" HEIGHT="20" WC="0.96" CONTENT="den"/><SP WIDTH="19" VPOS="969" HPOS="282"/>
							<String ID="string_187" HPOS="301" VPOS="969" WIDTH="65" HEIGHT="20" WC="0.96" CONTENT="fördel"/><SP WIDTH="21" VPOS="969" HPOS="366"/>
							<String ID="string_188" HPOS="387" VPOS="969" WIDTH="80" HEIGHT="26" WC="0.96" CONTENT="vinnas,"/><SP WIDTH="17" VPOS="969" HPOS="467"/>
							<String ID="string_189" HPOS="484" VPOS="970" WIDTH="30" HEIGHT="19" WC="0.96" CONTENT="att"/><SP WIDTH="16" VPOS="970" HPOS="514"/>
							<String ID="string_190" HPOS="530" VPOS="969" WIDTH="39" HEIGHT="20" WC="0.96" CONTENT="den"/><SP WIDTH="16" VPOS="969" HPOS="569"/>
							<String ID="string_191" HPOS="585" VPOS="969" WIDTH="120" HEIGHT="20" WC="0.96" CONTENT="sedermera"/><SP WIDTH="15" VPOS="969" HPOS="705"/>
							<String ID="string_192" HPOS="720" VPOS="968" WIDTH="92" HEIGHT="21" WC="0.91" CONTENT="skeende"/><SP WIDTH="15" VPOS="968" HPOS="812"/>
							<String ID="string_193" HPOS="827" VPOS="968" WIDTH="43" HEIGHT="21" WC="0.91" CONTENT="för-"/>
						</TextLine>
						<TextLine ID="line_24" HPOS="114" VPOS="1003" WIDTH="755" HEIGHT="27">
							<String ID="string_194" HPOS="114" VPOS="1003" WIDTH="112" HEIGHT="27" WC="0.90" CONTENT="delningep"/><SP WIDTH="24" VPOS="1003" HPOS="226"/>
							<String ID="string_195" HPOS="250" VPOS="1003" WIDTH="27" HEIGHT="27" WC="0.96" CONTENT="på"/><SP WIDTH="23" VPOS="1003" HPOS="277"/>
							<String ID="string_196" HPOS="300" VPOS="1003" WIDTH="25" HEIGHT="20" WC="0.96" CONTENT="de"/><SP WIDTH="22" VPOS="1003" HPOS="325"/>
							<String ID="string_197" HPOS="347" VPOS="1003" WIDTH="68" HEIGHT="20" WC="0.96" CONTENT="skilda"/><SP WIDTH="23" VPOS="1003" HPOS="415"/>
							<String ID="string_198" HPOS="438" VPOS="1003" WIDTH="153" HEIGHT="20" WC="0.96" CONTENT="kommunerna"/><SP WIDTH="16" VPOS="1003" HPOS="591"/>
							<String ID="string_199" HPOS="607" VPOS="1003" WIDTH="21" HEIGHT="20" WC="0.96" CONTENT="af"/><SP WIDTH="15" VPOS="1003" HPOS="628"/>
							<String ID="string_200" HPOS="643" VPOS="1003" WIDTH="35" HEIGHT="20" WC="0.96" CONTENT="det"/><SP WIDTH="15" VPOS="1003" HPOS="678"/>
							<String ID="string_201" HPOS="693" VPOS="1003" WIDTH="56" HEIGHT="21" WC="0.96" CONTENT="antal"/><SP WIDTH="18" VPOS="1003" HPOS="749"/>
							<String ID="string_202" HPOS="767" VPOS="1003" WIDTH="102" HEIGHT="26" WC="0.96" CONTENT="rekryter,"/>
						</TextLine>
						<TextLine ID="line_25" HPOS="114" VPOS="1037" WIDTH="758" HEIGHT="27">
							<String ID="string_203" HPOS="114" VPOS="1044" WIDTH="45" HEIGHT="14" WC="0.94" CONTENT="som"/><SP WIDTH="23" VPOS="1044" HPOS="159"/>
							<String ID="string_204" HPOS="182" VPOS="1037" WIDTH="47" HEIGHT="21" WC="0.94" CONTENT="hela"/><SP WIDTH="22" VPOS="1037" HPOS="229"/>
							<String ID="string_205" HPOS="251" VPOS="1037" WIDTH="77" HEIGHT="27" WC="0.96" CONTENT="landet,"/><SP WIDTH="23" VPOS="1037" HPOS="328"/>
							<String ID="string_206" HPOS="351" VPOS="1037" WIDTH="31" HEIGHT="20" WC="0.95" CONTENT="till"/><SP WIDTH="19" VPOS="1037" HPOS="382"/>
							<String ID="string_207" HPOS="401" VPOS="1037" WIDTH="35" HEIGHT="20" WC="0.96" CONTENT="det"/><SP WIDTH="18" VPOS="1037" HPOS="436"/>
							<String ID="string_208" HPOS="454" VPOS="1037" WIDTH="22" HEIGHT="20" WC="0.96" CONTENT="af"/><SP WIDTH="14" VPOS="1037" HPOS="476"/>
							<String ID="string_209" HPOS="490" VPOS="1037" WIDTH="60" HEIGHT="20" WC="0.96" CONTENT="Hans"/><SP WIDTH="19" VPOS="1037" HPOS="550"/>
							<String ID="string_210" HPOS="569" VPOS="1037" WIDTH="118" HEIGHT="27" WC="0.96" CONTENT="Kejserliga"/><SP WIDTH="15" VPOS="1037" HPOS="687"/>
							<String ID="string_211" HPOS="702" VPOS="1037" WIDTH="97" HEIGHT="27" WC="0.96" CONTENT="Majestät"/><SP WIDTH="15" VPOS="1037" HPOS="799"/>
							<String ID="string_212" HPOS="814" VPOS="1037" WIDTH="58" HEIGHT="20" WC="0.96" CONTENT="förut"/>
						</TextLine>
						<TextLine ID="line_26" HPOS="113" VPOS="1071" WIDTH="756" HEIGHT="28">
							<String ID="string_213" HPOS="113" VPOS="1072" WIDTH="117" HEIGHT="21" WC="0.95" CONTENT="fastställda"/><SP WIDTH="13" VPOS="1072" HPOS="230"/>
							<String ID="string_214" HPOS="243" VPOS="1071" WIDTH="81" HEIGHT="28" WC="0.96" CONTENT="belopp,"/><SP WIDTH="14" VPOS="1071" HPOS="324"/>
							<String ID="string_215" HPOS="338" VPOS="1071" WIDTH="38" HEIGHT="21" WC="0.96" CONTENT="bör"/><SP WIDTH="10" VPOS="1071" HPOS="376"/>
							<String ID="string_216" HPOS="386" VPOS="1071" WIDTH="32" HEIGHT="21" WC="0.96" CONTENT="för"/><SP WIDTH="15" VPOS="1071" HPOS="418"/>
							<String ID="string_217" HPOS="433" VPOS="1071" WIDTH="44" HEIGHT="21" WC="0.93" CONTENT="året"/><SP WIDTH="11" VPOS="1071" HPOS="477"/>
							<String ID="string_218" HPOS="488" VPOS="1071" WIDTH="109" HEIGHT="27" WC="0.92" CONTENT="uppställa,"/><SP WIDTH="9" VPOS="1071" HPOS="597"/>
							<String ID="string_219" HPOS="606" VPOS="1071" WIDTH="40" HEIGHT="21" WC="0.96" CONTENT="blir"/><SP WIDTH="7" VPOS="1071" HPOS="646"/>
							<String ID="string_220" HPOS="653" VPOS="1071" WIDTH="22" HEIGHT="21" WC="0.96" CONTENT="så"/><SP WIDTH="9" VPOS="1071" HPOS="675"/>
							<String ID="string_221" HPOS="684" VPOS="1072" WIDTH="72" HEIGHT="21" WC="0.96" CONTENT="rättvis"/><SP WIDTH="8" VPOS="1072" HPOS="756"/>
							<String ID="string_222" HPOS="764" VPOS="1072" WIDTH="40" HEIGHT="21" WC="0.93" CONTENT="och"/><SP WIDTH="7" VPOS="1072" HPOS="804"/>
							<String ID="string_223" HPOS="811" VPOS="1071" WIDTH="58" HEIGHT="27" WC="0.88" CONTENT="jemn"/>
						</TextLine>
						<TextLine ID="line_27" HPOS="115" VPOS="1105" WIDTH="756" HEIGHT="28">
							<String ID="string_224" HPOS="115" VPOS="1113" WIDTH="45" HEIGHT="14" WC="0.96" CONTENT="som"/><SP WIDTH="15" VPOS="1113" HPOS="160"/>
							<String ID="string_225" HPOS="175" VPOS="1107" WIDTH="89" HEIGHT="26" WC="0.96" CONTENT="möjligt,"/><SP WIDTH="16" VPOS="1107" HPOS="264"/>
							<String ID="string_226" HPOS="280" VPOS="1106" WIDTH="88" HEIGHT="21" WC="0.96" CONTENT="emedan"/><SP WIDTH="16" VPOS="1106" HPOS="368"/>
							<String ID="string_227" HPOS="384" VPOS="1112" WIDTH="77" HEIGHT="20" WC="0.96" CONTENT="genom"/><SP WIDTH="17" VPOS="1112" HPOS="461"/>
							<String ID="string_228" HPOS="478" VPOS="1106" WIDTH="64" HEIGHT="27" WC="0.96" CONTENT="sagda"/><SP WIDTH="15" VPOS="1106" HPOS="542"/>
							<String ID="string_229" HPOS="557" VPOS="1106" WIDTH="120" HEIGHT="27" WC="0.96" CONTENT="anordning"/><SP WIDTH="10" VPOS="1106" HPOS="677"/>
							<String ID="string_230" HPOS="687" VPOS="1106" WIDTH="74" HEIGHT="21" WC="0.96" CONTENT="endast"/><SP WIDTH="11" VPOS="1106" HPOS="761"/>
							<String ID="string_231" HPOS="772" VPOS="1106" WIDTH="26" HEIGHT="21" WC="0.93" CONTENT="de"/><SP WIDTH="12" VPOS="1106" HPOS="798"/>
							<String ID="string_232" HPOS="810" VPOS="1105" WIDTH="61" HEIGHT="21" WC="0.91" CONTENT="verk-"/>
						</TextLine>
						<TextLine ID="line_28" HPOS="114" VPOS="1139" WIDTH="757" HEIGHT="29">
							<String ID="string_233" HPOS="114" VPOS="1141" WIDTH="57" HEIGHT="27" WC="0.93" CONTENT="ligen"/><SP WIDTH="19" VPOS="1141" HPOS="171"/>
							<String ID="string_234" HPOS="190" VPOS="1141" WIDTH="114" HEIGHT="27" WC="0.92" CONTENT="vapenföre"/><SP WIDTH="18" VPOS="1141" HPOS="304"/>
							<String ID="string_235" HPOS="322" VPOS="1141" WIDTH="85" HEIGHT="20" WC="0.96" CONTENT="komma"/><SP WIDTH="14" VPOS="1141" HPOS="407"/>
							<String ID="string_236" HPOS="421" VPOS="1141" WIDTH="7" HEIGHT="20" WC="0.96" CONTENT="i"/><SP WIDTH="16" VPOS="1141" HPOS="428"/>
							<String ID="string_237" HPOS="444" VPOS="1140" WIDTH="121" HEIGHT="27" WC="0.96" CONTENT="beräkning."/><SP WIDTH="32" VPOS="1140" HPOS="565"/>
							<String ID="string_238" HPOS="597" VPOS="1140" WIDTH="72" HEIGHT="21" WC="0.40" CONTENT="Skulle"/><SP WIDTH="16" VPOS="1140" HPOS="669"/>
							<String ID="string_239" HPOS="685" VPOS="1141" WIDTH="93" HEIGHT="20" WC="0.92" CONTENT="deremot"/><SP WIDTH="15" VPOS="1141" HPOS="778"/>
							<String ID="string_240" HPOS="793" VPOS="1139" WIDTH="78" HEIGHT="21" WC="0.93" CONTENT="fördel-"/>
						</TextLine>
						<TextLine ID="line_29" HPOS="115" VPOS="1175" WIDTH="756" HEIGHT="28">
							<String ID="string_241" HPOS="115" VPOS="1176" WIDTH="79" HEIGHT="27" WC="0.96" CONTENT="ningen"/><SP WIDTH="15" VPOS="1176" HPOS="194"/>
							<String ID="string_242" HPOS="209" VPOS="1175" WIDTH="72" HEIGHT="28" WC="0.93" CONTENT="föregå"/><SP WIDTH="15" VPOS="1175" HPOS="281"/>
							<String ID="string_243" HPOS="296" VPOS="1175" WIDTH="154" HEIGHT="27" WC="0.90" CONTENT="besigtningen,"/><SP WIDTH="17" VPOS="1175" HPOS="450"/>
							<String ID="string_244" HPOS="467" VPOS="1175" WIDTH="72" HEIGHT="20" WC="0.96" CONTENT="kunde"/><SP WIDTH="16" VPOS="1175" HPOS="539"/>
							<String ID="string_245" HPOS="555" VPOS="1175" WIDTH="34" HEIGHT="20" WC="0.96" CONTENT="det"/><SP WIDTH="15" VPOS="1175" HPOS="589"/>
							<String ID="string_246" HPOS="604" VPOS="1175" WIDTH="35" HEIGHT="20" WC="0.96" CONTENT="fall"/><SP WIDTH="17" VPOS="1175" HPOS="639"/>
							<String ID="string_247" HPOS="656" VPOS="1175" WIDTH="88" HEIGHT="25" WC="0.96" CONTENT="inträffa,"/><SP WIDTH="19" VPOS="1175" HPOS="744"/>
							<String ID="string_248" HPOS="763" VPOS="1175" WIDTH="3" HEIGHT="20" WC="0.93" CONTENT="i"/><SP WIDTH="16" VPOS="1175" HPOS="766"/>
							<String ID="string_249" HPOS="782" VPOS="1180" WIDTH="89" HEIGHT="21" WC="0.91" CONTENT="synner-"/>
						</TextLine>
						<TextLine ID="line_30" HPOS="115" VPOS="1208" WIDTH="756" HEIGHT="29">
							<String ID="string_250" HPOS="115" VPOS="1210" WIDTH="36" HEIGHT="21" WC="0.96" CONTENT="het"/><SP WIDTH="17" VPOS="1210" HPOS="151"/>
							<String ID="string_251" HPOS="168" VPOS="1210" WIDTH="7" HEIGHT="20" WC="0.96" CONTENT="i"/><SP WIDTH="19" VPOS="1210" HPOS="175"/>
							<String ID="string_252" HPOS="194" VPOS="1209" WIDTH="25" HEIGHT="21" WC="0.96" CONTENT="de"/><SP WIDTH="22" VPOS="1209" HPOS="219"/>
							<String ID="string_253" HPOS="241" VPOS="1209" WIDTH="96" HEIGHT="28" WC="0.95" CONTENT="nordliga"/><SP WIDTH="18" VPOS="1209" HPOS="337"/>
							<String ID="string_254" HPOS="355" VPOS="1209" WIDTH="86" HEIGHT="21" WC="0.96" CONTENT="delarna"/><SP WIDTH="19" VPOS="1209" HPOS="441"/>
							<String ID="string_255" HPOS="460" VPOS="1209" WIDTH="21" HEIGHT="21" WC="0.96" CONTENT="af"/><SP WIDTH="17" VPOS="1209" HPOS="481"/>
							<String ID="string_256" HPOS="498" VPOS="1209" WIDTH="77" HEIGHT="27" WC="0.96" CONTENT="landet,"/><SP WIDTH="17" VPOS="1209" HPOS="575"/>
							<String ID="string_257" HPOS="592" VPOS="1209" WIDTH="37" HEIGHT="21" WC="0.96" CONTENT="der"/><SP WIDTH="16" VPOS="1209" HPOS="629"/>
							<String ID="string_258" HPOS="645" VPOS="1209" WIDTH="149" HEIGHT="27" WC="0.96" CONTENT="befolkningen"/><SP WIDTH="16" VPOS="1209" HPOS="794"/>
							<String ID="string_259" HPOS="810" VPOS="1208" WIDTH="6" HEIGHT="20" WC="0.96" CONTENT="i"/><SP WIDTH="13" VPOS="1208" HPOS="816"/>
							<String ID="string_260" HPOS="829" VPOS="1208" WIDTH="42" HEIGHT="26" WC="0.96" CONTENT="hög"/>
						</TextLine>
						<TextLine ID="line_31" HPOS="116" VPOS="1243" WIDTH="755" HEIGHT="28">
							<String ID="string_261" HPOS="116" VPOS="1244" WIDTH="51" HEIGHT="27" WC="0.96" CONTENT="grad"/><SP WIDTH="17" VPOS="1244" HPOS="167"/>
							<String ID="string_262" HPOS="184" VPOS="1244" WIDTH="97" HEIGHT="21" WC="0.96" CONTENT="besväras"/><SP WIDTH="15" VPOS="1244" HPOS="281"/>
							<String ID="string_263" HPOS="296" VPOS="1244" WIDTH="21" HEIGHT="21" WC="0.96" CONTENT="af"/><SP WIDTH="14" VPOS="1244" HPOS="317"/>
							<String ID="string_264" HPOS="331" VPOS="1244" WIDTH="186" HEIGHT="27" WC="0.96" CONTENT="ögonsjukdomar,"/><SP WIDTH="17" VPOS="1244" HPOS="517"/>
							<String ID="string_265" HPOS="534" VPOS="1246" WIDTH="29" HEIGHT="19" WC="0.96" CONTENT="att"/><SP WIDTH="15" VPOS="1246" HPOS="563"/>
							<String ID="string_266" HPOS="578" VPOS="1246" WIDTH="29" HEIGHT="19" WC="0.96" CONTENT="ett"/><SP WIDTH="15" VPOS="1246" HPOS="607"/>
							<String ID="string_267" HPOS="622" VPOS="1243" WIDTH="23" HEIGHT="21" WC="0.96" CONTENT="så"/><SP WIDTH="15" VPOS="1243" HPOS="645"/>
							<String ID="string_268" HPOS="660" VPOS="1245" WIDTH="52" HEIGHT="20" WC="0.96" CONTENT="stort"/><SP WIDTH="14" VPOS="1245" HPOS="712"/>
							<String ID="string_269" HPOS="726" VPOS="1243" WIDTH="58" HEIGHT="21" WC="0.92" CONTENT="antal"/><SP WIDTH="13" VPOS="1243" HPOS="784"/>
							<String ID="string_270" HPOS="797" VPOS="1244" WIDTH="74" HEIGHT="19" WC="0.91" CONTENT="värne-"/>
						</TextLine>
						<TextLine ID="line_32" HPOS="116" VPOS="1276" WIDTH="755" HEIGHT="29">
							<String ID="string_271" HPOS="116" VPOS="1278" WIDTH="92" HEIGHT="27" WC="0.91" CONTENT="pligtige,"/><SP WIDTH="23" VPOS="1278" HPOS="208"/>
							<String ID="string_272" HPOS="231" VPOS="1285" WIDTH="43" HEIGHT="14" WC="0.96" CONTENT="som"/><SP WIDTH="25" VPOS="1285" HPOS="274"/>
							<String ID="string_273" HPOS="299" VPOS="1278" WIDTH="65" HEIGHT="27" WC="0.96" CONTENT="enligt"/><SP WIDTH="22" VPOS="1278" HPOS="364"/>
							<String ID="string_274" HPOS="386" VPOS="1278" WIDTH="7" HEIGHT="20" WC="0.96" CONTENT="i"/><SP WIDTH="23" VPOS="1278" HPOS="393"/>
							<String ID="string_275" HPOS="416" VPOS="1278" WIDTH="65" HEIGHT="21" WC="0.96" CONTENT="sådan"/><SP WIDTH="23" VPOS="1278" HPOS="481"/>
							<String ID="string_276" HPOS="504" VPOS="1278" WIDTH="91" HEIGHT="27" WC="0.96" CONTENT="ordning"/><SP WIDTH="22" VPOS="1278" HPOS="595"/>
							<String ID="string_277" HPOS="617" VPOS="1277" WIDTH="112" HEIGHT="22" WC="0.96" CONTENT="verkställd"/><SP WIDTH="21" VPOS="1277" HPOS="729"/>
							<String ID="string_278" HPOS="750" VPOS="1276" WIDTH="121" HEIGHT="27" WC="0.96" CONTENT="fördelning"/>
						</TextLine>
						<TextLine ID="line_33" HPOS="117" VPOS="1311" WIDTH="755" HEIGHT="28">
							<String ID="string_279" HPOS="117" VPOS="1312" WIDTH="64" HEIGHT="22" WC="0.96" CONTENT="borde"/><SP WIDTH="23" VPOS="1312" HPOS="181"/>
							<String ID="string_280" HPOS="204" VPOS="1313" WIDTH="46" HEIGHT="21" WC="0.96" CONTENT="från"/><SP WIDTH="25" VPOS="1313" HPOS="250"/>
							<String ID="string_281" HPOS="275" VPOS="1319" WIDTH="26" HEIGHT="14" WC="0.96" CONTENT="en"/><SP WIDTH="22" VPOS="1319" HPOS="301"/>
							<String ID="string_282" HPOS="323" VPOS="1313" WIDTH="102" HEIGHT="20" WC="0.95" CONTENT="kommun"/><SP WIDTH="24" VPOS="1313" HPOS="425"/>
							<String ID="string_283" HPOS="449" VPOS="1313" WIDTH="6" HEIGHT="19" WC="0.95" CONTENT="i"/><SP WIDTH="23" VPOS="1313" HPOS="455"/>
							<String ID="string_284" HPOS="478" VPOS="1312" WIDTH="57" HEIGHT="21" WC="0.93" CONTENT="aktiv"/><SP WIDTH="16" VPOS="1312" HPOS="535"/>
							<String ID="string_285" HPOS="551" VPOS="1313" WIDTH="64" HEIGHT="26" WC="0.91" CONTENT="tjenst"/><SP WIDTH="14" VPOS="1313" HPOS="615"/>
							<String ID="string_286" HPOS="629" VPOS="1312" WIDTH="88" HEIGHT="27" WC="0.96" CONTENT="inträda,"/><SP WIDTH="15" VPOS="1312" HPOS="717"/>
							<String ID="string_287" HPOS="732" VPOS="1311" WIDTH="46" HEIGHT="21" WC="0.96" CONTENT="icke"/><SP WIDTH="16" VPOS="1311" HPOS="778"/>
							<String ID="string_288" HPOS="794" VPOS="1311" WIDTH="78" HEIGHT="21" WC="0.96" CONTENT="funnes"/>
						</TextLine>
						<TextLine ID="line_34" HPOS="117" VPOS="1345" WIDTH="755" HEIGHT="29">
							<String ID="string_289" HPOS="117" VPOS="1347" WIDTH="58" HEIGHT="21" WC="0.96" CONTENT="inom"/><SP WIDTH="18" VPOS="1347" HPOS="175"/>
							<String ID="string_290" HPOS="193" VPOS="1347" WIDTH="129" HEIGHT="21" WC="0.96" CONTENT="kommunen"/><SP WIDTH="19" VPOS="1347" HPOS="322"/>
							<String ID="string_291" HPOS="341" VPOS="1349" WIDTH="29" HEIGHT="19" WC="0.95" CONTENT="att"/><SP WIDTH="18" VPOS="1349" HPOS="370"/>
							<String ID="string_292" HPOS="388" VPOS="1346" WIDTH="66" HEIGHT="28" WC="0.93" CONTENT="tillgå,"/><SP WIDTH="16" VPOS="1346" HPOS="454"/>
							<String ID="string_293" HPOS="470" VPOS="1347" WIDTH="70" HEIGHT="21" WC="0.93" CONTENT="derest"/><SP WIDTH="15" VPOS="1347" HPOS="540"/>
							<String ID="string_294" HPOS="555" VPOS="1347" WIDTH="32" HEIGHT="25" WC="0.96" CONTENT="de,"/><SP WIDTH="15" VPOS="1347" HPOS="587"/>
							<String ID="string_295" HPOS="602" VPOS="1353" WIDTH="52" HEIGHT="20" WC="0.96" CONTENT="som,"/><SP WIDTH="17" VPOS="1353" HPOS="654"/>
							<String ID="string_296" HPOS="671" VPOS="1346" WIDTH="65" HEIGHT="27" WC="0.96" CONTENT="enligt"/><SP WIDTH="14" VPOS="1346" HPOS="736"/>
							<String ID="string_297" HPOS="750" VPOS="1346" WIDTH="7" HEIGHT="20" WC="0.92" CONTENT="i"/><SP WIDTH="16" VPOS="1346" HPOS="757"/>
							<String ID="string_298" HPOS="773" VPOS="1345" WIDTH="99" HEIGHT="27" WC="0.90" CONTENT="Kejsare-"/>
						</TextLine>
						<TextLine ID="line_35" HPOS="117" VPOS="1379" WIDTH="756" HEIGHT="29">
							<String ID="string_299" HPOS="117" VPOS="1381" WIDTH="72" HEIGHT="21" WC="0.91" CONTENT="dömet"/><SP WIDTH="17" VPOS="1381" HPOS="189"/>
							<String ID="string_300" HPOS="206" VPOS="1381" WIDTH="97" HEIGHT="27" WC="0.96" CONTENT="gällande"/><SP WIDTH="19" VPOS="1381" HPOS="303"/>
							<String ID="string_301" HPOS="322" VPOS="1382" WIDTH="39" HEIGHT="20" WC="0.96" CONTENT="och"/><SP WIDTH="18" VPOS="1382" HPOS="361"/>
							<String ID="string_302" HPOS="379" VPOS="1382" WIDTH="7" HEIGHT="19" WC="0.96" CONTENT="i"/><SP WIDTH="15" VPOS="1382" HPOS="386"/>
							<String ID="string_303" HPOS="401" VPOS="1381" WIDTH="101" HEIGHT="27" WC="0.93" CONTENT="förslaget"/><SP WIDTH="17" VPOS="1381" HPOS="502"/>
							<String ID="string_304" HPOS="519" VPOS="1381" WIDTH="77" HEIGHT="27" WC="0.91" CONTENT="jemväl"/><SP WIDTH="19" VPOS="1381" HPOS="596"/>
							<String ID="string_305" HPOS="615" VPOS="1381" WIDTH="104" HEIGHT="27" WC="0.96" CONTENT="ingående"/><SP WIDTH="15" VPOS="1381" HPOS="719"/>
							<String ID="string_306" HPOS="734" VPOS="1379" WIDTH="139" HEIGHT="28" WC="0.96" CONTENT="stadganden,"/>
						</TextLine>
						<TextLine ID="line_36" HPOS="117" VPOS="1413" WIDTH="757" HEIGHT="29">
							<String ID="string_307" HPOS="117" VPOS="1417" WIDTH="36" HEIGHT="19" WC="0.96" CONTENT="äro"/><SP WIDTH="16" VPOS="1417" HPOS="153"/>
							<String ID="string_308" HPOS="169" VPOS="1415" WIDTH="129" HEIGHT="27" WC="0.96" CONTENT="berättigade"/><SP WIDTH="16" VPOS="1415" HPOS="298"/>
							<String ID="string_309" HPOS="314" VPOS="1416" WIDTH="31" HEIGHT="20" WC="0.96" CONTENT="till"/><SP WIDTH="16" VPOS="1416" HPOS="345"/>
							<String ID="string_310" HPOS="361" VPOS="1416" WIDTH="98" HEIGHT="26" WC="0.96" CONTENT="eftergift,"/><SP WIDTH="16" VPOS="1416" HPOS="459"/>
							<String ID="string_311" HPOS="475" VPOS="1416" WIDTH="59" HEIGHT="20" WC="0.96" CONTENT="skola"/><SP WIDTH="15" VPOS="1416" HPOS="534"/>
							<String ID="string_312" HPOS="549" VPOS="1415" WIDTH="85" HEIGHT="21" WC="0.96" CONTENT="komma"/><SP WIDTH="15" VPOS="1415" HPOS="634"/>
							<String ID="string_313" HPOS="649" VPOS="1415" WIDTH="6" HEIGHT="20" WC="0.96" CONTENT="i"/><SP WIDTH="16" VPOS="1415" HPOS="655"/>
							<String ID="string_314" HPOS="671" VPOS="1414" WIDTH="123" HEIGHT="28" WC="0.96" CONTENT="åtnjutande"/><SP WIDTH="16" VPOS="1414" HPOS="794"/>
							<String ID="string_315" HPOS="810" VPOS="1414" WIDTH="21" HEIGHT="20" WC="0.92" CONTENT="af"/><SP WIDTH="10" VPOS="1414" HPOS="831"/>
							<String ID="string_316" HPOS="841" VPOS="1413" WIDTH="33" HEIGHT="21" WC="0.93" CONTENT="så-"/>
						</TextLine>
						<TextLine ID="line_37" HPOS="118" VPOS="1449" WIDTH="755" HEIGHT="26">
							<String ID="string_317" HPOS="118" VPOS="1449" WIDTH="41" HEIGHT="21" WC="0.93" CONTENT="dan"/><SP WIDTH="12" VPOS="1449" HPOS="159"/>
							<String ID="string_318" HPOS="171" VPOS="1450" WIDTH="100" HEIGHT="20" WC="0.86" CONTENT="förmån.&gt;"/><SP WIDTH="26" VPOS="1450" HPOS="271"/>
							<String ID="string_319" HPOS="297" VPOS="1449" WIDTH="44" HEIGHT="21" WC="0.96" CONTENT="Och"/><SP WIDTH="12" VPOS="1449" HPOS="341"/>
							<String ID="string_320" HPOS="353" VPOS="1450" WIDTH="34" HEIGHT="20" WC="0.95" CONTENT="det"/><SP WIDTH="12" VPOS="1450" HPOS="387"/>
							<String ID="string_321" HPOS="399" VPOS="1450" WIDTH="41" HEIGHT="20" WC="0.96" CONTENT="kan"/><SP WIDTH="13" VPOS="1450" HPOS="440"/>
							<String ID="string_322" HPOS="453" VPOS="1450" WIDTH="47" HEIGHT="20" WC="0.96" CONTENT="icke"/><SP WIDTH="13" VPOS="1450" HPOS="500"/>
							<String ID="string_323" HPOS="513" VPOS="1450" WIDTH="65" HEIGHT="20" WC="0.96" CONTENT="nekas"/><SP WIDTH="13" VPOS="1450" HPOS="578"/>
							<String ID="string_324" HPOS="591" VPOS="1451" WIDTH="35" HEIGHT="24" WC="0.93" CONTENT="att,"/><SP WIDTH="14" VPOS="1451" HPOS="626"/>
							<String ID="string_325" HPOS="640" VPOS="1449" WIDTH="69" HEIGHT="21" WC="0.93" CONTENT="derest"/><SP WIDTH="12" VPOS="1449" HPOS="709"/>
							<String ID="string_326" HPOS="721" VPOS="1449" WIDTH="152" HEIGHT="26" WC="0.91" CONTENT="kontingenten"/>
						</TextLine>
					</TextBlock>
				</ComposedBlock>
			</PrintSpace>
		</Page>
	</Layout>
</alto>
