<?xml version="1.0" encoding="UTF-8"?>
<alto xmlns="http://www.loc.gov/standards/alto/ns-v3#" xmlns:xlink="http://www.w3.org/1999/xlink" xmlns:xsi="http://www.w3.org/2001/XMLSchema-instance" xsi:schemaLocation="http://www.loc.gov/standards/alto/ns-v3# http://www.loc.gov/alto/v3/alto-3-0.xsd">
	<Description>
		<MeasurementUnit>pixel</MeasurementUnit>
		<sourceImageInformation>
			<fileName>/tmp/tess_n81euikn_input.PNG</fileName>
		</sourceImageInformation>
		<OCRProcessing ID="OCR_0">
			<ocrProcessingStep>
				<processingSoftware>
					<softwareName>tesseract 5.3.4</softwareName>
				</processingSoftware>
			</ocrProcessingStep>
		</OCRProcessing>
	</Description>
	<Layout>
		<Page WIDTH="1086" HEIGHT="1756" PHYSICAL_IMG_NR="0" ID="page_0">
			<PrintSpace HPOS="0" VPOS="0" WIDTH="1086" HEIGHT="1756">
				<ComposedBlock ID="cblock_0" HPOS="432" VPOS="116" WIDTH="380" HEIGHT="23">
					<TextBlock ID="block_0" HPOS="432" VPOS="116" WIDTH="380" HEIGHT="23">
						<TextLine ID="line_0" HPOS="432" VPOS="116" WIDTH="380" HEIGHT="23">
							<String ID="string_0" HPOS="432" VPOS="116" WIDTH="21" HEIGHT="23" WC="0.91" CONTENT="U."/><SP WIDTH="18" VPOS="116" HPOS="453"/>
							<String ID="string_1" HPOS="471" VPOS="116" WIDTH="22" HEIGHT="22" WC="0.91" CONTENT="B."/><SP WIDTH="294" VPOS="116" HPOS="493"/>
							<String ID="string_2" HPOS="787" VPOS="119" WIDTH="25" HEIGHT="19" WC="0.91" CONTENT="73"/>
						</TextLine>
					</TextBlock>
				</ComposedBlock>
				<ComposedBlock ID="cblock_1" HPOS="85" VPOS="186" WIDTH="756" HEIGHT="234">
					<TextBlock ID="block_1" HPOS="85" VPOS="186" WIDTH="756" HEIGHT="234">
						<TextLine ID="line_1" HPOS="153" VPOS="186" WIDTH="688" HEIGHT="28">
							<String ID="string_3" HPOS="153" VPOS="186" WIDTH="29" HEIGHT="28" WC="0.92" CONTENT="F)"/><SP WIDTH="18" VPOS="186" HPOS="182"/>
							<String ID="string_4" HPOS="200" VPOS="188" WIDTH="34" HEIGHT="18" WC="0.96" CONTENT="att"/><SP WIDTH="18" VPOS="188" HPOS="234"/>
							<String ID="string_5" HPOS="252" VPOS="186" WIDTH="182" HEIGHT="28" WC="0.95" CONTENT="krigsministern"/><SP WIDTH="22" VPOS="186" HPOS="434"/>
							<String ID="string_6" HPOS="456" VPOS="186" WIDTH="80" HEIGHT="28" WC="0.96" CONTENT="grefve"/><SP WIDTH="20" VPOS="186" HPOS="536"/>
							<String ID="string_7" HPOS="556" VPOS="186" WIDTH="106" HEIGHT="28" WC="0.96" CONTENT="Miljutin,"/><SP WIDTH="17" VPOS="186" HPOS="662"/>
							<String ID="string_8" HPOS="679" VPOS="193" WIDTH="47" HEIGHT="14" WC="0.95" CONTENT="som"/><SP WIDTH="16" VPOS="193" HPOS="726"/>
							<String ID="string_9" HPOS="742" VPOS="186" WIDTH="76" HEIGHT="21" WC="0.95" CONTENT="hållits"/><SP WIDTH="16" VPOS="186" HPOS="818"/>
							<String ID="string_10" HPOS="834" VPOS="186" WIDTH="7" HEIGHT="20" WC="0.96" CONTENT="i"/>
						</TextLine>
						<TextLine ID="line_2" HPOS="85" VPOS="220" WIDTH="756" HEIGHT="28">
							<String ID="string_11" HPOS="85" VPOS="220" WIDTH="142" HEIGHT="28" WC="0.96" CONTENT="okunnighet"/><SP WIDTH="15" VPOS="220" HPOS="227"/>
							<String ID="string_12" HPOS="242" VPOS="227" WIDTH="36" HEIGHT="14" WC="0.96" CONTENT="om"/><SP WIDTH="14" VPOS="227" HPOS="278"/>
							<String ID="string_13" HPOS="292" VPOS="220" WIDTH="70" HEIGHT="21" WC="0.95" CONTENT="ofvan"/><SP WIDTH="10" VPOS="220" HPOS="362"/>
							<String ID="string_14" HPOS="372" VPOS="220" WIDTH="83" HEIGHT="21" WC="0.96" CONTENT="nämda"/><SP WIDTH="12" VPOS="220" HPOS="455"/>
							<String ID="string_15" HPOS="467" VPOS="220" WIDTH="193" HEIGHT="28" WC="0.96" CONTENT="omständigheter"/><SP WIDTH="11" VPOS="220" HPOS="660"/>
							<String ID="string_16" HPOS="671" VPOS="220" WIDTH="42" HEIGHT="22" WC="0.96" CONTENT="och"/><SP WIDTH="11" VPOS="220" HPOS="713"/>
							<String ID="string_17" HPOS="724" VPOS="220" WIDTH="117" HEIGHT="28" WC="0.95" CONTENT="föreslagit"/>
						</TextLine>
						<TextLine ID="line_3" HPOS="85" VPOS="254" WIDTH="756" HEIGHT="29">
							<String ID="string_18" HPOS="85" VPOS="254" WIDTH="219" HEIGHT="29" WC="0.92" CONTENT="värnepliktslagens"/><SP WIDTH="18" VPOS="254" HPOS="304"/>
							<String ID="string_19" HPOS="322" VPOS="254" WIDTH="156" HEIGHT="21" WC="0.91" CONTENT="stadfästande"/><SP WIDTH="16" VPOS="254" HPOS="478"/>
							<String ID="string_20" HPOS="494" VPOS="254" WIDTH="80" HEIGHT="21" WC="0.96" CONTENT="endast"/><SP WIDTH="14" VPOS="254" HPOS="574"/>
							<String ID="string_21" HPOS="588" VPOS="254" WIDTH="72" HEIGHT="21" WC="0.96" CONTENT="under"/><SP WIDTH="16" VPOS="254" HPOS="660"/>
							<String ID="string_22" HPOS="676" VPOS="254" WIDTH="165" HEIGHT="28" WC="0.96" CONTENT="förutsättning"/>
						</TextLine>
						<TextLine ID="line_4" HPOS="85" VPOS="288" WIDTH="755" HEIGHT="28">
							<String ID="string_23" HPOS="85" VPOS="291" WIDTH="33" HEIGHT="19" WC="0.96" CONTENT="att"/><SP WIDTH="23" VPOS="291" HPOS="118"/>
							<String ID="string_24" HPOS="141" VPOS="288" WIDTH="43" HEIGHT="21" WC="0.91" CONTENT="den"/><SP WIDTH="24" VPOS="288" HPOS="184"/>
							<String ID="string_25" HPOS="208" VPOS="288" WIDTH="75" HEIGHT="21" WC="0.91" CONTENT="blefve"/><SP WIDTH="19" VPOS="288" HPOS="283"/>
							<String ID="string_26" HPOS="302" VPOS="296" WIDTH="28" HEIGHT="13" WC="0.96" CONTENT="en"/><SP WIDTH="16" VPOS="296" HPOS="330"/>
							<String ID="string_27" HPOS="346" VPOS="291" WIDTH="113" HEIGHT="25" WC="0.96" CONTENT="temporär"/><SP WIDTH="24" VPOS="291" HPOS="459"/>
							<String ID="string_28" HPOS="483" VPOS="288" WIDTH="44" HEIGHT="28" WC="0.96" CONTENT="lag,"/><SP WIDTH="15" VPOS="288" HPOS="527"/>
							<String ID="string_29" HPOS="542" VPOS="288" WIDTH="95" HEIGHT="22" WC="0.96" CONTENT="hvilken"/><SP WIDTH="22" VPOS="288" HPOS="637"/>
							<String ID="string_30" HPOS="659" VPOS="288" WIDTH="77" HEIGHT="22" WC="0.95" CONTENT="kunde"/><SP WIDTH="23" VPOS="288" HPOS="736"/>
							<String ID="string_31" HPOS="759" VPOS="288" WIDTH="81" HEIGHT="22" WC="0.95" CONTENT="ändras"/>
						</TextLine>
						<TextLine ID="line_5" HPOS="85" VPOS="323" WIDTH="755" HEIGHT="28">
							<String ID="string_32" HPOS="85" VPOS="325" WIDTH="54" HEIGHT="19" WC="0.96" CONTENT="utan"/><SP WIDTH="16" VPOS="325" HPOS="139"/>
							<String ID="string_33" HPOS="155" VPOS="323" WIDTH="131" HEIGHT="21" WC="0.96" CONTENT="ständernas"/><SP WIDTH="16" VPOS="323" HPOS="286"/>
							<String ID="string_34" HPOS="302" VPOS="323" WIDTH="124" HEIGHT="27" WC="0.96" CONTENT="samtycke,"/><SP WIDTH="16" VPOS="323" HPOS="426"/>
							<String ID="string_35" HPOS="442" VPOS="323" WIDTH="80" HEIGHT="25" WC="0.94" CONTENT="skulle,"/><SP WIDTH="17" VPOS="323" HPOS="522"/>
							<String ID="string_36" HPOS="539" VPOS="330" WIDTH="36" HEIGHT="14" WC="0.96" CONTENT="om"/><SP WIDTH="16" VPOS="330" HPOS="575"/>
							<String ID="string_37" HPOS="591" VPOS="323" WIDTH="44" HEIGHT="21" WC="0.96" CONTENT="han"/><SP WIDTH="14" VPOS="323" HPOS="635"/>
							<String ID="string_38" HPOS="649" VPOS="323" WIDTH="55" HEIGHT="21" WC="0.96" CONTENT="känt"/><SP WIDTH="11" VPOS="323" HPOS="704"/>
							<String ID="string_39" HPOS="715" VPOS="323" WIDTH="82" HEIGHT="28" WC="0.96" CONTENT="planen"/><SP WIDTH="10" VPOS="323" HPOS="797"/>
							<String ID="string_40" HPOS="807" VPOS="325" WIDTH="33" HEIGHT="19" WC="0.96" CONTENT="att"/>
						</TextLine>
						<TextLine ID="line_6" HPOS="86" VPOS="356" WIDTH="754" HEIGHT="30">
							<String ID="string_41" HPOS="86" VPOS="359" WIDTH="22" HEIGHT="19" WC="0.96" CONTENT="ät"/><SP WIDTH="15" VPOS="359" HPOS="108"/>
							<String ID="string_42" HPOS="123" VPOS="365" WIDTH="28" HEIGHT="13" WC="0.96" CONTENT="en"/><SP WIDTH="16" VPOS="365" HPOS="151"/>
							<String ID="string_43" HPOS="167" VPOS="357" WIDTH="36" HEIGHT="21" WC="0.96" CONTENT="del"/><SP WIDTH="18" VPOS="357" HPOS="203"/>
							<String ID="string_44" HPOS="221" VPOS="356" WIDTH="25" HEIGHT="22" WC="0.96" CONTENT="af"/><SP WIDTH="16" VPOS="356" HPOS="246"/>
							<String ID="string_45" HPOS="262" VPOS="357" WIDTH="67" HEIGHT="28" WC="0.93" CONTENT="lagen"/><SP WIDTH="23" VPOS="357" HPOS="329"/>
							<String ID="string_46" HPOS="352" VPOS="357" WIDTH="110" HEIGHT="21" WC="0.90" CONTENT="förskafta"/><SP WIDTH="23" VPOS="357" HPOS="462"/>
							<String ID="string_47" HPOS="485" VPOS="357" WIDTH="203" HEIGHT="28" WC="0.91" CONTENT="grundlagshälgd,"/><SP WIDTH="22" VPOS="357" HPOS="688"/>
							<String ID="string_48" HPOS="710" VPOS="357" WIDTH="73" HEIGHT="29" WC="0.95" CONTENT="inlagt"/><SP WIDTH="18" VPOS="357" HPOS="783"/>
							<String ID="string_49" HPOS="801" VPOS="357" WIDTH="39" HEIGHT="21" WC="0.97" CONTENT="sitt"/>
						</TextLine>
						<TextLine ID="line_7" HPOS="85" VPOS="391" WIDTH="754" HEIGHT="29">
							<String ID="string_50" HPOS="85" VPOS="395" WIDTH="68" HEIGHT="25" WC="0.91" CONTENT="tungt"/><SP WIDTH="15" VPOS="395" HPOS="153"/>
							<String ID="string_51" HPOS="168" VPOS="391" WIDTH="104" HEIGHT="29" WC="0.91" CONTENT="vägande"/><SP WIDTH="16" VPOS="391" HPOS="272"/>
							<String ID="string_52" HPOS="288" VPOS="392" WIDTH="39" HEIGHT="20" WC="0.96" CONTENT="ord"/><SP WIDTH="17" VPOS="392" HPOS="327"/>
							<String ID="string_53" HPOS="344" VPOS="394" WIDTH="59" HEIGHT="18" WC="0.93" CONTENT="emot"/><SP WIDTH="12" VPOS="394" HPOS="403"/>
							<String ID="string_54" HPOS="415" VPOS="391" WIDTH="142" HEIGHT="21" WC="0.92" CONTENT="stadfästelse"/><SP WIDTH="11" VPOS="391" HPOS="557"/>
							<String ID="string_55" HPOS="568" VPOS="391" WIDTH="26" HEIGHT="21" WC="0.93" CONTENT="af"/><SP WIDTH="8" VPOS="391" HPOS="594"/>
							<String ID="string_56" HPOS="602" VPOS="392" WIDTH="133" HEIGHT="20" WC="0.92" CONTENT="ständernas"/><SP WIDTH="10" VPOS="392" HPOS="735"/>
							<String ID="string_57" HPOS="745" VPOS="392" WIDTH="94" HEIGHT="27" WC="0.93" CONTENT="förslag."/>
						</TextLine>
					</TextBlock>
				</ComposedBlock>
				<ComposedBlock ID="cblock_2" HPOS="83" VPOS="528" WIDTH="760" HEIGHT="887">
					<TextBlock ID="block_2" HPOS="85" VPOS="528" WIDTH="756" HEIGHT="132">
						<TextLine ID="line_8" HPOS="154" VPOS="528" WIDTH="687" HEIGHT="29">
							<String ID="string_58" HPOS="154" VPOS="530" WIDTH="30" HEIGHT="23" WC="0.92" CONTENT="4)"/><SP WIDTH="15" VPOS="530" HPOS="184"/>
							<String ID="string_59" HPOS="199" VPOS="529" WIDTH="52" HEIGHT="21" WC="0.92" CONTENT="Med"/><SP WIDTH="16" VPOS="529" HPOS="251"/>
							<String ID="string_60" HPOS="267" VPOS="529" WIDTH="122" HEIGHT="28" WC="0.96" CONTENT="anledning"/><SP WIDTH="16" VPOS="529" HPOS="389"/>
							<String ID="string_61" HPOS="405" VPOS="528" WIDTH="68" HEIGHT="22" WC="0.96" CONTENT="häraf"/><SP WIDTH="13" VPOS="528" HPOS="473"/>
							<String ID="string_62" HPOS="486" VPOS="536" WIDTH="64" HEIGHT="14" WC="0.96" CONTENT="anser"/><SP WIDTH="16" VPOS="536" HPOS="550"/>
							<String ID="string_63" HPOS="566" VPOS="529" WIDTH="35" HEIGHT="28" WC="0.93" CONTENT="sig"/><SP WIDTH="15" VPOS="529" HPOS="601"/>
							<String ID="string_64" HPOS="616" VPOS="529" WIDTH="111" HEIGHT="21" WC="0.96" CONTENT="utskottet"/><SP WIDTH="14" VPOS="529" HPOS="727"/>
							<String ID="string_65" HPOS="741" VPOS="529" WIDTH="54" HEIGHT="21" WC="0.96" CONTENT="böra"/><SP WIDTH="11" VPOS="529" HPOS="795"/>
							<String ID="string_66" HPOS="806" VPOS="529" WIDTH="35" HEIGHT="21" WC="0.96" CONTENT="till"/>
						</TextLine>
						<TextLine ID="line_9" HPOS="85" VPOS="563" WIDTH="754" HEIGHT="28">
							<String ID="string_67" HPOS="85" VPOS="564" WIDTH="58" HEIGHT="21" WC="0.96" CONTENT="först"/><SP WIDTH="15" VPOS="564" HPOS="143"/>
							<String ID="string_68" HPOS="158" VPOS="564" WIDTH="7" HEIGHT="20" WC="0.96" CONTENT="i"/><SP WIDTH="15" VPOS="564" HPOS="165"/>
							<String ID="string_69" HPOS="180" VPOS="563" WIDTH="91" HEIGHT="21" WC="0.93" CONTENT="korthet"/><SP WIDTH="23" VPOS="563" HPOS="271"/>
							<String ID="string_70" HPOS="294" VPOS="563" WIDTH="141" HEIGHT="28" WC="0.92" CONTENT="ådagalägga"/><SP WIDTH="22" VPOS="563" HPOS="435"/>
							<String ID="string_71" HPOS="457" VPOS="563" WIDTH="136" HEIGHT="28" WC="0.91" CONTENT="giltigheten"/><SP WIDTH="23" VPOS="563" HPOS="593"/>
							<String ID="string_72" HPOS="616" VPOS="563" WIDTH="25" HEIGHT="21" WC="0.96" CONTENT="af"/><SP WIDTH="15" VPOS="563" HPOS="641"/>
							<String ID="string_73" HPOS="656" VPOS="565" WIDTH="54" HEIGHT="19" WC="0.95" CONTENT="1772"/><SP WIDTH="17" VPOS="565" HPOS="710"/>
							<String ID="string_74" HPOS="727" VPOS="565" WIDTH="34" HEIGHT="19" WC="0.93" CONTENT="års"/><SP WIDTH="17" VPOS="565" HPOS="761"/>
							<String ID="string_75" HPOS="778" VPOS="570" WIDTH="61" HEIGHT="21" WC="0.90" CONTENT="rege-"/>
						</TextLine>
						<TextLine ID="line_10" HPOS="86" VPOS="597" WIDTH="754" HEIGHT="29">
							<String ID="string_76" HPOS="86" VPOS="598" WIDTH="122" HEIGHT="28" WC="0.90" CONTENT="ringsform"/><SP WIDTH="22" VPOS="598" HPOS="208"/>
							<String ID="string_77" HPOS="230" VPOS="600" WIDTH="57" HEIGHT="18" WC="0.96" CONTENT="samt"/><SP WIDTH="24" VPOS="600" HPOS="287"/>
							<String ID="string_78" HPOS="311" VPOS="600" WIDTH="54" HEIGHT="18" WC="0.96" CONTENT="1789"/><SP WIDTH="18" VPOS="600" HPOS="365"/>
							<String ID="string_79" HPOS="383" VPOS="599" WIDTH="36" HEIGHT="19" WC="0.93" CONTENT="års"/><SP WIDTH="16" VPOS="599" HPOS="419"/>
							<String ID="string_80" HPOS="435" VPOS="597" WIDTH="126" HEIGHT="29" WC="0.92" CONTENT="förenings-"/><SP WIDTH="16" VPOS="597" HPOS="561"/>
							<String ID="string_81" HPOS="577" VPOS="598" WIDTH="43" HEIGHT="21" WC="0.93" CONTENT="och"/><SP WIDTH="15" VPOS="598" HPOS="620"/>
							<String ID="string_82" HPOS="635" VPOS="597" WIDTH="157" HEIGHT="22" WC="0.92" CONTENT="säkerhetsakt"/><SP WIDTH="15" VPOS="597" HPOS="792"/>
							<String ID="string_83" HPOS="807" VPOS="598" WIDTH="33" HEIGHT="20" WC="0.90" CONTENT="så-"/>
						</TextLine>
						<TextLine ID="line_11" HPOS="86" VPOS="632" WIDTH="331" HEIGHT="28">
							<String ID="string_84" HPOS="86" VPOS="640" WIDTH="47" HEIGHT="14" WC="0.96" CONTENT="som"/><SP WIDTH="15" VPOS="640" HPOS="133"/>
							<String ID="string_85" HPOS="148" VPOS="632" WIDTH="108" HEIGHT="21" WC="0.95" CONTENT="Finlands"/><SP WIDTH="16" VPOS="632" HPOS="256"/>
							<String ID="string_86" HPOS="272" VPOS="632" WIDTH="145" HEIGHT="28" WC="0.96" CONTENT="grundlagar."/>
						</TextLine>
					</TextBlock>
					<TextBlock ID="block_3" HPOS="84" VPOS="666" WIDTH="757" HEIGHT="543">
						<TextLine ID="line_12" HPOS="153" VPOS="666" WIDTH="687" HEIGHT="28">
							<String ID="string_87" HPOS="153" VPOS="667" WIDTH="12" HEIGHT="21" WC="0.96" CONTENT="I"/><SP WIDTH="15" VPOS="667" HPOS="165"/>
							<String ID="string_88" HPOS="180" VPOS="666" WIDTH="96" HEIGHT="22" WC="0.96" CONTENT="Finland"/><SP WIDTH="22" VPOS="666" HPOS="276"/>
							<String ID="string_89" HPOS="298" VPOS="666" WIDTH="47" HEIGHT="24" WC="0.96" CONTENT="har,"/><SP WIDTH="22" VPOS="666" HPOS="345"/>
							<String ID="string_90" HPOS="367" VPOS="668" WIDTH="73" HEIGHT="20" WC="0.96" CONTENT="såsom"/><SP WIDTH="16" VPOS="668" HPOS="440"/>
							<String ID="string_91" HPOS="456" VPOS="666" WIDTH="25" HEIGHT="21" WC="0.93" CONTENT="af"/><SP WIDTH="13" VPOS="666" HPOS="481"/>
							<String ID="string_92" HPOS="494" VPOS="667" WIDTH="160" HEIGHT="21" WC="0.90" CONTENT="monarkernes"/><SP WIDTH="17" VPOS="667" HPOS="654"/>
							<String ID="string_93" HPOS="671" VPOS="674" WIDTH="58" HEIGHT="20" WC="0.93" CONTENT="egna"/><SP WIDTH="15" VPOS="674" HPOS="729"/>
							<String ID="string_94" HPOS="744" VPOS="666" WIDTH="96" HEIGHT="22" WC="0.91" CONTENT="uttalan-"/>
						</TextLine>
						<TextLine ID="line_13" HPOS="86" VPOS="700" WIDTH="755" HEIGHT="29">
							<String ID="string_95" HPOS="86" VPOS="702" WIDTH="43" HEIGHT="22" WC="0.96" CONTENT="den"/><SP WIDTH="23" VPOS="702" HPOS="129"/>
							<String ID="string_96" HPOS="152" VPOS="704" WIDTH="58" HEIGHT="19" WC="0.96" CONTENT="samt"/><SP WIDTH="14" VPOS="704" HPOS="210"/>
							<String ID="string_97" HPOS="224" VPOS="701" WIDTH="26" HEIGHT="21" WC="0.96" CONTENT="af"/><SP WIDTH="12" VPOS="701" HPOS="250"/>
							<String ID="string_98" HPOS="262" VPOS="700" WIDTH="175" HEIGHT="28" WC="0.95" CONTENT="lagstiftningen"/><SP WIDTH="16" VPOS="700" HPOS="437"/>
							<String ID="string_99" HPOS="453" VPOS="701" WIDTH="42" HEIGHT="21" WC="0.93" CONTENT="och"/><SP WIDTH="15" VPOS="701" HPOS="495"/>
							<String ID="string_100" HPOS="510" VPOS="701" WIDTH="132" HEIGHT="21" WC="0.92" CONTENT="literaturen"/><SP WIDTH="16" VPOS="701" HPOS="642"/>
							<String ID="string_101" HPOS="658" VPOS="701" WIDTH="105" HEIGHT="28" WC="0.93" CONTENT="framgår,"/><SP WIDTH="16" VPOS="701" HPOS="763"/>
							<String ID="string_102" HPOS="779" VPOS="708" WIDTH="62" HEIGHT="20" WC="0.90" CONTENT="rege-"/>
						</TextLine>
						<TextLine ID="line_14" HPOS="86" VPOS="735" WIDTH="753" HEIGHT="29">
							<String ID="string_103" HPOS="86" VPOS="736" WIDTH="162" HEIGHT="28" WC="0.90" CONTENT="ringsformens"/><SP WIDTH="12" VPOS="736" HPOS="248"/>
							<String ID="string_104" HPOS="260" VPOS="737" WIDTH="57" HEIGHT="19" WC="0.92" CONTENT="samt"/><SP WIDTH="10" VPOS="737" HPOS="317"/>
							<String ID="string_105" HPOS="327" VPOS="735" WIDTH="126" HEIGHT="28" WC="0.91" CONTENT="förenings-"/><SP WIDTH="12" VPOS="735" HPOS="453"/>
							<String ID="string_106" HPOS="465" VPOS="735" WIDTH="42" HEIGHT="22" WC="0.93" CONTENT="och"/><SP WIDTH="12" VPOS="735" HPOS="507"/>
							<String ID="string_107" HPOS="519" VPOS="736" WIDTH="197" HEIGHT="20" WC="0.92" CONTENT="säkerhetsaktens"/><SP WIDTH="9" VPOS="736" HPOS="716"/>
							<String ID="string_108" HPOS="725" VPOS="735" WIDTH="114" HEIGHT="28" WC="0.96" CONTENT="egenskap"/>
						</TextLine>
						<TextLine ID="line_15" HPOS="85" VPOS="769" WIDTH="756" HEIGHT="29">
							<String ID="string_109" HPOS="85" VPOS="770" WIDTH="25" HEIGHT="22" WC="0.95" CONTENT="af"/><SP WIDTH="13" VPOS="770" HPOS="110"/>
							<String ID="string_110" HPOS="123" VPOS="770" WIDTH="109" HEIGHT="22" WC="0.96" CONTENT="Finlands"/><SP WIDTH="15" VPOS="770" HPOS="232"/>
							<String ID="string_111" HPOS="247" VPOS="770" WIDTH="138" HEIGHT="28" WC="0.96" CONTENT="grundlagar"/><SP WIDTH="16" VPOS="770" HPOS="385"/>
							<String ID="string_112" HPOS="401" VPOS="769" WIDTH="58" HEIGHT="21" WC="0.96" CONTENT="efter"/><SP WIDTH="16" VPOS="769" HPOS="459"/>
							<String ID="string_113" HPOS="475" VPOS="770" WIDTH="76" HEIGHT="28" WC="0.92" CONTENT="Borgå"/><SP WIDTH="15" VPOS="770" HPOS="551"/>
							<String ID="string_114" HPOS="566" VPOS="770" WIDTH="111" HEIGHT="28" WC="0.91" CONTENT="landtdag"/><SP WIDTH="15" VPOS="770" HPOS="677"/>
							<String ID="string_115" HPOS="692" VPOS="770" WIDTH="75" HEIGHT="20" WC="0.96" CONTENT="städse"/><SP WIDTH="15" VPOS="770" HPOS="767"/>
							<String ID="string_116" HPOS="782" VPOS="769" WIDTH="59" HEIGHT="21" WC="0.96" CONTENT="varit"/>
						</TextLine>
						<TextLine ID="line_16" HPOS="86" VPOS="804" WIDTH="754" HEIGHT="29">
							<String ID="string_117" HPOS="86" VPOS="804" WIDTH="53" HEIGHT="29" WC="0.96" CONTENT="höjd"/><SP WIDTH="17" VPOS="804" HPOS="139"/>
							<String ID="string_118" HPOS="156" VPOS="804" WIDTH="64" HEIGHT="22" WC="0.95" CONTENT="öfver"/><SP WIDTH="16" VPOS="804" HPOS="220"/>
							<String ID="string_119" HPOS="236" VPOS="804" WIDTH="31" HEIGHT="21" WC="0.93" CONTENT="alt"/><SP WIDTH="15" VPOS="804" HPOS="267"/>
							<String ID="string_120" HPOS="282" VPOS="804" WIDTH="88" HEIGHT="21" WC="0.90" CONTENT="tvifvel."/><SP WIDTH="25" VPOS="804" HPOS="370"/>
							<String ID="string_121" HPOS="395" VPOS="804" WIDTH="54" HEIGHT="21" WC="0.96" CONTENT="Icke"/><SP WIDTH="15" VPOS="804" HPOS="449"/>
							<String ID="string_122" HPOS="464" VPOS="804" WIDTH="71" HEIGHT="21" WC="0.92" CONTENT="häller"/><SP WIDTH="10" VPOS="804" HPOS="535"/>
							<String ID="string_123" HPOS="545" VPOS="804" WIDTH="6" HEIGHT="21" WC="0.92" CONTENT="i"/><SP WIDTH="11" VPOS="804" HPOS="551"/>
							<String ID="string_124" HPOS="562" VPOS="804" WIDTH="116" HEIGHT="28" WC="0.96" CONTENT="Ryssland"/><SP WIDTH="12" VPOS="804" HPOS="678"/>
							<String ID="string_125" HPOS="690" VPOS="804" WIDTH="68" HEIGHT="21" WC="0.93" CONTENT="hafva"/><SP WIDTH="11" VPOS="804" HPOS="758"/>
							<String ID="string_126" HPOS="769" VPOS="806" WIDTH="71" HEIGHT="19" WC="0.92" CONTENT="veter-"/>
						</TextLine>
						<TextLine ID="line_17" HPOS="86" VPOS="838" WIDTH="754" HEIGHT="28">
							<String ID="string_127" HPOS="86" VPOS="839" WIDTH="61" HEIGHT="27" WC="0.93" CONTENT="ligen"/><SP WIDTH="24" VPOS="839" HPOS="147"/>
							<String ID="string_128" HPOS="171" VPOS="838" WIDTH="95" HEIGHT="28" WC="0.93" CONTENT="tidigare"/><SP WIDTH="18" VPOS="838" HPOS="266"/>
							<String ID="string_129" HPOS="284" VPOS="840" WIDTH="72" HEIGHT="26" WC="0.93" CONTENT="några"/><SP WIDTH="15" VPOS="840" HPOS="356"/>
							<String ID="string_130" HPOS="371" VPOS="838" WIDTH="139" HEIGHT="21" WC="0.89" CONTENT="tvifvelsmål"/><SP WIDTH="16" VPOS="838" HPOS="510"/>
							<String ID="string_131" HPOS="526" VPOS="838" WIDTH="6" HEIGHT="21" WC="0.96" CONTENT="i"/><SP WIDTH="16" VPOS="838" HPOS="532"/>
							<String ID="string_132" HPOS="548" VPOS="838" WIDTH="62" HEIGHT="21" WC="0.96" CONTENT="detta"/><SP WIDTH="16" VPOS="838" HPOS="610"/>
							<String ID="string_133" HPOS="626" VPOS="838" WIDTH="106" HEIGHT="21" WC="0.96" CONTENT="afseende"/><SP WIDTH="15" VPOS="838" HPOS="732"/>
							<String ID="string_134" HPOS="747" VPOS="838" WIDTH="93" HEIGHT="21" WC="0.96" CONTENT="uttalats"/>
						</TextLine>
						<TextLine ID="line_18" HPOS="85" VPOS="872" WIDTH="754" HEIGHT="24">
							<String ID="string_135" HPOS="85" VPOS="886" WIDTH="28" HEIGHT="2" WC="0.90" CONTENT="—"/><SP WIDTH="10" VPOS="886" HPOS="113"/>
							<String ID="string_136" HPOS="123" VPOS="876" WIDTH="56" HEIGHT="18" WC="0.94" CONTENT="utan"/><SP WIDTH="10" VPOS="876" HPOS="179"/>
							<String ID="string_137" HPOS="189" VPOS="874" WIDTH="98" HEIGHT="20" WC="0.96" CONTENT="tvärtom"/><SP WIDTH="11" VPOS="874" HPOS="287"/>
							<String ID="string_138" HPOS="298" VPOS="872" WIDTH="69" HEIGHT="21" WC="0.96" CONTENT="hafva"/><SP WIDTH="11" VPOS="872" HPOS="367"/>
							<String ID="string_139" HPOS="378" VPOS="872" WIDTH="63" HEIGHT="21" WC="0.96" CONTENT="såväl"/><SP WIDTH="11" VPOS="872" HPOS="441"/>
							<String ID="string_140" HPOS="452" VPOS="874" WIDTH="108" HEIGHT="19" WC="0.96" CONTENT="statsmän"/><SP WIDTH="10" VPOS="874" HPOS="560"/>
							<String ID="string_141" HPOS="570" VPOS="880" WIDTH="48" HEIGHT="14" WC="0.93" CONTENT="som"/><SP WIDTH="8" VPOS="880" HPOS="618"/>
							<String ID="string_142" HPOS="626" VPOS="872" WIDTH="119" HEIGHT="21" WC="0.91" CONTENT="rättslärde"/><SP WIDTH="8" VPOS="872" HPOS="745"/>
							<String ID="string_143" HPOS="753" VPOS="872" WIDTH="86" HEIGHT="24" WC="0.96" CONTENT="erkänt,"/>
						</TextLine>
						<TextLine ID="line_19" HPOS="86" VPOS="906" WIDTH="755" HEIGHT="22">
							<String ID="string_144" HPOS="86" VPOS="909" WIDTH="33" HEIGHT="19" WC="0.96" CONTENT="att"/><SP WIDTH="16" VPOS="909" HPOS="119"/>
							<String ID="string_145" HPOS="135" VPOS="907" WIDTH="44" HEIGHT="21" WC="0.96" CONTENT="den"/><SP WIDTH="15" VPOS="907" HPOS="179"/>
							<String ID="string_146" HPOS="194" VPOS="906" WIDTH="62" HEIGHT="22" WC="0.96" CONTENT="förra"/><SP WIDTH="15" VPOS="906" HPOS="256"/>
							<String ID="string_147" HPOS="271" VPOS="906" WIDTH="96" HEIGHT="22" WC="0.96" CONTENT="svenska"/><SP WIDTH="16" VPOS="906" HPOS="367"/>
							<String ID="string_148" HPOS="383" VPOS="906" WIDTH="180" HEIGHT="22" WC="0.96" CONTENT="konstitutionen"/><SP WIDTH="17" VPOS="906" HPOS="563"/>
							<String ID="string_149" HPOS="580" VPOS="909" WIDTH="54" HEIGHT="19" WC="0.96" CONTENT="1809"/><SP WIDTH="16" VPOS="909" HPOS="634"/>
							<String ID="string_150" HPOS="650" VPOS="906" WIDTH="76" HEIGHT="22" WC="0.93" CONTENT="blifvit"/><SP WIDTH="10" VPOS="906" HPOS="726"/>
							<String ID="string_151" HPOS="736" VPOS="906" WIDTH="105" HEIGHT="21" WC="0.90" CONTENT="faststäld"/>
						</TextLine>
						<TextLine ID="line_20" HPOS="85" VPOS="940" WIDTH="755" HEIGHT="29">
							<String ID="string_152" HPOS="85" VPOS="944" WIDTH="74" HEIGHT="19" WC="0.95" CONTENT="såsom"/><SP WIDTH="14" VPOS="944" HPOS="159"/>
							<String ID="string_153" HPOS="173" VPOS="941" WIDTH="115" HEIGHT="25" WC="0.93" CONTENT="Finlands,"/><SP WIDTH="16" VPOS="941" HPOS="288"/>
							<String ID="string_154" HPOS="304" VPOS="953" WIDTH="27" HEIGHT="3" WC="0.92" CONTENT="—"/><SP WIDTH="17" VPOS="953" HPOS="331"/>
							<String ID="string_155" HPOS="348" VPOS="941" WIDTH="70" HEIGHT="21" WC="0.95" CONTENT="innan"/><SP WIDTH="15" VPOS="941" HPOS="418"/>
							<String ID="string_156" HPOS="433" VPOS="942" WIDTH="30" HEIGHT="27" WC="0.96" CONTENT="på"/><SP WIDTH="13" VPOS="942" HPOS="463"/>
							<String ID="string_157" HPOS="476" VPOS="941" WIDTH="118" HEIGHT="21" WC="0.96" CONTENT="1880-talet"/><SP WIDTH="10" VPOS="941" HPOS="594"/>
							<String ID="string_158" HPOS="604" VPOS="943" WIDTH="72" HEIGHT="26" WC="0.96" CONTENT="några"/><SP WIDTH="11" VPOS="943" HPOS="676"/>
							<String ID="string_159" HPOS="687" VPOS="941" WIDTH="66" HEIGHT="28" WC="0.93" CONTENT="ryske"/><SP WIDTH="12" VPOS="941" HPOS="753"/>
							<String ID="string_160" HPOS="765" VPOS="940" WIDTH="75" HEIGHT="22" WC="0.92" CONTENT="skrift-"/>
						</TextLine>
						<TextLine ID="line_21" HPOS="85" VPOS="974" WIDTH="756" HEIGHT="29">
							<String ID="string_161" HPOS="85" VPOS="976" WIDTH="90" HEIGHT="21" WC="0.96" CONTENT="ställare"/><SP WIDTH="15" VPOS="976" HPOS="175"/>
							<String ID="string_162" HPOS="190" VPOS="975" WIDTH="92" HEIGHT="28" WC="0.96" CONTENT="började"/><SP WIDTH="12" VPOS="975" HPOS="282"/>
							<String ID="string_163" HPOS="294" VPOS="977" WIDTH="70" HEIGHT="26" WC="0.96" CONTENT="påstå,"/><SP WIDTH="13" VPOS="977" HPOS="364"/>
							<String ID="string_164" HPOS="377" VPOS="977" WIDTH="32" HEIGHT="19" WC="0.96" CONTENT="att"/><SP WIDTH="12" VPOS="977" HPOS="409"/>
							<String ID="string_165" HPOS="421" VPOS="975" WIDTH="64" HEIGHT="21" WC="0.96" CONTENT="dessa"/><SP WIDTH="14" VPOS="975" HPOS="485"/>
							<String ID="string_166" HPOS="499" VPOS="975" WIDTH="63" HEIGHT="28" WC="0.96" CONTENT="lagar"/><SP WIDTH="10" VPOS="975" HPOS="562"/>
							<String ID="string_167" HPOS="572" VPOS="975" WIDTH="50" HEIGHT="21" WC="0.93" CONTENT="icke"/><SP WIDTH="12" VPOS="975" HPOS="622"/>
							<String ID="string_168" HPOS="634" VPOS="975" WIDTH="96" HEIGHT="28" WC="0.91" CONTENT="asyftats"/><SP WIDTH="11" VPOS="975" HPOS="730"/>
							<String ID="string_169" HPOS="741" VPOS="975" WIDTH="6" HEIGHT="21" WC="0.96" CONTENT="i"/><SP WIDTH="11" VPOS="975" HPOS="747"/>
							<String ID="string_170" HPOS="758" VPOS="974" WIDTH="83" HEIGHT="28" WC="0.95" CONTENT="Kejsar"/>
						</TextLine>
						<TextLine ID="line_22" HPOS="85" VPOS="1008" WIDTH="755" HEIGHT="30">
							<String ID="string_171" HPOS="85" VPOS="1010" WIDTH="129" HEIGHT="21" WC="0.95" CONTENT="Alexander"/><SP WIDTH="14" VPOS="1010" HPOS="214"/>
							<String ID="string_172" HPOS="228" VPOS="1010" WIDTH="29" HEIGHT="20" WC="0.65" CONTENT="I:s"/><SP WIDTH="16" VPOS="1010" HPOS="257"/>
							<String ID="string_173" HPOS="273" VPOS="1010" WIDTH="34" HEIGHT="20" WC="0.96" CONTENT="till"/><SP WIDTH="15" VPOS="1010" HPOS="307"/>
							<String ID="string_174" HPOS="322" VPOS="1009" WIDTH="108" HEIGHT="21" WC="0.95" CONTENT="Finlands"/><SP WIDTH="16" VPOS="1009" HPOS="430"/>
							<String ID="string_175" HPOS="446" VPOS="1010" WIDTH="91" HEIGHT="21" WC="0.96" CONTENT="ständer"/><SP WIDTH="16" VPOS="1010" HPOS="537"/>
							<String ID="string_176" HPOS="553" VPOS="1010" WIDTH="7" HEIGHT="20" WC="0.96" CONTENT="i"/><SP WIDTH="15" VPOS="1010" HPOS="560"/>
							<String ID="string_177" HPOS="575" VPOS="1010" WIDTH="77" HEIGHT="28" WC="0.43" CONTENT="Borgå"/><SP WIDTH="15" VPOS="1010" HPOS="652"/>
							<String ID="string_178" HPOS="667" VPOS="1010" WIDTH="127" HEIGHT="28" WC="0.91" CONTENT="domkyrka"/><SP WIDTH="14" VPOS="1010" HPOS="794"/>
							<String ID="string_179" HPOS="808" VPOS="1008" WIDTH="32" HEIGHT="22" WC="0.92" CONTENT="öf-"/>
						</TextLine>
						<TextLine ID="line_23" HPOS="85" VPOS="1043" WIDTH="755" HEIGHT="29">
							<String ID="string_180" HPOS="85" VPOS="1044" WIDTH="143" HEIGHT="21" WC="0.91" CONTENT="verlämnade"/><SP WIDTH="23" VPOS="1044" HPOS="228"/>
							<String ID="string_181" HPOS="251" VPOS="1044" WIDTH="125" HEIGHT="21" WC="0.94" CONTENT="försäkran."/><SP WIDTH="38" VPOS="1044" HPOS="376"/>
							<String ID="string_182" HPOS="414" VPOS="1044" WIDTH="70" HEIGHT="21" WC="0.96" CONTENT="Detta"/><SP WIDTH="22" VPOS="1044" HPOS="484"/>
							<String ID="string_183" HPOS="506" VPOS="1044" WIDTH="124" HEIGHT="28" WC="0.96" CONTENT="påstående"/><SP WIDTH="23" VPOS="1044" HPOS="630"/>
							<String ID="string_184" HPOS="653" VPOS="1044" WIDTH="41" HEIGHT="21" WC="0.96" CONTENT="har"/><SP WIDTH="23" VPOS="1044" HPOS="694"/>
							<String ID="string_185" HPOS="717" VPOS="1043" WIDTH="123" HEIGHT="22" WC="0.94" CONTENT="emellertid"/>
						</TextLine>
						<TextLine ID="line_24" HPOS="85" VPOS="1078" WIDTH="755" HEIGHT="29">
							<String ID="string_186" HPOS="85" VPOS="1078" WIDTH="75" HEIGHT="21" WC="0.93" CONTENT="blifvit"/><SP WIDTH="15" VPOS="1078" HPOS="160"/>
							<String ID="string_187" HPOS="175" VPOS="1078" WIDTH="133" HEIGHT="28" WC="0.91" CONTENT="vederlagdt"/><SP WIDTH="16" VPOS="1078" HPOS="308"/>
							<String ID="string_188" HPOS="324" VPOS="1086" WIDTH="83" HEIGHT="20" WC="0.96" CONTENT="genom"/><SP WIDTH="15" VPOS="1086" HPOS="407"/>
							<String ID="string_189" HPOS="422" VPOS="1080" WIDTH="25" HEIGHT="19" WC="0.96" CONTENT="så"/><SP WIDTH="15" VPOS="1080" HPOS="447"/>
							<String ID="string_190" HPOS="462" VPOS="1081" WIDTH="83" HEIGHT="26" WC="0.96" CONTENT="många"/><SP WIDTH="16" VPOS="1081" HPOS="545"/>
							<String ID="string_191" HPOS="561" VPOS="1079" WIDTH="49" HEIGHT="20" WC="0.96" CONTENT="skäl"/><SP WIDTH="16" VPOS="1079" HPOS="610"/>
							<String ID="string_192" HPOS="626" VPOS="1079" WIDTH="43" HEIGHT="21" WC="0.96" CONTENT="och"/><SP WIDTH="15" VPOS="1079" HPOS="669"/>
							<String ID="string_193" HPOS="684" VPOS="1079" WIDTH="69" HEIGHT="24" WC="0.96" CONTENT="bevis,"/><SP WIDTH="15" VPOS="1079" HPOS="753"/>
							<String ID="string_194" HPOS="768" VPOS="1080" WIDTH="33" HEIGHT="19" WC="0.96" CONTENT="att"/><SP WIDTH="12" VPOS="1080" HPOS="801"/>
							<String ID="string_195" HPOS="813" VPOS="1078" WIDTH="27" HEIGHT="20" WC="0.96" CONTENT="de"/>
						</TextLine>
						<TextLine ID="line_25" HPOS="86" VPOS="1112" WIDTH="754" HEIGHT="22">
							<String ID="string_196" HPOS="86" VPOS="1113" WIDTH="5" HEIGHT="20" WC="0.95" CONTENT="i"/><SP WIDTH="16" VPOS="1113" HPOS="91"/>
							<String ID="string_197" HPOS="107" VPOS="1115" WIDTH="32" HEIGHT="18" WC="0.91" CONTENT="ett"/><SP WIDTH="22" VPOS="1115" HPOS="139"/>
							<String ID="string_198" HPOS="161" VPOS="1112" WIDTH="244" HEIGHT="21" WC="0.91" CONTENT="utskottsbetänkande"/><SP WIDTH="23" VPOS="1112" HPOS="405"/>
							<String ID="string_199" HPOS="428" VPOS="1113" WIDTH="49" HEIGHT="20" WC="0.96" CONTENT="icke"/><SP WIDTH="24" VPOS="1113" HPOS="477"/>
							<String ID="string_200" HPOS="501" VPOS="1113" WIDTH="78" HEIGHT="20" WC="0.96" CONTENT="kunna"/><SP WIDTH="22" VPOS="1113" HPOS="579"/>
							<String ID="string_201" HPOS="601" VPOS="1113" WIDTH="115" HEIGHT="20" WC="0.96" CONTENT="meddelas"/><SP WIDTH="20" VPOS="1113" HPOS="716"/>
							<String ID="string_202" HPOS="736" VPOS="1119" WIDTH="39" HEIGHT="15" WC="0.92" CONTENT="ens"/><SP WIDTH="15" VPOS="1119" HPOS="775"/>
							<String ID="string_203" HPOS="790" VPOS="1115" WIDTH="50" HEIGHT="18" WC="0.90" CONTENT="när-"/>
						</TextLine>
						<TextLine ID="line_26" HPOS="84" VPOS="1146" WIDTH="756" HEIGHT="29">
							<String ID="string_204" HPOS="84" VPOS="1147" WIDTH="104" HEIGHT="21" WC="0.92" CONTENT="melsevis"/><SP WIDTH="20" VPOS="1147" HPOS="188"/>
							<String ID="string_205" HPOS="208" VPOS="1146" WIDTH="150" HEIGHT="29" WC="0.90" CONTENT="fullständigt."/><SP WIDTH="31" VPOS="1146" HPOS="358"/>
							<String ID="string_206" HPOS="389" VPOS="1147" WIDTH="118" HEIGHT="21" WC="0.93" CONTENT="Utskottet"/><SP WIDTH="15" VPOS="1147" HPOS="507"/>
							<String ID="string_207" HPOS="522" VPOS="1147" WIDTH="88" HEIGHT="28" WC="0.93" CONTENT="nödgas"/><SP WIDTH="16" VPOS="1147" HPOS="610"/>
							<String ID="string_208" HPOS="626" VPOS="1147" WIDTH="77" HEIGHT="21" WC="0.96" CONTENT="därför"/><SP WIDTH="15" VPOS="1147" HPOS="703"/>
							<String ID="string_209" HPOS="718" VPOS="1146" WIDTH="122" HEIGHT="21" WC="0.96" CONTENT="inskränka"/>
						</TextLine>
						<TextLine ID="line_27" HPOS="84" VPOS="1181" WIDTH="357" HEIGHT="28">
							<String ID="string_210" HPOS="84" VPOS="1181" WIDTH="35" HEIGHT="28" WC="0.95" CONTENT="sig"/><SP WIDTH="15" VPOS="1181" HPOS="119"/>
							<String ID="string_211" HPOS="134" VPOS="1181" WIDTH="35" HEIGHT="21" WC="0.95" CONTENT="till"/><SP WIDTH="15" VPOS="1181" HPOS="169"/>
							<String ID="string_212" HPOS="184" VPOS="1183" WIDTH="71" HEIGHT="26" WC="0.96" CONTENT="några"/><SP WIDTH="15" VPOS="1183" HPOS="255"/>
							<String ID="string_213" HPOS="270" VPOS="1181" WIDTH="28" HEIGHT="21" WC="0.96" CONTENT="de"/><SP WIDTH="15" VPOS="1181" HPOS="298"/>
							<String ID="string_214" HPOS="313" VPOS="1181" WIDTH="128" HEIGHT="28" WC="0.96" CONTENT="viktigaste."/>
						</TextLine>
					</TextBlock>
					<TextBlock ID="block_4" HPOS="83" VPOS="1215" WIDTH="760" HEIGHT="200">
						<TextLine ID="line_28" HPOS="152" VPOS="1215" WIDTH="689" HEIGHT="28">
							<String ID="string_215" HPOS="152" VPOS="1215" WIDTH="35" HEIGHT="21" WC="0.95" CONTENT="De"/><SP WIDTH="15" VPOS="1215" HPOS="187"/>
							<String ID="string_216" HPOS="202" VPOS="1215" WIDTH="69" HEIGHT="28" WC="0.96" CONTENT="ryska"/><SP WIDTH="16" VPOS="1215" HPOS="271"/>
							<String ID="string_217" HPOS="287" VPOS="1215" WIDTH="46" HEIGHT="26" WC="0.93" CONTENT="ord,"/><SP WIDTH="17" VPOS="1215" HPOS="333"/>
							<String ID="string_218" HPOS="350" VPOS="1223" WIDTH="143" HEIGHT="20" WC="0.18" CONTENT="kopenHbie"/><SP WIDTH="21" VPOS="1223" HPOS="493"/>
							<String ID="string_219" HPOS="514" VPOS="1223" WIDTH="113" HEIGHT="19" WC="0.6" CONTENT="3akroHbi,"/><SP WIDTH="15" VPOS="1223" HPOS="627"/>
							<String ID="string_220" HPOS="642" VPOS="1215" WIDTH="78" HEIGHT="21" WC="0.95" CONTENT="hvilka"/><SP WIDTH="16" VPOS="1215" HPOS="720"/>
							<String ID="string_221" HPOS="736" VPOS="1216" WIDTH="6" HEIGHT="20" WC="0.96" CONTENT="i"/><SP WIDTH="16" VPOS="1216" HPOS="742"/>
							<String ID="string_222" HPOS="758" VPOS="1215" WIDTH="83" HEIGHT="28" WC="0.96" CONTENT="Kejsar"/>
						</TextLine>
						<TextLine ID="line_29" HPOS="83" VPOS="1249" WIDTH="760" HEIGHT="22">
							<String ID="string_223" HPOS="83" VPOS="1249" WIDTH="129" HEIGHT="22" WC="0.92" CONTENT="Alexander"/><SP WIDTH="15" VPOS="1249" HPOS="212"/>
							<String ID="string_224" HPOS="227" VPOS="1249" WIDTH="29" HEIGHT="21" WC="0.82" CONTENT="I:s"/><SP WIDTH="16" VPOS="1249" HPOS="256"/>
							<String ID="string_225" HPOS="272" VPOS="1249" WIDTH="34" HEIGHT="21" WC="0.96" CONTENT="till"/><SP WIDTH="16" VPOS="1249" HPOS="306"/>
							<String ID="string_226" HPOS="322" VPOS="1249" WIDTH="121" HEIGHT="22" WC="0.93" CONTENT="ständerna"/><SP WIDTH="24" VPOS="1249" HPOS="443"/>
							<String ID="string_227" HPOS="467" VPOS="1249" WIDTH="169" HEIGHT="22" WC="0.91" CONTENT="öfverlämnade"/><SP WIDTH="23" VPOS="1249" HPOS="636"/>
							<String ID="string_228" HPOS="659" VPOS="1249" WIDTH="142" HEIGHT="22" WC="0.91" CONTENT="stadfästelse"/><SP WIDTH="16" VPOS="1249" HPOS="801"/>
							<String ID="string_229" HPOS="817" VPOS="1249" WIDTH="26" HEIGHT="21" WC="0.97" CONTENT="af"/>
						</TextLine>
						<TextLine ID="line_30" HPOS="83" VPOS="1283" WIDTH="756" HEIGHT="29">
							<String ID="string_230" HPOS="83" VPOS="1283" WIDTH="108" HEIGHT="22" WC="0.96" CONTENT="Finlands"/><SP WIDTH="23" VPOS="1283" HPOS="191"/>
							<String ID="string_231" HPOS="214" VPOS="1284" WIDTH="139" HEIGHT="28" WC="0.96" CONTENT="grundlagar"/><SP WIDTH="18" VPOS="1284" HPOS="353"/>
							<String ID="string_232" HPOS="371" VPOS="1284" WIDTH="116" HEIGHT="21" WC="0.96" CONTENT="användes"/><SP WIDTH="21" VPOS="1284" HPOS="487"/>
							<String ID="string_233" HPOS="508" VPOS="1284" WIDTH="36" HEIGHT="22" WC="0.96" CONTENT="för"/><SP WIDTH="16" VPOS="1284" HPOS="544"/>
							<String ID="string_234" HPOS="560" VPOS="1287" WIDTH="32" HEIGHT="18" WC="0.96" CONTENT="att"/><SP WIDTH="16" VPOS="1287" HPOS="592"/>
							<String ID="string_235" HPOS="608" VPOS="1284" WIDTH="112" HEIGHT="21" WC="0.92" CONTENT="beteckna"/><SP WIDTH="14" VPOS="1284" HPOS="720"/>
							<String ID="string_236" HPOS="734" VPOS="1283" WIDTH="105" HEIGHT="29" WC="0.91" CONTENT="grundla-"/>
						</TextLine>
						<TextLine ID="line_31" HPOS="84" VPOS="1318" WIDTH="756" HEIGHT="28">
							<String ID="string_237" HPOS="84" VPOS="1325" WIDTH="76" HEIGHT="20" WC="0.95" CONTENT="garna,"/><SP WIDTH="17" VPOS="1325" HPOS="160"/>
							<String ID="string_238" HPOS="177" VPOS="1321" WIDTH="43" HEIGHT="22" WC="0.96" CONTENT="äro,"/><SP WIDTH="17" VPOS="1321" HPOS="220"/>
							<String ID="string_239" HPOS="237" VPOS="1318" WIDTH="71" HEIGHT="28" WC="0.96" CONTENT="enligt"/><SP WIDTH="16" VPOS="1318" HPOS="308"/>
							<String ID="string_240" HPOS="324" VPOS="1318" WIDTH="59" HEIGHT="21" WC="0.96" CONTENT="hvad"/><SP WIDTH="15" VPOS="1318" HPOS="383"/>
							<String ID="string_241" HPOS="398" VPOS="1318" WIDTH="119" HEIGHT="28" WC="0.93" CONTENT="offentliga"/><SP WIDTH="12" VPOS="1318" HPOS="517"/>
							<String ID="string_242" HPOS="529" VPOS="1319" WIDTH="121" HEIGHT="20" WC="0.91" CONTENT="statsakter"/><SP WIDTH="12" VPOS="1319" HPOS="650"/>
							<String ID="string_243" HPOS="662" VPOS="1318" WIDTH="42" HEIGHT="21" WC="0.96" CONTENT="och"/><SP WIDTH="11" VPOS="1318" HPOS="704"/>
							<String ID="string_244" HPOS="715" VPOS="1318" WIDTH="125" HEIGHT="21" WC="0.96" CONTENT="ordböcker"/>
						</TextLine>
						<TextLine ID="line_32" HPOS="83" VPOS="1351" WIDTH="756" HEIGHT="30">
							<String ID="string_245" HPOS="83" VPOS="1353" WIDTH="80" HEIGHT="24" WC="0.96" CONTENT="utvisa,"/><SP WIDTH="21" VPOS="1353" HPOS="163"/>
							<String ID="string_246" HPOS="184" VPOS="1351" WIDTH="48" HEIGHT="28" WC="0.96" CONTENT="just"/><SP WIDTH="22" VPOS="1351" HPOS="232"/>
							<String ID="string_247" HPOS="254" VPOS="1352" WIDTH="120" HEIGHT="25" WC="0.96" CONTENT="desamma,"/><SP WIDTH="23" VPOS="1352" HPOS="374"/>
							<String ID="string_248" HPOS="397" VPOS="1359" WIDTH="49" HEIGHT="15" WC="0.95" CONTENT="som"/><SP WIDTH="20" VPOS="1359" HPOS="446"/>
							<String ID="string_249" HPOS="466" VPOS="1355" WIDTH="29" HEIGHT="26" WC="0.95" CONTENT="på"/><SP WIDTH="16" VPOS="1355" HPOS="495"/>
							<String ID="string_250" HPOS="511" VPOS="1353" WIDTH="27" HEIGHT="21" WC="0.96" CONTENT="de"/><SP WIDTH="15" VPOS="1353" HPOS="538"/>
							<String ID="string_251" HPOS="553" VPOS="1353" WIDTH="186" HEIGHT="28" WC="0.93" CONTENT="västeuropeiska"/><SP WIDTH="14" VPOS="1353" HPOS="739"/>
							<String ID="string_252" HPOS="753" VPOS="1352" WIDTH="86" HEIGHT="21" WC="0.91" CONTENT="kultur-"/>
						</TextLine>
						<TextLine ID="line_33" HPOS="83" VPOS="1386" WIDTH="756" HEIGHT="29">
							<String ID="string_253" HPOS="83" VPOS="1387" WIDTH="97" HEIGHT="28" WC="0.93" CONTENT="språken"/><SP WIDTH="23" VPOS="1387" HPOS="180"/>
							<String ID="string_254" HPOS="203" VPOS="1386" WIDTH="123" HEIGHT="28" WC="0.92" CONTENT="ätergifvas"/><SP WIDTH="19" VPOS="1386" HPOS="326"/>
							<String ID="string_255" HPOS="345" VPOS="1387" WIDTH="51" HEIGHT="20" WC="0.93" CONTENT="med"/><SP WIDTH="17" VPOS="1387" HPOS="396"/>
							<String ID="string_256" HPOS="413" VPOS="1387" WIDTH="55" HEIGHT="25" WC="0.92" CONTENT=",lois"/><SP WIDTH="16" VPOS="1387" HPOS="468"/>
							<String ID="string_257" HPOS="484" VPOS="1387" WIDTH="201" HEIGHT="25" WC="0.91" CONTENT="fondamentales*,"/><SP WIDTH="17" VPOS="1387" HPOS="685"/>
							<String ID="string_258" HPOS="702" VPOS="1387" WIDTH="42" HEIGHT="25" WC="0.78" CONTENT=",loi"/><SP WIDTH="17" VPOS="1387" HPOS="744"/>
							<String ID="string_259" HPOS="761" VPOS="1386" WIDTH="78" HEIGHT="22" WC="0.93" CONTENT="fonda-"/>
						</TextLine>
					</TextBlock>
				</ComposedBlock>
				<ComposedBlock ID="cblock_3" HPOS="151" VPOS="1432" WIDTH="275" HEIGHT="22">
					<TextBlock ID="block_5" HPOS="151" VPOS="1432" WIDTH="275" HEIGHT="22">
						<TextLine ID="line_34" HPOS="151" VPOS="1432" WIDTH="275" HEIGHT="22">
							<String ID="string_260" HPOS="151" VPOS="1432" WIDTH="139" HEIGHT="22" WC="0.90" CONTENT="Lagutskottets"/><SP WIDTH="14" VPOS="1432" HPOS="290"/>
							<String ID="string_261" HPOS="304" VPOS="1432" WIDTH="122" HEIGHT="17" WC="0.57" CONTENT="betänkande."/>
						</TextLine>
					</TextBlock>
				</ComposedBlock>
			</PrintSpace>
		</Page>
	</Layout>
</alto>
