1092 1778
256 147 26 20 46
537 147 84 22 Ständ.
637 147 40 23 Sv.

227 218 79 22 orden
329 218 57 22 »och
408 225 52 15 som
479 218 44 29 jag
542 218 83 22 blifvit
643 219 8 21 i
669 218 98 22 landets
786 218 76 28 tjenst
875 218 106 26 anstäld,

227 252 29 22 sä
284 253 56 21 vill»
363 254 53 25 ete.,
442 253 87 22 hvilka
557 253 98 22 således
683 253 53 22 icke
761 252 80 22 heller
867 252 89 22 införts
976 253 6 21 i

227 287 79 28 något
324 293 52 16 som
395 287 65 22 helst
478 287 112 28 politiskt
609 287 72 28 syfte.

296 321 11 22 I
329 321 65 23 huru
421 322 51 29 hög
498 321 64 29 grad
588 322 53 21 åter
660 328 30 15 en
710 321 39 22 del
768 321 108 28 uttryck,
897 321 85 22 hvilka

227 356 59 28 ingå
305 356 8 21 i
335 356 41 22 det
406 355 141 23 Ständerna
574 362 35 15 nu
627 356 132 28 förelagda
782 355 199 25 edsformuläret,

228 390 85 21 afvika
337 390 56 22 frän
418 390 68 22 hvad
512 390 71 22 säväl
607 390 42 29 lag
674 396 52 16 som
749 390 61 22 häfd
829 390 47 22 här
895 390 86 28 bjuda,

226 424 113 29 framgår
358 425 25 21 af
401 425 49 22 den
468 425 8 21 i
495 424 107 29 Bilagan
621 425 12 21 I
653 425 35 21 till
707 425 84 21 denna
807 424 175 29 underdäniga

228 458 131 22 skrifvelse
381 460 104 28 intagna
510 459 186 29 framställning
718 466 39 15 om
777 459 121 21 Finlands
917 459 64 21 ställ-

226 493 63 29 ning
307 494 95 28 jemlikt
421 494 57 22 dess
498 494 163 28 grundlagar.
691 494 47 22 Om
757 493 80 22 redan
857 493 124 22 allmänna

226 528 312 28 humanitetssynpunkter
565 528 98 22 diktera
694 528 99 28 hänsyn
822 528 35 22 till
882 528 99 22 berätti-

226 562 66 28 gade
319 562 109 27 känslor,
450 563 27 22 sä
496 563 77 22 hafva
592 562 31 23 de
642 562 118 29 religiösa
780 562 199 29 synpunkterna,

226 598 62 21 enär
315 597 63 22 eden
404 597 106 22 innebär
529 599 34 20 ett
582 597 161 28 äberopande
764 597 25 22 af
808 597 48 22 den
875 597 104 29 Högste,

226 631 28 22 sä
288 632 98 28 mycket
420 632 159 29 allvarligare
610 632 110 28 anspräk
751 632 33 28 pä
817 633 34 20 att
881 631 99 29 hänsyn

226 667 71 28 tages
325 666 35 22 till
388 666 319 29 samvetsbetänkligheter.
750 666 92 22 Härtill
869 666 112 22 kommer

226 702 36 20 att
292 701 146 22 formuläret
468 701 138 21 innehåller
636 701 183 28 begynnnelse-
849 701 46 21 och
923 700 57 22 slut-

226 734 53 26 ord,
299 734 87 23 hvilka
410 736 52 21 helt
486 736 44 21 och
556 735 77 22 hället
652 735 85 22 afvika
757 735 22 28 ej
800 734 105 22 allenast
924 734 55 22 frän

225 770 179 22 motsvarande
427 770 70 22 delar
515 770 8 22 i
542 770 30 22 de
592 770 133 21 enahanda
745 769 129 26 formulär,
894 768 85 22 hvilka

226 804 66 28 gälla
320 804 56 22 med
404 804 68 22 kraft
499 804 25 22 af
546 804 42 29 lag
612 804 46 22 och
683 804 128 28 grundlag
836 804 7 21 i
865 803 114 26 Finland,

225 839 61 21 utan
312 838 75 22 äfven
411 838 57 22 frän
491 839 48 22 den
559 838 289 29 evangelisk-lutherska
867 838 112 28 kyrkans

224 872 74 26 bruk,
319 872 133 23 hvarutom
472 880 30 15 en
521 873 141 29 jemförelse
681 873 56 22 med
758 874 46 20 art.
825 872 31 22 67
874 872 7 22 i
893 872 86 22 försla-

224 907 242 29 gettillförordning
475 908 132 28 angäende
615 907 30 22 de
653 908 83 21 finska
745 908 152 27 truppernas
909 913 70 22 orga-

224 941 108 22 nisation
344 942 46 22 och
402 942 154 28 förvaltning
567 955 32 2 —
609 942 8 21 i
625 942 104 22 motsats
742 942 36 22 till
792 941 117 29 gällande
919 941 60 21 Vär-

224 976 160 29 nepligtslag,
397 983 52 15 som
460 977 146 21 förutsätter
617 978 36 20 att
662 976 171 28 värnepligtig
841 976 28 21 är
881 976 98 21 anstäld

224 1010 7 21 i
251 1010 75 29 tjenst
344 1010 64 22 först
426 1012 46 20 när
490 1011 50 21 han
560 1011 46 22 bör
625 1010 96 22 infinna
741 1010 40 28 sig
800 1010 43 22 vid
862 1011 116 27 truppen,

224 1044 32 22 dä
277 1044 45 23 ock
342 1045 30 22 ed
392 1045 63 22 skall
474 1045 26 22 af
517 1046 92 21 honom
629 1047 72 27 tagas
721 1059 32 2 —
767 1051 75 22 synes
855 1044 70 29 gifva
936 1044 43 22 vid

224 1079 108 26 handen,
363 1080 35 21 att
424 1080 196 28 krigsmannaed
649 1080 64 21 skall
741 1079 117 29 afläggas
887 1080 92 20 tvänne

224 1113 82 22 skilda
326 1114 104 28 gänger.
468 1114 161 22 Sistnämnda
648 1113 224 29 omständigheter,
892 1113 7 21 i
918 1113 62 22 före-

224 1148 62 28 ning
315 1148 57 22 med
402 1148 77 22 ofvan
508 1149 104 21 anförda
639 1148 184 28 förutsättning
851 1149 35 20 att
917 1148 63 21 eden

224 1182 65 22 skall
314 1183 72 28 tagas
412 1183 26 21 af
460 1185 69 26 prest
551 1183 46 21 och
615 1183 107 22 sälunda
741 1182 87 22 kunde
847 1182 24 21 fä
891 1182 89 21 karak-

224 1217 71 21 tären
318 1216 26 22 af
365 1223 30 15 en
418 1217 101 29 kyrklig
541 1218 106 26 kultakt,
667 1218 46 21 har
735 1216 145 23 framkallat
899 1216 81 28 spörs-

222 1250 84 27 mälet,
335 1258 39 15 om
402 1252 54 22 icke
482 1252 97 28 frägan,
607 1252 80 22 sädan
715 1252 49 22 den
794 1250 123 29 förelegat
945 1250 35 22 till

225 1284 156 23 Ständernas
405 1286 164 26 bedömande,
589 1286 135 28 päkallade
743 1292 32 15 en
794 1284 185 22 förberedande

222 1319 194 29 handläggning
444 1320 42 22 vid
511 1320 154 29 kyrkomöte.
706 1320 99 22 Härvid
833 1320 47 21 har
907 1318 73 22 fram-

222 1354 92 26 hällits,
330 1356 36 20 att
384 1354 91 29 frägan
494 1361 60 16 vore
573 1356 36 20 att
627 1355 120 21 hänföras
768 1354 37 22 till
818 1354 51 22 dei
883 1353 96 29 Kyrko-

222 1388 76 28 lagen
326 1388 27 22 sä
381 1388 99 23 kallade
502 1389 127 22 blandade
649 1388 248 30 angelägenheterna
917 1389 63 20 samt

222 1422 108 22 berörde
358 1423 49 22 den
432 1423 287 29 evangelisk-lutherska
746 1422 115 29 kyrkans
888 1422 91 21 förhäl-

222 1456 76 22 lande
320 1457 36 22 till
382 1458 89 26 staten,
491 1458 45 21 och
562 1459 35 20 att
619 1457 160 29 kyrkomötet
799 1456 85 22 derför
903 1456 76 29 enligt
