1086 1778
267 145 12 19 2
572 143 30 22 U.
618 143 27 21 B.

234 211 133 28 nepligtslag,
383 214 49 18 utan
447 211 40 21 ock
503 218 76 21 genom
596 210 300 27 Generalguvernörskansliet
910 210 39 21 fått
961 210 32 27 sig

235 246 98 21 tillsända
355 246 25 21 de
403 246 7 20 i
432 245 202 22 Statssekretariatet
648 245 33 21 för
696 245 88 21 Finland
800 245 110 20 förvarade
927 245 66 20 hand-

234 279 70 28 lingar
319 281 108 26 angående
443 281 109 20 stiftandet
567 280 21 21 af
603 280 65 27 sagda
682 280 40 27 lag.

303 452 89 22 Medelst
408 453 73 26 nådigt
497 454 62 26 öppet
575 452 45 20 bref
636 452 38 20 och
690 451 70 27 påbud
776 451 31 21 till
819 451 102 21 Finlands
931 450 61 21 Stän-

234 487 38 21 der
287 487 37 20 har
339 487 61 21 Hans
414 487 118 27 Kejserliga
547 486 99 28 Majestät
662 486 40 21 den
720 486 24 20 19
760 486 27 26 (7)
803 486 45 20 Juli
860 486 61 25 1898,
931 491 61 14 anse-

234 521 54 21 ende
307 521 129 28 nödvändigt
454 524 30 18 att
502 521 74 27 bringa
593 520 196 28 Värnepligtslagen
805 520 32 20 för
852 520 140 20 Storfursten-

234 555 71 21 dömet
327 555 89 21 Finland
435 556 7 20 i
461 554 218 22 öfverensstämmelse
692 554 47 21 med
756 554 25 21 de
796 554 7 20 i
819 554 57 20 detta
892 553 99 21 afseende

233 590 6 20 i
259 590 161 26 Kejsaredömet
443 590 97 27 gällande
562 589 99 27 grunder,
680 589 92 21 anbefalt
787 588 111 28 öppnande
914 588 21 20 af
950 588 41 20 den

232 624 109 21 härstädes
354 631 28 13 nu
394 624 107 28 pågående
513 624 76 20 urtima
600 624 105 26 landtdag.
722 623 40 21 Vid
775 622 184 22 undertecknande
971 622 22 20 af

233 658 58 21 detta
313 658 69 28 påbud
400 659 38 20 har
456 658 59 21 Hans
534 658 118 27 Kejserliga
670 658 96 27 Majestät
782 658 90 26 behagat
886 656 105 27 förordna,

233 695 31 18 att
279 693 25 20 de
321 693 135 20 derförinnan
472 693 83 26 nådigst
570 693 112 26 godkända
698 692 120 27 grunderna
832 692 33 20 för
878 698 28 19 ny
917 693 74 19 värne-

232 727 99 26 pligtslag
345 727 33 20 för
393 727 90 20 Finland
499 727 69 20 skulle
584 727 140 20 öfverlemnas
738 726 32 21 till
786 725 92 22 Senaten
890 725 46 20 med
948 725 42 20 för-

233 761 138 26 ständigande
388 763 30 18 att
432 761 7 20 i
455 761 218 20 öfverensstämmelse
688 761 48 20 med
752 760 64 27 sagda
832 759 92 28 grunder
935 761 56 18 utar-

233 795 48 21 beta
300 795 77 27 förslag
396 795 32 20 till
446 795 63 26 nådig
527 795 129 27 proposition
675 795 6 20 i
697 797 70 18 ämnet
782 795 33 20 för
830 796 29 19 att
874 793 117 22 Ständerna

232 829 36 21 vid
290 829 70 21 denna
377 829 100 27 landtdag
498 829 123 27 föreläggas.
650 829 70 21 Jemte
741 828 139 21 omförmälda
898 827 93 28 grunder

232 864 38 20 har
285 863 32 22 till
333 863 91 21 Senaten
440 864 7 20 i
462 864 81 26 aftryck
560 863 131 21 öfversändts
707 865 29 19 ett
746 863 45 20 utaf
800 863 61 20 Hans
871 861 118 28 Kejserliga

231 897 100 28 Majestät
346 899 41 19 den
404 899 27 19 23
447 899 40 26 (11)
503 898 92 27 Augusti
612 898 54 20 1898
682 898 7 19 i
705 897 64 21 näder
785 897 111 26 faststäldt,
912 896 33 20 vid
962 902 26 14 en

231 933 34 20 för
286 932 160 27 ifrägavarande
469 933 78 20 ärende
568 932 84 27 nädigst
673 932 83 21 nedsatt
770 931 89 21 särskild
875 931 114 20 konferens

232 967 41 20 den
297 967 27 20 14
347 967 27 26 (2)
395 967 7 20 i
424 967 101 27 sistsagde
541 966 77 21 mänad
633 967 56 20 fördt
704 966 109 27 protokoll,
828 965 68 27 enligt
910 964 79 21 hvilket

230 1001 33 20 uti
284 1001 35 20 det
339 1001 223 26 propositionsförslag,
580 1007 46 14 som
647 1001 83 20 komme
746 1002 30 19 att
790 1000 21 20 af
826 999 92 21 Senaten
934 1000 55 19 utar-

231 1035 66 27 betas,
312 1035 68 20 skulle
396 1035 113 27 ordagrant
524 1035 79 20 införas
619 1035 35 20 det
669 1035 113 24 uttalande,
793 1034 81 21 hvilket
885 1035 60 25 utgör
957 1033 32 19 in-

231 1075 58 21 gress
311 1068 31 21 till
364 1068 60 21 Hans
445 1068 117 28 Kejserliga
581 1068 108 28 Majestäts
705 1068 75 27 nädiga
796 1068 129 27 proposition
940 1067 48 20 med

230 1103 79 28 förslag
327 1103 32 21 till
377 1103 170 28 Värnepligtslag
562 1103 32 21 för
610 1102 201 22 Storfurstendömet
826 1101 95 22 Finland.
953 1100 36 21 Vi-

231 1137 50 21 dare
301 1138 38 20 har
357 1137 90 21 Senaten
463 1137 39 21 fätt
517 1137 34 21 del
566 1138 21 20 af
602 1137 36 21 tvä
653 1137 101 22 särskilda
770 1135 218 28 författningsförslag,

230 1171 124 21 utarbetade
370 1172 20 20 af
406 1172 107 26 komitöer,
523 1179 45 13 som
585 1172 53 20 varit
654 1172 34 20 vid
704 1171 164 21 Hufvudstaben
884 1171 7 19 i
906 1170 30 20 S:t
949 1169 39 21 Pe-

229 1205 99 27 tersburg
344 1206 101 26 nedsatta,
462 1206 105 26 nämligen
584 1206 78 27 förslag
677 1206 31 21 till
724 1205 164 27 värnepligtslag
898 1204 31 20 för
939 1203 50 20 Fin-

229 1239 50 20 land
296 1240 38 20 och
351 1240 31 20 till
396 1240 124 27 förordning
535 1240 109 27 angäende
660 1240 40 21 den
716 1239 68 21 finska
798 1239 117 20 militärens
928 1244 60 21 orga-

229 1273 91 21 nisation
343 1274 38 20 och
403 1274 135 27 förvaltning,
553 1275 64 26 jemte
639 1274 31 21 till
692 1274 48 21 dem
758 1273 94 21 hörande
868 1272 64 21 motiv
949 1272 39 20 och

229 1307 149 28 förklaringar;
402 1309 106 20 hvarefter
525 1309 90 20 Senaten
636 1309 97 26 uppgjort
752 1308 39 20 och
806 1307 31 21 till
853 1307 64 26 nädig
931 1306 57 27 pröf-

229 1342 52 27 ning
306 1342 85 21 insändt
413 1343 78 26 förslag
515 1343 30 20 till
568 1343 152 26 propositioner
744 1343 18 25 a)
784 1342 48 20 med
855 1341 78 26 förslag
955 1340 33 20 till

228 1375 172 28 Värnepligtslag
415 1377 32 20 för
462 1377 202 20 Storfurstendömet
679 1377 95 26 Finland,
790 1376 38 21 och
844 1375 22 27 b)
878 1374 109 27 angäende

226 1410 124 25 grunderna
369 1411 32 19 för
420 1411 25 20 de
461 1411 68 20 finska
544 1414 125 24 truppernas
685 1410 142 27 organisation
843 1410 40 20 och
898 1408 87 21 förvalt-

228 1443 57 27 ning.
315 1444 69 20 Innan
401 1444 88 21 berörda
505 1445 218 27 propositionsförslag
740 1444 68 21 blifvit
823 1444 32 20 för
866 1443 59 21 Hans
937 1442 50 27 Kej-
