1092 1745
244 118 27 21 88
528 118 84 23 Ständ.
629 117 37 24 Sv.

215 188 40 23 för
279 188 54 27 den,
357 189 103 23 hvilken
485 189 33 29 på
537 190 83 29 grund
640 190 25 21 af
683 191 104 28 uttagen
806 189 46 22 lott
870 189 8 22 i
897 189 76 29 tjenst

217 224 113 28 antages.
369 224 55 22 Den
452 224 7 21 i
486 224 63 29 följd
578 224 74 22 häraf
673 224 56 22 från
750 224 69 22 aktiv
839 224 76 29 tjenst
932 224 41 22 be-

216 257 83 22 friade
327 258 93 22 afföres
449 258 56 22 från
534 259 30 21 de
593 259 104 22 stående
716 260 140 27 trupperna
874 258 46 22 och
938 258 35 21 in-

217 291 109 23 skrifves
345 293 43 22 vid
406 293 170 22 landtvärnet.

562 407 14 29 8
597 407 39 22 32.

289 463 130 27 Personer,
447 471 52 15 som
527 463 137 23 innehafva
692 464 195 22 nedannämnda
912 463 61 22 bild-

217 497 177 29 ningsgrader,
415 498 104 29 åtnjuta,
538 499 31 22 då
588 499 32 22 de
639 499 90 28 utgöra
748 499 176 28 värnepligten
941 498 32 22 ef-

218 533 38 20 ter
291 531 114 30 lottning,
440 533 131 22 förkortad
602 533 128 28 tjenstetid
758 533 78 29 enligt
860 533 112 28 följande

218 566 122 29 grunder:

289 600 24 28 1)
332 601 44 26 De,
395 608 53 15 som
467 601 146 29 genomgått
631 601 148 29 fullständig
797 601 61 22 kurs
875 601 6 22 i
895 601 78 29 högre

217 635 134 26 folkskola,
371 635 71 30 lägre
461 636 261 26 elementarläroverk,
741 636 60 21 eller
819 635 70 30 lägre
902 636 71 21 skola

218 669 40 22 för
285 669 99 27 handel,
411 670 97 29 sjöfart,
537 670 143 26 landtbruk,
705 670 107 22 industri
832 670 59 22 eller
911 670 62 22 skön

218 703 82 27 konst,
327 704 60 22 eller
415 705 46 22 ock
481 705 78 28 aflagt
577 705 180 22 motsvarande
776 705 196 28 kunskapsprof,

219 739 70 28 tjena
307 738 8 21 i
335 739 70 21 aktiv
425 739 76 28 tjenst
519 739 42 22 två
582 739 28 22 år
628 739 45 22 och
688 739 42 22 vid
741 745 119 16 reserven
872 739 51 22 åtta
937 739 35 22 år.

289 772 25 29 2)
342 773 45 26 De,
417 780 52 15 som
497 774 147 28 genomgått
662 774 40 28 sju
721 773 97 22 klasser
836 773 8 22 i
863 773 111 22 fullstän-

219 807 55 28 digt
301 807 104 28 lyceum,
432 807 59 23 eller
519 808 31 22 de
570 808 125 21 allmänna
714 808 132 21 klasserna
865 808 7 21 i
890 807 83 22 finska

218 841 176 27 kadettkåren,
433 842 58 22 eller
524 842 362 26 folkskollärareseminarium,
915 842 59 22 eller

219 875 80 29 högre
325 876 86 28 yrkes-
436 876 59 22 eller
514 876 156 26 konstskola,
692 876 58 22 eller
770 876 79 29 aflagt
868 878 106 20 motsva-

218 910 80 22 rande
317 910 195 28 kunskapsprof,
531 911 68 28 tjena
618 911 7 21 i
645 910 69 22 aktiv
734 911 76 28 tjenst
830 912 34 20 ett
882 911 27 21 år
928 910 45 22 och

219 950 46 16 sex
292 944 122 22 månader
441 947 64 20 samt
531 945 43 22 vid
601 952 120 15 reserven
747 945 52 22 åtta
818 945 28 21 år
864 945 45 21 och
929 951 44 15 sex

219 978 129 22 månader.

290 1012 26 29 3)
335 1013 44 26 De,
398 1020 53 15 som
470 1014 90 22 vunnit
578 1014 98 22 inträde
696 1014 42 21 vid
758 1013 173 22 universitetet
943 1014 32 21 el-

219 1046 37 22 ler
283 1047 178 29 polytekniska
488 1048 130 26 institutet,
648 1048 59 22 eller
731 1048 147 28 genomgått
896 1048 79 22 landt-

219 1080 179 24 bruksinstitut
426 1082 59 22 eller
513 1082 101 22 dermed
642 1082 137 29 jemförligt
800 1082 117 22 läroverk
936 1082 40 22 för

220 1117 79 20 annat
325 1116 127 28 praktiskt
473 1116 63 29 yrke
555 1116 59 22 eller
634 1117 64 21 skön
718 1116 82 26 konst,
821 1116 68 28 tjena
908 1116 7 22 i
935 1116 41 22 ak-

219 1150 36 21 tiv
275 1150 76 28 tjenst
370 1152 35 20 ett
424 1150 28 22 år
471 1151 45 21 och
535 1151 42 21 vid
596 1157 120 15 reserven
735 1150 42 22 nio
797 1150 33 22 år.

340 1184 108 22 Senaten
478 1185 142 22 ankommer
648 1186 21 27 ej
689 1185 98 22 mindre
807 1186 35 20 att
861 1185 115 21 närmare

219 1217 98 23 fördela
345 1218 210 23 läroanstalterna
585 1219 25 22 af
632 1219 66 22 olika
717 1220 62 28 slag,
798 1218 71 23 såväl
888 1218 88 22 offent-

219 1252 52 28 liga
290 1259 53 15 som
363 1253 122 26 enskilda,
505 1254 33 28 på
557 1253 77 22 ofvan
654 1254 106 22 anförda
772 1255 37 20 tre
827 1253 150 29 kategorier,

220 1287 32 21 än
281 1286 46 22 ock
353 1288 35 21 att
407 1288 7 21 i
433 1288 206 22 förekommande
658 1288 43 22 fall
721 1288 78 28 enligt
818 1288 30 21 de
867 1287 8 22 i
894 1287 83 22 denna

220 1320 15 28 8
265 1321 105 28 angifna
397 1322 112 28 grunder
537 1321 95 30 afgöra,
661 1322 103 21 hvilken
791 1321 186 29 förkortning
964 1316 18 39 i

219 1355 162 28 tjenstetiden
402 1356 64 21 skall
485 1356 136 22 tillkomma
644 1356 56 26 den,
721 1363 53 15 som
794 1355 103 22 afslutat
915 1355 62 22 kurs

219 1389 44 22 vid
282 1389 73 28 ryskt
374 1389 59 23 eller
452 1390 130 22 utländskt
599 1390 125 23 läroverk.
