1089 1767
413 144 84 22 Ständ.
514 144 38 22 Sv.
806 145 26 20 71

103 216 118 29 vägande
246 216 63 28 grad
335 216 44 21 äro
399 215 25 22 af
441 215 132 22 militärisk
592 215 131 29 betydelse
743 216 64 21 samt
826 216 36 21 att

103 250 77 22 äfven
205 250 184 22 dislokationen
407 256 104 16 snarare
530 250 47 22 hör
596 250 36 22 till
651 249 31 23 de
702 250 107 22 militära
830 250 31 21 än

103 285 36 22 till
169 285 32 22 de
229 286 55 20 rent
311 284 162 22 ekonomiska
497 284 135 28 frägornas
652 284 109 26 omräde,
780 284 82 22 ansett

103 319 120 29 gällande
241 318 160 29 bestämning
413 318 63 22 böra
489 318 93 22 ändras
596 318 115 26 sälunda,
727 319 35 21 att
776 318 86 29 dylika

104 354 113 22 ärenden
247 352 151 23 framställas
425 352 37 22 till
488 352 152 22 Monarkens
670 352 139 29 afgörande
838 352 24 22 af

106 388 214 28 Krigsministern,
349 387 77 22 sedan
453 386 109 23 Senaten
588 387 100 29 afgifvit
706 387 156 23 utlätande
846 382 20 38 i

105 422 112 22 ärendet.

175 457 12 22 I
214 457 73 28 fräga
315 463 39 15 om
384 456 156 23 Ständernas
567 455 228 30 beskattningsrätt
816 455 46 23 och

105 491 157 29 delaktighet
279 491 8 22 i
305 491 152 28 pröfningen
476 490 26 22 af
520 490 185 29 budgetfrägor
723 491 47 21 har
778 486 14 38 i
789 491 73 22 ofta

105 525 111 23 nämnda
243 525 180 29 Förklaringar
450 525 26 22 II
503 525 103 22 uttalats
635 531 31 16 en
690 525 171 28 uppfattning,

106 560 77 22 hvars
203 560 136 29 oriktighet
358 559 172 29 ädagalägges
549 559 9 22 i
577 559 109 29 Bilagan
694 555 16 38 I
730 559 36 22 till
779 559 83 22 denna

106 594 178 29 underdäniga
312 594 138 22 skrifvelse.
488 593 92 29 Sagda
603 593 163 30 uppfattning
791 593 71 22 torde

107 630 91 28 utgöra
219 629 168 28 anledningen
406 628 90 26 dertill,
515 629 35 21 att
563 628 31 22 de
606 628 96 28 nädiga
715 628 148 28 propositio-

107 669 79 16 nerna
205 663 75 22 afsett
298 664 35 21 ett
350 663 159 28 fullständigt
527 662 183 29 upphäfvande
728 663 93 28 jemväl
838 661 26 23 af

107 697 42 22 det
168 697 290 29 grundlagsstadgande,
478 703 54 16 som
550 697 140 22 innehälles
709 697 7 21 i
736 696 16 32 &
771 693 52 26 122
838 696 25 22 af

107 732 246 29 Värnepligtslagen.
377 731 49 22 För
440 731 38 22 sin
492 731 40 22 del
542 737 60 16 anse
618 731 142 22 Ständerna
770 731 93 28 grund-

108 768 85 20 satsen
221 766 8 21 i
256 766 68 22 detta
349 765 141 29 stadgande
508 765 63 22 böra
589 765 149 26 bibehällas,
758 772 40 15 om
817 765 46 22 ock

108 807 31 16 en
157 801 91 28 partiel
267 801 107 28 ändring
393 800 72 22 deraf
484 801 28 20 är
530 800 154 28 nödvändig.

176 835 38 22 Då
244 835 235 28 Värnepligtslagen
507 834 122 27 stiftades,
658 834 85 29 utgick
770 840 58 15 man
856 833 8 22 i

106 869 73 29 fräga
199 875 40 16 om
263 869 213 28 militiebudgeten
498 869 57 21 frän
574 869 49 22 den
641 868 222 29 förutsättningen,

106 905 37 20 att
161 903 57 22 hela
238 903 41 22 det
297 903 100 28 belopp,
417 903 123 22 hvarmed
557 903 149 28 ärsutgiften
721 903 143 28 öfverstege

106 938 197 22 militiefondens
322 937 119 26 intrader,
461 937 79 22 borde
560 937 130 22 anskaffas
710 943 90 23 genom
816 943 48 15 me-

107 972 47 27 del,
181 979 53 16 som
263 972 25 22 af
313 972 143 23 Ständerna
478 972 120 22 anvisats.
637 972 43 22 Att
697 971 40 22 för
755 971 31 22 de
805 971 60 22 mili-

107 1007 54 22 tära
187 1006 150 29 utgifternas
364 1006 163 22 bestridande
551 1008 60 27 taga
630 1006 8 22 i
658 1006 110 28 anspräk
786 1005 80 29 nägot

108 1041 105 22 tillskott
239 1041 57 22 frän
325 1041 124 22 allmänna
478 1041 170 22 statsfondens
677 1040 127 22 ordinarie
830 1040 35 21 in-

107 1075 111 22 komster
246 1077 63 20 samt
337 1075 106 22 sälunda
470 1075 91 29 frängä
586 1075 42 22 det
647 1075 123 22 alltsedan
788 1073 77 23 indel-

107 1109 179 30 ningsverkets
311 1109 198 30 genomförande
534 1109 138 22 bestående
691 1110 119 27 systemet
830 1107 36 23 atf

107 1144 52 22 läta
177 1144 216 22 militärväsendet
410 1144 92 28 utgöra
520 1150 32 16 en
570 1143 110 22 särskild
698 1143 128 28 afdelning
841 1144 25 20 at

107 1179 268 28 statshushällningen,
402 1178 92 29 ansägs
520 1178 27 22 sä
569 1178 99 28 mycket
687 1177 96 22 mindre
802 1177 64 22 böra

108 1212 100 23 komma
226 1213 8 22 i
253 1213 80 28 fräga,
359 1219 52 16 som
430 1212 31 22 de
482 1212 126 22 allmänna
627 1212 126 22 ordinarie
771 1211 95 22 inkom-

107 1248 94 25 sterna,
221 1247 81 22 ehuru
320 1247 80 22 redan
418 1247 92 22 stadda
528 1247 8 21 i
555 1253 31 16 en
604 1246 138 29 glädjande
761 1245 105 26 tillväxt,

106 1281 164 22 förmodades
297 1281 80 22 blifva
404 1281 56 22 fullt
488 1281 128 28 behöfliga
640 1281 40 22 för
699 1281 31 22 de
750 1279 116 30 stigande

108 1315 128 23 allmänna
256 1315 196 23 statsbehofven.

178 1350 89 22 Denna
285 1350 180 28 förutsättning
484 1351 142 21 motsvaras
645 1355 104 16 numera
768 1348 54 22 icke
842 1348 26 22 af

107 1384 33 22 de
168 1384 115 30 verkliga
310 1384 201 22 förhållandena.
549 1384 141 22 Tillväxten
713 1384 8 21 i
740 1383 127 22 allmänna

108 1418 173 23 statsfondens
308 1419 145 26 inkomster,
483 1418 120 22 särskildt
630 1424 92 23 genom
747 1417 121 22 tullintra-

107 1452 94 23 dernas
230 1453 103 29 ökning,
359 1453 47 22 har
424 1452 142 29 öfverstigit
585 1452 108 29 tidigare
711 1451 156 23 förväntnin-
