1086 1739
218 198 28 21 Vi
261 198 7 20 i
286 198 43 21 Vår
344 198 89 21 berörda
448 199 110 21 skrifvelse
575 211 25 4 —
616 200 64 27 jemte
696 199 35 22 det
747 199 26 21 Vi
790 201 69 20 ansett
874 206 33 15 oss
923 200 49 21 böra

217 233 7 20 i
248 232 167 28 underdånighet
437 233 116 27 framhålla,
576 236 31 19 att
625 234 55 21 1878
698 233 33 21 års
747 234 170 27 Värnepligtslag
932 235 41 20 för-

218 267 77 20 blifver
310 267 34 20 vid
360 267 97 27 gällande
473 268 55 20 kraft
543 268 32 21 till
591 268 48 21 dess
655 268 123 21 densamma
794 268 69 21 blifvit
873 269 99 27 antingen

219 303 65 19 ersatt
304 301 51 21 eller
375 301 80 22 ändrad
474 309 77 20 genom
567 309 25 14 en
610 303 6 20 i
632 303 173 27 grundlagsenlig
820 303 95 26 ordning,
930 309 43 15 me-

218 336 56 21 delst
288 336 60 21 Hans
362 336 118 27 Kejserliga
495 337 109 27 Majestäts
620 337 39 21 och
674 337 128 21 Ständernas
815 339 158 19 sammanstäm-

220 371 79 20 mande
321 370 74 27 beslut,
418 371 71 20 stiftad
512 377 28 21 ny
557 371 35 27 lag
608 371 109 28 angående
733 371 57 21 detta
805 373 62 20 ämne
883 385 27 2 —
925 374 49 19 trott

220 404 40 21 Oss
276 404 50 21 böra
341 405 116 26 hemställa,
472 407 30 19 att
517 405 32 21 för
564 406 41 21 den
621 405 101 22 händelse
738 405 41 21 den
795 406 21 20 af
831 405 40 22 Oss
883 408 91 24 antagna

220 438 152 28 författningen
392 439 7 20 i
422 441 30 19 ett
473 439 52 21 eller
546 443 64 17 annat
632 440 99 20 afseende
755 440 46 20 icke
824 446 71 15 vunne
914 440 60 20 Hans

220 472 119 28 Kejserliga
361 473 108 27 Majestäts
491 474 77 27 nådiga
590 474 161 27 godkännande,
775 474 59 21 Hans
857 474 117 27 Kejserliga

219 507 99 27 Majestät
332 508 79 21 täcktes
426 508 48 27 låta,
490 508 6 20 i
512 508 100 22 afseende
628 508 12 21 å
655 508 174 28 grundlagsenlig
840 508 133 28 behandling,

219 544 93 25 uppgöra
328 542 39 20 och
383 542 30 21 till
429 542 101 21 Finlands
545 542 91 22 Ständer
650 543 131 21 öfverlemna
796 550 29 20 ny
846 543 62 27 nådig
928 550 45 20 pro-

220 576 90 27 position
322 576 108 28 angående
443 577 78 21 reform
532 578 21 20 af
563 578 41 20 den
615 577 67 21 finska
694 577 279 27 värnepligtsinstitutionen.

288 646 107 27 Derjemte
419 647 62 21 hafva
503 647 27 20 Vi
553 647 7 20 i
583 647 43 21 Vår
645 646 146 28 underdåniga
806 646 168 21 svarsskrifvelse

222 680 86 22 anmält,
324 683 29 19 att
368 681 33 25 Vi,
416 683 51 19 enär
482 681 25 21 de
523 682 21 20 af
560 681 39 21 Oss
614 683 92 25 antagna
721 681 174 27 förändringarna
911 681 5 20 i
932 681 42 26 gäl-

222 714 64 21 lande
302 714 169 28 Värnepligtslag
486 715 83 27 påkalla
584 716 174 26 omformulering
773 716 22 20 af
811 715 24 28 $$
852 716 11 20 5
880 715 38 20 och
932 715 42 20 14
962 710 15 37 i

222 749 78 27 nådiga
321 750 151 27 förordningen
493 750 21 20 af
535 750 41 20 den
599 750 27 20 29
648 750 119 20 December
786 750 61 26 1885,
866 749 108 27 angående

221 783 105 21 lättnader
347 784 6 20 i
376 784 156 28 värnepligtens
552 784 134 28 fullgörande
702 784 31 20 för
748 784 68 20 finske
831 784 143 27 medborgare,

219 824 46 14 som
289 818 63 21 vistas
374 818 7 20 i
403 818 112 27 Ryssland,
538 819 80 27 antagit
641 821 29 18 ett
688 818 78 27 förslag
781 818 32 21 till
828 818 146 27 förordning
964 814 14 36 i

219 854 73 19 ämnet
307 852 21 21 af
343 852 40 21 den
399 853 81 26 lydelse
495 853 65 27 sagda
575 853 110 21 skrifvelse
700 852 123 21 innehåller.

290 921 36 21 Uti
349 914 138 28 förenämnda
509 922 110 20 skrifvelse
639 922 62 20 hafva
718 922 25 20 Vi
760 921 75 21 derhos
851 920 68 21 såsom
936 927 38 14 un-

221 955 115 27 derdåniga
352 955 159 28 önskningsmål
527 956 83 21 uttalat:

290 991 30 19 att
335 989 60 21 Hans
410 989 118 28 Kejserliga
542 990 104 27 Majestät,
662 989 68 21 derest
746 989 41 21 den
803 989 21 21 af
835 989 39 21 Oss
885 991 90 25 antagna

222 1024 152 27 förordningen
397 1024 109 27 angående
529 1024 89 27 ändring
641 1024 21 20 af
686 1024 103 21 särskilda
813 1023 130 28 stadganden
968 1023 6 20 i

223 1058 198 27 Värnepligtslagen
445 1059 74 20 varder
541 1059 84 26 nådigst
646 1058 115 21 stadfästad
783 1058 40 21 och
845 1058 41 21 den
908 1057 67 21 finska

223 1093 151 26 truppstyrkan
391 1093 60 20 alltså
467 1093 126 21 bestämmes
608 1095 30 18 att
653 1093 6 20 i
675 1093 87 20 fredstid
774 1094 74 25 utgöra
858 1092 60 27 högst
928 1091 47 22 tolf-

220 1129 63 18 tusen
306 1133 55 21 man,
382 1127 79 21 täcktes
484 1128 7 19 i
513 1127 66 21 nåder
594 1127 107 20 förordna:
718 1129 29 18 att
763 1127 78 26 förslag
856 1126 53 21 skall
925 1132 51 21 upp-

222 1163 62 24 göras
306 1167 34 14 om
359 1161 146 27 uppställande
521 1161 21 20 af
557 1168 42 19 nya
614 1161 68 20 finska
698 1161 201 27 truppafdelningar,
914 1160 20 20 af
950 1160 25 20 de

221 1195 115 27 vapenslag
358 1195 60 21 Hans
443 1195 115 28 Kejserliga
580 1195 98 27 Majestät
699 1195 70 21 finner
789 1195 50 27 godt
855 1195 120 24 bestämma,

220 1229 32 21 till
275 1229 75 21 sådant
369 1229 57 21 antal
441 1233 30 18 att
486 1230 61 21 äfven
564 1229 161 28 öfverkomplett
740 1229 109 27 manskap,
865 1228 66 21 afsedt
946 1231 30 18 att

220 1264 92 27 tidigare
335 1264 114 21 öfverföras
473 1265 30 20 till
525 1271 106 19 reserven,
655 1264 40 20 kan
714 1264 57 21 inom
787 1265 90 26 gränsen
894 1263 20 20 af
929 1263 47 20 tolf-

222 1300 64 19 tusen
302 1305 48 14 man
366 1298 32 21 till
413 1301 113 24 trupperna
541 1298 99 26 inkallas;
657 1300 53 19 samt
725 1300 30 19 att
771 1297 26 21 de
812 1297 33 21 för
860 1299 116 25 truppstyr-

222 1332 54 21 kans
298 1333 139 20 omförmälda
459 1332 84 27 ökning,
565 1333 62 20 hvars
643 1332 166 27 genomförande
824 1332 18 26 ej
860 1331 64 21 borde
939 1331 37 20 ske

222 1367 70 20 under
314 1373 25 14 en
363 1367 83 20 kortare
469 1367 91 26 tidrymd
576 1369 27 18 än
619 1367 36 20 nio
670 1367 29 25 år,
714 1366 137 27 erforderliga
867 1365 109 21 kostnads-

224 1400 142 28 beräkningar
388 1401 39 21 och
449 1401 117 21 finansiella
588 1401 78 27 förslag
684 1401 58 20 skola
766 1402 105 25 uppgöras
893 1400 32 20 för
947 1401 29 19 att

220 1435 50 21 med
292 1435 65 27 nådig
380 1436 128 27 proposition
532 1435 31 22 till
586 1435 128 21 Ständernas
735 1435 159 27 handläggning
908 1434 68 21 öfver-

220 1469 91 25 lemnas;
328 1470 108 20 äfvensom
