1092 1770
260 139 28 28 68
457 137 85 24 Ständ.
559 138 40 23 Sv.
615 151 28 2 —
658 139 49 22 Bil.
723 138 29 22 II.

232 207 118 21 ministern
374 213 81 21 genom
479 208 44 20 den
542 207 141 27 förändring,
700 214 49 15 som
766 207 108 26 vidtagits
891 207 6 20 i
915 207 11 27 $
945 207 46 25 119,

232 241 89 22 beredts
344 242 125 27 inflytande
493 242 67 21 äfven
582 243 30 26 på
635 242 100 21 ärenden
760 241 25 21 af
802 241 60 21 detta
879 241 55 26 slag,
950 241 42 20 har

232 276 43 21 den
293 276 34 21 för
350 276 91 27 frågans
461 276 141 27 behandling
618 283 31 14 nu
666 276 108 27 stadgade
790 276 100 26 ordning
906 277 86 19 ansetts

233 311 79 20 kunna
328 310 127 21 bibehållas
471 310 147 21 oförändrad.

291 345 44 20 För
357 345 28 20 de
408 345 75 20 finska
499 345 77 21 aktiva
591 347 137 25 truppernas
745 345 99 20 militära
861 344 130 26 utbildning

232 378 46 21 kan
295 379 36 20 det
347 385 54 14 vara
417 379 24 20 af
454 381 64 25 nytta
534 381 32 19 att
581 379 66 21 dessa
663 381 101 25 trupper,
776 379 30 26 på
818 380 44 19 sätt
874 378 115 21 allaredan

233 413 112 20 särskilda
361 413 83 26 gånger
459 413 65 27 skett,
540 413 89 27 deltaga
645 413 6 21 i
664 414 140 26 lägermöten
815 413 44 20 och
870 414 122 19 manövrer

232 447 5 20 i
256 447 175 27 Kejsaredömet.
455 448 127 20 Ständerna
599 448 69 20 hafva
684 447 76 21 derför
775 447 7 20 i
799 447 54 21 sista
867 448 124 19 momentet

232 481 26 20 af
272 481 147 21 förevarande
435 483 12 24 S
465 483 25 19 10
506 482 104 27 upptagit
626 484 30 18 ett
672 482 132 26 stadgande,
820 481 70 27 enligt
905 480 86 21 hvilket

232 516 216 27 utkommendering
464 516 25 21 af
502 516 102 21 nämnda
619 519 95 25 trupper
728 516 33 20 till
778 515 136 27 deltagande
930 515 6 21 i
953 515 38 27 dy-

233 550 46 20 lika
295 550 138 26 lägermöten
450 551 43 21 och
510 552 123 20 manövrer
648 551 46 20 kan
710 556 39 21 ega
767 557 59 13 rum.

301 584 94 21 Jemlikt
411 584 14 28 $
441 585 26 21 11
482 585 7 20 i
505 585 210 27 Värnepligtslagen
732 586 25 19 är
773 584 172 21 vederbörande
955 584 36 20 be-

233 619 29 20 fäl
287 619 134 26 berättigadt
443 622 32 18 att
500 619 83 27 bevilja
602 619 134 21 underbefäl
752 619 44 20 och
814 618 113 28 manskap
944 625 47 20 per-

232 653 103 26 mission,
352 654 73 20 under
439 654 28 20 de
482 654 38 20 två
536 654 70 20 första
623 654 134 26 tjensteåren
775 653 30 27 på
816 660 28 14 en
856 653 32 20 tid
897 653 25 20 af
929 652 59 21 ända

231 688 33 20 till
290 690 33 18 tre
345 688 111 21 månader
477 688 36 21 för
535 688 122 20 hvartdera
680 688 46 20 året
750 690 61 18 samt
833 687 73 21 under
920 686 70 28 tredje

231 722 129 26 tjensteåret
373 722 85 27 jemväl
474 722 35 21 för
524 723 77 26 längre
617 722 39 26 tid,
673 722 58 21 dock
745 724 33 18 att
789 722 137 27 permission
939 721 50 21 icke

232 756 124 26 medgifves
375 757 72 20 under
462 757 61 20 tiden
540 757 35 20 för
591 757 128 26 lägermöte.
752 756 37 20 Uti
806 758 40 18 art.
866 756 25 20 16
906 756 25 20 af
944 755 44 21 den

232 790 83 26 nådiga
338 791 171 27 propositionen
533 792 26 19 är
578 791 76 21 denna
670 791 94 20 befälets
781 791 44 19 rätt
841 790 97 20 sålunda
954 789 36 21 be-

232 825 82 25 stämd,
337 827 32 19 att
392 825 135 27 permission
552 826 59 26 finge
627 825 126 26 medgifvas
769 824 37 20 för
822 823 168 27 sammanlagdt

231 861 31 18 ett
277 859 26 20 år
318 859 25 21 af
356 860 50 20 hela
417 859 150 27 tjenstetiden.
592 860 74 26 Något
677 859 70 21 motiv
760 858 36 21 för
806 858 44 21 den
862 858 128 26 föreslagna

232 893 125 26 ändringen
374 895 25 18 är
414 893 18 27 ej
450 893 91 21 anfördt
557 893 31 20 uti
605 893 27 20 de
648 893 44 20 den
709 893 84 26 nådiga
816 892 172 27 propositionen

231 927 92 26 bilagda
338 927 188 27 förklaringarna.
558 927 131 21 Emellertid
706 927 48 26 har,
772 926 76 21 såvidt
864 926 125 21 Ständerna

231 961 81 21 härom
341 964 34 24 egt
398 962 139 26 kännedom,
560 962 224 27 Värnepligtslagens
816 961 173 26 ifrågavarande

232 996 124 25 stadgande
371 996 50 21 icke
436 996 63 27 gifvit
514 996 125 26 anledning
655 996 32 20 till
703 996 70 26 några
792 1002 50 14 som
854 995 58 20 helst
926 995 63 20 miss-

232 1030 171 25 förhållanden;
419 1031 44 20 och
479 1030 129 27 uppenbart
623 1031 25 20 är
661 1030 26 27 ju
704 1031 74 23 äfven,
795 1032 33 18 att
846 1029 37 21 det
899 1029 68 26 ligger
982 1029 6 20 i

232 1064 169 21 vederbörande
425 1064 71 21 befäls
519 1067 48 24 eget
591 1065 93 20 intresse
700 1067 32 18 att
747 1064 51 21 icke
812 1063 114 27 medgifva
941 1070 48 20 per-

231 1098 95 21 mission
350 1099 6 20 i
379 1099 72 20 andra
470 1099 45 26 fall,
531 1100 29 19 än
577 1099 30 20 då
622 1099 61 20 detta
700 1099 44 20 kan
762 1099 41 20 ske
819 1101 55 18 utan
891 1098 48 20 fara
956 1098 34 20 för

231 1133 148 27 manskapets
395 1133 78 26 jemna
496 1133 43 20 och
563 1133 93 20 ostörda
679 1133 138 26 utbildning.
849 1132 43 20 Vid
908 1132 81 21 sådant

231 1167 143 20 förhållande
397 1167 43 20 och
463 1167 30 20 då
515 1167 95 21 befälets
633 1167 103 26 åtgärder
760 1167 33 20 uti
816 1166 173 27 ifrågavarande

230 1201 106 20 afseende
365 1201 116 21 dessutom
512 1201 63 21 alltid
604 1202 79 20 kunna
709 1201 25 21 af
755 1201 71 26 högre
857 1201 132 26 myndighet

230 1234 158 27 kontrolleras,
404 1235 69 21 hafva
489 1235 126 21 Ständerna
631 1235 76 21 funnit
722 1235 51 21 skäl
784 1235 51 20 icke
846 1235 143 20 förekomma

228 1269 34 20 till
287 1269 137 26 frångående
447 1269 25 21 af
485 1269 104 27 gällande
606 1269 194 28 Värnepligtslags
816 1269 172 26 bestämningar

230 1303 32 20 uti
279 1303 60 20 detta
355 1305 74 19 ämne.

300 1337 179 21 Föreskrifterna
496 1338 6 20 i
518 1337 15 28 $
549 1337 28 22 12
593 1338 25 20 af
635 1337 212 27 Värnepligtslagen
870 1337 117 26 angående

229 1371 80 26 dagen,
333 1371 50 21 från
399 1372 92 20 hvilken
512 1372 143 26 tjenstetiden
672 1372 57 20 skall
746 1371 117 21 beräknas
878 1371 36 20 för
929 1370 59 27 dem,

229 1405 79 21 hvilka
331 1406 90 20 inträda
443 1406 29 27 på
495 1406 73 26 grund
591 1406 26 20 af
637 1406 102 26 lottning,
756 1406 71 20 hafva
844 1405 6 21 i
866 1407 40 19 art.
925 1406 25 19 14
965 1405 26 21 af

229 1440 44 20 den
291 1440 81 26 nådiga
389 1440 171 27 propositionen
577 1440 160 21 underkastats
754 1440 127 26 väsentliga
898 1440 90 20 ändrin-
