1092 1756
252 134 40 21 120
453 133 84 23 Ständ.
554 133 38 23 Sv.
609 147 29 2 —
652 134 48 22 Bil.
716 134 28 22 II.

291 202 9 21 I
323 203 238 21 öfverensstämmelse
585 203 53 21 med
655 203 139 21 Ständernas
810 203 76 21 beslut
900 203 81 21 beträf-

221 237 70 21 fande
306 237 104 27 frivillige
426 237 70 21 hafva
513 237 127 21 Ständerna
656 239 80 25 ansett,
745 239 32 19 att
792 237 35 21 för
842 237 89 21 inträde
947 238 34 20 så-

223 278 51 14 som
289 272 107 20 volontär
411 272 50 21 icke
477 272 151 26 ovilkorligen
644 272 70 21 borde
730 272 89 21 fordras
836 272 96 27 skriftlig
943 278 38 15 an-

222 306 80 21 sökan.
333 306 46 21 För
393 306 68 27 öfrigt
480 306 43 21 och
540 313 50 14 som
607 306 105 21 volontär
727 306 43 20 har
780 308 33 19 att
824 306 56 28 fylla
888 314 28 14 en
925 313 56 21 upp-

221 340 111 21 kommen
348 340 96 27 vakans,
453 347 53 15 men
519 340 62 22 detta
596 340 109 21 ändamål
714 340 77 21 kunde
800 340 98 27 förfelas,
907 341 74 21 derest

222 374 77 22 såsom
323 375 107 21 volontär
443 374 85 28 jemväl
545 375 60 27 finge
620 375 109 21 anställas
745 374 51 27 den,
812 382 51 14 som
879 375 46 21 står
941 382 40 14 un-

222 408 41 22 der
277 408 66 22 tilltal
359 409 35 21 för
409 409 68 27 brott,
493 409 72 21 hvarå
574 408 130 27 ovilkorligt
712 408 147 22 frihetsstraff
864 409 46 21 kan
920 409 60 27 följa,

222 443 71 21 hafva
316 443 135 27 Ständerna,
474 443 6 21 i
503 443 75 21 stället
601 443 35 21 för
659 443 162 22 motsvarande
836 443 146 27 bestämning

222 477 33 21 uti
279 477 14 28 $
317 477 39 28 99,
379 478 70 21 infört
464 478 84 21 förbud
564 480 48 19 mot
628 478 128 27 antagande
771 478 25 21 af
809 478 72 21 sådan
897 485 83 21 person

222 512 34 21 till
280 513 111 26 volontär,
410 512 70 28 jemte
495 513 44 26 det,
560 512 2 21 i
579 513 236 20 öfverensstämmelse
830 513 54 20 med
898 513 44 20 den
959 513 25 20 af

223 546 128 21 Ständerna
374 547 111 26 vidtagna
501 547 126 27 ändringen
644 547 25 20 af
681 547 13 27 $
709 548 20 25 8,
744 547 8 20 i
768 547 160 21 förstnämnda
943 553 38 21 pa-

223 581 78 26 ragraf
313 581 73 20 tillika
402 581 123 28 upptagits,
541 583 33 19 att
589 581 77 21 såsom
682 581 105 21 volontär
802 581 50 21 icke
867 581 60 27 finge
943 588 38 14 an-

223 615 78 22 ställas
324 615 52 27 den,
399 622 50 15 som
471 616 30 27 på
517 615 74 27 grund
610 615 24 21 af
647 615 55 22 dom
718 617 25 19 är
758 615 104 27 förlustig
877 615 104 22 medbor-

223 649 78 27 gerligt
317 649 129 22 förtroende
462 650 53 21 eller
531 649 94 28 ovärdig
640 652 32 19 att
688 649 84 28 nyttjas
787 650 7 21 i
810 650 88 21 landets
906 650 73 27 tjenst.

223 680 79 31 Öfriga
318 684 6 21 i
341 685 13 26 $
369 685 28 20 99
411 684 80 28 gjorda
507 684 123 27 ändringar
643 686 39 20 äro
699 685 25 20 af
736 684 149 22 redaktionell
901 687 40 19 art.

294 719 31 20 Ur
349 719 14 28 &
387 719 46 22 100
457 719 75 26 hafva,
556 719 7 20 i
585 719 55 27 följd
660 719 24 21 af
698 719 138 21 Ständernas
852 719 75 21 beslut
941 725 39 15 om

223 753 45 21 den
290 753 133 21 nuvarande
446 753 247 22 reservinstitutionens
716 753 143 28 indragning,
883 753 27 21 de
926 753 7 21 i
949 761 32 14 se-

223 794 56 14 nare
301 789 76 20 satsen
394 787 189 22 förekommande
599 787 70 22 orden
688 788 65 21 »eller
768 795 116 14 reserven»
902 788 78 21 utlem-

224 824 58 19 nats.
314 822 89 21 Derhos
419 822 70 21 hafva
505 822 128 21 Ständerna
648 824 74 19 ansett
737 821 80 28 nödigt
831 822 34 21 till
876 828 104 21 paragra-

224 856 37 21 fen
285 856 51 27 foga
359 859 31 18 ett
409 856 73 21 andra
497 859 109 24 moment,
623 856 162 21 innehållande
801 856 125 27 stadgande
941 863 38 14 om

223 891 118 20 volontärs
363 891 128 26 antagande
514 891 74 20 under
610 891 101 26 krigstid,
732 893 56 18 utan
804 891 129 27 skyldighet
949 893 31 18 att

223 925 56 21 efter
300 925 73 20 sådan
388 925 63 21 aktiv
466 925 67 28 tjenst
549 925 53 27 ingå
617 925 7 21 i
640 932 115 19 reserven;
772 925 43 21 och
832 925 68 21 hafva
917 925 63 21 Stän-

223 959 72 21 derna
316 959 89 27 härvid,
426 961 55 20 enär
501 960 103 21 tillåtelse
620 960 35 21 för
670 960 67 21 äfven
753 960 85 21 sådane
854 959 126 28 ynglingar,

223 993 80 21 hvilka
323 995 63 19 ännu
408 994 50 21 icke
479 994 92 27 deltagit
592 994 7 21 i
616 994 94 28 uppbåd
726 995 43 20 och
785 994 103 27 lottning,
904 996 32 19 att
951 994 29 27 på

223 1027 98 22 berörda
336 1027 75 22 vilkor
427 1028 73 21 under
516 1029 95 26 krigstid
626 1029 89 20 inträda
731 1029 7 20 i
754 1028 63 21 aktiv
824 1028 74 27 tjenst,
908 1028 73 21 skulle

223 1062 92 27 betinga
340 1062 113 21 särskilda
478 1063 262 26 tilläggsbestämningar
766 1063 97 20 rörande
887 1062 93 27 uppbåd

223 1097 45 20 och
291 1096 127 27 beräkning
433 1097 26 20 af
471 1097 120 27 tjenstetid,
607 1097 65 21 hållit
687 1097 54 27 före,
757 1099 33 19 att
804 1097 74 27 dylikt
892 1096 89 21 berätti-

223 1131 74 26 gande
313 1131 72 21 borde
399 1131 131 21 tillkomma
546 1131 81 21 endast
642 1133 132 20 värnemän.

529 1308 61 28 Kap.
606 1308 66 22 XVI.

294 1370 139 21 Ständernas
455 1371 75 21 beslut
550 1373 32 19 att
598 1371 86 27 jemväl
707 1373 126 19 värnemän
850 1371 77 21 kunde
942 1379 40 13 un-

222 1405 41 20 der
278 1405 62 21 vissa
355 1405 196 27 omständigheter
566 1405 50 21 icke
631 1405 96 21 allenast
737 1405 99 22 inkallas
843 1406 33 20 till
890 1405 92 28 öfnings-

223 1441 86 25 möten,
331 1441 56 19 utan
409 1439 43 22 ock
473 1442 65 24 tagas
554 1440 8 20 i
577 1440 102 27 anspråk
695 1440 35 21 för
744 1440 28 21 de
788 1440 77 21 aktiva
880 1442 102 26 trupper-
