1086 1781
281 133 27 19 28
599 132 22 22 U.
638 132 22 22 B.

253 200 51 22 dem
319 200 110 22 utskottet
451 200 36 22 för
510 200 129 22 ändamälet
660 201 50 21 lätit
733 202 118 27 genomgä.
883 200 48 22 Och
948 200 58 22 intill

253 237 89 19 senaste
357 235 57 21 tider
429 234 41 22 har
485 235 38 21 det
539 235 73 28 aldrig
627 234 117 30 försports,
760 237 33 19 att
805 236 72 27 nägra
887 235 121 28 olägenhe-

252 271 35 19 ter
302 269 72 21 skulle
390 270 58 20 varit
470 269 108 21 förenade
593 270 52 20 med
668 272 32 19 ett
715 270 80 20 sädant
817 269 190 29 tillvägagäende,

253 303 87 21 hvilket
362 305 98 20 tvärtom
483 306 85 19 ansetts
590 311 55 14 vara
667 303 138 29 fullkomligt
823 304 116 28 naturligt.
969 304 39 21 Vi-

254 338 53 20 dare
322 337 69 22 hafva
406 338 134 22 hithörande
564 338 78 28 frägor
657 338 50 21 haft
730 340 32 19 ett
777 340 52 26 eget
844 338 113 21 inhemskt
974 346 32 14 or-

254 378 45 21 gan
322 372 7 20 i
349 374 103 19 senatens
474 372 216 28 militieexpedition.
728 372 93 21 Dennas
844 372 164 28 befogenheter

254 414 54 14 voro
332 407 44 25 väl,
394 408 72 28 enligt
488 408 148 28 reglementet
653 407 36 22 för
712 406 242 29 regeringskonseljen,
972 407 36 21 be-

254 441 117 28 gränsade,
380 449 52 14 men
440 442 74 21 denna
522 442 169 28 omständighet
699 441 98 21 berodde
809 441 113 21 sannolikt
931 441 77 29 därpä,

254 477 33 19 att
302 475 45 21 den
362 476 84 22 indelta
461 476 82 26 armen,
560 476 39 21 vid
610 476 61 21 tiden
680 476 36 21 för
724 476 159 28 reglementets
892 476 116 25 tillkomst,

254 517 40 14 var
316 510 80 22 afsedd
418 513 32 19 att
473 510 113 29 upplösas.
621 510 168 29 Expeditionen
811 510 92 28 indrogs
926 517 83 21 genom

254 544 84 28 nädiga
353 544 129 22 manifestet
496 544 26 22 af
543 545 44 21 den
603 547 25 19 21
645 545 57 28 april
720 546 61 24 1841,
797 544 43 22 och
855 544 28 22 de
903 544 105 26 ärenden,

254 578 78 22 hvilka
348 579 70 21 dittils
426 579 133 21 behandlats
571 579 25 21 af
602 580 136 24 densamma,
747 579 132 29 uppdrogos
887 581 23 19 ät
918 578 89 26 finans-,

254 613 109 21 kammar-
378 614 43 21 och
436 614 147 28 räkenskaps-
606 616 58 19 samt
679 614 264 28 kansliexpeditionerna.
973 606 35 28 År

256 650 54 18 1858
326 648 120 21 inrättades
463 648 124 21 emellertid
610 650 47 19 åter
673 656 28 13 en
717 648 95 22 särskild
828 648 129 28 expedition
971 648 38 21 för

254 682 168 28 behandlingen
438 682 26 22 af
483 682 97 22 militära
598 682 105 26 ärenden,
726 682 43 22 och
785 684 22 19 åt
823 682 74 22 denna
912 682 50 28 gafs
978 690 27 14 en

254 716 150 22 vidsträktare
421 716 137 29 befogenhet
574 720 29 18 än
623 717 44 21 den
682 717 238 28 militieexpeditionen
936 717 71 27 enligt

255 750 147 28 reglementet
417 750 36 22 för
468 751 236 29 regeringskonseljen
720 753 45 26 egt,
780 751 7 21 i
803 751 38 21 det
855 751 69 21 bland
938 753 70 19 annat

252 836 42 23 juni
307 837 41 17 1831
368 835 90 24 angående
471 836 57 18 finska
540 836 205 24 krigskommissariatets
759 837 113 23 upplösning;
885 837 124 17 förordnandet

255 864 21 18 af
286 865 34 17 den
332 866 23 16 28
366 866 94 17 november
472 866 44 17 1833
534 864 91 24 angående
642 865 92 18 förändrad
747 866 120 22 organisation
879 865 20 18 af
909 865 56 18 första
977 865 32 17 fin-

254 893 33 17 ska
299 894 118 22 sjöekipaget;
430 894 118 22 kungörelsen
560 894 20 17 af
585 894 34 18 den
627 896 20 15 12
655 894 90 18 december
753 895 43 17 1836
803 893 91 23 angående
901 894 108 17 inrättandet

255 922 21 17 af
286 927 21 12 en
320 922 174 22 öfverkrigsdomstol
512 922 28 18 för
551 922 58 18 finska
621 922 88 18 militären
721 923 32 17 och
765 923 107 21 lotsvärket;
885 922 124 23 förordningen

255 950 21 18 af
286 951 34 17 den
332 952 23 16 27
364 951 42 22 juni
418 952 44 16 1839
474 950 91 23 angående
577 952 46 16 hvad
635 951 90 23 iakttagas
737 952 32 16 bör
781 951 29 17 vid
824 951 146 17 rekvisitionerna
977 951 32 17 och

255 979 156 22 redovisningarna
423 979 20 18 af
454 980 20 16 de
487 979 27 18 till
526 979 58 18 finska
592 980 97 17 militärens
697 978 92 19 underhåll
797 980 86 22 anslagna
891 980 63 21 medel;
964 980 45 16 kun-

255 1007 81 23 görelsen
349 1007 19 18 af
379 1008 34 17 den
426 1009 20 16 15
459 1008 43 22 april
516 1008 43 18 1845
571 1007 91 23 angående
675 1008 118 22 uppsättning
805 1008 20 18 af
837 1008 39 22 fyra
890 1008 84 18 värfvade
982 1013 27 12 re-

256 1035 68 23 guliera
336 1036 98 23 bataljoner
446 1036 5 18 i
464 1036 81 22 Finland;
564 1036 119 23 kungörelsen
695 1036 21 18 af
726 1037 35 17 den
772 1038 11 16 8
796 1037 43 22 april
856 1038 44 16 1846
918 1035 92 23 angående

255 1064 140 23 uppsättningen
407 1065 20 17 af
438 1070 22 12 en
471 1065 46 17 finsk
530 1065 202 23 skarpskyttebataljon;
745 1065 119 23 kungörelsen
877 1065 20 18 af
907 1066 103 17 den
949 1060 12 32 9
968 1066 42 17 mars

256 1094 44 16 1853
319 1092 91 24 angående
428 1094 63 22 tillägg
508 1094 28 17 till
550 1094 147 22 aflöningsstaten
716 1094 27 17 för
756 1094 55 17 första
829 1094 58 17 finska
899 1094 111 22 sjöekipaget

255 1123 47 16 samt
313 1122 135 22 redovisningen
461 1122 27 18 för
499 1123 40 17 dess
551 1123 78 23 aflöning
647 1124 56 17 under
715 1123 120 23 tjänstgöring
851 1122 77 23 tillsjös;
941 1122 68 23 kungö-

255 1150 58 18 relsen
325 1150 20 18 af
356 1151 33 17 den
402 1152 22 16 28
436 1151 91 17 december
540 1152 43 17 1853
601 1150 91 24 angäende
706 1151 118 18 formerandet
836 1151 21 17 af
867 1152 26 16 ett
905 1151 104 22 ytterligare

255 1179 44 17 eller
310 1180 54 17 andra
376 1180 58 17 finska
446 1180 109 22 sjöekipage;
571 1180 102 18 manifestet
685 1180 21 17 af
717 1180 34 18 den
765 1181 18 16 11
799 1181 36 21 (23)
845 1180 41 22 juni
900 1180 42 17 1854
955 1178 53 24 angä-

255 1208 45 17 ende
312 1206 166 24 äteruppsättandet
490 1208 20 18 af
520 1214 23 12 en
555 1208 28 18 del
595 1208 20 18 af
627 1209 34 17 den
673 1209 65 17 indelta
752 1208 57 18 finska
816 1209 67 21 armén;
891 1208 118 22 kungörelsen

255 1236 21 17 af
286 1237 34 17 den
332 1238 23 16 27
364 1237 42 23 juni
425 1238 43 16 1854
486 1236 90 23 angäende
592 1237 98 18 kostnaden
709 1237 27 17 för
748 1237 21 18 de
782 1237 27 17 till
829 1236 116 23 uppsättning
956 1237 53 17 anbe-

256 1264 44 18 falte
312 1266 66 16 tvänne
391 1265 65 17 indelte
468 1265 223 23 skarpskyttebataljoners
704 1266 99 17 beklädnad
815 1266 32 16 och
859 1265 85 22 beväring
953 1260 19 32 m.
982 1260 27 32 m.;

255 1293 119 22 kungörelsen
386 1294 20 17 af
417 1294 33 17 den
464 1294 20 17 16
496 1294 73 17 oktober
583 1295 43 16 1854
642 1293 91 23 angäendo
746 1294 117 22 uppsättning
875 1294 21 17 af
906 1294 104 22 ytterligare

255 1323 67 16 tvänne
340 1322 98 23 bataljoner
456 1322 55 18 indelt
523 1322 74 22 militär;
615 1322 119 22 kungörelsen
746 1322 21 18 af
778 1323 34 17 den
826 1324 19 15 13
858 1323 95 17 november
966 1322 43 18 1854

256 1348 91 24 angående
365 1351 103 22 ytterligare
486 1351 119 22 uppsättande
623 1351 20 17 af
660 1351 56 17 indelt
734 1351 66 17 militär
818 1351 5 17 i
843 1350 167 18 storfurstendömet

255 1378 84 23 Finland;
353 1379 118 23 kungörelsen
483 1379 20 18 af
520 1380 34 17 den
567 1380 21 17 15
601 1379 77 18 februari
692 1380 43 17 1855
754 1378 91 24 angående
861 1381 58 16 staten
932 1379 27 17 för
971 1380 21 16 de
1004 1379 6 17 i

255 1407 76 17 Finland
344 1409 83 21 uppsatta
439 1408 66 17 indelta
520 1408 245 22 skarpskyttebataljonerna;
780 1408 119 22 kungörelsen
911 1408 20 17 af
942 1408 33 17 den
988 1409 22 16 12

324 1448 140 22 Lagutskottets
477 1448 120 17 betänkande.
