1086 1778
777 144 27 21 35

352 251 68 12 SJUNDE
432 250 136 14 AFDELNINGEN,

228 304 37 18 Om
277 304 121 21 besigtning
409 303 39 18 och
460 304 119 21 antagande
591 303 8 17 i
610 303 74 21 tjenst.

146 364 50 18 Art.
209 363 53 19 105.
287 360 70 22 Sedan
366 360 119 28 lottningen
496 360 122 27 försiggått,
630 360 84 22 skrider
723 360 113 22 Distrikts-

77 396 90 21 nämden
189 396 34 21 till
245 394 122 28 besigtning
384 394 24 22 af
426 394 26 22 de
467 394 128 28 uppbädade
610 394 40 22 och
666 394 33 22 till
715 395 121 28 antagande

77 430 7 21 i
99 430 66 27 tjenst
180 430 24 21 af
218 429 55 27 dem,
289 429 73 21 hvilka
377 429 96 22 befinnas
490 429 70 22 dertill
576 429 95 27 dugliga.
701 429 42 22 Vid
758 430 79 27 besigt-

77 465 86 27 ningen,
187 470 47 16 som
249 464 125 21 verkställes
389 465 7 20 i
411 463 96 28 enlighet
522 464 48 21 med
586 464 27 21 de
628 464 8 21 i
650 464 42 21 art.
708 465 25 20 31
750 464 87 27 angifna

78 499 141 26 föreskrifter,
244 499 74 21 kunna
335 498 80 27 jemväl
432 499 92 20 närvara
540 499 6 20 i
561 497 157 28 förrättningen
731 498 47 22 icke
793 498 44 21 del-

79 533 72 27 aktiga
168 539 107 21 personer,
291 533 46 21 ifall
352 533 111 21 Nämdens
478 532 136 22 Ordförande
629 531 69 23 finner
712 533 79 27 skäligt
804 532 33 22 sä-

79 568 53 21 dant
147 567 78 22 tilläta.

151 615 49 19 Art.
217 615 53 19 106.
300 613 56 22 Frän
371 613 121 27 besigtning
507 613 79 21 befrias
602 613 32 27 de,
646 619 45 15 som
702 612 67 22 förete
780 612 58 27 intyg

81 647 23 22 af
117 648 7 21 i
139 648 122 27 statstjenst
283 648 89 21 stäende
394 647 76 22 läkare
486 647 103 26 deröfver,
605 649 34 19 att
654 647 26 21 de
696 647 95 21 hvarken
805 646 33 21 till

80 682 181 27 kroppsbyggnad
277 682 51 21 eller
343 681 159 22 helsotillständ
517 683 36 20 äro
569 681 115 22 behäftade
694 681 49 22 med
749 681 89 27 brister,

81 716 73 22 hvilka
168 716 70 22 skulle
253 716 77 22 hindra
345 716 61 21 deras
422 716 121 27 antagande
558 716 7 21 i
580 715 131 28 krigstjenst.

150 764 50 19 Art.
217 764 52 18 107.
292 762 127 28 Besigtning
434 762 101 21 anställes
550 762 55 21 först
615 762 13 21 å
639 762 25 21 de
675 768 107 21 personer,
793 767 45 15 som

81 798 38 19 äro
142 796 85 21 införda
243 796 6 21 i
265 796 209 27 fyllnadslängderna
488 796 20 22 A
522 796 40 22 och
577 796 18 21 B
611 796 51 27 (art.
678 796 44 27 90),
737 796 40 22 och
793 796 46 21 der-

81 831 61 26 efter,
162 831 2 21 i
180 830 41 22 den
238 830 91 28 ordning
344 837 116 15 numrorna
475 830 52 28 följa
542 830 7 22 i
564 831 115 24 lottlistan,
702 832 6 20 å
724 830 54 27 dem,
793 836 46 16 som

82 865 47 21 icke
149 867 36 19 äro
200 865 135 27 berättigade
350 866 33 20 till
399 865 96 27 eftergift
509 865 28 27 på
553 866 70 26 grund
640 865 23 21 af
676 864 163 28 familjeförhål-

82 900 84 21 landen.
196 900 11 20 I
226 900 101 21 händelse
343 900 62 21 dessa
420 900 46 21 icke
482 900 52 27 fylla
549 900 36 21 det
600 900 60 21 antal
675 900 103 26 rekryter,
794 905 45 15 som

83 934 38 21 bör
136 936 87 25 uttagas
239 934 47 21 från
302 934 103 26 området,
421 934 142 22 underkastas
576 934 124 28 besigtning
710 934 7 21 i
727 934 114 21 enahanda

82 968 92 27 ordning
190 969 26 21 de
231 975 108 21 personer,
355 969 72 21 hvilka
443 969 88 21 tillhöra
545 969 70 27 tredje
630 969 112 27 kategorin
753 969 24 21 af
785 969 54 26 dem,

82 1009 46 15 som
151 1005 37 19 äro
213 1003 134 27 berättigade
368 1004 33 21 till
416 1003 120 27 eftergifter
551 1003 29 28 på
594 1004 70 26 grund
680 1004 24 21 af
717 1003 124 27 familjeför-

83 1037 121 27 hållanden,
228 1040 56 19 samt
307 1038 94 22 derefter
424 1038 26 22 de
467 1038 23 21 af
504 1038 67 22 andra
586 1038 120 28 kategorin,
722 1038 56 21 intill
794 1038 47 21 dess

84 1071 48 22 hela
147 1072 82 21 antalet
244 1072 103 27 rekryter,
364 1078 44 15 som
423 1072 47 21 från
482 1071 97 22 området
589 1072 40 21 bör
640 1074 93 25 uttagas,
745 1074 24 19 är
780 1071 61 28 fyldt.

153 1117 48 17 Anm.
226 1117 93 22 Personer,
333 1123 37 12 som
383 1118 75 17 erhållit
470 1117 82 24 uppskof
561 1118 30 17 till
604 1117 56 23 något
672 1117 81 23 följande
763 1117 78 23 uppbåd,

83 1146 54 18 skola
155 1146 111 18 inberäknas
279 1147 5 17 i
297 1147 31 17 det
345 1147 51 18 antal
413 1147 91 22 rekryter,
518 1152 38 13 som
568 1147 34 18 bör
614 1148 76 21 uttagas
701 1146 42 18 från
755 1145 87 22 området,

85 1175 40 18 icke
143 1175 28 18 för
188 1175 33 17 det
239 1176 26 20 år,
283 1175 22 18 de
320 1175 75 18 erhållit
407 1175 86 23 uppskof,
506 1177 44 16 utan
563 1175 29 18 för
603 1175 37 22 det,
653 1175 24 18 då
689 1175 22 18 de
722 1174 81 19 faktiskt
815 1174 26 17 in-

83 1203 55 19 träda
150 1204 6 17 i
168 1204 63 22 tjenst.

154 1247 50 18 Art.
221 1246 53 19 108.
305 1245 38 26 De,
362 1245 72 22 hvilka
450 1245 90 28 deltagit
554 1245 7 22 i
576 1245 99 28 lottning,
691 1251 48 15 men
755 1244 34 22 stå
804 1250 38 15 un-

85 1279 38 20 der
145 1279 66 21 tilltal
231 1279 39 21 och
286 1279 23 21 af
323 1279 93 22 domstol
432 1279 70 22 blifvit
517 1279 100 22 frikända
633 1280 52 21 eller
700 1279 65 28 fälda,
781 1279 62 21 skola

85 1313 141 22 underkastas
243 1313 121 28 besigtning
380 1314 38 21 och
434 1317 91 24 antagas
536 1314 6 21 i
553 1314 66 27 tjenst
630 1314 35 21 vid
675 1316 127 25 trupperna:
817 1313 26 22 de

85 1347 145 22 förstnämnde
247 1349 132 21 omedelbart
390 1349 67 21 sedan
469 1349 36 21 det
515 1349 142 21 frikännande
668 1349 93 26 utslaget
769 1348 74 21 vunnit

86 1382 50 27 laga
150 1382 65 27 kraft,
231 1385 57 19 samt
303 1383 26 21 de
345 1389 75 16 senare
436 1383 53 22 efter
506 1383 36 22 det
556 1383 27 21 de
598 1383 98 21 försonat
706 1383 35 20 det
751 1382 24 21 af
784 1382 59 21 dom-

86 1417 70 20 stolen
173 1416 91 22 ådömda
279 1417 69 27 straff,
364 1417 39 21 der
418 1417 84 21 straffet
518 1417 45 21 icke
573 1417 83 21 medför
666 1417 77 21 förlust
753 1416 24 22 af
785 1417 58 21 med-

86 1450 116 28 borgerligt
213 1450 123 23 förtroende
348 1452 68 21 under
426 1453 81 20 tretton
517 1452 23 21 år
548 1451 53 22 eller
609 1450 123 22 derutöfver
740 1451 51 27 (art.
802 1450 41 27 11).
