1086 1773
272 130 28 18 22
593 128 21 23 U.
632 128 22 22 B.

244 198 30 27 pä
297 196 60 22 olika
378 204 75 22 vapen
475 197 59 22 efter
556 197 73 23 behof
649 198 43 21 och
713 197 104 29 förlagda
831 198 8 20 i
854 198 67 21 länen
939 197 61 22 inom

244 231 83 25 landet,
343 234 56 18 samt
415 234 33 19 att
461 232 114 28 Kejsaren
586 232 44 22 och
640 232 141 22 Storfursten
791 234 31 26 pä
831 232 169 28 framställning

244 265 27 21 af
284 268 92 19 senaten
396 266 35 21 för
447 266 98 22 Finland
561 266 123 22 fastställer
700 266 175 29 truppstyrkans
891 273 108 15 samman-

244 300 102 29 sättning
369 301 42 21 och
433 301 133 29 fördelning
588 303 30 27 pä
640 301 28 22 de
691 301 60 22 olika
773 309 89 20 vapnen
883 301 115 22 äfvensom

243 335 53 21 dess
312 335 140 22 dislokation.
483 336 74 21 Dessa
580 336 169 28 bestämningar
767 335 70 22 hafva
852 336 7 20 i
875 335 27 22 de
916 335 83 28 nådiga

244 369 195 28 propositionerna
455 373 86 18 ansetts
555 371 56 21 böra
626 370 134 29 upphäfvas.

313 403 67 22 Hvad
402 404 59 22 först
483 405 28 21 de
526 405 75 21 finska
619 407 135 26 truppernas
769 404 167 21 fredsnumerär
951 403 47 22 vid-

244 438 107 25 kommer,
375 439 91 28 stadgas
482 439 7 21 i
505 441 27 19 26
548 441 40 19 art.
605 439 7 21 i
628 439 109 28 förslaget
756 439 35 21 till
813 439 134 28 förordning
961 445 37 14 an-

243 472 89 28 gäende
348 473 27 20 de
390 473 74 22 finska
479 475 135 26 truppernas
631 473 153 28 organisation
798 473 43 22 och
851 473 146 28 förvaltning,

244 509 33 18 att
300 507 83 21 antalet
406 507 144 29 afdelningar
574 510 58 19 samt
649 515 90 21 person-
755 507 43 22 och
813 507 185 22 hästnumerären

243 541 40 22 vid
298 541 28 22 de
341 541 73 22 finska
436 545 125 26 trupperna
585 542 119 22 äfvensom
721 542 64 21 dessa
803 545 105 26 truppers
923 542 75 21 förnö-

243 575 190 22 denhetsartiklar
448 577 64 21 skola
527 576 139 22 bestämmas
680 577 34 21 uti
724 577 44 21 den
779 577 114 21 allmänna
902 576 96 22 förteck-

243 610 87 28 ningen
352 611 64 21 öfver
438 611 190 28 landttrupperna
644 611 41 22 och
700 611 8 21 i
723 611 153 28 samlingarna
891 610 25 22 af
929 613 69 20 stater

243 645 44 20 och
302 645 99 21 tabeller.

312 679 67 22 Hvad
395 680 108 21 beträffar
519 680 28 21 de
564 680 74 21 finska
650 682 135 27 truppernas
796 680 202 28 sammansättning

243 713 43 22 och
302 713 130 30 fördelning
447 717 29 26 pä
492 715 61 21 olika
566 722 75 21 vapen
652 715 117 21 äfvensom
780 714 65 21 deras
856 714 140 26 dislokation,

243 748 124 22 innehäller
391 751 10 18 1
419 751 40 19 art.
476 749 7 21 i
499 749 134 21 nästnämda
655 749 86 28 förslag
759 749 35 20 till
808 748 140 28 förordning,
964 750 33 19 att

243 782 212 28 krigsministerium
470 783 142 29 handlägger
628 783 99 22 ärenden
743 783 118 28 angäende
876 783 68 21 bland
960 790 36 13 an-

242 819 41 18 nat
299 817 27 22 de
341 817 73 22 finska
429 820 136 27 truppernas
582 818 203 27 sammansättning
801 817 43 22 och
856 817 140 22 dislokation.

242 851 12 20 I
270 850 233 23 öfverensstämmelse
527 852 93 22 härmed
637 855 24 18 är
676 853 7 20 i
699 855 26 18 28
741 854 40 19 art.
798 852 26 21 af
836 851 108 28 förslaget
960 851 38 22 det

243 886 141 29 uttryckliga
407 888 125 28 stadgande
555 888 93 28 intaget,
672 889 32 20 att
726 887 28 22 de
776 886 75 22 finska
874 889 124 26 trupperna

242 920 79 22 kunna
344 921 53 29 ingä
419 923 33 20 uti
475 922 69 21 äfven
566 925 64 18 utom
646 922 96 21 Finland
757 921 105 28 förlagda
877 921 120 21 divisioner

243 955 43 21 och
309 955 71 22 kårer.
410 957 12 20 I
437 957 44 21 den
505 957 82 21 nämda
610 957 80 21 artikel
712 956 108 28 bifogade
842 955 154 28 förklaringen

242 991 67 26 säges
324 990 8 21 i
346 991 89 28 tydliga
450 991 100 28 ordalag,
566 993 34 19 att
615 991 98 21 afsikten
729 990 19 28 ej
766 993 25 18 är
806 992 33 19 att
852 990 79 21 därvid
942 992 55 25 göra

243 1025 77 26 nägon
331 1025 111 22 ätskilnad
453 1025 84 22 mellan
546 1026 72 27 krigs-
630 1025 42 22 och
682 1025 102 22 fredstid.
811 1024 100 21 Sälunda
921 1023 75 22 kunde

242 1057 29 22 de
286 1058 74 22 finska
381 1062 124 26 trupperna
528 1059 69 22 äfven
618 1060 73 21 under
713 1059 96 22 fredstid
824 1066 54 13 vara
893 1057 104 29 förlagda

242 1095 64 18 utom
320 1093 88 22 landets
425 1097 98 25 gränser.
554 1095 11 20 I
580 1094 101 28 enlighet
696 1093 93 22 härmed
804 1093 131 21 förutsättes
951 1093 7 20 i
968 1094 28 19 48

242 1127 43 21 och
300 1129 28 20 49
344 1130 40 19 art.
401 1129 25 20 af
439 1129 175 28 ifrågavarande
630 1129 86 28 förslag
730 1128 35 21 till
775 1127 141 28 förordning,
926 1129 32 19 att
968 1134 26 13 en

241 1161 66 28 dylik
322 1162 147 29 förflyttning
484 1163 26 22 af
523 1163 27 21 de
566 1163 74 21 finska
655 1165 124 26 trupperna
792 1164 63 19 utom
865 1161 96 22 Finland
972 1164 24 18 är

241 1195 86 30 möjlig,
344 1197 39 21 där
399 1197 224 28 omständigheterna
638 1205 65 13 anses
719 1197 77 21 fordra
811 1196 44 21 det.

310 1232 45 21 122
369 1233 14 26 $
399 1232 8 21 i
421 1231 205 28 värnepliktslagen.
656 1226 77 27 Äfven
748 1231 124 21 innehållet
887 1230 25 21 af
923 1230 73 21 denna

240 1265 114 28 paragraf,
370 1266 94 21 hvilken
479 1265 93 28 stadgar
589 1273 37 14 om
641 1265 27 21 de
683 1265 75 21 finska
768 1268 135 25 truppernas
914 1266 82 19 utrust-

240 1299 58 28 ning
320 1300 42 21 och
385 1300 119 21 underhåll
527 1302 59 19 samt
608 1307 37 14 om
661 1299 154 22 bestridandet
834 1299 25 20 af
877 1299 27 20 de
920 1297 76 22 därför

240 1333 86 28 nödiga
341 1334 158 25 kostnaderna,
515 1334 41 21 har
571 1334 7 21 i
594 1334 28 21 de
636 1334 84 28 nådiga
729 1333 197 28 propositionerna
936 1332 60 21 från-

240 1369 68 26 gåtts.
338 1368 12 21 I
365 1368 50 21 dess
438 1368 65 21 ställe
519 1368 69 21 hafva
603 1368 7 21 i
627 1370 26 19 19
669 1371 40 18 art.
725 1367 24 22 af
764 1367 110 28 förslaget
896 1366 33 21 till
951 1366 44 22 för-

239 1401 100 29 ordning
361 1402 117 28 angående
494 1402 28 21 de
537 1402 75 21 finska
634 1405 135 25 truppernas
785 1401 153 28 organisation
953 1401 43 22 och

309 1448 140 23 Lagutskottets
463 1448 119 17 betänkande.
