1086 1745
439 133 29 22 U.
484 133 27 22 B.
798 134 26 20 27

98 201 26 20 då
140 201 30 21 till
186 201 75 21 endast
276 202 13 20 2
305 202 28 27 år,
349 203 59 20 utom
423 202 33 20 för
472 201 122 22 kavalleriet
610 203 40 20 och
664 202 36 21 det
710 202 88 21 ridande
806 202 48 21 fält-

98 235 114 27 artilleriet,
235 235 32 21 för
282 236 72 20 hvilka
369 236 130 21 fortfarande
515 236 65 27 gäller
596 242 26 15 en
638 236 107 27 tjenstetid
761 237 21 20 af
798 237 12 20 3
826 236 28 21 år.

167 269 87 22 Oafsedt
272 272 30 19 att
317 277 26 14 en
359 270 135 27 förlängning
509 270 21 21 af
545 270 136 27 tjenstetiden
696 271 7 20 i
719 270 88 21 Finland
823 270 33 21 så-

99 304 57 21 ledes
181 310 50 15 vore
256 310 25 15 en
310 304 79 27 åtgärd,
414 311 45 14 som
485 304 59 21 stode
569 305 7 20 i
604 304 95 21 kontrast
714 309 43 16 mot
770 305 86 21 utveck-

99 337 69 28 lingen
185 338 21 20 af
221 337 26 22 de
263 338 101 21 moderna
380 339 207 26 försvarssystemen,
600 338 72 21 kunde
683 339 40 20 den
733 339 46 21 icke
790 339 67 21 heller

99 372 112 21 motiveras
233 372 94 27 dermed,
343 374 29 19 att
395 372 40 21 den
461 373 123 20 nuvarande
603 373 134 26 tjenstetiden
753 373 38 21 här
806 380 50 14 vore

100 406 81 21 kortare
200 408 27 19 än
250 407 6 19 i
281 407 65 20 andra
361 407 80 20 länder.
471 407 30 20 På
516 409 40 18 sätt
572 407 65 21 redan
652 407 108 21 framhölls
776 409 24 19 är
814 407 41 21 den

99 440 108 21 allmänna
228 440 134 27 tjenstetiden
387 440 34 21 vid
443 440 86 21 aktiven
548 441 33 20 för
603 441 152 20 närvarande
747 436 14 36 i
775 441 79 21 Frank-

100 475 45 20 rike
162 475 12 20 3
190 475 39 20 och
244 475 7 19 i
266 474 106 27 Tyskland
388 475 13 20 2
417 476 12 19 a
445 475 12 20 3
473 474 29 23 år;
518 475 6 20 i
541 471 223 31 Österrike—Ungern
780 477 24 19 är
813 475 41 21 den

101 510 12 19 3
129 509 28 26 är,
173 511 58 18 utom
247 509 33 20 för
302 509 102 26 marinen,
420 509 33 20 för
468 509 84 20 hvilken
569 509 66 27 gäller
651 515 25 14 en
694 509 28 20 tid
738 509 22 20 af
774 511 13 19 4
800 509 32 26 är;
849 509 7 20 i

100 543 75 21 Italien
191 543 39 21 och
245 543 115 26 Bulgarien
384 545 24 18 är
431 543 41 21 den
489 544 12 19 2
517 545 12 18 ä
544 544 12 20 3
572 543 32 25 är;
621 543 6 20 i
643 543 92 27 Spanien
751 544 39 20 och
805 543 51 21 Por-

101 577 57 27 tugal
174 579 22 18 är
211 577 40 21 den
269 577 12 20 3
297 577 28 27 är,
341 580 55 17 samt
411 577 6 20 i
433 577 87 21 Serbien
537 578 38 20 och
592 577 107 21 Grekland
715 578 73 21 endast
804 579 12 20 2
828 578 28 20 är.

168 611 50 21 Men
241 612 18 26 ej
285 611 52 21 blott
359 611 65 21 andra
439 611 84 22 länders
539 612 98 27 exempel
652 612 41 20 kan
710 612 100 27 äberopas
826 612 32 21 sä-

101 653 45 14 som
164 645 43 21 skäl
225 647 57 19 emot
298 645 40 21 den
355 645 120 28 föreslagna
490 646 114 24 reformen;
621 646 62 21 äfven
700 646 40 21 den
756 653 54 20 egna
826 653 31 14 er-

101 680 121 21 farenheten
239 680 38 20 har
292 680 76 27 tydligt
384 680 111 27 ädagalagt
510 682 30 19 att
550 680 40 21 den
602 681 8 20 i
621 680 89 21 Finland
722 687 29 14 nu
759 681 98 26 gällande

101 715 89 27 treäriga
201 714 135 28 tjenstetiden
351 715 34 20 vid
398 715 85 20 aktiven
500 717 23 18 är
538 721 45 14 mer
595 717 26 18 än
638 715 112 26 tillräcklig
760 717 30 18 att
800 715 21 20 af
831 715 25 20 de

101 749 67 21 finske
183 749 152 27 värnepligtige
351 749 65 27 skapa
431 749 54 26 goda
501 749 97 21 soldater.
616 749 10 20 I
637 749 72 20 sådant
718 749 98 21 afseende
824 749 34 20 mä

102 784 37 19 här
147 783 52 21 blott
205 783 80 21 erinras
293 789 34 15 om
336 783 35 21 det
378 783 141 27 erkännande,
525 790 45 14 som
578 783 34 21 vid
621 783 102 21 särskilda
730 783 128 27 lägermöten

101 818 39 20 och
158 819 119 25 manövrer,
292 819 70 19 senast
378 817 69 21 under
461 824 119 14 sommaren
596 817 24 20 år
636 818 55 20 1898
708 817 33 21 vid
757 817 26 21 de
799 819 56 19 stora

101 853 139 19 manövrerna
263 851 57 21 invid
343 851 30 22 S:t
388 851 134 27 Petersburg,
543 852 46 20 från
606 852 35 21 det
656 852 73 26 högsta
744 851 114 21 militärbe-

101 886 60 20 fälets
183 886 46 20 sida
252 886 88 20 kommit
366 886 26 20 de
416 886 69 20 finska
510 889 113 24 trupperna
648 886 31 20 till
700 886 38 20 del.
768 885 45 21 Och
828 888 30 18 att

102 920 60 21 dessa
184 922 86 25 trupper
292 920 69 20 städse
385 920 92 21 utmärkt
495 921 32 26 sig
542 920 32 20 för
590 920 31 21 sin
634 920 142 21 framstående
792 920 66 26 skjut-

101 954 125 26 skicklighet
241 956 23 18 är
279 956 97 25 nogsamt
391 954 70 21 kändt.

168 988 40 20 Till
231 988 61 21 dessa
315 988 87 21 resultat
424 988 97 28 bidrager
539 989 6 20 i
561 988 46 21 icke
623 988 117 28 oväsentlig
755 988 51 27 grad
822 988 36 20 det

102 1022 136 26 förhållande,
254 1024 30 19 att
299 1022 35 21 vid
350 1023 26 21 de
392 1023 67 21 finska
475 1025 114 25 trupperna
603 1023 69 21 finnes
688 1025 29 19 ett
726 1022 130 28 jemförelse-

102 1057 31 20 vis
156 1058 52 19 stort
223 1056 57 21 antal
296 1057 41 21 fast
352 1057 95 21 anstälda
463 1057 177 21 underofficerare
656 1057 39 21 och
710 1057 144 25 instruktörer,

102 1091 135 27 hvarigenom
253 1091 135 27 möjliggöres
410 1098 26 14 en
458 1091 92 21 intensiv
572 1091 153 27 undervisning
742 1091 38 21 och
797 1090 59 21 deraf

102 1124 92 27 följande
217 1125 69 27 hastig
306 1125 120 27 utbildning
449 1126 20 20 af
492 1126 26 20 de
541 1126 157 27 värnepligtige.
727 1122 69 24 Äfven
822 1131 34 14 om

102 1159 41 21 den
173 1159 122 21 nuvarande
328 1160 225 26 —reservinstitutionen,
584 1166 44 14 som
659 1160 33 20 för
723 1158 135 28 manskapets

101 1193 113 21 inöfvande
238 1194 68 20 under
328 1194 223 21 sommarmänaderna
574 1194 84 20 kräfver
680 1196 30 18 ett
732 1196 65 18 större
821 1199 37 14 an-

102 1227 29 21 tal
152 1228 145 26 instruktörer,
320 1228 70 20 hvilka
414 1228 128 21 deremellan
571 1228 81 20 kunnat
678 1228 31 20 för
735 1226 123 22 utbildande

103 1262 20 20 af
145 1261 26 21 de
191 1262 70 20 aktiva
276 1264 114 25 trupperna
406 1262 113 27 användas,
535 1262 83 21 komme
634 1264 30 19 att
679 1262 7 21 i
702 1262 92 26 enlighet
809 1260 49 21 med

103 1295 117 21 Utskottets
242 1296 79 27 förslag
343 1296 104 27 indragas,
470 1303 64 20 synes
556 1296 54 21 dock
629 1298 91 24 utvägen
737 1298 29 18 att
781 1295 36 20 vid
832 1295 26 20 de

103 1329 69 21 aktiva
194 1331 114 26 trupperna
332 1330 105 21 bibehålla
455 1333 30 18 ett
500 1330 104 27 talrikare,
619 1331 41 20 fast
676 1330 90 21 anstäldt
782 1329 77 20 under-

104 1363 53 21 befäl
181 1363 74 21 kunna
275 1364 63 21 äfven
362 1364 104 27 framgent
489 1365 81 20 anlitas.
600 1364 107 21 Afseende
722 1364 38 21 bör
776 1363 83 21 dessut-

103 1403 34 15 om
158 1397 64 21 fästas
251 1397 34 21 vid
309 1398 41 21 den
368 1398 59 21 inom
443 1398 26 21 de
484 1398 68 21 finska
568 1401 114 24 trupperna
698 1398 72 27 gjorda
785 1397 75 20 iaktta-

103 1431 56 27 gelse
176 1433 29 19 att
227 1431 126 28 soldaterne,
376 1432 66 21 sedan
465 1433 26 20 de
507 1433 57 20 inom
581 1432 34 21 tvä
630 1432 24 20 är
669 1432 68 21 blifvit
751 1432 108 26 förtrogne
