1086 1759
434 117 23 23 U.
474 117 22 22 B.
789 120 27 20 99

157 188 17 18 1.
205 186 39 21 De
267 186 29 21 af
316 186 104 28 Kejsar
441 186 162 22 Alexander
619 187 11 21 I
653 186 45 22 för
720 187 123 21 Finland

86 220 157 21 faststälda
268 220 216 29 grundlagarna
511 221 84 26 bilda,
623 222 92 20 såsom
739 228 106 15 monar-

86 255 53 21 ken
155 254 72 28 själf
239 254 73 22 flere
327 256 108 26 gånger
454 255 116 28 uttrykt
585 255 51 28 sig.
654 262 33 14 en
702 256 142 21 konstitu-

85 289 68 25 tion,
184 288 51 22 och
261 289 90 20 denna
375 289 165 21 innehåller
564 289 35 21 bl.
626 297 26 13 a:
679 292 41 18 att
745 290 99 21 landet

86 323 75 21 skall
177 326 94 25 styras
295 323 92 28 enligt
402 323 64 21 dess
482 330 71 21 egna
575 324 91 28 lagar;
683 326 41 19 att
739 331 105 15 monar-

85 357 54 22 ken
155 365 66 21 eger
236 360 79 25 styra
335 357 51 22 och
401 358 67 21 råda
490 358 60 21 med
565 358 115 21 biträde
698 358 30 21 af
740 359 103 21 inhem-

85 392 50 21 ska
149 392 213 28 myndigheter;
377 395 42 18 att
434 392 53 28 lag,
505 400 66 13 vare
587 393 45 28 sig
650 393 144 28 grundlag
809 393 33 22 el-

85 426 42 21 ler
142 434 92 13 annan
249 427 52 27 lag,
318 434 56 14 som
390 427 75 21 skall
480 427 78 27 gälla
573 427 123 26 ilandet,
713 427 53 22 kan
781 428 62 21 stif-

85 463 42 19 tas
143 461 76 21 blott
234 461 59 21 med
316 461 171 21 ständernas
509 461 86 21 bifall
614 461 52 22 och
688 462 154 28 samtycke,

85 497 63 20 utom
162 497 30 26 på
207 497 69 26 några
293 495 113 25 områden,
422 495 40 21 där
482 496 125 21 monarken
622 503 54 20 eger
691 495 91 23 utfärda
797 496 45 22 för-

85 529 126 28 fattningar
226 532 55 19 utan
296 529 138 22 medvärkan
450 529 27 22 af
490 530 128 25 ständerna,
634 530 60 21 dock
709 532 30 24 så,
755 533 34 19 att
804 531 38 21 det

85 564 51 21 sker
151 564 51 21 med
225 564 86 21 biträde
334 564 26 21 af
379 564 119 21 inhemska
520 564 170 28 myndigheter;
715 578 25 2 —
763 568 78 24 samt,

85 598 72 21 hvad
173 598 140 21 särskildt
331 599 222 21 militärbördan
568 599 154 26 beträffar,
737 601 42 19 att
794 599 47 28 lag

85 640 41 14 om
140 633 206 28 värneplikten
361 633 23 28 ej
402 633 54 21 kan
471 633 99 22 stiftas
586 636 70 19 utan
670 634 173 21 ständernas

84 667 128 28 vetskap,
228 667 55 21 fria
298 667 72 28 vilja
386 667 51 22 och
453 668 154 28 samtycke.

152 701 83 28 Kejsar
250 701 128 22 Alexander
392 702 29 21 I:s
438 701 143 22 stadfästelse
597 701 26 22 af
637 709 85 14 samma
729 703 112 21 konstitu-

83 735 48 22 tion
146 735 50 22 blef
209 736 50 21 icke
274 736 64 25 blott,
354 738 73 19 såsom
442 736 105 28 kejsaren
555 736 57 29 själf
617 737 104 28 uttrykte
731 737 42 28 sig,
784 737 57 21 kun-

84 770 66 29 gjord
165 771 8 20 i
188 771 44 20 den
247 771 98 28 Högstes
361 771 121 28 hälgedom
497 784 29 3 —
540 771 114 28 proclamé
671 771 56 21 dans
742 771 21 22 le
778 779 63 14 sanc-

83 805 72 21 tuaire
170 805 27 21 de
213 799 69 27 VÉtre
298 805 109 28 Supréme
423 818 27 3 —
465 808 56 19 utan
536 805 43 22 ock
594 805 40 22 vid
651 812 85 15 samma
743 805 97 26 tillfälle,

83 839 114 28 nämligen
213 839 7 21 i
235 840 76 27 Borgå
333 839 127 28 domkyrka
483 839 29 22 då
534 839 109 22 Finlands
663 841 89 20 ständer
767 839 72 22 aflade

83 873 35 22 sin
133 873 152 29 hyllningsed,
300 874 35 21 till
349 874 122 21 ständerna
486 873 164 27 öfverlämnad,
667 876 58 19 samt
741 873 100 22 därefter

81 908 8 20 i
104 907 88 22 landets
208 908 103 28 samtliga
326 909 86 28 kyrkor
426 910 100 27 uppsatt.

151 944 20 19 2.
201 943 74 21 Enär
298 943 120 21 sålunda
440 950 34 14 en
496 943 127 21 särskild
642 943 197 22 konstitution

83 976 141 22 stadfästs
239 977 44 21 för
299 977 129 26 Finland,
444 977 88 22 hafva
550 977 131 22 hvarken
696 977 144 28 kejsardö-

82 1013 69 20 mets
174 1011 204 22 institutioner
402 1011 72 22 eller
494 1011 64 22 dess
581 1011 48 29 lag
644 1019 41 14 om
708 1011 133 28 själfher-

82 1045 184 22 skarmakten
288 1046 101 21 blifvit
404 1046 8 21 i
426 1046 124 21 Finland
572 1046 117 21 införda
711 1046 71 21 eller
797 1047 43 20 nå-

81 1080 103 28 gonsin
205 1081 76 21 varit
303 1081 50 21 här
374 1080 142 29 gällande.
539 1080 232 29 Rikskonseljen
786 1080 53 21 kan

81 1114 80 29 förty
183 1115 63 21 icke
268 1115 122 28 fungera
412 1117 92 19 såsom
527 1117 41 19 ett
590 1115 196 28 lagstiftande
801 1121 39 15 or-

81 1156 54 21 gan
150 1149 44 21 för
209 1149 130 21 Finland.

149 1185 20 19 3.
199 1183 130 22 Manifestet
352 1183 25 22 af
390 1184 45 21 den
457 1184 51 27 3/15
526 1183 101 22 februari
652 1183 42 22 och
710 1183 75 22 därtill
800 1183 39 21 hö-

80 1217 70 22 rande
166 1218 216 28 grundstadganden
396 1218 115 29 uppställa
526 1217 35 22 för
577 1217 111 22 stiftande
704 1217 25 22 af
737 1217 44 28 lag,
790 1224 49 14 som

81 1252 57 21 skall
153 1252 61 28 gälla
237 1252 68 21 äfven
320 1253 6 20 i
341 1253 105 25 Finland,
462 1260 28 13 en
514 1260 76 14 annan
614 1253 98 27 ordning
728 1255 29 18 än
773 1251 44 22 den
832 1251 6 21 i

80 1287 87 21 landets
183 1287 138 28 grundlagar
337 1287 121 21 bestämda.
490 1287 133 21 Emellertid
641 1286 70 22 hafva
726 1286 65 21 dessa
801 1287 39 27 på-

81 1321 46 21 bud
141 1321 20 28 ej
178 1321 59 21 blott
251 1321 125 21 utarbetats
392 1321 26 21 af
430 1321 36 21 för
482 1321 77 21 landet
574 1321 142 21 främmande
734 1320 106 28 myndig-

79 1355 70 25 heter,
164 1357 56 19 utan
235 1355 68 22 äfven
318 1355 112 22 utfärdats
453 1358 56 18 utan
524 1355 108 22 Finlands
656 1355 103 21 ständers
775 1354 64 22 bifall

79 1389 43 21 och
137 1389 116 28 samtycke
269 1392 57 19 samt
349 1389 114 22 dessutom
478 1389 41 22 här
536 1389 170 29 promulgerats
722 1389 7 20 i
746 1396 28 14 en
789 1389 51 21 ord-

147 1435 141 22 Lagutskottets
302 1435 122 18 betänkande.
