1092 1753
262 139 27 20 50
470 137 83 24 Ständ.
572 138 39 22 Sv.
628 151 26 2 —
671 138 48 22 Bil.
735 138 20 21 I.

233 206 88 22 Genom
341 206 83 28 nådiga
448 207 163 27 förordningen
635 207 24 21 af
679 207 44 21 den
739 208 13 20 5
768 207 95 27 Augusti
881 208 54 20 1886
951 214 39 14 om

232 241 152 27 upphörande
408 241 24 21 af
448 241 28 21 de
492 241 50 21 från
558 241 103 21 roterade
677 242 110 20 hemman
803 241 44 21 och
862 241 128 21 båtsmans-

232 275 48 20 håll
303 275 111 27 utgående
429 275 184 27 vakansafgifter,
629 275 90 27 gjordes
735 275 50 21 icke
801 275 75 27 någon
893 275 98 27 ändring

232 309 7 21 i
262 309 173 27 bestämningen
459 312 31 18 att
513 312 92 18 rotarna
628 310 58 20 blott
708 310 24 20 så
752 310 65 26 länge
833 310 156 27 värnepligten

232 343 108 20 existerar
362 345 40 19 äro
424 344 101 20 befriade
549 344 50 20 från
622 346 32 18 att
677 344 23 20 in
723 346 82 19 natura
826 344 96 26 fullgöra
939 344 50 20 sina

232 377 98 21 militära
347 377 159 28 skyldigheter.
538 378 108 21 Deremot
661 378 48 21 blef
722 378 36 21 väl
775 378 139 21 rusthållens
930 378 59 27 skyl-

232 411 77 27 dighet
324 414 32 19 att
372 414 99 25 prestera
487 412 104 27 rustning
607 412 113 21 definitivt
736 412 105 27 upphäfd
857 417 81 22 genom
951 412 38 21 nå-

232 446 52 26 diga
306 446 164 27 förordningen
494 447 24 20 af
534 453 90 14 samma
640 447 44 26 dag
699 453 39 14 om
754 447 152 27 upphörande
923 447 25 20 af
961 447 27 20 de

232 480 51 21 från
306 481 126 21 rusthållen
450 481 112 26 utgående
582 481 179 26 vakansafgifter
777 483 60 18 samt
852 481 137 26 indragning

232 515 25 20 af
277 514 27 21 de
328 515 125 20 rusthållen
477 515 108 21 anvisade
609 517 128 24 augments-
757 515 43 21 och
816 515 72 26 öfriga
904 516 83 19 räntor.

233 549 52 20 Men
294 545 16 35 i
334 549 73 21 stället
423 550 65 21 skola
504 550 125 20 rusthållen
646 549 55 22 efter
716 549 224 27 indragningstidens
956 552 31 18 ut-

231 583 59 27 gång
312 583 112 22 likställas
447 584 52 21 med
518 579 77 26 halfva
611 586 62 19 rotar
689 584 43 21 och
749 585 39 19 äro
805 584 104 26 sålunda,
925 584 7 20 i
948 584 41 20 lik-

231 618 39 21 het
285 618 52 21 med
353 618 72 21 andra
439 618 165 27 skattskyldiga
615 619 136 26 lägenheter,
764 619 113 20 eventuelt
890 618 98 27 rotering

231 652 174 21 underkastade.
436 653 45 20 För
496 653 143 20 närvarande
658 653 71 26 gäller
744 653 75 20 alltså:
837 655 30 18 att
883 653 28 20 de
928 653 58 20 förra

231 689 99 23 rotarna,
346 687 125 20 rusthållen
483 687 44 20 och
542 687 197 20 båtsmanshållen
750 688 40 19 äro
799 687 100 26 rotering
907 687 81 20 under-

231 720 94 21 kastade
341 721 35 20 för
391 721 44 21 den
452 721 115 24 händelse,
584 724 31 18 att
630 721 212 27 Värnepligtslagen
858 721 129 27 upphäfves

230 755 45 20 och
298 755 155 27 värnepligten
477 756 101 26 upphör;
597 758 32 18 att
644 755 252 27 boställsinrättningen
912 756 82 20 fortfa--

230 789 71 21 rande
324 790 104 20 kvarstår
451 790 43 20 och
510 790 207 20 militieboställena
733 790 88 20 således
837 790 7 20 i
860 790 127 26 nyssangif-

231 830 42 14 ven
290 824 108 20 händelse
414 824 57 20 böra
484 824 118 21 användas
611 824 69 26 enligt
688 824 94 26 tidigare
791 824 105 26 gällande
905 824 82 26 grund-

230 860 81 23 satser;
334 860 60 19 samt
417 860 31 18 att
472 858 219 21 militiehemmanen
713 858 93 21 fortfara
827 860 32 18 att
874 865 55 13 vara
954 858 33 20 in-

230 892 60 20 delta
306 892 34 21 för
356 892 99 21 militära
468 892 115 21 ändamål.
615 892 370 26 Militieboställsarrendemedlen,

229 926 233 22 militiehemmanens
478 928 84 24 räntor,
578 926 139 21 rusthållens
733 926 44 21 och
793 928 150 24 augmentens
954 926 32 20 in-

229 960 87 26 dragna
338 962 78 19 räntor
439 961 126 26 äfvensom,
589 960 68 27 enligt
679 960 84 27 nådiga
784 960 163 26 förordningen
963 960 25 20 af

228 994 46 20 den
297 996 23 18 11
343 994 110 21 Februari
471 995 60 26 1889,
547 995 275 27 krigsmanshusfondens
838 995 44 20 och
898 994 88 21 militie-

228 1028 194 22 hoställskassans
439 1029 126 21 inkomster
581 1030 27 25 gå
625 1029 119 26 samtligen
760 1029 33 21 till
809 1029 45 20 den
867 1029 117 20 allmänna

229 1062 172 27 militiefonden,
418 1063 69 21 hvars
502 1063 125 27 tillgångar,
644 1063 35 20 för
695 1063 24 20 så
735 1063 48 20 vidt
791 1063 28 20 de
827 1063 50 20 icke
886 1063 98 20 behöfva

227 1099 65 24 tagas
307 1097 7 20 i
330 1097 101 27 anspråk
447 1097 35 21 för
497 1097 86 21 sådana
593 1097 115 26 ändamål,
717 1104 50 14 som
777 1097 47 20 före
833 1097 152 27 Värnepligts-

228 1131 78 26 lagens
327 1131 147 27 tillämpning
491 1132 105 26 vanligen
612 1131 149 26 tillgodosetts
778 1138 26 13 ur
819 1131 142 25 densamma,
978 1131 6 20 i

227 1165 100 26 enlighet
342 1165 52 20 med
410 1166 14 26 &
441 1167 40 19 122
496 1166 8 20 i
519 1165 209 28 Värnepligtslagen
745 1165 57 21 böra
819 1165 119 20 användas
951 1165 33 20 till

226 1198 142 22 bekostande
386 1199 21 21 af
415 1199 137 28 truppernas
562 1200 130 26 utrustning
702 1200 43 20 och
754 1199 129 21 underhåll.
907 1199 76 21 Skulle

226 1232 90 22 landets
339 1233 88 21 försvar
445 1234 106 27 upphöra
567 1236 32 18 att
614 1240 54 14 vara
684 1233 99 21 ordnadt
795 1233 30 27 pä
842 1233 141 27 grundvalen

226 1267 26 20 af
263 1267 86 21 allmän
364 1268 127 27 värnepligt
506 1270 59 18 samt
577 1268 97 20 Monark
685 1268 44 20 och
740 1267 97 21 Ständer
846 1267 49 21 icke
904 1267 79 21 kunna

226 1307 56 15 enas
305 1308 38 14 om
366 1302 127 26 antagande
516 1302 24 20 af
553 1304 71 18 annat
639 1302 178 26 militärsystem,
834 1301 99 26 komme,
951 1302 33 20 sä-

226 1342 51 14 som
300 1336 26 20 af
346 1336 37 20 det
406 1336 70 26 sagda
498 1336 105 26 framgär,
623 1336 210 26 indelningsverket
849 1338 32 18 att
895 1336 88 20 träda
968 1332 19 35 i

226 1370 80 26 stället,
330 1370 51 20 med
405 1370 44 21 den
473 1370 132 27 förändring
623 1370 128 21 detsamma
767 1376 82 20 genom
866 1369 117 21 rusthälls-

224 1403 172 22 institutionens
419 1404 164 27 upphäfvande
606 1404 125 26 undergätt.
762 1403 31 21 Af
806 1410 27 14 en
851 1403 71 21 sådan
939 1403 44 27 lag-

225 1437 103 27 stiftning
344 1445 49 14 som
410 1438 44 21 den
471 1444 80 21 genom
568 1438 27 21 de
611 1438 84 27 nädiga
711 1437 199 28 propositionerna
927 1437 56 21 före-
