1089 1775
441 115 22 22 U.
480 115 21 21 B.
795 115 27 19 55

92 184 74 22 finska
189 184 160 29 myndigheter
372 184 42 22 och
437 184 20 28 ej
477 191 40 14 ens
540 185 32 19 ett
594 183 71 21 finskt
685 181 166 26 fädernesland,

93 221 76 23 mäste,
193 218 72 28 enligt
279 219 123 21 utskottets
420 218 76 25 tanke,
513 217 214 22 storfurstendömet
741 215 109 23 Finlands

93 252 228 30 folkrepresentation
336 252 93 28 inlägga
444 260 29 13 en
489 251 102 22 bestämd
607 258 107 21 gensaga.

465 346 20 19 4.

162 391 11 21 I
188 390 110 28 förslaget
320 390 34 21 till
376 390 182 28 värnepliktslag
577 389 142 22 förekomma
735 389 68 21 äfven
818 390 33 18 ut-

94 425 73 28 tryck,
183 432 46 14 som
246 424 112 22 innefatta
373 426 33 20 ett
421 424 195 22 underkännande
627 423 26 21 af
662 423 38 21 det
710 421 141 23 förhållande

94 461 33 19 att
143 459 43 21 den
202 458 259 29 evangelisk-lutherska
476 458 101 28 kyrkans
586 457 187 22 trosbekännelse
781 456 70 28 enligt

96 496 10 18 1
125 494 14 28 $
154 493 7 21 i
177 492 207 29 regeringsformen
399 492 43 22 och
459 495 10 18 1
487 493 13 28 &
516 492 5 21 i
533 492 181 29 prästerskapets
723 491 129 29 privilegier

96 528 25 20 af
135 527 44 21 den
196 529 25 19 16
237 527 95 21 oktober
349 528 54 20 1723
419 530 25 18 är
464 526 89 22 landets
576 526 103 28 religion.
709 526 12 20 I
736 526 65 28 fråga
816 532 37 14 om

96 562 44 21 den
161 562 170 28 grekisk-ryska
347 562 90 28 kyrkan
460 561 43 21 och
518 560 204 23 trosbekännelsen
738 560 114 21 användes

95 596 115 29 nämligen
225 596 7 21 i
247 599 39 18 art.
303 598 34 24 44,
354 598 33 23 50,
404 598 27 19 96
447 596 43 21 och
510 598 38 19 101
567 595 167 28 beteckningen
750 594 100 25 ortodox,

96 676 43 17 ainsi
152 681 34 17 que
199 676 48 18 celui
259 676 25 18 du
301 676 148 18 Grand-Duché
464 677 21 17 de
498 676 101 22 Finlande,
614 677 18 16 et
644 676 17 17 le
673 675 145 18 Gouvernement
830 675 23 16 du

96 704 93 23 Royaume
201 705 22 17 de
235 705 51 22 Saxe,
299 705 74 17 voulant
385 705 58 22 regler
455 705 133 17 l'intervention
601 705 20 17 de
634 705 48 16 leurs
695 709 54 18 agens
761 703 93 23 respectifs

95 733 44 18 dans
151 733 25 18 les
189 733 70 18 affaires
272 734 21 17 de
305 733 100 18 succession
417 734 106 21 auxguelles
535 735 79 20 peuvent
626 733 67 17 donner
705 733 36 17 lieu
753 733 26 17 les
791 738 28 12 cas
833 733 21 26 de

96 762 51 17 döcts
159 763 21 16 de
193 763 57 22 sujets
263 767 62 12 saxons
339 763 42 16 dans
395 757 13 33 V.
403 762 80 23 Empire
493 762 20 17 de
522 762 77 22 Russie,
607 761 45 18 ainsi
661 767 34 16 que
703 762 43 17 dans
755 761 16 18 le
778 761 75 18 Grand-

95 790 67 17 Duche
180 791 21 16 de
220 790 99 23 Finlande,
338 791 19 17 et
375 791 30 17 des
423 791 58 22 sujets
494 791 21 17 de
533 791 37 17 lun
583 792 18 15 et
613 791 22 16 de
647 790 63 17 Vautro
720 795 50 18 pays
783 790 43 17 dans
838 789 16 18 le

99 819 91 22 Royaume
202 819 22 17 de
237 819 50 22 Saxe,
300 821 39 15 sont
358 819 100 17 convenus*
472 820 34 17 etc,
531 819 9 17 I
553 819 133 17 deklarationen
699 819 20 17 af
730 819 33 17 den
776 819 21 16 23
810 823 45 12 mars

97 847 18 22 (4
128 847 51 22 april)
193 848 48 21 1866,
255 849 117 21 ,concernant
384 847 26 18 les
422 847 91 23 höritages
525 848 79 17 meubles
617 848 21 17 do
651 847 60 23 sujets
723 853 64 12 russes
796 848 17 16 et
820 847 34 22 fin-

97 875 81 23 landais,
191 876 73 17 décédés
276 877 43 16 dans
331 876 16 17 le
359 881 84 16 royaume
456 877 22 16 de
491 876 102 22 Hannovre,
607 877 18 16 et
637 877 30 16 des
675 877 57 21 sujets
738 875 118 18 hannovriens

98 904 72 17 décédés
183 904 43 18 dans
243 904 8 18 V
252 904 79 23 Empire
344 904 21 18 de
377 904 71 18 Russie
458 906 18 16 et
484 904 48 18 dans
541 905 16 17 le
565 904 144 18 Grand-Duche
716 904 21 18 de
743 904 113 21 Finlande",

97 931 44 19 står:
155 932 36 23 ylos
204 938 29 12 cas
245 934 21 16 de
279 934 49 16 dets
341 933 32 18 des
385 933 60 23 sujets
457 939 66 12 russes
536 934 17 17 et
564 933 105 23 finlandais
682 934 43 16 dans
737 933 16 17 le
763 933 92 21 Royaume

97 962 22 16 de
131 961 102 22 Hannovre,
246 963 18 16 et
282 962 30 17 des
324 962 58 22 sujets
394 962 119 17 hannovriens
526 962 43 17 dans
586 962 10 17 P
599 962 79 22 Empire
696 962 21 17 de
729 962 71 18 Russie
812 961 44 17 ainsi

97 995 34 17 que
144 990 43 17 dans
199 990 16 18 le
234 990 142 18 Grand-Duche
388 990 21 18 de
427 990 108 18 Finlande"
553 992 34 16 etc.
611 990 10 18 I
634 996 22 12 en
669 990 110 18 deklaration
791 990 20 17 af
823 990 33 17 den

97 1020 23 16 20
132 1020 34 21 maj
180 1019 17 22 (1
209 1019 49 22 juni)
272 1020 43 16 1870
328 1020 117 21 ,concernant
457 1019 18 17 le
487 1020 151 17 remboursement
650 1020 31 16 des
693 1019 42 17 frais
748 1024 35 12 aux
793 1019 63 22 sujets,

99 1047 30 23 qui
141 1053 22 11 en
175 1047 67 23 gualit6
254 1048 30 16 des
297 1047 74 18 tömoins
385 1049 60 16 seront
462 1048 80 17 entendu
554 1053 22 12 en
589 1048 61 22 procts
662 1048 79 17 criminel
753 1048 66 16 devant
831 1046 26 18 les

98 1076 95 18 tribunaux
206 1076 43 17 dans
260 1076 27 17 les
299 1076 65 22 parties
376 1076 111 22 limitrophes
499 1077 24 16 du
535 1076 135 18 Grand-Duch6
682 1076 22 18 de
713 1076 85 17 Finlande
807 1076 18 17 et
834 1076 22 17 du

99 1104 92 22 Royaume
204 1105 21 17 de
237 1104 75 23 Sutde",
324 1105 51 17 heter
387 1105 38 18 det:
451 1106 39 21 ,Le
505 1105 146 17 Gouvernemont
663 1105 82 22 Impörial
758 1105 21 17 de
791 1104 66 17 Russie

98 1135 19 15 et
129 1133 16 17 le
158 1133 145 18 Gouvernement
321 1134 59 21 Royal
398 1134 21 17 de
438 1134 60 17 Suddo
510 1135 17 16 et
546 1134 21 17 do
580 1134 89 22 Norvtge,
682 1134 63 22 ayants
755 1133 46 23 jugé
813 1132 45 18 utile

98 1162 80 18 d'établir
190 1167 35 12 une
237 1162 48 23 rögle
298 1162 83 23 générale
399 1162 68 23 d'apres
480 1162 81 23 laguelle,
575 1163 42 17 dans
630 1162 26 18 les
671 1162 66 23 parties
748 1161 109 23 limitrophes

98 1191 22 17 de
133 1191 18 17 la
163 1191 95 17 Finlande
271 1192 17 16 et
305 1191 20 17 de
339 1191 18 18 la
376 1191 66 21 Suede,
455 1191 27 18 les
495 1191 60 22 sujets
568 1191 21 18 de
603 1191 38 18 Vun
654 1191 31 18 des
698 1191 50 17 deux
757 1195 57 18 pays,
827 1195 30 12 en-

98 1219 64 17 tendus
181 1225 66 12 comme
265 1219 84 18 tömoins*
369 1221 34 16 etc.
426 1220 11 17 I
455 1219 134 18 deklarationen
607 1219 92 23 angående
711 1218 147 23 postförbindelse

99 1247 84 18 vintertid
201 1248 76 17 emellan
295 1248 169 17 storfurstendömet
483 1248 76 18 Finland
571 1249 32 17 och
616 1247 131 23 konungariket
759 1247 69 22 Sverge
840 1247 21 17 af

99 1277 34 16 den
145 1277 10 16 6
168 1277 38 22 (18)
219 1277 99 22 september
330 1278 45 16 1872
387 1275 44 19 står:
446 1277 28 22 ,le
487 1277 65 17 bateau
565 1278 10 16 i
587 1282 67 17 vapeur
660 1277 59 22 jouira
726 1276 43 17 dans
776 1275 25 18 les
809 1277 50 20 ports

99 1305 92 17 finlandais
203 1305 31 17 des
246 1306 65 17 mömes
323 1306 98 21 avantages
433 1306 45 17 dont
490 1311 11 16 y
506 1306 90 22 jouissent
602 1306 26 17 les
635 1305 95 18 bätiments
737 1304 21 18 de
769 1305 8 17 V
779 1304 49 17 Etat
834 1304 24 17 du

99 1333 144 18 Grand-Duche
255 1333 21 18 de
287 1333 113 18 Finlande".
424 1334 8 17 I
445 1334 134 17 deklarationen
591 1334 65 17 mellan
669 1333 89 22 Ryssland
771 1333 31 18 och
809 1333 49 18 Stor-

99 1361 96 18 brittanien
207 1361 20 18 af
239 1362 33 17 den
284 1363 10 16 9
307 1362 73 22 augusti
399 1363 45 17 1880
457 1362 110 18 förekomma
579 1362 104 22 uttrycken:
709 1361 38 22 ,La
759 1361 100 18 succession

98 1391 22 16 de
132 1391 41 16 tout
184 1391 56 17 marin
258 1396 49 12 russe
319 1397 24 11 ou
360 1391 111 22 finlandais*,
486 1397 35 16 ,un
538 1391 61 18 navire
611 1396 50 12 russe
674 1396 23 12 ou
715 1390 109 17 finlandais*.
849 1389 9 17 I

167 1430 140 23 Lagutskottets
321 1430 122 17 betänkande.
