1089 1767
410 140 85 23 Ständ.
511 140 39 23 Sv.
810 143 24 19 17

106 210 166 29 berättigade,
291 218 52 15 som
363 211 31 22 de
412 211 84 22 finska
516 213 147 27 trupperna,
683 212 32 28 pä
735 213 50 21 sätt
797 212 67 22 förut

107 245 156 26 framhällits,
291 246 44 21 äro
363 246 181 28 organiserade
573 246 46 22 och
638 246 129 22 utbildade
787 246 77 29 enligt

106 286 95 16 samma
225 281 93 27 system
337 286 53 16 som
410 280 30 22 de
459 280 78 28 ryska
556 282 139 26 trupperna
715 281 45 22 och
779 280 85 23 derför

107 315 61 21 utan
187 314 112 28 ringaste
319 314 129 29 svärighet
466 314 87 22 kunna
573 315 134 22 samverka
726 316 56 21 med
802 316 62 21 dem.

177 348 22 22 3.
237 348 131 29 Förslaget
393 349 35 21 till
447 349 205 29 Värnepligtslag
671 349 67 22 afser
757 352 35 20 att
811 350 53 22 ieke

105 382 66 22 blott
198 383 7 21 i
233 383 72 29 fråga
327 390 40 15 om
386 384 197 28 tjenstetiderna,
602 386 62 20 utan
683 384 45 22 ock
747 384 8 22 i
773 385 90 21 nästan

109 417 48 21 alla
176 418 107 28 detaljer
302 418 24 21 af
344 418 88 28 lagens
451 418 67 22 olika
538 418 77 26 delar,
635 418 172 22 ästadkomma
820 418 44 22 lik-

107 451 136 29 formighet
261 452 55 22 med
335 452 49 22 den
403 452 78 28 ryska
497 452 82 28 lagen.
612 453 139 28 Angäende
765 454 99 28 tjenste-

109 486 98 22 tiderna
234 486 78 22 blifva
337 486 140 22 Ständerna
497 487 7 21 i
524 487 95 21 tillfälle
639 488 35 21 att
692 487 89 29 längre
800 487 64 22 fram

108 520 79 22 uttala
215 521 46 29 sig.
299 521 75 21 Hvad
397 521 53 21 äter
468 521 203 29 likformigheten
691 522 8 21 i
718 522 76 28 öfrigt
812 522 52 22 vid-

108 555 119 26 kommer,
257 555 26 22 sä
309 555 76 22 hafva
406 555 143 22 Siänderna
567 556 80 22 redan
666 556 107 28 tidigare
791 556 73 22 fram-

109 589 70 22 hällit
198 590 31 21 de
247 590 145 28 betänkliga
411 590 125 28 följderna
557 590 25 22 af
601 597 30 15 en
649 590 98 22 radikal
761 591 103 27 tillämp-

110 624 61 28 ning
196 624 25 22 af
239 624 250 28 likformighetsidön.
527 624 49 22 För
594 624 105 29 frägans
719 625 145 29 ytterligare

109 658 135 29 belysning
270 658 45 22 bör
334 658 46 22 här
399 659 97 21 erinras
515 666 40 14 om
575 659 48 22 den
643 659 94 22 olikhet
755 660 56 21 med
832 659 33 22 af-

110 693 91 21 seende
222 693 13 21 ä
255 693 84 28 spräk,
359 693 112 29 religion,
491 694 73 21 seder
583 694 46 21 och
649 694 147 28 skaplynne,
811 700 53 16 som

109 727 74 22 räder
207 728 90 21 mellan
316 727 119 22 Finlands
455 728 52 21 folk
527 728 45 22 och
592 728 147 28 Rysslands.
776 728 87 22 Denna

109 761 94 22 olikhet
231 762 78 22 skulle
329 762 77 22 hafva
425 762 36 21 till
479 762 70 28 följd,
568 764 35 20 att
622 762 143 22 införandet
784 763 7 21 i
809 762 55 22 Fin-

109 796 59 21 land
198 796 25 21 af
250 803 30 15 en
302 796 206 29 värnepligtslag,
527 803 67 22 noga
621 797 149 22 efterbildad
790 797 47 22 den
858 797 6 21 i

110 830 127 28 Ryssland
261 830 122 29 gällande,
402 830 81 22 skulle
502 831 105 22 försätta
627 832 30 21 de
677 831 81 22 finske
778 832 87 21 värne-

110 864 104 29 pligtige
229 865 49 21 ien
297 865 60 22 vida
375 866 104 21 svärare
498 865 152 29 belägenhet
669 866 32 21 än
720 866 48 22 den
787 865 77 29 ryska

110 899 185 29 värnepligtiga
314 900 152 28 ungdomen,
486 906 53 15 som
552 900 93 28 fullgör
658 900 38 22 sin
709 900 156 29 krigstjenst-

110 933 145 29 skyldighet
273 934 79 22 under
371 940 65 22 egna
452 934 147 22 landsmäns
613 935 102 28 ledning
729 935 44 21 och
788 934 77 29 enligt

111 968 166 28 stadganden,
298 968 42 22 vid
359 968 100 22 hvilkas
479 968 119 22 stiftande
617 969 52 28 just
683 969 31 22 de
727 970 77 27 ryska
817 969 48 21 för-

110 1002 151 22 hällandena
273 1003 74 28 tagits
361 1003 7 21 i
380 1003 175 22 betraktande.
576 1004 43 21 Att
630 1004 73 21 dessa
714 1003 151 29 omständig-

110 1036 70 22 heter
210 1036 74 22 äfven
311 1037 82 22 blifvit
419 1037 24 22 af
462 1037 82 22 Eders
563 1038 141 28 Kejserliga
723 1038 117 28 Majestät
859 1038 6 21 i

110 1071 79 21 näder
208 1072 260 27 uppmärksammade,
487 1072 77 22 hafva
585 1072 142 22 Ständerna
745 1072 121 22 inhemtat

110 1112 30 14 ur
159 1105 48 22 den
228 1106 92 28 nädiga
339 1106 189 28 propositionen
547 1106 56 22 med
616 1106 96 29 förslag
725 1107 35 21 till
774 1106 92 22 Värne-

110 1139 128 29 pligtslag,
259 1141 60 21 enär
342 1140 53 22 deri
414 1140 155 26 förutsättes,
590 1142 35 20 att
643 1141 179 29 förändringar
842 1140 25 22 af

111 1174 164 29 lagförslaget
294 1174 85 22 kunna
399 1182 62 14 vara
480 1175 129 29 behöfliga
628 1176 39 21 för
687 1177 34 20 att
737 1176 62 28 göra
816 1175 50 22 det-

110 1214 96 16 samma
220 1209 140 29 tillämpligt
373 1209 14 22 å
403 1209 186 29 gestaltningen
603 1210 26 22 af
646 1210 71 22 lifvet
729 1210 7 21 i
749 1209 116 22 Finland.

180 1243 11 21 I
219 1243 72 29 fräga
320 1250 39 15 om
387 1244 49 21 den
455 1244 132 28 päyrkade
606 1244 195 28 likställioheten
821 1244 45 21 och

110 1276 204 30 likformigheten
345 1278 86 22 kunna
468 1278 142 22 Ständerna
647 1279 54 21 icke
733 1278 133 22 underlåta

111 1313 36 20 att
175 1312 119 22 särskildt
321 1312 108 28 påpeka,
449 1312 121 23 hurusom
589 1314 34 20 ett
642 1313 57 28 krig
717 1313 50 22 kan
786 1312 80 22 under

111 1346 68 21 vissa
208 1346 214 29 omständigheter
450 1347 80 22 varda
559 1347 59 22 vida
646 1348 163 28 ödesdigrare
827 1346 40 22 för

109 1380 108 22 Finland
238 1382 31 20 än
288 1381 39 21 för
346 1381 135 28 Ryssland.

180 1414 87 22 Under
297 1415 42 22 det
369 1416 163 21 orientaliska
559 1416 83 28 kriget
669 1415 51 22 blef
746 1415 120 22 Finlands

110 1448 91 22 nästan
229 1449 56 21 hela
314 1450 187 26 handelsflotta,
531 1456 53 16 som
612 1450 117 28 utgjorde
749 1457 30 15 en
798 1450 69 28 bety-

789 1493 10 7 N
