1089 1753
259 147 27 20 68
539 147 84 22 Ständ.
641 148 38 22 Sv.

232 217 143 23 Ständerna
394 218 33 29 pä
446 219 31 22 de
496 219 61 26 skäl,
576 225 53 16 som
648 219 80 22 redan
741 220 8 22 i
762 219 90 29 början
866 219 25 22 af
904 219 82 22 denna

230 251 178 30 underdäniga
432 253 133 22 skrifvelse
583 253 160 27 framhällits,
763 261 31 15 en
812 254 114 28 betydlig
944 253 42 22 ök-

229 286 63 29 ning
319 286 26 23 af
366 287 84 22 denna
474 289 117 21 numerär
615 288 87 22 kunna
728 295 61 16 vara
809 288 25 22 af
852 287 134 23 förhällan-

230 320 66 22 dena
317 321 125 28 päkallad.

299 354 49 23 Vid
367 356 152 28 pröfningen
539 356 26 22 af
581 356 99 29 frågan,
693 356 36 22 till
748 356 102 22 hvilken
863 356 60 29 höjd
937 356 49 22 den

231 388 87 23 aktiva
336 390 197 29 truppstyrkans
553 390 189 23 fredsnumerär
764 390 78 23 borde
866 390 120 29 uppbrin-

230 430 53 22 gas,
313 423 57 27 kan,
401 424 79 30 enligt
511 424 158 23 Ständernas
697 425 82 26 tanke,
806 425 179 28 proportionen

230 458 106 22 emellan
364 458 48 22 den
440 459 77 29 ryska
539 460 100 22 armöns
658 460 188 22 fredsnumerär
864 460 45 22 och
928 459 56 29 Kej-

231 492 155 23 saredömets
411 493 148 29 folkmängd
587 494 53 22 icke
665 494 80 22 blifva
773 494 47 22 den
846 494 139 29 afgörande

230 526 174 24 mättstocken.
442 528 74 22 Utom
545 528 79 22 andra
647 528 62 26 skäl,
735 535 53 15 som
811 528 110 29 betinga,
950 529 35 21 att

232 567 31 16 en
283 561 81 23 sädan
386 562 84 28 grund
493 562 39 22 för
550 562 105 30 frägans
675 563 157 22 bedömande
852 563 21 28 ej
895 564 27 20 är
941 562 44 22 till-

230 595 112 30 lämplig,
362 596 47 22 bör
428 597 91 22 härvid
537 597 101 22 komma
657 598 7 21 i
683 597 173 26 betraktande,
870 598 34 21 att
914 598 71 21 stats-

230 629 196 31 hushällningen
457 632 7 21 i
492 631 191 29 Kejsaredömet
716 632 78 22 sedan
822 632 42 22 tvä
895 632 89 21 ärhun-

230 664 97 22 draden
346 665 66 22 varit
431 666 119 22 särskildt
568 666 83 22 riktad
670 666 33 28 pä
714 666 235 22 ästadkommandet
960 666 25 22 af

230 698 150 30 tillräckliga
403 700 135 29 tillgångar
565 700 39 22 för
628 700 159 22 underhållet
806 700 24 22 af
849 707 30 15 en
898 700 86 29 väldig

231 734 74 25 armé,
324 733 84 22 såsom
426 734 81 22 medel
525 734 39 22 för
576 734 159 29 fullföljande
749 734 26 23 af
787 736 67 21 stora
867 734 117 29 politiska

229 767 137 29 uppgifter.
404 768 133 23 Dessutom
564 769 47 22 har
639 769 42 22 det
707 769 167 26 förhållande,
900 770 34 21 att
953 775 31 16 en

230 801 101 22 relativt
357 802 114 29 betydlig
493 803 39 22 del
558 803 25 22 af
602 803 215 22 arbetskrafterna
836 804 28 21 är
882 803 102 22 bunden

230 835 43 23 vid
302 836 209 29 militärtjensten,
541 837 26 22 af
594 838 70 21 ålder
683 838 66 22 varit
771 845 29 15 en
820 838 91 26 faktor,
931 844 53 15 som

229 869 99 24 kunnat
355 872 73 27 tagas
447 872 8 21 i
473 872 142 29 beräkning
633 872 8 22 i
660 872 141 29 Rysslands
820 872 164 22 ekonomiska

229 903 35 23 lif.
295 905 53 22 Och
368 905 71 22 såväl
458 906 209 23 statsfinanserna
687 913 53 16 som
759 907 49 22 den
821 906 163 23 ekonomiska

229 939 189 28 produktionen
439 940 76 23 hafva
539 942 35 21 ett
592 941 107 29 mäktigt
717 941 57 22 stöd
793 941 8 22 i
820 941 30 22 de
869 941 55 22 rika
942 947 42 16 na-

229 973 93 29 turliga
340 980 114 16 resurser
474 975 25 22 af
516 975 176 29 hvarjehanda
711 975 62 29 slag,
794 982 52 15 som
863 975 32 28 på
909 975 75 28 Ryss-

228 1007 74 22 lands
322 1008 156 23 vidsträckta
497 1009 102 22 område
617 1009 146 23 förefinnas.

300 1042 44 22 Att
371 1042 107 23 Finland
504 1044 79 21 sedan
603 1044 28 21 år
651 1044 66 22 1809
736 1044 55 21 haft
810 1045 35 20 att
863 1043 62 22 bära
944 1050 40 15 en-

229 1075 58 23 dast
314 1076 73 29 ringa
412 1076 94 23 bördor
524 1078 39 22 för
590 1078 244 26 försvarsväsendet,
852 1078 47 21 har
917 1078 67 28 gjort

228 1110 43 22 det
298 1111 98 29 möjligt
423 1111 39 22 för
485 1112 68 22 detta
574 1112 60 22 land
654 1114 43 24 att,
717 1112 105 22 oaktadt
840 1112 38 22 sin
896 1113 88 21 naturs

228 1144 134 29 fattigdom
383 1145 47 22 och
449 1146 41 22 sitt
509 1146 92 22 omilda
619 1146 95 27 klimat,
735 1146 87 22 arbeta
842 1146 38 29 sig
893 1146 91 22 framåt

228 1178 8 22 i
255 1179 126 22 välstånd.
410 1180 132 22 Tacksamt
560 1181 39 21 för
618 1181 49 22 den
685 1181 106 26 förmån,
812 1187 52 15 som
878 1181 106 22 sålunda

228 1213 66 21 varit
313 1213 139 23 detsamma
470 1214 134 27 förunnad,
625 1215 43 22 vill
687 1215 42 22 det
745 1215 83 22 finska
840 1215 78 22 folket
930 1215 54 22 icke

228 1248 62 27 göra
336 1248 95 28 aspråk
455 1249 32 28 på
515 1250 36 21 att
577 1249 26 22 få
625 1256 62 16 vara
706 1249 120 23 särskildt
844 1249 140 29 gynnadt
969 1244 18 39 i

227 1280 93 30 frågan
339 1289 40 15 om
398 1283 177 29 uppoffringar
602 1284 40 22 för
665 1284 134 22 försvaret.
836 1284 56 22 Men
912 1283 72 23 Stän-

228 1315 80 23 derna
335 1317 81 22 måste
444 1317 63 22 dock
533 1318 68 22 hålla
628 1318 60 26 före,
717 1320 36 20 att
777 1324 31 16 en
826 1318 158 22 matematisk

228 1349 160 31 tillämpning
408 1352 26 21 af
452 1352 76 22 ofvan
548 1352 113 29 antydda
679 1352 134 22 måttstock
831 1352 54 22 icke
904 1352 80 22 skulle

227 1383 59 22 leda
305 1385 36 21 till
360 1387 36 20 ett
408 1386 101 21 rättvist
521 1386 190 23 bestämmande
725 1387 26 22 af
763 1386 221 23 militärbördorna

226 1417 41 22 för
294 1419 43 21 det
364 1419 84 22 finska
476 1420 84 27 folket,
584 1422 61 21 utan
668 1421 79 22 hafva
771 1421 36 22 till
825 1421 105 22 resultat
949 1422 35 21 att

226 1451 123 24 Finlands
372 1453 61 27 folk,
459 1454 35 22 till
516 1455 63 28 följd
601 1455 78 22 bland
703 1457 78 20 annat
799 1455 79 26 deraf,
899 1456 35 21 att
952 1455 32 22 de
