1092 1756
334 128 85 22 Ständ.
436 128 39 22 Sv.
491 141 27 2 —
533 128 49 22 Bil.
600 128 33 22 II.
806 130 27 20 83

102 199 32 18 att
156 197 76 20 denna
248 197 92 26 delning
356 197 74 21 skulle
446 204 54 13 vara
516 197 114 21 beroende
647 197 25 20 af
685 197 85 21 antalet
785 204 76 20 perso-

102 238 40 14 ner
169 231 51 21 utaf
240 231 103 20 mankön
367 231 46 20 kan
436 231 60 21 dock
519 232 50 20 icke
589 231 143 21 sammanstä
747 231 53 21 med
816 231 44 21 den

102 266 119 20 allmänna
243 266 75 26 regeln
342 268 32 18 att
394 265 202 27 invänareantalet,
613 266 44 20 och
672 266 50 20 icke
738 266 44 20 den
798 272 63 14 man-

102 300 45 26 liga
169 299 175 27 befolkningens
367 301 114 25 numerär,
504 301 66 25 utgör
585 300 104 26 grunden
705 300 35 20 för
755 300 106 26 begräns-

103 334 91 26 ningen.
226 334 51 20 Med
301 334 105 20 afseende
428 334 57 20 härä
501 334 44 20 och
561 334 30 20 dä
606 334 93 26 delning
715 334 25 20 af
753 341 28 14 en
797 334 64 21 kom-

103 375 57 13 mun
182 368 7 20 i
211 368 53 20 flere
288 368 217 27 upphbädsomräden
530 368 165 26 otvifvelaktigt
711 368 73 20 skulle
801 368 60 21 med-

103 402 49 20 föra
180 404 61 18 stora
266 402 151 26 olägenheter,
440 402 96 21 emedan
561 402 37 21 det
620 402 75 21 blefve
717 402 144 27 synnerligen

104 436 62 21 svårt
182 438 31 19 att
228 436 61 21 hålla
305 436 54 21 reda
370 436 29 28 på
410 437 45 20 alla
468 436 133 28 flyttningar
613 436 51 21 från
675 443 28 14 en
717 436 35 21 del
763 436 26 21 af
797 437 64 20 kom-

104 478 87 13 munen
201 471 34 20 till
250 477 28 14 en
295 477 84 18 annan,
396 471 68 20 hafva
481 471 127 21 Ständerna
624 473 80 23 ansett,
721 473 32 18 att
767 471 34 20 till
813 472 48 25 838

104 505 6 20 i
126 505 210 27 Värnepligtslagen
358 505 71 21 borde
452 505 64 27 fogas
532 508 31 18 ett
578 505 77 27 tillägg
671 505 25 20 af
709 505 103 21 innehåll
829 507 32 19 att

105 539 177 21 stadskommun
306 539 52 21 med
373 539 108 21 talrikare
497 540 134 26 befolkning
646 541 30 19 än
693 540 76 25 50,000
786 546 76 21 perso-

105 580 40 14 ner
165 573 38 21 må
224 573 127 21 bibehållas
375 574 76 20 såsom
468 576 29 18 ett
514 574 209 27 uppbådsområde.
755 574 107 20 Deremot

104 608 43 20 har
169 608 75 26 någon
269 607 71 21 sådan
363 608 145 26 bestämning
530 608 97 21 rörande
644 608 181 21 landskommun
841 607 19 28 ej

105 644 64 25 synts
184 648 53 14 vara
254 642 25 20 af
292 641 82 27 nöden,
391 643 55 20 enär
461 642 37 21 det
511 643 81 26 högsta
600 642 262 21 invånaretalet
771 637 10 36 i
791 642 71 21 lands-

104 677 114 20 kommun
235 676 35 21 för
285 677 143 20 närvarande
444 677 49 20 icke
509 683 41 14 ens
566 677 89 27 uppgår
670 677 33 20 till
719 677 78 26 20,000
813 683 48 20 per-

106 717 74 14 soner.

175 745 42 20 Det
239 745 7 20 i
269 747 39 18 art.
332 746 26 19 57
375 751 69 14 mom.
462 746 12 19 2
491 745 24 20 af
528 745 45 20 den
589 745 83 26 nådiga
688 745 173 27 propositionen

104 779 112 26 ingående
232 779 133 26 stadgandet
380 786 39 14 om
435 779 144 21 insändande
594 779 33 20 till
642 779 186 26 Krigsministern
839 779 26 20 af

105 813 89 27 uppgift
216 813 97 21 rörande
334 813 234 28 uppbådsområdena
584 813 69 21 hafva
669 813 127 21 Ständerna
812 813 49 20 fun-

105 848 33 20 nit
160 855 54 13 vara
236 848 25 20 af
282 848 43 21 den
348 848 164 26 beskaffenhet,
535 850 32 18 att
588 848 128 21 detsamma
738 847 124 28 lämpligen

105 882 85 26 kunde,
206 889 38 13 om
260 882 24 21 så
300 882 95 27 ansåges
408 882 86 27 nödigt,
503 881 296 22 utfärdas
614 877 12 37 i
637 881 162 22 administrativ
808 883 53 25 väg;

104 917 45 20 och
158 917 42 20 har
208 917 59 26 förty
282 917 162 26 bestämning
435 911 14 36 i
460 917 38 20 det
513 917 33 20 uti
563 916 69 27 sagda
648 918 104 19 moment
767 915 95 27 angifna

105 951 57 26 syfte
179 951 49 20 icke
245 951 114 27 upptagits
375 951 7 20 i
398 951 261 26 författningsförslaget.

174 985 36 21 Att
231 985 191 27 Krigsministern,
446 992 50 14 som
517 985 86 27 jemväl
627 985 69 26 enligt
719 985 43 20 den
779 984 84 27 nådiga

104 1020 173 27 propositionen
294 1020 18 27 ej
329 1020 128 20 tillkomme
474 1020 126 26 befattning
616 1019 52 21 med
680 1019 183 27 uppbådsområ-

104 1054 57 21 dens
183 1055 162 25 fastställande,
362 1055 49 20 icke
427 1055 71 20 heller
514 1054 71 21 borde
600 1054 129 26 handlägga
746 1053 61 26 fråga
825 1059 37 14 om

104 1089 134 26 förändring
260 1089 24 20 af
303 1089 70 20 redan
389 1089 89 20 bildadt
495 1088 208 27 uppbådsområde,
720 1088 41 20 har
778 1089 85 18 ansetts

104 1122 118 27 sjelffallet,
238 1123 7 20 i
262 1123 55 26 följd
333 1123 83 20 hvaraf
429 1123 127 20 Ständerna
570 1122 18 27 ej
601 1122 76 21 funnit
690 1121 173 26 bestämningen

104 1157 82 20 härom
202 1157 7 20 i
225 1159 39 18 art.
281 1158 27 19 58
323 1157 25 20 af
361 1157 173 27 propositionen
549 1157 56 20 böra
615 1156 116 21 föranleda
739 1156 34 20 till
780 1156 85 26 någon-

104 1191 98 26 ändring
220 1191 25 20 af
259 1191 14 27 $
290 1191 28 22 41
333 1191 6 20 i
356 1191 217 27 Värnepligtslagen.

420 1333 60 28 Kap.
496 1333 53 22 VII.

174 1397 95 21 Jemlikt
286 1397 13 28 $
316 1397 30 21 42
362 1397 7 20 i
385 1397 218 26 Värnepligtslagen,
620 1396 77 21 såsom
713 1396 75 20 denna
800 1401 64 21 para-

104 1431 52 26 graf
177 1431 63 27 lyder
256 1431 6 20 i
279 1431 82 26 nädiga
385 1431 163 26 förordningen
571 1430 44 21 den
639 1431 27 20 25
689 1429 96 22 Januari
803 1429 61 26 1886,
