1089 1756
444 129 30 22 U.
490 129 28 21 B.
788 130 40 20 153

349 197 276 28 Krigsministerni
642 198 215 27 Kejsaredömet

305 239 58 20 eger
389 232 125 27 handlägga
539 232 38 20 och
604 232 38 21 hos
667 232 107 27 Kejsaren
797 232 57 28 före-

305 266 68 28 draga
395 266 86 20 sådana
496 266 25 21 de
536 266 76 27 finska
628 268 120 25 trupperna
763 266 93 21 rörande

305 300 185 27 angelägenheter,
512 307 47 14 som
582 300 44 21 icke
648 300 97 28 hänföra
766 300 34 28 sig
822 300 35 21 till

306 334 169 28 lagstiftningen
491 335 51 20 eller
556 335 41 20 den
613 334 138 21 ekonomiska
765 334 91 28 förvalt-

305 368 90 28 ningen,
410 370 75 19 samt
499 369 127 27 utöfvar
640 369 10 20 i
664 369 83 27 öfrigt
761 370 47 20 den
822 369 34 20 be-

305 404 128 26 fogenhet,
448 410 56 14 som
519 403 9 21 i
542 403 87 21 denna
645 404 47 26 lag
708 405 32 19 är
754 403 102 21 honom

307 438 113 27 tillagd.

349 472 156 27 Angående
527 472 255 21 kommunikation
798 472 60 21 med

310 507 257 28 Krigsministern
604 507 34 27 af
664 507 28 20 de
722 507 134 26 ärenden,

305 548 56 14 som
384 541 146 21 ankomma
546 541 14 20 å
575 541 279 21 Ministerstatssek-

305 578 168 19 reterarens
502 575 47 28 för
579 575 277 28 Storfurstendömet

305 609 209 28 föredragning
541 610 71 21 eller
638 610 114 21 hvilkas
779 609 75 28 afgö-

306 645 86 20 rande
406 646 32 19 är
452 644 213 27 öfverlemnadt
680 644 27 21 åt
724 644 131 25 Senaten,

304 679 91 27 gäller
410 679 76 20 hvad
500 679 94 20 derom
605 679 30 27 af
644 679 138 26 Kejsaren
794 679 60 20 sär-

305 713 95 21 skildt
414 713 160 27 förordnas.

541 794 15 26 $
573 794 43 20 121.

354 851 72 20 Under
447 851 94 27 fredstid
560 851 122 28 uppställer
705 851 149 27 Storfursten-

305 885 71 21 dömet
391 893 26 12 en
432 885 60 21 aktiv
509 886 142 27 truppstyrka
666 885 28 28 af
708 886 74 27 högst
798 885 58 27 tolf-

306 921 74 19 tusen
397 927 53 13 man
464 920 130 27 underbefäl
609 920 38 21 och
664 920 112 27 manskap,
786 920 70 27 förde-

306 954 47 21 lade
366 954 31 27 pä
413 954 59 21 olika
488 961 69 20 vapen
568 955 54 26 efter
633 954 66 25 behof
706 955 38 20 och
754 954 102 27 förlagda

306 988 7 20 i
329 988 66 21 länen
410 988 62 21 inom
489 989 79 20 landet.

351 1022 177 28 Truppstyrkans
542 1023 204 27 sammansättning
762 1023 38 21 och
810 1023 45 27 för-

305 1057 90 27 delning
418 1057 31 28 pä
478 1057 58 21 olika
569 1065 70 20 vapen
668 1057 113 28 äfvensom
809 1057 47 21 dess

305 1091 131 20 dislokation
452 1091 120 27 fastställes
588 1091 28 28 af
627 1091 104 28 Kejsaren
743 1092 39 20 och
796 1091 59 21 Stor-

303 1125 88 27 fursten
411 1125 33 27 pä
464 1125 222 28 framställning
706 1127 29 26 af
758 1125 93 28 Krigs-

304 1159 160 27 ministern,
483 1160 85 20 sedan
592 1160 119 21 Senaten
734 1160 122 27 afgifvit

304 1193 150 21 utlåtande
470 1194 9 20 i
493 1195 121 20 ärendet.

519 1274 15 27 $
549 1275 51 20 122.

350 1331 179 22 Bestämmandet
544 1332 28 27 af
582 1334 131 25 truppernas
726 1332 130 27 utrustning

304 1365 39 21 och
364 1365 116 21 underhåll
502 1367 127 20 ankommer
645 1367 31 26 på
695 1366 107 28 Kejsaren
817 1366 39 22 och

305 1399 136 28 Storfursten
450 1400 80 21 allena.
556 1400 152 21 Kostnaderna
718 1401 77 27 härför
802 1401 54 27 utgå

303 1434 103 27 främst
427 1434 29 27 af
474 1435 117 20 allmänna
609 1435 174 28 militiefondens
799 1435 56 21 till-
