1092 1745
416 127 85 22 Ständ.
518 127 39 22 Sv.
813 128 26 20 55

178 199 43 22 Att
248 199 68 22 detta
339 200 95 27 system
459 199 29 22 är
512 199 43 22 det
572 198 129 29 lagenliga
720 198 46 23 och
786 199 35 21 att
840 205 30 16 en

109 233 149 29 förändring
283 233 63 26 häri,
371 233 9 22 i
399 233 66 28 syfte
493 235 36 20 att
554 233 25 22 åt
597 233 79 29 ryska
694 233 177 28 myndigheter

110 268 153 23 öfverlemna
281 267 158 30 förvaltning
458 268 26 22 af
501 267 84 23 finska
598 267 108 22 militära
721 267 149 29 angelägen-

110 303 77 26 heter,
207 302 54 22 icke
279 302 51 22 kan
349 303 77 28 göras
445 304 62 20 utan
520 309 31 15 en
564 301 58 23 med
637 301 157 23 Ständernas
808 308 63 15 sam-

110 337 73 29 tycke
210 337 120 28 vidtagen
357 336 110 29 ändring
493 336 26 23 af
539 336 128 29 grundlag
686 336 47 22 och
753 335 119 23 särskildt

112 371 25 22 af
156 371 14 29 $
191 371 50 22 120
259 371 8 22 i
286 371 247 29 Värnepligtslagen,
560 371 29 22 är
614 371 28 22 så
660 370 152 29 uppenbart,
832 371 36 22 att

112 406 66 22 olika
199 406 131 29 meningar
352 405 89 22 härom
461 406 22 28 ej
503 405 80 23 borde
601 405 88 22 kunna
701 405 101 28 uppstå.

180 440 48 22 Det
247 446 90 22 genom
356 440 49 22 den
419 439 96 30 nådiga
530 439 191 29 propositionen
731 438 141 30 framlagda

112 474 121 28 förslaget
259 474 116 28 påkallar
399 474 65 22 dock
488 480 31 16 en
543 474 121 29 pröfning
688 474 55 22 icke
762 474 62 22 blott
842 480 30 15 ur

112 509 98 29 rättslig
221 508 136 30 synpunkt,
371 510 63 21 utan
451 509 46 22 ock
510 515 31 16 ur
554 508 49 22 den
615 508 134 29 praktiska
761 510 110 27 nyttans.

181 544 54 21 Den
254 543 79 22 första
352 543 82 29 fråga,
455 550 54 16 som
527 543 92 22 härvid
632 543 80 22 måste
724 542 148 29 uppställas,

114 579 28 21 är
168 578 57 26 den,
245 578 127 22 huruvida
391 578 32 22 de
441 578 41 22 för
500 578 162 22 närvarande
682 577 138 22 bestående
839 577 34 21 in-

114 612 140 22 stitutioner
281 612 42 22 vid
352 612 49 22 den
429 612 85 22 finska
538 612 133 26 militären,
691 612 87 22 hvilka
797 611 77 29 enligt

114 647 121 29 förslaget
253 646 80 23 skulle
351 646 155 29 upphäfvas,
526 646 54 22 icke
592 646 130 22 befunnits
735 646 139 22 ändamåls-

115 682 89 28 enliga.

184 715 90 23 Svaret
292 715 81 29 härpå
392 715 52 22 kan
463 716 55 22 icke
536 715 80 23 blifva
636 717 77 20 annat
730 716 31 21 än
775 715 49 26 det,
840 716 35 20 att

115 750 206 30 organisationen
349 750 26 22 af
402 750 77 22 dessa
507 750 185 29 myndigheter,
722 750 80 22 sådan
826 749 49 22 den

116 791 89 23 genom
233 784 93 29 nådiga
351 784 183 29 förordningar
558 784 83 22 blifvit
662 784 125 25 faststäld,
810 784 66 22 visat

116 820 38 28 sig
172 825 62 16 vara
253 819 42 22 väl
308 818 121 29 afpassad
440 819 65 22 efter
517 819 127 26 behofvet,
659 821 65 20 samt
737 820 37 20 att
785 818 91 28 ifråga-

116 853 112 22 varande
255 853 191 29 myndigheters
474 853 162 22 verksamhet
663 853 54 22 icke
739 852 74 29 gifvit
835 858 41 16 an-

116 888 103 28 ledning
237 887 36 22 till
291 887 81 29 några
392 887 208 29 anmärkningar,
620 889 61 20 utan
700 888 110 21 tvärtom
822 886 54 22 blif-

117 922 36 22 vit
179 922 32 28 pä
240 923 34 21 ett
299 921 178 30 förtjenstfullt
495 923 50 21 sätt
562 921 114 23 utöfvad.
714 922 162 28 Truppernas

117 956 142 29 utbildning
278 957 94 22 vittnar
389 956 96 27 derom,
501 957 36 22 att
550 956 75 22 äfven
640 956 31 22 de
680 955 196 29 inspekterande

118 991 208 28 myndigheterna
351 992 78 27 egnat
455 991 116 28 allvarlig
595 997 103 22 omsorg
716 990 80 23 derät.
834 989 43 23 Sa-

118 1025 266 22 nitetsväsendet
323 1021 63 37 'har
409 1025 130 22 oafbrutet
560 1025 156 22 förbättrats.
754 1025 124 28 Trupper-

118 1066 46 16 nas
182 1060 163 29 förplägning
363 1059 48 22 och
438 1060 148 29 utrustning
607 1059 47 22 har
678 1059 66 22 varit
762 1059 52 29 god
832 1058 45 23 och

118 1094 119 29 derjemte
255 1094 57 23 med
331 1094 162 29 sparsamhet
511 1094 138 22 handhafd.

186 1128 47 23 Om
252 1135 31 16 en
301 1129 92 22 reform
413 1128 49 23 bör
481 1136 63 15 vara
562 1129 141 22 motiverad
723 1128 26 22 af
767 1128 111 22 nödvän-

118 1163 119 29 digheten
262 1164 35 21 att
319 1163 114 29 afhjelpa
455 1163 94 23 brister
567 1164 46 22 och
632 1162 246 26 missförhällanden,

118 1198 28 22 sä
174 1198 93 22 saknas
285 1198 8 22 i
310 1197 174 23 förevarande
509 1198 43 22 fall
577 1198 68 22 detta
668 1198 78 22 motiv
764 1197 51 22 helt
833 1196 46 22 och

118 1232 83 22 hället.

187 1266 145 29 Uppställes
361 1266 91 23 vidare
475 1267 98 29 frägan,
586 1266 128 23 huruvida
734 1266 49 22 den
802 1265 78 29 ryska

118 1300 188 30 förvaltningen
334 1301 8 22 i
369 1301 224 22 militärdistriktet
612 1301 80 22 skulle
711 1300 108 23 beredas
838 1300 42 21 nä-

119 1341 51 22 gon
188 1335 99 29 verklig
309 1335 83 22 fördel
411 1342 95 22 genom
525 1337 36 20 att
578 1335 190 29 förvaltningen
788 1334 26 23 af
831 1334 49 22 den

120 1369 84 22 finska
227 1369 138 23 militärens
386 1369 216 30 angelägenheter
619 1369 85 22 blefve
724 1368 104 23 dermed
846 1368 35 22 in-

119 1403 128 28 förlifvad,
273 1404 27 22 sä
322 1404 81 22 mäste
427 1404 83 29 härpä
533 1411 97 20 svaras,
650 1405 37 21 att
704 1403 177 28 befattningen

119 1437 58 22 med
195 1438 119 26 ärenden,
332 1438 89 23 hvilka
440 1438 137 23 förutsätta
590 1439 118 22 närmare
720 1437 162 28 bekantskap
