<?xml version="1.0" encoding="UTF-8"?>
<alto xmlns="http://www.loc.gov/standards/alto/ns-v3#" xmlns:xlink="http://www.w3.org/1999/xlink" xmlns:xsi="http://www.w3.org/2001/XMLSchema-instance" xsi:schemaLocation="http://www.loc.gov/standards/alto/ns-v3# http://www.loc.gov/alto/v3/alto-3-0.xsd">
	<Description>
		<MeasurementUnit>pixel</MeasurementUnit>
		<sourceImageInformation>
			<fileName>/tmp/tess_oqhox48v_input.PNG</fileName>
		</sourceImageInformation>
		<OCRProcessing ID="OCR_0">
			<ocrProcessingStep>
				<processingSoftware>
					<softwareName>tesseract 5.3.4</softwareName>
				</processingSoftware>
			</ocrProcessingStep>
		</OCRProcessing>
	</Description>
	<Layout>
		<Page WIDTH="1086" HEIGHT="1764" PHYSICAL_IMG_NR="0" ID="page_0">
			<PrintSpace HPOS="0" VPOS="0" WIDTH="1086" HEIGHT="1764">
				<ComposedBlock ID="cblock_0" HPOS="807" VPOS="132" WIDTH="26" HEIGHT="19">
					<TextBlock ID="block_0" HPOS="807" VPOS="132" WIDTH="26" HEIGHT="19">
						<TextLine ID="line_0" HPOS="807" VPOS="132" WIDTH="26" HEIGHT="19">
							<String ID="string_0" HPOS="807" VPOS="132" WIDTH="26" HEIGHT="19" WC="0.95" CONTENT="29"/>
						</TextLine>
					</TextBlock>
				</ComposedBlock>
				<ComposedBlock ID="cblock_1" HPOS="105" VPOS="198" WIDTH="759" HEIGHT="556">
					<TextBlock ID="block_1" HPOS="105" VPOS="198" WIDTH="759" HEIGHT="372">
						<TextLine ID="line_1" HPOS="174" VPOS="198" WIDTH="689" HEIGHT="28">
							<String ID="string_1" HPOS="174" VPOS="202" WIDTH="49" HEIGHT="18" WC="0.96" CONTENT="Art."/><SP WIDTH="25" VPOS="202" HPOS="223"/>
							<String ID="string_2" HPOS="248" VPOS="202" WIDTH="39" HEIGHT="18" WC="0.95" CONTENT="87."/><SP WIDTH="30" VPOS="202" HPOS="287"/>
							<String ID="string_3" HPOS="317" VPOS="199" WIDTH="39" HEIGHT="27" WC="0.96" CONTENT="De,"/><SP WIDTH="24" VPOS="199" HPOS="356"/>
							<String ID="string_4" HPOS="380" VPOS="206" WIDTH="45" HEIGHT="14" WC="0.95" CONTENT="som"/><SP WIDTH="20" VPOS="206" HPOS="425"/>
							<String ID="string_5" HPOS="445" VPOS="201" WIDTH="37" HEIGHT="19" WC="0.95" CONTENT="äro"/><SP WIDTH="20" VPOS="201" HPOS="482"/>
							<String ID="string_6" HPOS="502" VPOS="199" WIDTH="136" HEIGHT="27" WC="0.96" CONTENT="berättigade"/><SP WIDTH="17" VPOS="199" HPOS="638"/>
							<String ID="string_7" HPOS="655" VPOS="199" WIDTH="32" HEIGHT="21" WC="0.96" CONTENT="till"/><SP WIDTH="16" VPOS="199" HPOS="687"/>
							<String ID="string_8" HPOS="703" VPOS="198" WIDTH="97" HEIGHT="22" WC="0.96" CONTENT="befrielse"/><SP WIDTH="16" VPOS="198" HPOS="800"/>
							<String ID="string_9" HPOS="816" VPOS="198" WIDTH="47" HEIGHT="21" WC="0.96" CONTENT="från"/>
						</TextLine>
						<TextLine ID="line_2" HPOS="105" VPOS="232" WIDTH="758" HEIGHT="29">
							<String ID="string_10" HPOS="105" VPOS="234" WIDTH="148" HEIGHT="27" WC="0.92" CONTENT="värnepligten"/><SP WIDTH="15" VPOS="234" HPOS="253"/>
							<String ID="string_11" HPOS="268" VPOS="234" WIDTH="7" HEIGHT="20" WC="0.96" CONTENT="i"/><SP WIDTH="16" VPOS="234" HPOS="275"/>
							<String ID="string_12" HPOS="291" VPOS="233" WIDTH="117" HEIGHT="21" WC="0.96" CONTENT="allmänhet"/><SP WIDTH="10" VPOS="233" HPOS="408"/>
							<String ID="string_13" HPOS="418" VPOS="233" WIDTH="51" HEIGHT="21" WC="0.96" CONTENT="eller"/><SP WIDTH="11" VPOS="233" HPOS="469"/>
							<String ID="string_14" HPOS="480" VPOS="234" WIDTH="77" HEIGHT="21" WC="0.96" CONTENT="endast"/><SP WIDTH="10" VPOS="234" HPOS="557"/>
							<String ID="string_15" HPOS="567" VPOS="233" WIDTH="48" HEIGHT="21" WC="0.93" CONTENT="från"/><SP WIDTH="12" VPOS="233" HPOS="615"/>
							<String ID="string_16" HPOS="627" VPOS="233" WIDTH="143" HEIGHT="27" WC="0.92" CONTENT="tjenstgöring"/><SP WIDTH="11" VPOS="233" HPOS="770"/>
							<String ID="string_17" HPOS="781" VPOS="232" WIDTH="7" HEIGHT="22" WC="0.91" CONTENT="i"/><SP WIDTH="8" VPOS="232" HPOS="788"/>
							<String ID="string_18" HPOS="796" VPOS="232" WIDTH="67" HEIGHT="21" WC="0.91" CONTENT="freds-"/>
						</TextLine>
						<TextLine ID="line_3" HPOS="106" VPOS="266" WIDTH="756" HEIGHT="29">
							<String ID="string_19" HPOS="106" VPOS="267" WIDTH="38" HEIGHT="27" WC="0.96" CONTENT="tid,"/><SP WIDTH="24" VPOS="267" HPOS="144"/>
							<String ID="string_20" HPOS="168" VPOS="268" WIDTH="107" HEIGHT="22" WC="0.96" CONTENT="äfvensom"/><SP WIDTH="19" VPOS="268" HPOS="275"/>
							<String ID="string_21" HPOS="294" VPOS="268" WIDTH="31" HEIGHT="26" WC="0.96" CONTENT="de,"/><SP WIDTH="23" VPOS="268" HPOS="325"/>
							<String ID="string_22" HPOS="348" VPOS="268" WIDTH="73" HEIGHT="21" WC="0.92" CONTENT="hvilka"/><SP WIDTH="22" VPOS="268" HPOS="421"/>
							<String ID="string_23" HPOS="443" VPOS="274" WIDTH="40" HEIGHT="21" WC="0.91" CONTENT="ega"/><SP WIDTH="21" VPOS="274" HPOS="483"/>
							<String ID="string_24" HPOS="504" VPOS="270" WIDTH="46" HEIGHT="19" WC="0.96" CONTENT="rätt"/><SP WIDTH="22" VPOS="270" HPOS="550"/>
							<String ID="string_25" HPOS="572" VPOS="268" WIDTH="33" HEIGHT="21" WC="0.96" CONTENT="till"/><SP WIDTH="20" VPOS="268" HPOS="605"/>
							<String ID="string_26" HPOS="625" VPOS="267" WIDTH="137" HEIGHT="27" WC="0.96" CONTENT="förkortning"/><SP WIDTH="24" VPOS="267" HPOS="762"/>
							<String ID="string_27" HPOS="786" VPOS="266" WIDTH="22" HEIGHT="22" WC="0.96" CONTENT="af"/><SP WIDTH="15" VPOS="266" HPOS="808"/>
							<String ID="string_28" HPOS="823" VPOS="266" WIDTH="39" HEIGHT="21" WC="0.96" CONTENT="den"/>
						</TextLine>
						<TextLine ID="line_4" HPOS="107" VPOS="300" WIDTH="757" HEIGHT="30">
							<String ID="string_29" HPOS="107" VPOS="301" WIDTH="72" HEIGHT="22" WC="0.93" CONTENT="aktiva"/><SP WIDTH="21" VPOS="301" HPOS="179"/>
							<String ID="string_30" HPOS="200" VPOS="302" WIDTH="146" HEIGHT="28" WC="0.89" CONTENT="tjenstetiden,"/><SP WIDTH="23" VPOS="302" HPOS="346"/>
							<String ID="string_31" HPOS="369" VPOS="302" WIDTH="61" HEIGHT="21" WC="0.96" CONTENT="skola"/><SP WIDTH="22" VPOS="302" HPOS="430"/>
							<String ID="string_32" HPOS="452" VPOS="302" WIDTH="32" HEIGHT="21" WC="0.96" CONTENT="till"/><SP WIDTH="23" VPOS="302" HPOS="484"/>
							<String ID="string_33" HPOS="507" VPOS="302" WIDTH="161" HEIGHT="21" WC="0.92" CONTENT="vederbörande"/><SP WIDTH="26" VPOS="302" HPOS="668"/>
							<String ID="string_34" HPOS="694" VPOS="300" WIDTH="170" HEIGHT="22" WC="0.88" CONTENT="Distriktsnämd"/>
						</TextLine>
						<TextLine ID="line_5" HPOS="106" VPOS="335" WIDTH="756" HEIGHT="29">
							<String ID="string_35" HPOS="106" VPOS="336" WIDTH="102" HEIGHT="22" WC="0.95" CONTENT="inlämna:"/><SP WIDTH="22" VPOS="336" HPOS="208"/>
							<String ID="string_36" HPOS="230" VPOS="337" WIDTH="26" HEIGHT="21" WC="0.93" CONTENT="de"/><SP WIDTH="14" VPOS="337" HPOS="256"/>
							<String ID="string_37" HPOS="270" VPOS="336" WIDTH="133" HEIGHT="22" WC="0.92" CONTENT="förstnämde"/><SP WIDTH="14" VPOS="336" HPOS="403"/>
							<String ID="string_38" HPOS="417" VPOS="336" WIDTH="99" HEIGHT="28" WC="0.96" CONTENT="behörigt"/><SP WIDTH="15" VPOS="336" HPOS="516"/>
							<String ID="string_39" HPOS="531" VPOS="337" WIDTH="61" HEIGHT="27" WC="0.96" CONTENT="intyg"/><SP WIDTH="16" VPOS="337" HPOS="592"/>
							<String ID="string_40" HPOS="608" VPOS="343" WIDTH="34" HEIGHT="15" WC="0.96" CONTENT="om"/><SP WIDTH="15" VPOS="343" HPOS="642"/>
							<String ID="string_41" HPOS="657" VPOS="336" WIDTH="43" HEIGHT="21" WC="0.96" CONTENT="kall"/><SP WIDTH="16" VPOS="336" HPOS="700"/>
							<String ID="string_42" HPOS="716" VPOS="336" WIDTH="50" HEIGHT="21" WC="0.96" CONTENT="eller"/><SP WIDTH="23" VPOS="336" HPOS="766"/>
							<String ID="string_43" HPOS="789" VPOS="335" WIDTH="73" HEIGHT="28" WC="0.94" CONTENT="syssla,"/>
						</TextLine>
						<TextLine ID="line_6" HPOS="108" VPOS="369" WIDTH="755" HEIGHT="29">
							<String ID="string_44" HPOS="108" VPOS="376" WIDTH="45" HEIGHT="16" WC="0.96" CONTENT="som"/><SP WIDTH="21" VPOS="376" HPOS="153"/>
							<String ID="string_45" HPOS="174" VPOS="370" WIDTH="120" HEIGHT="28" WC="0.96" CONTENT="berättigar"/><SP WIDTH="22" VPOS="370" HPOS="294"/>
							<String ID="string_46" HPOS="316" VPOS="370" WIDTH="33" HEIGHT="22" WC="0.96" CONTENT="till"/><SP WIDTH="23" VPOS="370" HPOS="349"/>
							<String ID="string_47" HPOS="372" VPOS="370" WIDTH="98" HEIGHT="22" WC="0.96" CONTENT="befrielse"/><SP WIDTH="25" VPOS="370" HPOS="470"/>
							<String ID="string_48" HPOS="495" VPOS="370" WIDTH="47" HEIGHT="22" WC="0.93" CONTENT="från"/><SP WIDTH="25" VPOS="370" HPOS="542"/>
							<String ID="string_49" HPOS="567" VPOS="370" WIDTH="149" HEIGHT="28" WC="0.91" CONTENT="värnepligten"/><SP WIDTH="26" VPOS="370" HPOS="716"/>
							<String ID="string_50" HPOS="742" VPOS="370" WIDTH="51" HEIGHT="22" WC="0.96" CONTENT="eller"/><SP WIDTH="23" VPOS="370" HPOS="793"/>
							<String ID="string_51" HPOS="816" VPOS="369" WIDTH="47" HEIGHT="22" WC="0.96" CONTENT="från"/>
						</TextLine>
						<TextLine ID="line_7" HPOS="108" VPOS="404" WIDTH="756" HEIGHT="29">
							<String ID="string_52" HPOS="108" VPOS="405" WIDTH="58" HEIGHT="21" WC="0.93" CONTENT="aktiv"/><SP WIDTH="21" VPOS="405" HPOS="166"/>
							<String ID="string_53" HPOS="187" VPOS="406" WIDTH="67" HEIGHT="27" WC="0.91" CONTENT="tjenst"/><SP WIDTH="19" VPOS="406" HPOS="254"/>
							<String ID="string_54" HPOS="273" VPOS="404" WIDTH="7" HEIGHT="22" WC="0.96" CONTENT="i"/><SP WIDTH="17" VPOS="404" HPOS="280"/>
							<String ID="string_55" HPOS="297" VPOS="404" WIDTH="97" HEIGHT="27" WC="0.96" CONTENT="fredstid,"/><SP WIDTH="23" VPOS="404" HPOS="394"/>
							<String ID="string_56" HPOS="417" VPOS="407" WIDTH="56" HEIGHT="19" WC="0.95" CONTENT="samt"/><SP WIDTH="23" VPOS="407" HPOS="473"/>
							<String ID="string_57" HPOS="496" VPOS="406" WIDTH="26" HEIGHT="20" WC="0.96" CONTENT="de"/><SP WIDTH="20" VPOS="406" HPOS="522"/>
							<String ID="string_58" HPOS="542" VPOS="412" WIDTH="76" HEIGHT="14" WC="0.96" CONTENT="senare"/><SP WIDTH="22" VPOS="412" HPOS="618"/>
							<String ID="string_59" HPOS="640" VPOS="405" WIDTH="80" HEIGHT="27" WC="0.96" CONTENT="diplom"/><SP WIDTH="20" VPOS="405" HPOS="720"/>
							<String ID="string_60" HPOS="740" VPOS="405" WIDTH="38" HEIGHT="21" WC="0.96" CONTENT="och"/><SP WIDTH="20" VPOS="405" HPOS="778"/>
							<String ID="string_61" HPOS="798" VPOS="405" WIDTH="66" HEIGHT="26" WC="0.95" CONTENT="betyg"/>
						</TextLine>
						<TextLine ID="line_8" HPOS="107" VPOS="439" WIDTH="757" HEIGHT="28">
							<String ID="string_62" HPOS="107" VPOS="439" WIDTH="58" HEIGHT="22" WC="0.96" CONTENT="öfver"/><SP WIDTH="15" VPOS="439" HPOS="165"/>
							<String ID="string_63" HPOS="180" VPOS="440" WIDTH="47" HEIGHT="21" WC="0.96" CONTENT="lärd"/><SP WIDTH="15" VPOS="440" HPOS="227"/>
							<String ID="string_64" HPOS="242" VPOS="440" WIDTH="54" HEIGHT="26" WC="0.96" CONTENT="grad"/><SP WIDTH="11" VPOS="440" HPOS="296"/>
							<String ID="string_65" HPOS="307" VPOS="440" WIDTH="50" HEIGHT="21" WC="0.95" CONTENT="eller"/><SP WIDTH="10" VPOS="440" HPOS="357"/>
							<String ID="string_66" HPOS="367" VPOS="446" WIDTH="60" HEIGHT="20" WC="0.96" CONTENT="rang,"/><SP WIDTH="12" VPOS="446" HPOS="427"/>
							<String ID="string_67" HPOS="439" VPOS="440" WIDTH="50" HEIGHT="21" WC="0.96" CONTENT="eller"/><SP WIDTH="10" VPOS="440" HPOS="489"/>
							<String ID="string_68" HPOS="499" VPOS="440" WIDTH="61" HEIGHT="27" WC="0.96" CONTENT="intyg"/><SP WIDTH="11" VPOS="440" HPOS="560"/>
							<String ID="string_69" HPOS="571" VPOS="440" WIDTH="22" HEIGHT="21" WC="0.93" CONTENT="af"/><SP WIDTH="9" VPOS="440" HPOS="593"/>
							<String ID="string_70" HPOS="602" VPOS="439" WIDTH="262" HEIGHT="22" WC="0.90" CONTENT="läroverksföreståndare"/>
						</TextLine>
						<TextLine ID="line_9" HPOS="108" VPOS="474" WIDTH="756" HEIGHT="28">
							<String ID="string_71" HPOS="108" VPOS="474" WIDTH="58" HEIGHT="21" WC="0.93" CONTENT="öfver"/><SP WIDTH="19" VPOS="474" HPOS="166"/>
							<String ID="string_72" HPOS="185" VPOS="474" WIDTH="94" HEIGHT="21" WC="0.92" CONTENT="afslutad"/><SP WIDTH="19" VPOS="474" HPOS="279"/>
							<String ID="string_73" HPOS="298" VPOS="474" WIDTH="100" HEIGHT="21" WC="0.96" CONTENT="lärokurs"/><SP WIDTH="20" VPOS="474" HPOS="398"/>
							<String ID="string_74" HPOS="418" VPOS="474" WIDTH="51" HEIGHT="22" WC="0.93" CONTENT="eller"/><SP WIDTH="20" VPOS="474" HPOS="469"/>
							<String ID="string_75" HPOS="489" VPOS="474" WIDTH="70" HEIGHT="28" WC="0.90" CONTENT="aflagd"/><SP WIDTH="20" VPOS="474" HPOS="559"/>
							<String ID="string_76" HPOS="579" VPOS="474" WIDTH="157" HEIGHT="22" WC="0.92" CONTENT="motsvarande"/><SP WIDTH="24" VPOS="474" HPOS="736"/>
							<String ID="string_77" HPOS="760" VPOS="480" WIDTH="52" HEIGHT="16" WC="0.90" CONTENT="exam"/><SP WIDTH="12" VPOS="480" HPOS="812"/>
							<String ID="string_78" HPOS="824" VPOS="479" WIDTH="40" HEIGHT="20" WC="0.92" CONTENT="en;"/>
						</TextLine>
						<TextLine ID="line_10" HPOS="109" VPOS="507" WIDTH="755" HEIGHT="28">
							<String ID="string_79" HPOS="109" VPOS="508" WIDTH="26" HEIGHT="21" WC="0.96" CONTENT="de"/><SP WIDTH="21" VPOS="508" HPOS="135"/>
							<String ID="string_80" HPOS="156" VPOS="514" WIDTH="109" HEIGHT="21" WC="0.95" CONTENT="personer,"/><SP WIDTH="19" VPOS="514" HPOS="265"/>
							<String ID="string_81" HPOS="284" VPOS="514" WIDTH="45" HEIGHT="15" WC="0.96" CONTENT="som"/><SP WIDTH="23" VPOS="514" HPOS="329"/>
							<String ID="string_82" HPOS="352" VPOS="509" WIDTH="125" HEIGHT="26" WC="0.96" CONTENT="uppräknas"/><SP WIDTH="22" VPOS="509" HPOS="477"/>
							<String ID="string_83" HPOS="499" VPOS="509" WIDTH="8" HEIGHT="21" WC="0.96" CONTENT="i"/><SP WIDTH="22" VPOS="509" HPOS="507"/>
							<String ID="string_84" HPOS="529" VPOS="515" WIDTH="63" HEIGHT="15" WC="0.96" CONTENT="mom."/><SP WIDTH="27" VPOS="515" HPOS="592"/>
							<String ID="string_85" HPOS="619" VPOS="510" WIDTH="7" HEIGHT="20" WC="0.95" CONTENT="1"/><SP WIDTH="27" VPOS="510" HPOS="626"/>
							<String ID="string_86" HPOS="653" VPOS="508" WIDTH="22" HEIGHT="22" WC="0.95" CONTENT="af"/><SP WIDTH="21" VPOS="508" HPOS="675"/>
							<String ID="string_87" HPOS="696" VPOS="510" WIDTH="41" HEIGHT="20" WC="0.96" CONTENT="art."/><SP WIDTH="15" VPOS="510" HPOS="737"/>
							<String ID="string_88" HPOS="752" VPOS="510" WIDTH="35" HEIGHT="25" WC="0.96" CONTENT="45,"/><SP WIDTH="15" VPOS="510" HPOS="787"/>
							<String ID="string_89" HPOS="802" VPOS="507" WIDTH="62" HEIGHT="22" WC="0.95" CONTENT="skola"/>
						</TextLine>
						<TextLine ID="line_11" HPOS="109" VPOS="542" WIDTH="754" HEIGHT="28">
							<String ID="string_90" HPOS="109" VPOS="542" WIDTH="101" HEIGHT="27" WC="0.92" CONTENT="derjemte"/><SP WIDTH="14" VPOS="542" HPOS="210"/>
							<String ID="string_91" HPOS="224" VPOS="542" WIDTH="79" HEIGHT="27" WC="0.92" CONTENT="ingifva"/><SP WIDTH="13" VPOS="542" HPOS="303"/>
							<String ID="string_92" HPOS="316" VPOS="542" WIDTH="58" HEIGHT="21" WC="0.96" CONTENT="bevis"/><SP WIDTH="11" VPOS="542" HPOS="374"/>
							<String ID="string_93" HPOS="385" VPOS="542" WIDTH="58" HEIGHT="22" WC="0.96" CONTENT="öfver"/><SP WIDTH="10" VPOS="542" HPOS="443"/>
							<String ID="string_94" HPOS="453" VPOS="543" WIDTH="99" HEIGHT="27" WC="0.96" CONTENT="kunskap"/><SP WIDTH="12" VPOS="543" HPOS="552"/>
							<String ID="string_95" HPOS="564" VPOS="543" WIDTH="7" HEIGHT="21" WC="0.96" CONTENT="i"/><SP WIDTH="11" VPOS="543" HPOS="571"/>
							<String ID="string_96" HPOS="582" VPOS="543" WIDTH="65" HEIGHT="27" WC="0.96" CONTENT="ryska"/><SP WIDTH="10" VPOS="543" HPOS="647"/>
							<String ID="string_97" HPOS="657" VPOS="543" WIDTH="88" HEIGHT="27" WC="0.96" CONTENT="språket"/><SP WIDTH="11" VPOS="543" HPOS="745"/>
							<String ID="string_98" HPOS="756" VPOS="544" WIDTH="50" HEIGHT="26" WC="0.95" CONTENT="(art."/><SP WIDTH="13" VPOS="544" HPOS="806"/>
							<String ID="string_99" HPOS="819" VPOS="542" WIDTH="44" HEIGHT="26" WC="0.96" CONTENT="46)."/>
						</TextLine>
					</TextBlock>
					<TextBlock ID="block_2" HPOS="108" VPOS="586" WIDTH="756" HEIGHT="168">
						<TextLine ID="line_12" HPOS="178" VPOS="586" WIDTH="686" HEIGHT="25">
							<String ID="string_100" HPOS="178" VPOS="588" WIDTH="49" HEIGHT="17" WC="0.92" CONTENT="Anm."/><SP WIDTH="23" VPOS="588" HPOS="227"/>
							<String ID="string_101" HPOS="250" VPOS="588" WIDTH="53" HEIGHT="22" WC="0.96" CONTENT="Intyg"/><SP WIDTH="18" VPOS="588" HPOS="303"/>
							<String ID="string_102" HPOS="321" VPOS="588" WIDTH="50" HEIGHT="17" WC="0.93" CONTENT="öfver"/><SP WIDTH="17" VPOS="588" HPOS="371"/>
							<String ID="string_103" HPOS="388" VPOS="588" WIDTH="85" HEIGHT="23" WC="0.92" CONTENT="utöfning"/><SP WIDTH="18" VPOS="588" HPOS="473"/>
							<String ID="string_104" HPOS="491" VPOS="589" WIDTH="21" HEIGHT="17" WC="0.96" CONTENT="af"/><SP WIDTH="16" VPOS="589" HPOS="512"/>
							<String ID="string_105" HPOS="528" VPOS="589" WIDTH="50" HEIGHT="22" WC="0.96" CONTENT="yrke,"/><SP WIDTH="18" VPOS="589" HPOS="578"/>
							<String ID="string_106" HPOS="596" VPOS="594" WIDTH="38" HEIGHT="12" WC="0.93" CONTENT="som"/><SP WIDTH="17" VPOS="594" HPOS="634"/>
							<String ID="string_107" HPOS="651" VPOS="588" WIDTH="74" HEIGHT="23" WC="0.92" CONTENT="jemlikt"/><SP WIDTH="13" VPOS="588" HPOS="725"/>
							<String ID="string_108" HPOS="738" VPOS="590" WIDTH="35" HEIGHT="15" WC="0.52" CONTENT="art."/><SP WIDTH="9" VPOS="590" HPOS="773"/>
							<String ID="string_109" HPOS="782" VPOS="589" WIDTH="22" HEIGHT="16" WC="0.52" CONTENT="52"/><SP WIDTH="12" VPOS="589" HPOS="804"/>
							<String ID="string_110" HPOS="816" VPOS="586" WIDTH="48" HEIGHT="19" WC="0.92" CONTENT="med-"/>
						</TextLine>
						<TextLine ID="line_13" HPOS="110" VPOS="616" WIDTH="754" HEIGHT="24">
							<String ID="string_111" HPOS="110" VPOS="616" WIDTH="29" HEIGHT="18" WC="0.96" CONTENT="för"/><SP WIDTH="17" VPOS="616" HPOS="139"/>
							<String ID="string_112" HPOS="156" VPOS="616" WIDTH="86" HEIGHT="18" WC="0.96" CONTENT="befrielse"/><SP WIDTH="17" VPOS="616" HPOS="242"/>
							<String ID="string_113" HPOS="259" VPOS="617" WIDTH="6" HEIGHT="17" WC="0.96" CONTENT="i"/><SP WIDTH="18" VPOS="617" HPOS="265"/>
							<String ID="string_114" HPOS="283" VPOS="616" WIDTH="78" HEIGHT="18" WC="0.96" CONTENT="fredstid"/><SP WIDTH="16" VPOS="616" HPOS="361"/>
							<String ID="string_115" HPOS="377" VPOS="617" WIDTH="41" HEIGHT="17" WC="0.93" CONTENT="från"/><SP WIDTH="18" VPOS="617" HPOS="418"/>
							<String ID="string_116" HPOS="436" VPOS="617" WIDTH="115" HEIGHT="23" WC="0.93" CONTENT="krigstjenst,"/><SP WIDTH="18" VPOS="617" HPOS="551"/>
							<String ID="string_117" HPOS="569" VPOS="617" WIDTH="48" HEIGHT="18" WC="0.93" CONTENT="skall"/><SP WIDTH="19" VPOS="617" HPOS="617"/>
							<String ID="string_118" HPOS="636" VPOS="617" WIDTH="88" HEIGHT="22" WC="0.91" CONTENT="utgifvas:"/><SP WIDTH="20" VPOS="617" HPOS="724"/>
							<String ID="string_119" HPOS="744" VPOS="617" WIDTH="18" HEIGHT="23" WC="0.96" CONTENT="1)"/><SP WIDTH="18" VPOS="617" HPOS="762"/>
							<String ID="string_120" HPOS="780" VPOS="616" WIDTH="20" HEIGHT="17" WC="0.93" CONTENT="åt"/><SP WIDTH="12" VPOS="616" HPOS="800"/>
							<String ID="string_121" HPOS="812" VPOS="616" WIDTH="52" HEIGHT="21" WC="0.92" CONTENT="skep-"/>
						</TextLine>
						<TextLine ID="line_14" HPOS="108" VPOS="644" WIDTH="756" HEIGHT="25">
							<String ID="string_122" HPOS="108" VPOS="650" WIDTH="48" HEIGHT="17" WC="0.93" CONTENT="pare,"/><SP WIDTH="16" VPOS="650" HPOS="156"/>
							<String ID="string_123" HPOS="172" VPOS="647" WIDTH="87" HEIGHT="21" WC="0.91" CONTENT="styrmän,"/><SP WIDTH="13" VPOS="647" HPOS="259"/>
							<String ID="string_124" HPOS="272" VPOS="645" WIDTH="138" HEIGHT="23" WC="0.92" CONTENT="understyrmän"/><SP WIDTH="18" VPOS="645" HPOS="410"/>
							<String ID="string_125" HPOS="428" VPOS="646" WIDTH="34" HEIGHT="17" WC="0.92" CONTENT="och"/><SP WIDTH="12" VPOS="646" HPOS="462"/>
							<String ID="string_126" HPOS="474" VPOS="646" WIDTH="195" HEIGHT="23" WC="0.91" CONTENT="ingeniörmekaniker,"/><SP WIDTH="13" VPOS="646" HPOS="669"/>
							<String ID="string_127" HPOS="682" VPOS="645" WIDTH="62" HEIGHT="18" WC="0.95" CONTENT="hvilka"/><SP WIDTH="15" VPOS="645" HPOS="744"/>
							<String ID="string_128" HPOS="759" VPOS="645" WIDTH="55" HEIGHT="18" WC="0.93" CONTENT="sköta"/><SP WIDTH="13" VPOS="645" HPOS="814"/>
							<String ID="string_129" HPOS="827" VPOS="644" WIDTH="37" HEIGHT="17" WC="0.92" CONTENT="far-"/>
						</TextLine>
						<TextLine ID="line_15" HPOS="108" VPOS="673" WIDTH="754" HEIGHT="24">
							<String ID="string_130" HPOS="108" VPOS="675" WIDTH="42" HEIGHT="21" WC="0.92" CONTENT="tygs"/><SP WIDTH="16" VPOS="675" HPOS="150"/>
							<String ID="string_131" HPOS="166" VPOS="673" WIDTH="97" HEIGHT="22" WC="0.93" CONTENT="maskiner,"/><SP WIDTH="13" VPOS="673" HPOS="263"/>
							<String ID="string_132" HPOS="276" VPOS="683" WIDTH="21" HEIGHT="3" WC="0.92" CONTENT="—"/><SP WIDTH="13" VPOS="683" HPOS="297"/>
							<String ID="string_133" HPOS="310" VPOS="673" WIDTH="21" HEIGHT="18" WC="0.93" CONTENT="af"/><SP WIDTH="10" VPOS="673" HPOS="331"/>
							<String ID="string_134" HPOS="341" VPOS="679" WIDTH="77" HEIGHT="17" WC="0.93" CONTENT="egarene"/><SP WIDTH="11" VPOS="679" HPOS="418"/>
							<String ID="string_135" HPOS="429" VPOS="674" WIDTH="29" HEIGHT="17" WC="0.96" CONTENT="till"/><SP WIDTH="13" VPOS="674" HPOS="458"/>
							<String ID="string_136" HPOS="471" VPOS="674" WIDTH="22" HEIGHT="18" WC="0.96" CONTENT="de"/><SP WIDTH="12" VPOS="674" HPOS="493"/>
							<String ID="string_137" HPOS="505" VPOS="674" WIDTH="67" HEIGHT="23" WC="0.93" CONTENT="fartyg,"/><SP WIDTH="12" VPOS="674" HPOS="572"/>
							<String ID="string_138" HPOS="584" VPOS="675" WIDTH="11" HEIGHT="17" WC="0.81" CONTENT="å"/><SP WIDTH="12" VPOS="675" HPOS="595"/>
							<String ID="string_139" HPOS="607" VPOS="674" WIDTH="63" HEIGHT="18" WC="0.93" CONTENT="hvilka"/><SP WIDTH="12" VPOS="674" HPOS="670"/>
							<String ID="string_140" HPOS="682" VPOS="674" WIDTH="82" HEIGHT="18" WC="0.92" CONTENT="bemälde"/><SP WIDTH="11" VPOS="674" HPOS="764"/>
							<String ID="string_141" HPOS="775" VPOS="677" WIDTH="87" HEIGHT="19" WC="0.96" CONTENT="personer"/>
						</TextLine>
						<TextLine ID="line_16" HPOS="109" VPOS="701" WIDTH="755" HEIGHT="25">
							<String ID="string_142" HPOS="109" VPOS="704" WIDTH="32" HEIGHT="15" WC="0.93" CONTENT="äro"/><SP WIDTH="12" VPOS="704" HPOS="141"/>
							<String ID="string_143" HPOS="153" VPOS="702" WIDTH="84" HEIGHT="18" WC="0.91" CONTENT="anstälda"/><SP WIDTH="12" VPOS="702" HPOS="237"/>
							<String ID="string_144" HPOS="249" VPOS="702" WIDTH="58" HEIGHT="23" WC="0.96" CONTENT="enligt"/><SP WIDTH="11" VPOS="702" HPOS="307"/>
							<String ID="string_145" HPOS="318" VPOS="703" WIDTH="90" HEIGHT="17" WC="0.96" CONTENT="kontrakt"/><SP WIDTH="12" VPOS="703" HPOS="408"/>
							<String ID="string_146" HPOS="420" VPOS="703" WIDTH="44" HEIGHT="17" WC="0.93" CONTENT="eller"/><SP WIDTH="11" VPOS="703" HPOS="464"/>
							<String ID="string_147" HPOS="475" VPOS="703" WIDTH="53" HEIGHT="21" WC="0.91" CONTENT="aftal,"/><SP WIDTH="13" VPOS="703" HPOS="528"/>
							<String ID="string_148" HPOS="541" VPOS="705" WIDTH="47" HEIGHT="16" WC="0.96" CONTENT="samt"/><SP WIDTH="12" VPOS="705" HPOS="588"/>
							<String ID="string_149" HPOS="600" VPOS="703" WIDTH="19" HEIGHT="23" WC="0.96" CONTENT="2)"/><SP WIDTH="13" VPOS="703" HPOS="619"/>
							<String ID="string_150" HPOS="632" VPOS="703" WIDTH="20" HEIGHT="18" WC="0.96" CONTENT="åt"/><SP WIDTH="11" VPOS="703" HPOS="652"/>
							<String ID="string_151" HPOS="663" VPOS="703" WIDTH="58" HEIGHT="18" WC="0.96" CONTENT="lotsar"/><SP WIDTH="11" VPOS="703" HPOS="721"/>
							<String ID="string_152" HPOS="732" VPOS="703" WIDTH="29" HEIGHT="17" WC="0.93" CONTENT="för"/><SP WIDTH="11" VPOS="703" HPOS="761"/>
							<String ID="string_153" HPOS="772" VPOS="701" WIDTH="50" HEIGHT="19" WC="0.90" CONTENT="hafs-"/><SP WIDTH="8" VPOS="701" HPOS="822"/>
							<String ID="string_154" HPOS="830" VPOS="701" WIDTH="34" HEIGHT="18" WC="0.96" CONTENT="och"/>
						</TextLine>
						<TextLine ID="line_17" HPOS="109" VPOS="731" WIDTH="755" HEIGHT="23">
							<String ID="string_155" HPOS="109" VPOS="731" WIDTH="140" HEIGHT="22" WC="0.91" CONTENT="insjöfarvatten"/><SP WIDTH="9" VPOS="731" HPOS="249"/>
							<String ID="string_156" HPOS="258" VPOS="731" WIDTH="92" HEIGHT="18" WC="0.95" CONTENT="äfvensom"/><SP WIDTH="9" VPOS="731" HPOS="350"/>
							<String ID="string_157" HPOS="359" VPOS="731" WIDTH="19" HEIGHT="18" WC="0.93" CONTENT="ät"/><SP WIDTH="8" VPOS="731" HPOS="378"/>
							<String ID="string_158" HPOS="386" VPOS="731" WIDTH="126" HEIGHT="23" WC="0.93" CONTENT="lotslärlingar"/><SP WIDTH="6" VPOS="731" HPOS="512"/>
							<String ID="string_159" HPOS="518" VPOS="742" WIDTH="21" HEIGHT="3" WC="0.93" CONTENT="—"/><SP WIDTH="7" VPOS="742" HPOS="539"/>
							<String ID="string_160" HPOS="546" VPOS="732" WIDTH="21" HEIGHT="17" WC="0.97" CONTENT="af"/><SP WIDTH="6" VPOS="732" HPOS="567"/>
							<String ID="string_161" HPOS="573" VPOS="732" WIDTH="135" HEIGHT="18" WC="0.93" CONTENT="vederbörande"/><SP WIDTH="8" VPOS="732" HPOS="708"/>
							<String ID="string_162" HPOS="716" VPOS="731" WIDTH="148" HEIGHT="23" WC="0.92" CONTENT="lotsmyndighet."/>
						</TextLine>
					</TextBlock>
				</ComposedBlock>
				<ComposedBlock ID="cblock_2" HPOS="362" VPOS="831" WIDTH="248" HEIGHT="22">
					<TextBlock ID="block_3" HPOS="362" VPOS="831" WIDTH="248" HEIGHT="22">
						<TextLine ID="line_18" HPOS="362" VPOS="831" WIDTH="248" HEIGHT="22">
							<String ID="string_163" HPOS="362" VPOS="831" WIDTH="97" HEIGHT="22" WC="0.96" CONTENT="NIONDE"/><SP WIDTH="15" VPOS="831" HPOS="459"/>
							<String ID="string_164" HPOS="474" VPOS="831" WIDTH="136" HEIGHT="21" WC="0.96" CONTENT="KAPITLET."/>
						</TextLine>
					</TextBlock>
				</ComposedBlock>
				<ComposedBlock ID="cblock_3" HPOS="189" VPOS="893" WIDTH="595" HEIGHT="63">
					<TextBlock ID="block_4" HPOS="189" VPOS="893" WIDTH="595" HEIGHT="63">
						<TextLine ID="line_19" HPOS="189" VPOS="893" WIDTH="595" HEIGHT="29">
							<String ID="string_165" HPOS="189" VPOS="893" WIDTH="33" HEIGHT="22" WC="0.96" CONTENT="Om"/><SP WIDTH="17" VPOS="893" HPOS="222"/>
							<String ID="string_166" HPOS="239" VPOS="893" WIDTH="79" HEIGHT="27" WC="0.95" CONTENT="uppbåd"/><SP WIDTH="15" VPOS="893" HPOS="318"/>
							<String ID="string_167" HPOS="333" VPOS="894" WIDTH="29" HEIGHT="21" WC="0.96" CONTENT="till"/><SP WIDTH="16" VPOS="894" HPOS="362"/>
							<String ID="string_168" HPOS="378" VPOS="894" WIDTH="112" HEIGHT="27" WC="0.96" CONTENT="utgörande"/><SP WIDTH="16" VPOS="894" HPOS="490"/>
							<String ID="string_169" HPOS="506" VPOS="895" WIDTH="21" HEIGHT="21" WC="0.93" CONTENT="af"/><SP WIDTH="15" VPOS="895" HPOS="527"/>
							<String ID="string_170" HPOS="542" VPOS="895" WIDTH="139" HEIGHT="27" WC="0.91" CONTENT="värnepligten"/><SP WIDTH="18" VPOS="895" HPOS="681"/>
							<String ID="string_171" HPOS="699" VPOS="895" WIDTH="36" HEIGHT="20" WC="0.96" CONTENT="och"/><SP WIDTH="18" VPOS="895" HPOS="735"/>
							<String ID="string_172" HPOS="753" VPOS="900" WIDTH="31" HEIGHT="16" WC="0.96" CONTENT="om"/>
						</TextLine>
						<TextLine ID="line_20" HPOS="377" VPOS="929" WIDTH="223" HEIGHT="27">
							<String ID="string_173" HPOS="377" VPOS="929" WIDTH="115" HEIGHT="26" WC="0.95" CONTENT="antagande"/><SP WIDTH="17" VPOS="929" HPOS="492"/>
							<String ID="string_174" HPOS="509" VPOS="929" WIDTH="4" HEIGHT="21" WC="0.93" CONTENT="i"/><SP WIDTH="16" VPOS="929" HPOS="513"/>
							<String ID="string_175" HPOS="529" VPOS="929" WIDTH="71" HEIGHT="27" WC="0.91" CONTENT="tjenst."/>
						</TextLine>
					</TextBlock>
				</ComposedBlock>
				<ComposedBlock ID="cblock_4" HPOS="377" VPOS="999" WIDTH="216" HEIGHT="16">
					<TextBlock ID="block_5" HPOS="377" VPOS="999" WIDTH="216" HEIGHT="16">
						<TextLine ID="line_21" HPOS="377" VPOS="999" WIDTH="216" HEIGHT="16">
							<String ID="string_176" HPOS="377" VPOS="999" WIDTH="69" HEIGHT="15" WC="0.93" CONTENT="FÖRSTA"/><SP WIDTH="11" VPOS="999" HPOS="446"/>
							<String ID="string_177" HPOS="457" VPOS="1003" WIDTH="136" HEIGHT="12" WC="0.89" CONTENT="AFDELNINGEN."/>
						</TextLine>
					</TextBlock>
				</ComposedBlock>
				<ComposedBlock ID="cblock_5" HPOS="170" VPOS="1053" WIDTH="629" HEIGHT="23">
					<TextBlock ID="block_6" HPOS="170" VPOS="1053" WIDTH="629" HEIGHT="23">
						<TextLine ID="line_22" HPOS="170" VPOS="1053" WIDTH="629" HEIGHT="23">
							<String ID="string_178" HPOS="170" VPOS="1053" WIDTH="35" HEIGHT="17" WC="0.96" CONTENT="Om"/><SP WIDTH="12" VPOS="1053" HPOS="205"/>
							<String ID="string_179" HPOS="217" VPOS="1054" WIDTH="149" HEIGHT="18" WC="0.95" CONTENT="förberedande"/><SP WIDTH="12" VPOS="1054" HPOS="366"/>
							<String ID="string_180" HPOS="378" VPOS="1054" WIDTH="98" HEIGHT="22" WC="0.96" CONTENT="åtgärder"/><SP WIDTH="13" VPOS="1054" HPOS="476"/>
							<String ID="string_181" HPOS="489" VPOS="1055" WIDTH="32" HEIGHT="17" WC="0.93" CONTENT="för"/><SP WIDTH="12" VPOS="1055" HPOS="521"/>
							<String ID="string_182" HPOS="533" VPOS="1055" WIDTH="94" HEIGHT="21" WC="0.93" CONTENT="uppbåds"/><SP WIDTH="12" VPOS="1055" HPOS="627"/>
							<String ID="string_183" HPOS="639" VPOS="1055" WIDTH="160" HEIGHT="17" WC="0.96" CONTENT="verkställande."/>
						</TextLine>
					</TextBlock>
				</ComposedBlock>
				<ComposedBlock ID="cblock_6" HPOS="111" VPOS="1112" WIDTH="754" HEIGHT="165">
					<TextBlock ID="block_7" HPOS="111" VPOS="1112" WIDTH="754" HEIGHT="165">
						<TextLine ID="line_23" HPOS="179" VPOS="1112" WIDTH="686" HEIGHT="28">
							<String ID="string_184" HPOS="179" VPOS="1114" WIDTH="50" HEIGHT="18" WC="0.95" CONTENT="Art."/><SP WIDTH="12" VPOS="1114" HPOS="229"/>
							<String ID="string_185" HPOS="241" VPOS="1114" WIDTH="41" HEIGHT="18" WC="0.95" CONTENT="88."/><SP WIDTH="23" VPOS="1114" HPOS="282"/>
							<String ID="string_186" HPOS="305" VPOS="1112" WIDTH="69" HEIGHT="22" WC="0.96" CONTENT="Sedan"/><SP WIDTH="14" VPOS="1112" HPOS="374"/>
							<String ID="string_187" HPOS="388" VPOS="1112" WIDTH="24" HEIGHT="21" WC="0.96" CONTENT="de"/><SP WIDTH="10" VPOS="1112" HPOS="412"/>
							<String ID="string_188" HPOS="422" VPOS="1113" WIDTH="137" HEIGHT="21" WC="0.96" CONTENT="kommunala"/><SP WIDTH="8" VPOS="1113" HPOS="559"/>
							<String ID="string_189" HPOS="567" VPOS="1113" WIDTH="175" HEIGHT="27" WC="0.93" CONTENT="myndigheterna"/><SP WIDTH="10" VPOS="1113" HPOS="742"/>
							<String ID="string_190" HPOS="752" VPOS="1113" WIDTH="113" HEIGHT="21" WC="0.91" CONTENT="återsändt"/>
						</TextLine>
						<TextLine ID="line_24" HPOS="111" VPOS="1145" WIDTH="753" HEIGHT="30">
							<String ID="string_191" HPOS="111" VPOS="1145" WIDTH="137" HEIGHT="22" WC="0.92" CONTENT="afskrifterna"/><SP WIDTH="16" VPOS="1145" HPOS="248"/>
							<String ID="string_192" HPOS="264" VPOS="1146" WIDTH="23" HEIGHT="21" WC="0.95" CONTENT="af"/><SP WIDTH="13" VPOS="1146" HPOS="287"/>
							<String ID="string_193" HPOS="300" VPOS="1146" WIDTH="25" HEIGHT="22" WC="0.93" CONTENT="de"/><SP WIDTH="15" VPOS="1146" HPOS="325"/>
							<String ID="string_194" HPOS="340" VPOS="1147" WIDTH="92" HEIGHT="26" WC="0.91" CONTENT="partiela"/><SP WIDTH="15" VPOS="1147" HPOS="432"/>
							<String ID="string_195" HPOS="447" VPOS="1147" WIDTH="219" HEIGHT="27" WC="0.91" CONTENT="uppbådslängderna"/><SP WIDTH="16" VPOS="1147" HPOS="666"/>
							<String ID="string_196" HPOS="682" VPOS="1149" WIDTH="48" HEIGHT="26" WC="0.96" CONTENT="(art."/><SP WIDTH="12" VPOS="1149" HPOS="730"/>
							<String ID="string_197" HPOS="742" VPOS="1148" WIDTH="42" HEIGHT="27" WC="0.93" CONTENT="77),"/><SP WIDTH="17" VPOS="1148" HPOS="784"/>
							<String ID="string_198" HPOS="801" VPOS="1154" WIDTH="63" HEIGHT="20" WC="0.90" CONTENT="gran-"/>
						</TextLine>
						<TextLine ID="line_25" HPOS="111" VPOS="1180" WIDTH="752" HEIGHT="29">
							<String ID="string_199" HPOS="111" VPOS="1180" WIDTH="49" HEIGHT="21" WC="0.92" CONTENT="skas"/><SP WIDTH="23" VPOS="1180" HPOS="160"/>
							<String ID="string_200" HPOS="183" VPOS="1180" WIDTH="62" HEIGHT="21" WC="0.96" CONTENT="dessa"/><SP WIDTH="22" VPOS="1180" HPOS="245"/>
							<String ID="string_201" HPOS="267" VPOS="1180" WIDTH="23" HEIGHT="22" WC="0.93" CONTENT="af"/><SP WIDTH="16" VPOS="1180" HPOS="290"/>
							<String ID="string_202" HPOS="306" VPOS="1181" WIDTH="228" HEIGHT="27" WC="0.90" CONTENT="Distriktsnämderna,"/><SP WIDTH="16" VPOS="1181" HPOS="534"/>
							<String ID="string_203" HPOS="550" VPOS="1181" WIDTH="89" HEIGHT="22" WC="0.93" CONTENT="hvarvid"/><SP WIDTH="15" VPOS="1181" HPOS="639"/>
							<String ID="string_204" HPOS="654" VPOS="1182" WIDTH="128" HEIGHT="27" WC="0.90" CONTENT="uppdagade"/><SP WIDTH="15" VPOS="1182" HPOS="782"/>
							<String ID="string_205" HPOS="797" VPOS="1181" WIDTH="66" HEIGHT="22" WC="0.90" CONTENT="felak-"/>
						</TextLine>
						<TextLine ID="line_26" HPOS="111" VPOS="1214" WIDTH="751" HEIGHT="28">
							<String ID="string_206" HPOS="111" VPOS="1214" WIDTH="90" HEIGHT="27" WC="0.91" CONTENT="tigheter"/><SP WIDTH="16" VPOS="1214" HPOS="201"/>
							<String ID="string_207" HPOS="217" VPOS="1216" WIDTH="70" HEIGHT="20" WC="0.96" CONTENT="rättas"/><SP WIDTH="10" VPOS="1216" HPOS="287"/>
							<String ID="string_208" HPOS="297" VPOS="1216" WIDTH="102" HEIGHT="26" WC="0.95" CONTENT="antingen"/><SP WIDTH="11" VPOS="1216" HPOS="399"/>
							<String ID="string_209" HPOS="410" VPOS="1216" WIDTH="132" HEIGHT="21" WC="0.96" CONTENT="omedelbart"/><SP WIDTH="11" VPOS="1216" HPOS="542"/>
							<String ID="string_210" HPOS="553" VPOS="1216" WIDTH="51" HEIGHT="22" WC="0.96" CONTENT="eller"/><SP WIDTH="10" VPOS="1216" HPOS="604"/>
							<String ID="string_211" HPOS="614" VPOS="1216" WIDTH="54" HEIGHT="22" WC="0.96" CONTENT="efter"/><SP WIDTH="10" VPOS="1216" HPOS="668"/>
							<String ID="string_212" HPOS="678" VPOS="1216" WIDTH="184" HEIGHT="22" WC="0.96" CONTENT="kommunikation"/>
						</TextLine>
						<TextLine ID="line_27" HPOS="111" VPOS="1249" WIDTH="365" HEIGHT="28">
							<String ID="string_213" HPOS="111" VPOS="1249" WIDTH="48" HEIGHT="21" WC="0.96" CONTENT="med"/><SP WIDTH="15" VPOS="1249" HPOS="159"/>
							<String ID="string_214" HPOS="174" VPOS="1249" WIDTH="159" HEIGHT="22" WC="0.96" CONTENT="vederbörande"/><SP WIDTH="15" VPOS="1249" HPOS="333"/>
							<String ID="string_215" HPOS="348" VPOS="1250" WIDTH="128" HEIGHT="27" WC="0.96" CONTENT="myndighet."/>
						</TextLine>
					</TextBlock>
				</ComposedBlock>
				<ComposedBlock ID="cblock_7" HPOS="111" VPOS="1301" WIDTH="754" HEIGHT="166">
					<TextBlock ID="block_8" HPOS="111" VPOS="1301" WIDTH="754" HEIGHT="166">
						<TextLine ID="line_28" HPOS="178" VPOS="1301" WIDTH="686" HEIGHT="29">
							<String ID="string_216" HPOS="178" VPOS="1304" WIDTH="51" HEIGHT="18" WC="0.95" CONTENT="Art."/><SP WIDTH="21" VPOS="1304" HPOS="229"/>
							<String ID="string_217" HPOS="250" VPOS="1304" WIDTH="41" HEIGHT="18" WC="0.96" CONTENT="89."/><SP WIDTH="31" VPOS="1304" HPOS="291"/>
							<String ID="string_218" HPOS="322" VPOS="1301" WIDTH="70" HEIGHT="21" WC="0.93" CONTENT="Sedan"/><SP WIDTH="15" VPOS="1301" HPOS="392"/>
							<String ID="string_219" HPOS="407" VPOS="1302" WIDTH="198" HEIGHT="22" WC="0.92" CONTENT="Distriktsnämden"/><SP WIDTH="13" VPOS="1302" HPOS="605"/>
							<String ID="string_220" HPOS="618" VPOS="1302" WIDTH="88" HEIGHT="28" WC="0.93" CONTENT="jemfört"/><SP WIDTH="16" VPOS="1302" HPOS="706"/>
							<String ID="string_221" HPOS="722" VPOS="1302" WIDTH="25" HEIGHT="21" WC="0.96" CONTENT="de"/><SP WIDTH="14" VPOS="1302" HPOS="747"/>
							<String ID="string_222" HPOS="761" VPOS="1302" WIDTH="103" HEIGHT="21" WC="0.95" CONTENT="inkomna"/>
						</TextLine>
						<TextLine ID="line_29" HPOS="111" VPOS="1335" WIDTH="753" HEIGHT="29">
							<String ID="string_223" HPOS="111" VPOS="1335" WIDTH="177" HEIGHT="27" WC="0.95" CONTENT="anmälningarna"/><SP WIDTH="15" VPOS="1335" HPOS="288"/>
							<String ID="string_224" HPOS="303" VPOS="1336" WIDTH="50" HEIGHT="27" WC="0.93" CONTENT="(art."/><SP WIDTH="17" VPOS="1336" HPOS="353"/>
							<String ID="string_225" HPOS="370" VPOS="1337" WIDTH="93" HEIGHT="26" WC="0.79" CONTENT="83—87)"/><SP WIDTH="16" VPOS="1337" HPOS="463"/>
							<String ID="string_226" HPOS="479" VPOS="1336" WIDTH="48" HEIGHT="22" WC="0.96" CONTENT="med"/><SP WIDTH="11" VPOS="1336" HPOS="527"/>
							<String ID="string_227" HPOS="538" VPOS="1336" WIDTH="138" HEIGHT="28" WC="0.96" CONTENT="uppgifterna"/><SP WIDTH="11" VPOS="1336" HPOS="676"/>
							<String ID="string_228" HPOS="687" VPOS="1338" WIDTH="6" HEIGHT="20" WC="0.93" CONTENT="i"/><SP WIDTH="12" VPOS="1338" HPOS="693"/>
							<String ID="string_229" HPOS="705" VPOS="1336" WIDTH="159" HEIGHT="28" WC="0.90" CONTENT="uppbådsläng-"/>
						</TextLine>
						<TextLine ID="line_30" HPOS="112" VPOS="1370" WIDTH="753" HEIGHT="28">
							<String ID="string_230" HPOS="112" VPOS="1370" WIDTH="66" HEIGHT="21" WC="0.96" CONTENT="derna"/><SP WIDTH="21" VPOS="1370" HPOS="178"/>
							<String ID="string_231" HPOS="199" VPOS="1370" WIDTH="51" HEIGHT="27" WC="0.96" CONTENT="(art."/><SP WIDTH="20" VPOS="1370" HPOS="250"/>
							<String ID="string_232" HPOS="270" VPOS="1371" WIDTH="42" HEIGHT="27" WC="0.95" CONTENT="70),"/><SP WIDTH="23" VPOS="1371" HPOS="312"/>
							<String ID="string_233" HPOS="335" VPOS="1371" WIDTH="118" HEIGHT="21" WC="0.93" CONTENT="antecknar"/><SP WIDTH="22" VPOS="1371" HPOS="453"/>
							<String ID="string_234" HPOS="475" VPOS="1371" WIDTH="92" HEIGHT="21" WC="0.91" CONTENT="nämden"/><SP WIDTH="23" VPOS="1371" HPOS="567"/>
							<String ID="string_235" HPOS="590" VPOS="1372" WIDTH="7" HEIGHT="20" WC="0.96" CONTENT="i"/><SP WIDTH="15" VPOS="1372" HPOS="597"/>
							<String ID="string_236" HPOS="612" VPOS="1371" WIDTH="118" HEIGHT="27" WC="0.96" CONTENT="längderna"/><SP WIDTH="22" VPOS="1371" HPOS="730"/>
							<String ID="string_237" HPOS="752" VPOS="1370" WIDTH="72" HEIGHT="22" WC="0.96" CONTENT="hvilka"/><SP WIDTH="20" VPOS="1370" HPOS="824"/>
							<String ID="string_238" HPOS="844" VPOS="1370" WIDTH="21" HEIGHT="21" WC="0.88" CONTENT="at"/>
						</TextLine>
						<TextLine ID="line_31" HPOS="111" VPOS="1405" WIDTH="753" HEIGHT="28">
							<String ID="string_239" HPOS="111" VPOS="1405" WIDTH="122" HEIGHT="21" WC="0.90" CONTENT="sökandene"/><SP WIDTH="24" VPOS="1405" HPOS="233"/>
							<String ID="string_240" HPOS="257" VPOS="1411" WIDTH="61" HEIGHT="16" WC="0.95" CONTENT="anses"/><SP WIDTH="22" VPOS="1411" HPOS="318"/>
							<String ID="string_241" HPOS="340" VPOS="1405" WIDTH="135" HEIGHT="28" WC="0.95" CONTENT="berättigade"/><SP WIDTH="22" VPOS="1405" HPOS="475"/>
							<String ID="string_242" HPOS="497" VPOS="1406" WIDTH="32" HEIGHT="21" WC="0.96" CONTENT="till"/><SP WIDTH="16" VPOS="1406" HPOS="529"/>
							<String ID="string_243" HPOS="545" VPOS="1405" WIDTH="94" HEIGHT="28" WC="0.96" CONTENT="eftergift"/><SP WIDTH="15" VPOS="1405" HPOS="639"/>
							<String ID="string_244" HPOS="654" VPOS="1406" WIDTH="35" HEIGHT="21" WC="0.93" CONTENT="vid"/><SP WIDTH="15" VPOS="1406" HPOS="689"/>
							<String ID="string_245" HPOS="704" VPOS="1406" WIDTH="160" HEIGHT="27" WC="0.92" CONTENT="värnepligtens"/>
						</TextLine>
						<TextLine ID="line_32" HPOS="111" VPOS="1439" WIDTH="684" HEIGHT="28">
							<String ID="string_246" HPOS="111" VPOS="1440" WIDTH="126" HEIGHT="26" WC="0.96" CONTENT="utgörande,"/><SP WIDTH="16" VPOS="1440" HPOS="237"/>
							<String ID="string_247" HPOS="253" VPOS="1440" WIDTH="48" HEIGHT="21" WC="0.92" CONTENT="med"/><SP WIDTH="16" VPOS="1440" HPOS="301"/>
							<String ID="string_248" HPOS="317" VPOS="1439" WIDTH="126" HEIGHT="28" WC="0.91" CONTENT="angifvande"/><SP WIDTH="16" VPOS="1439" HPOS="443"/>
							<String ID="string_249" HPOS="459" VPOS="1440" WIDTH="22" HEIGHT="21" WC="0.93" CONTENT="af"/><SP WIDTH="14" VPOS="1440" HPOS="481"/>
							<String ID="string_250" HPOS="495" VPOS="1440" WIDTH="133" HEIGHT="27" WC="0.92" CONTENT="eftergiftens"/><SP WIDTH="16" VPOS="1440" HPOS="628"/>
							<String ID="string_251" HPOS="644" VPOS="1440" WIDTH="151" HEIGHT="22" WC="0.96" CONTENT="beskaffenhet."/>
						</TextLine>
					</TextBlock>
				</ComposedBlock>
			</PrintSpace>
		</Page>
	</Layout>
</alto>
