1086 1700
223 149 11 19 2
376 147 83 23 Ständ.
476 146 38 23 Sv.
531 160 27 2 —
575 147 73 28 Prop.
666 147 46 22 N:o
727 147 36 22 13.

193 210 141 22 öfverlemnat
350 214 32 18 att
397 210 83 21 besluta
493 218 36 13 om
544 210 122 27 beviljande
681 210 25 20 af
716 210 37 21 det
763 210 186 27 tillskottsanslag,

194 251 53 18 som,
272 244 96 21 förutom
389 244 165 22 militiefondens
578 245 104 20 ordinarie
704 244 123 25 inkomster,
844 244 106 20 erfordras

194 279 32 20 för
242 282 32 17 att
290 279 91 21 betäcka
397 279 115 26 utgifterna
523 278 31 21 för
566 279 184 21 militärväsendet
763 279 67 20 under
841 278 67 27 sagda
921 279 29 19 år.

264 313 8 19 I
288 313 76 20 sådant
379 313 102 21 afseende
496 312 64 21 hafva
576 313 28 20 de
619 314 6 19 i
642 313 40 20 den
693 313 79 27 nådiga
784 314 166 26 propositionen

194 346 129 22 meddelade
338 347 147 27 beräkningar,
500 347 66 27 enligt
581 347 72 21 hvilka
668 347 154 21 totalsumman
837 347 25 20 af
869 346 82 20 militie-

194 381 88 21 verkets
297 381 87 27 utgifter
400 381 31 21 för
447 381 142 21 instundande
604 381 145 27 finansperiod
765 381 68 20 skulle
846 380 61 21 ställa
918 381 33 25 sig

196 415 13 20 å
224 415 128 26 20,471,816
367 415 65 25 mark,
449 422 48 14 men
514 416 106 20 ordinarie
630 416 145 20 inkomsterna
789 416 74 26 uppgå
874 414 77 21 endast

194 449 32 21 till
250 449 112 26 5,416,000
384 450 65 24 mark,
473 451 55 19 varit
551 450 88 20 föremål
661 450 32 20 för
708 450 137 26 granskning,
861 448 90 21 hvarvid

196 483 132 28 upplysning
348 484 79 20 kunnat
447 484 84 20 hemtas
547 491 23 13 ur
586 484 273 26 räkenskapsuppgifterna
872 482 80 27 jemväl

196 517 32 21 för
244 518 22 20 år
285 518 59 26 1890.

265 552 64 21 Hvad
342 552 53 21 först
405 552 101 21 beträffar
517 552 119 27 22gifterna
650 552 31 21 för
692 552 184 21 militärväsendet
887 552 64 20 hafva

196 585 120 22 Ständerna
332 590 42 17 sett
390 588 33 25 sig
438 587 118 20 föranlåtna
572 587 31 20 till
618 587 94 26 följande
727 587 134 20 uttalandén:

264 621 46 19 kör
323 621 113 26 lifgardets
447 621 37 20 och
495 621 353 27 armeskarpskyttebataljonerna,
860 621 92 26 dragon-

196 658 124 23 regementet
335 658 57 17 samt
401 655 75 27 finska
492 655 120 20 militärens
627 662 73 13 reserv
715 659 109 23 upptagas
835 655 116 27 utgifterna

194 689 67 20 under
285 689 49 20 åren
359 690 50 25 1892
427 690 41 19 och
486 690 53 25 1893
554 690 31 20 till
600 689 60 27 lägre
676 689 81 27 belopp
774 690 27 19 än
818 689 65 21 under
898 689 53 20 bud-

194 724 155 26 getperiodens
365 725 51 19 sista
432 724 28 25 år,
477 724 116 25 beroende,
611 725 72 19 såsom
694 725 6 19 i
711 725 166 25 propositionen
888 723 63 21 äfven

194 757 106 27 påpekas,
324 757 32 20 för
375 758 218 27 dragonregementet
616 758 74 24 delvis,
714 765 48 13 men
786 757 32 21 för
835 758 26 20 de
882 758 69 26 öfriga

194 795 118 23 trupperna
335 792 134 20 uteslutande
492 793 29 26 på
541 793 41 19 den
598 792 196 26 omständigheten,
811 795 32 17 att
859 792 45 20 från
919 795 32 18 ut-

194 825 156 27 giftsposterna
372 826 33 20 för
425 826 147 21 förstnämnda
595 830 79 17 tvenne
697 827 22 20 år
734 826 141 21 bortlemnats
891 827 60 20 kost-

194 859 71 21 naden
288 860 32 20 för
343 860 65 27 inköp
431 861 25 20 af
475 861 230 26 skjutförnödenheter,
727 861 68 20 sedan
811 861 63 20 deraf
886 861 66 26 enligt

194 893 106 21 Senatens
316 894 69 21 beslut
403 894 24 21 af
440 895 41 20 den
497 895 26 20 28
541 895 98 20 Oktober
657 897 55 24 1890
727 895 66 20 under
809 895 143 20 innevarande

194 927 161 28 budgetperiod
370 928 117 21 anskaffats
503 932 32 17 ett
549 928 123 27 tillräckligt
683 929 72 20 förråd
767 929 78 24 jemväl
858 929 32 20 för
901 929 50 20 åren

196 962 52 25 1892
272 962 42 20 och
339 963 58 25 1893.
428 963 93 20 Istället
536 963 38 20 har
589 963 65 20 bland
670 966 63 17 extra
749 963 87 26 utgifter
852 963 100 26 uppförts

193 996 135 27 »ersättning
348 996 31 20 för
395 996 137 21 förskottsvis
548 997 110 20 utbetalad
674 997 94 20 kostnad
784 997 32 20 för
831 997 120 20 anskaffan-

193 1029 28 21 de
244 1030 26 20 af
288 1030 224 26 skjutförnödenheter
531 1031 30 20 till
576 1031 67 20 finska
658 1031 106 20 militären
780 1031 33 20 för
827 1032 51 19 åren
896 1032 53 25 1892

193 1063 43 20 och
260 1064 66 26 1893"
350 1065 49 20 med
423 1070 91 21 340,000
533 1065 65 20 mark.
629 1066 34 19 Då
679 1065 91 27 uppköp
786 1065 25 20 af
823 1065 128 26 skjutförnö-

194 1097 105 21 denheter
322 1098 117 21 emellertid
461 1099 64 27 utgör
547 1106 27 13 en
589 1099 107 21 ordinarie
711 1099 64 27 utgift
790 1099 33 20 för
838 1099 112 25 militären,

193 1131 39 21 har
252 1132 44 25 det,
313 1132 32 21 för
359 1133 106 21 vinnande
481 1133 26 21 af
518 1133 173 27 öfversigtlighet
707 1133 42 21 och
764 1133 101 21 inbördes
881 1133 71 21 öfver-

193 1166 163 22 ensstämmelse
367 1167 90 21 emellan
467 1167 180 27 räkenskaperna,
658 1171 63 23 synts
731 1167 95 27 önskligt
834 1171 32 17 att
874 1167 77 27 ifråga-

192 1200 96 21 varande
308 1201 69 27 utgift,
393 1208 48 14 som
456 1202 116 20 tillsvidåre
588 1201 25 21 af
624 1202 243 26 krigskommissariatet
881 1202 70 20 borde

192 1234 104 21 bokföras
311 1236 72 19 såsom
398 1236 99 25 förskott,
514 1238 5 18 i
535 1237 69 19 sinom
620 1236 32 20 tid
668 1236 87 26 påföres
771 1236 37 20 det
824 1237 33 19 års
873 1236 77 20 räken-

192 1268 87 27 skaper,
296 1269 31 21 till
342 1269 81 21 hvilket
434 1270 124 20 densamma
568 1270 115 27 rätteligen
694 1270 69 20 hörer.
793 1270 9 20 I
813 1270 137 26 konseqvens

192 1302 91 21 härmed
303 1303 38 20 har
363 1303 69 21 denna
455 1304 128 27 utgiftspost
606 1306 30 18 uti
659 1304 43 20 den
723 1304 25 20 af
760 1304 121 21 Ständerna
896 1312 55 20 upp-

192 1336 72 21 stälda
285 1337 207 27 budgetberäkning,
517 1345 47 13 som
586 1338 38 20 här
647 1339 71 19 nedan
733 1339 24 19 är
772 1340 93 25 intagen,
881 1339 70 21 blifvit

191 1371 80 26 flyttad
287 1371 31 21 till
333 1372 28 20 de
376 1372 106 20 ordinarie
498 1372 122 27 utgifterna,
632 1373 38 20 der
681 1373 42 20 den
735 1373 104 21 fördelats
852 1374 28 26 pä
891 1374 60 20 kost-

191 1405 96 21 naderna
303 1405 32 21 för
349 1406 164 21 vederbörande
528 1410 90 23 trupper
630 1407 68 21 under
710 1408 50 19 ären
774 1408 52 25 1892
840 1408 41 20 och
897 1408 53 25 1893

191 1439 51 20 med
266 1444 76 20 12,000
363 1440 60 20 mark
445 1440 81 27 årligen
541 1440 33 20 för
589 1441 80 21 enhvar
685 1441 25 20 af
721 1441 89 27 gardes-
825 1442 42 20 och
883 1442 67 20 arm6-
