1086 1700
381 136 25 23 U.
423 136 22 23 B.
463 149 24 3 —
505 137 61 29 Prop.
582 139 34 23 N:o
633 139 21 22 12
768 143 3 1 |
838 142 27 21 35

342 201 81 19 ranten
437 202 60 18 samt
510 200 105 22 särskildt
629 202 68 27 gvitto
714 202 34 22 till
761 204 134 26 gäldenären

343 232 122 28 utfärdadt,
481 240 36 14 om
532 234 46 22 han
592 235 36 21 det
642 236 72 22 äskar.

586 314 16 28 $
618 316 34 20 21.

412 358 50 22 Har
480 359 146 28 innehafvare
646 360 30 28 af
687 364 101 19 warrant
801 363 46 21 icke
862 364 30 20 ti-

344 392 74 28 digare
435 393 75 27 blifvit
523 393 91 29 förnöjd
629 395 39 21 och
684 395 97 28 befinnes
797 397 97 28 beloppet

344 426 28 28 af
390 427 57 21 hans
469 427 94 27 fordran
584 428 20 28 e
626 429 68 21 heller
712 437 54 14 vara
781 431 38 21 hos
833 438 59 21 upp-

345 461 171 28 lagsmagasinet
531 462 137 28 deponeradt,
683 464 56 21 skall
754 464 45 22 han
805 465 33 27 på
845 465 48 28 för-

344 496 126 27 fallodagen
491 497 95 27 uppvisa
608 500 129 19 warranten
760 499 37 21 der
811 500 42 20 den
868 501 27 19 är

344 530 58 20 stäld
424 532 34 19 att
480 530 87 28 betalas,
591 532 35 20 till
646 532 87 21 inlösen
752 533 29 27 af
791 533 42 21 den
847 540 48 14 som

344 564 57 27 först
415 564 123 22 indosserat
552 566 136 21 densamma.

414 599 104 21 Erhåller
537 600 45 21 han
597 601 21 27 ej
632 601 76 20 dervid
722 601 44 27 full
782 601 111 28 betalning

345 633 36 27 för
402 633 37 21 sin
461 634 99 27 fordran,
584 635 56 20 skall
662 635 47 20 han
723 635 36 27 för
775 635 120 21 bevarande

346 667 28 27 af
385 667 37 21 sin
437 667 179 28 återgångstalan
632 671 45 19 mot
692 669 151 28 efterföljande
855 670 38 20 in-

346 702 113 21 dossanter
469 704 123 25 protestera
606 703 42 21 sist
662 704 72 21 andra
744 704 70 27 dagen
821 703 72 28 deref-

347 737 36 26 ter,
396 736 33 27 på
443 738 44 19 sätt
502 743 35 14 om
552 737 60 21 vexel
626 739 32 19 är
672 738 107 27 stadgadt.

587 818 15 25 s
619 817 37 21 22.

420 862 256 27 Warrantinnehafvare,
692 869 47 14 som
749 863 20 27 ej
779 863 62 20 inom
849 863 47 20 åtta

346 897 70 27 dagar
429 897 55 27 efter
498 896 162 28 förfallodagen
675 897 89 21 erhållit
772 897 45 27 full
827 897 68 20 betal-

346 931 61 27 ning,
424 933 26 18 är
456 931 130 27 berättigad
601 933 32 18 att
648 931 40 21 hos
702 931 192 28 upplagsmagasi-

346 967 37 19 net
400 965 53 20 äska
471 971 82 14 varans
567 965 135 27 försäljning
718 965 35 21 till
769 965 128 21 betäckande

347 999 28 27 af
385 999 38 21 sin
437 999 100 28 fordran.

419 1033 66 21 Göres
500 1033 109 21 anhällan
624 1040 36 15 om
675 1033 43 21 slik
732 1033 134 28 försäljning
877 1033 20 28 ej

346 1067 62 21 inom
431 1067 163 28 trettiojdagar
614 1067 54 28 efter
687 1067 167 28 förfallodagen,
870 1069 27 18 är

346 1101 264 28 warrantinnehafvaren
616 1102 104 27 förlustig
726 1102 37 21 sin
771 1101 126 28 ätergängs-

347 1136 62 21 talan
428 1138 45 19 mot
493 1136 42 21 den
552 1136 67 28 förste
635 1136 147 28 öfverlätaren
797 1136 38 21 och
850 1135 44 28 föl-

344 1170 67 27 jande
426 1170 146 22 indossanter.

587 1249 15 27 $
618 1250 38 20 23.

416 1295 148 27 Innehafvare
580 1294 29 28 af
615 1294 152 28 upplagsbevis
773 1294 68 28 jemte
851 1294 47 22 der-

348 1330 35 21 till
407 1330 95 20 hörande
525 1330 101 20 warrant
648 1336 53 20 eger,
723 1330 43 19 när
783 1329 56 21 helst
853 1328 46 22 han

347 1364 81 21 sädant
442 1363 115 27 ästundar,
574 1363 38 21 hos
626 1362 219 28 upplagsmagasinet
863 1362 36 28 för

348 1405 51 21 egen
413 1398 96 27 räkning
524 1398 91 20 utverka
629 1396 135 28 försäljning
775 1397 30 27 af
810 1397 42 21 den
863 1396 36 20 in-

347 1434 58 19 satta
421 1438 77 14 varan.

210 1471 48 23 Lag-
271 1472 32 17 och
315 1471 183 18 Ekonomiutskottets
510 1470 112 18 betänkande
633 1471 37 17 N:o
682 1470 17 17 3.
