1086 1700
369 144 22 22 U.
409 144 21 22 B.
447 157 27 3 —
491 145 58 27 Prop.
566 145 35 22 N:o
620 144 28 22 12.
830 146 24 20 51

129 207 62 21 häraf
205 207 67 21 skulle
288 207 66 21 vällas
370 208 115 26 omgängar
501 207 39 21 och
555 207 137 27 tidsutdrägt,
708 208 49 26 föga
783 208 102 26 förenliga

129 242 48 20 med
193 242 35 20 det
244 241 126 21 merkantila
385 242 70 21 lifvets
470 242 49 20 kraf
532 242 28 26 pä
575 242 61 21 enkel
647 242 104 26 procedur
759 242 39 20 och
809 242 76 27 skynd-

129 282 45 15 sam
189 276 214 26 varumanipulation,
418 276 65 26 vägar
496 276 37 26 jag
548 276 126 26 pästäendet
689 277 32 20 att
736 278 30 19 ett
777 276 67 27 dylikt
854 277 31 21 in-

130 310 47 21 kast
193 310 77 21 saknar
286 310 152 26 berättigande.
460 310 42 21 Det
517 310 42 21 kan
574 310 105 26 nemligen
695 310 104 27 knappast
807 310 78 28 ifräga-

130 344 84 22 komma
230 346 32 19 att
278 344 247 27 magasinsinrättningar
539 344 78 27 uppstä
632 344 12 21 &
660 345 66 20 andra
741 346 57 20 orter
809 347 26 19 än
843 347 42 19 stä-

131 379 37 21 der
190 379 47 21 med
261 378 52 26 liflig
330 378 77 21 handel
420 381 55 18 samt
490 385 25 14 en
532 379 51 21 eller
598 378 50 22 flere
664 379 79 21 banker
759 378 50 22 eller
825 379 60 21 deras

130 412 82 26 filialer,
236 412 72 21 hvilka
330 413 34 20 vid
387 413 159 26 emottagandet
562 412 22 22 af
598 413 143 26 depositioner
755 413 44 21 helt
815 414 71 20 säkert

131 447 64 21 blifva
210 447 7 21 i
232 447 63 21 ständ
311 448 31 19 att
357 447 48 21 med
421 453 79 15 samma
517 447 150 27 skyndsamhet
690 453 44 15 som
753 448 133 27 upplagsma-

131 482 86 26 gasinen
232 481 86 27 betjena
334 481 45 21 sina
393 481 88 21 kunder,
513 481 29 21 Af
556 481 47 21 hela
619 482 40 20 den
682 481 105 22 förmenta
801 482 85 27 omgän-

131 522 40 20 gen
186 516 92 20 äterstär
294 515 27 21 dä
336 515 53 21 intet
405 517 64 19 annat
484 517 27 19 än
527 517 31 19 att
574 515 54 21 frän'
636 515 84 21 banken
735 516 52 21 bära
804 516 81 27 deposi-

131 550 138 21 tionsbeviset
284 550 33 21 till
332 549 216 28 upplagsmagasinet;
564 556 48 15 men
628 550 27 21 dä
671 550 58 21 detta
737 550 41 21 kan
787 550 36 22 ske
833 556 54 16 sam-

132 585 63 26 tidigt
210 585 48 20 med
274 585 36 20 det
325 584 170 27 upplagsbeviset
511 584 93 24 ditföres,
632 590 61 21 synes
710 585 114 26 omgängen
839 585 47 21 allt-

132 619 32 21 för
179 619 51 21 liten
245 619 33 20 för
294 620 32 19 att
341 618 98 21 afseende
455 619 73 20 dervid
542 619 67 21 borde
630 619 72 21 fästas.
733 619 71 21 Skulle
827 619 59 26 dock,

132 653 80 21 hvilket
227 653 107 21 förefaller
349 653 62 26 högst
427 653 126 26 osannolikt,
580 653 187 27 magasinsföretag
783 654 77 26 uppstä
875 654 13 21 &

133 689 34 20 ort
182 687 22 21 af
218 687 40 21 den
274 687 60 26 ringa
356 687 148 21 kommerciela
525 687 108 27 betydelse
648 689 32 19 att
695 687 46 22 icke
757 694 24 15 en
798 688 53 21 enda
867 688 22 21 af

132 722 83 21 landets
238 721 80 21 banker
341 721 63 21 funne
426 721 47 22 med
489 721 31 21 sin
536 721 67 22 fördel
618 721 100 28 förenligt
732 724 32 19 att
779 722 108 21 derstädes

133 758 70 25 öppna
218 755 135 22 filialkontor,
369 755 41 21 kan
426 755 176 27 tillgodoseendet
618 755 22 22 af
661 756 176 27 skyndsamheten
853 757 34 20 vid

133 797 26 14 en
175 790 191 26 magasinsrörelse,
388 790 108 21 bedrifven
512 790 7 20 i
536 790 39 21 den
591 790 60 27 ringa
674 790 125 27 omfattning
814 791 38 20 och
868 791 23 21 af

134 825 41 21 den
196 824 163 21 underordnade
381 824 108 27 betydelse
511 825 33 20 för
569 825 151 26 näringslifvet,
736 831 44 15 som
797 825 92 27 antydda

133 859 133 21 förhällande
289 859 54 20 läter
365 865 46 18 ana,
435 859 106 26 knappast
562 860 75 25 utgöra
652 859 61 26 giltig
727 859 68 26 grund
809 859 33 21 för
857 861 32 20 att

134 895 64 25 vägra
213 893 56 26 plats
290 893 7 20 i
313 893 60 26 lagen
389 893 22 20 ät
427 895 31 18 ett
480 893 123 26 stadgande,
630 893 81 21 hvilket
726 893 52 21 dock
794 893 45 21 isä
854 895 35 20 vä-

134 927 91 27 sendtlig
240 927 52 27 grad
308 933 60 20 synes
384 927 99 21 befordra
498 927 182 22 rättssäkerketen
695 927 34 22 vid
755 927 135 22 bedrifvande

135 961 22 22 af
171 962 39 21 den
227 961 58 26 affär,
302 961 86 21 hvarom
404 961 60 27 fräga
479 963 29 19 är.

203 996 31 21 Pä
256 996 69 26 grund
348 995 21 22 af
390 995 54 22 hvad
463 995 36 27 jag
515 995 46 22 haft
576 998 52 19 äran
644 996 61 21 ofvan
722 996 73 21 anföra
809 995 32 22 fär
853 996 37 27 jag

135 1030 109 21 vördsamt
265 1030 112 21 hemställa
399 1031 32 20 att
455 1031 10 25 $
491 1031 24 20 17
537 1031 18 26 ($
572 1031 34 26 19)
622 1031 67 21 måtte
705 1031 79 21 erhålla
799 1030 91 27 följande

135 1060 89 35 lydelse:
423 1088 8 4 W

409 1093 34 20 Ar
466 1093 257 28 warrantinnehafvaren
737 1093 154 28 fränvarande

342 1127 51 21 eller
415 1127 80 26 okänd,
519 1128 35 20 mä
576 1127 158 28 innehafvaren
750 1127 29 28 af
790 1128 101 28 upplags-

342 1161 76 21 beviset
437 1162 42 27 för
501 1162 270 28 warrantinnehafvarens
797 1162 94 28 räkning

342 1196 107 26 deponera
466 1196 97 28 beloppet
578 1197 31 27 af
621 1196 40 21 den
674 1196 104 28 fordran,
788 1196 41 28 för
839 1196 53 21 hvil-

343 1230 39 20 ken
406 1236 69 15 varan
499 1232 62 26 utgör
576 1230 104 26 säkerhet,
698 1231 102 27 antingen
817 1230 6 21 i
838 1230 55 21 Fin-

343 1264 64 20 lands
430 1264 65 21 Bank
517 1265 52 20 eller
592 1272 74 13 annan
692 1265 95 21 inhemsk
803 1264 89 21 bankin-

342 1299 97 27 rättning
456 1298 39 21 och
511 1306 50 14 vare
576 1299 67 21 sedan
656 1299 122 27 berättigad
793 1301 32 19 att
840 1301 54 19 emot

342 1333 103 27 upplags-
461 1334 38 20 och
516 1333 227 27 depositionsbevisens
759 1333 135 27 aflemnande

344 1374 25 13 ur
385 1368 120 26 magasinet
520 1367 135 21 utbekomma
670 1374 75 14 varan.

205 1412 77 21 Derest
298 1412 58 22 detta
371 1412 48 21 mitt
434 1413 134 21 vördsamma
583 1413 79 27 förslag
676 1413 72 27 lyckas
759 1413 95 21 tillvinna
862 1412 31 27 sig

137 1447 131 21 Ständernas
284 1446 160 27 godkännände,
461 1448 61 20 torde
538 1447 12 28 &
569 1448 25 20 19
611 1448 20 26 ($
648 1448 34 26 21)
694 1448 49 21 böra
755 1447 88 27 undergå
855 1447 39 21 den

206 1487 44 21 Lag-
262 1487 27 15 och
302 1486 168 16 Ekonomiutskottets
483 1487 103 16 betänkande
598 1488 34 15 N:o
642 1492 18 15 3.
