1086 1700
224 137 28 21 18
431 136 22 23 U.
470 136 21 23 B.
509 148 29 6 —
554 137 58 29 Prop.
630 138 36 22 N:o
683 137 30 21 12.

197 200 128 26 rättningar,
347 200 38 22 har
404 200 6 21 i
426 200 153 27 sammanhang
594 200 88 21 härmed
697 200 57 21 inom
769 200 111 21 Utskottet
894 201 59 21 utta-

193 234 42 21 lats
250 234 103 21 hurusom
368 234 25 22 de
409 234 60 22 flesta
484 234 76 27 öfriga,
579 240 34 16 om
628 234 47 22 icke
691 234 43 21 alla
748 234 23 21 af
785 234 26 21 de
827 234 6 21 i
848 234 104 26 förslaget

193 268 33 21 till
248 268 127 27 kungörelse
395 269 8 21 i
425 275 81 15 samma
527 270 61 20 ämne
607 268 103 28 ingående
726 268 159 26 bestämningar
899 275 51 15 vore

193 302 23 22 af
229 302 41 22 den
286 303 117 26 väsentliga
417 302 109 28 betydelse
542 304 32 20 att
590 303 109 21 desamma
714 302 67 22 borde
797 304 105 25 upptagas
917 303 32 21 uti

193 342 26 16 en
242 336 24 22 af
289 337 82 26 Regent
390 336 39 22 och
451 336 91 22 Ständer
560 338 133 26 gemensamt
707 336 100 21 utfärdad
822 336 129 27 författning

193 372 55 20 samt
264 371 73 21 derför
352 371 74 21 endast
441 371 27 26 på
483 371 113 21 enahanda
611 373 43 19 sätt
670 377 45 15 som
731 377 25 15 en
775 370 58 27 dylik
855 370 94 22 faststäl-

192 405 38 26 las,
246 405 78 21 ändras
340 405 51 21 eller
407 404 124 28 upphäfvas.
561 404 123 22 Utskottets
705 405 110 27 pluralitet
831 404 38 22 har
885 404 64 22 emel-

191 439 64 21 lertid
271 438 70 22 funnit
356 440 32 20 att
403 440 62 20 dessa
480 439 69 27 öfriga
564 439 132 27 stadganden
717 438 121 27 lämpligast
861 439 54 21 böra
940 439 8 21 i

191 473 157 21 administrativ
363 475 40 25 väg
418 473 103 23 utfärdas,
537 476 22 24 ty
575 473 45 21 dels
636 475 36 19 äro
690 473 25 21 de
738 473 107 21 allmänna
870 473 78 26 princi-

190 513 68 21 perna
283 508 33 20 för
338 508 107 20 desamma
460 508 66 20 redan
541 507 97 21 uttalade
654 507 6 21 i
676 507 103 27 förslaget
795 507 32 21 till
842 506 105 27 ifrågava-

191 542 65 20 rande
272 541 124 27 förordning
411 542 44 20 dels
466 542 116 20 förutsätta
592 542 94 20 nämnda
696 541 133 27 stadganden
839 547 26 15 en
878 543 70 19 större

190 576 104 27 rörlighet
309 576 56 21 inom
381 576 157 27 lagstiftningen
554 578 27 19 än
597 576 47 26 den,
661 582 45 15 som
722 576 40 21 kan
778 577 53 24 göra
850 575 31 26 sig
901 575 46 26 gäl-

190 609 63 22 lande
269 610 132 21 beträffande
417 617 24 14 en
457 609 221 27 ständerförfattning.

258 644 69 21 Ofvan
342 644 39 21 har
395 645 109 20 anmärkts
520 644 101 21 hurusom
638 644 40 21 den
702 643 100 22 säkerhet
829 649 117 21 varuegare

189 677 39 22 bör
244 678 119 21 tillkomma
377 679 7 20 i
399 678 225 27 magasinsinrättning
638 677 34 22 för
687 679 44 20 rätt
746 677 32 21 till
799 678 146 21 skadeersätt-

188 712 50 27 ning
254 712 72 21 kunde
340 712 129 27 fullkomligt
484 712 158 27 omintetgöras,
659 712 70 21 derest
741 711 204 26 magasinsrörelsen

188 745 54 27 finge
258 745 107 22 bedrifvas
380 746 7 21 i
402 746 86 27 förhyrd
503 746 65 26 lokal,
584 745 107 23 äfvensom
718 747 31 20 att
776 745 40 21 den
841 746 103 21 förmåns-

187 781 51 25 rätt,
254 780 86 21 hvilken
355 780 110 21 Utskottet
480 782 71 19 ansett
566 781 53 20 böra
634 781 97 26 tilläggas
747 780 58 27 dylik
821 780 92 26 fordran,
936 781 7 20 i

188 813 75 27 sjelfva
288 814 74 22 verket
385 815 68 20 skulle
478 815 64 20 ställa
562 815 30 26 sig
609 815 81 20 mindre
706 821 86 20 gynsam
809 816 26 19 än
852 821 44 14 som
912 815 32 20 af-

186 849 60 25 setts,
264 848 88 21 såframt
367 849 190 26 magasinsbygnad
572 855 50 14 vore
638 849 113 21 intecknad
768 849 65 20 redan
848 848 44 21 före
906 849 36 20 det

186 881 98 22 tillstånd
299 882 110 21 utverkats
424 882 32 21 till
472 883 106 20 rörelsens
600 882 116 21 drifvande.
746 877 19 26 Å
790 883 66 20 andra
881 883 61 20 sidan

186 915 69 22 blefve
271 916 160 27 ifrågavarande
446 916 139 21 förmånsrätt
600 917 31 20 uti
647 923 25 14 en
689 916 58 27 dylik
762 917 98 26 byggnad
883 917 5 20 i
905 917 36 21 det

185 951 108 20 närmaste
308 951 97 20 värdelös
420 951 71 20 derest
505 950 20 27 ej
541 951 103 26 grunden,
660 951 66 20 hvarå
741 951 123 20 densamma
889 957 53 20 upp-

184 984 60 26 förts,
262 985 100 20 tillhörde
377 990 76 21 egaren
469 985 23 20 af
505 985 118 26 magasinet
642 985 51 20 eller
719 985 118 21 detsamma
864 984 77 21 åtmin-

184 1019 61 20 stone
258 1019 67 26 jemte
340 1019 195 26 besittningsrätten
551 1019 33 20 till
598 1019 96 26 grunden
710 1019 69 21 kunde
795 1020 51 19 utan
861 1019 80 26 grund-

184 1058 90 20 egarens
289 1053 94 20 hörande
399 1053 114 21 öfverlåtas
530 1052 31 21 till
572 1053 68 26 tredje
655 1059 55 15 man.
740 1053 10 20 1
766 1053 140 21 betraktande
917 1053 25 21 af

183 1085 63 22 dessa
262 1087 180 26 omständigheter
457 1087 40 20 har
522 1087 111 21 Utskottet
660 1086 68 21 funnit
753 1087 41 20 den
820 1086 120 27 föreslagna

182 1120 153 27 förordningen
361 1120 53 22 böra
438 1121 154 27 kompletteras
616 1121 48 21 med
694 1121 139 27 stadganden,
863 1127 75 20 genom

182 1154 74 21 hvilka
270 1160 115 20 varuegare
400 1154 71 22 kunde
486 1155 32 21 uti
533 1155 140 21 omförmälda
685 1155 98 21 afseende
794 1155 142 21 säkerställas.

181 1188 70 21 Dessa
266 1188 132 27 stadganden
413 1189 62 21 hafva
491 1189 149 21 sammanförts
656 1190 31 20 uti
704 1195 25 15 en
744 1190 123 26 ytterligare
883 1196 27 20 ny
926 1190 12 27 $

181 1222 23 26 ($
220 1222 33 26 3),
268 1222 116 27 hvarjemte
400 1223 44 21 deri
459 1223 61 26 ingår
535 1223 140 27 bestämning,
699 1230 44 14 som
760 1229 61 21 synes
837 1230 50 14 vara
903 1230 36 20 eg-

181 1256 41 20 nad
250 1258 33 19 att
308 1256 145 22 åstadkomma
480 1257 63 26 nödig
567 1257 94 21 kontroll
677 1257 132 21 beträffande
825 1258 113 20 anmärkta

180 1290 188 26 omständigheter.
399 1291 38 21 Att
453 1291 111 21 Utskottet
578 1292 32 20 uti
626 1292 34 25 S:n
674 1292 46 20 icke
747 1293 98 19 närmare
870 1291 67 27 angif-

179 1324 31 21 vit
225 1324 34 21 till
274 1324 84 22 hvilken
373 1325 122 26 myndighet
509 1326 65 26 intyg,
590 1332 45 14 som
652 1326 44 20 deri
712 1325 141 24 omförmäles,
881 1326 55 20 skall

179 1358 23 20 af
225 1358 184 26 magasinsegaren
433 1359 109 26 inlemnas,
568 1361 24 19 är
614 1359 106 21 beroende
736 1359 62 21 deraf
812 1361 31 19 att
859 1360 77 20 sådant

179 1393 83 20 ansetts
288 1392 72 21 kunna
384 1393 7 20 i
416 1393 156 21 administrativ
599 1395 39 25 väg
653 1394 122 26 lämpligast
790 1393 144 21 föreskrifvas.

247 1464 48 23 Lag-
308 1464 32 18 och
352 1464 182 19 Ekonomiutskottets
545 1465 111 19 betänkande
667 1466 38 18 N:o
718 1467 17 17 3.
