1086 1700
296 108 82 22 Ständ.
394 108 38 22 Sv.
450 121 27 3 —
489 108 74 28 Prop.
578 108 46 22 N:o
639 108 35 22 16.
819 110 27 21 47

123 169 54 27 ning
196 168 126 28 föreläggas
341 169 167 22 vederbörande
523 169 135 27 myndighet,
676 176 52 20 som,
745 170 7 21 i
767 170 107 22 händelse

123 205 67 27 något
205 204 8 21 i
228 204 169 28 handlingarnas
413 205 117 27 kartering
545 204 99 22 befinnes
655 205 114 28 åsidosatt,
781 205 91 27 pröfvar

123 240 57 22 hvad
197 240 103 22 afseende
316 241 14 21 å
345 241 152 27 ansökningen
513 240 79 22 hafvas
611 241 41 21 må.

194 276 66 22 Hvad
282 277 93 21 sålunda
394 283 34 15 om
448 277 146 27 tjenstemans
614 277 144 27 ansvarighet
774 279 25 19 är
815 278 57 21 stad-

123 312 59 28 gadt,
207 312 35 21 må
261 312 56 22 dock
338 313 18 27 ej
372 313 112 27 tillämpas
501 313 13 21 å
529 315 69 25 prest,
615 312 28 22 då
659 313 214 27 äktenskapsförord

124 348 34 22 för
174 348 77 22 honom
267 351 85 24 upptes.

467 379 28 21 20
513 378 19 29 8.

196 420 40 22 Om
252 421 118 27 stämpling
385 420 24 22 af
423 421 83 21 sådana
522 423 72 24 öppna
609 420 53 22 bref
675 420 13 22 å
704 421 107 27 embeten,
823 423 50 20 vär-

124 456 102 28 digheter
242 457 39 21 och
297 456 84 28 afsked,
397 464 45 14 som
453 456 26 22 af
487 457 62 21 Hans
560 456 127 28 Kejserliga
695 456 104 28 Majestät
807 463 66 21 egen-

124 492 91 27 händigt
230 492 167 28 undertecknas,
413 493 101 27 besörjer
530 492 42 22 den
589 493 142 27 embetsman,
749 498 44 16 som
809 494 63 20 ären-

125 528 37 22 det
182 529 8 21 i
210 528 95 22 Senaten
327 528 126 28 föredragit.
477 528 52 22 Men
544 528 34 22 för
594 528 117 28 kartering
727 528 24 22 af
765 528 26 22 de
807 534 65 21 expe-

125 564 100 28 ditioner,
245 571 45 16 som
306 565 104 28 antingen
426 564 25 22 af
465 564 95 23 Senaten
577 564 55 22 eller
648 564 69 22 andra
733 564 141 23 embetsverk

124 600 107 28 utfärdas,
253 607 64 16 svare
336 601 42 22 den
397 601 138 28 tjensteman,
552 607 46 15 som
614 601 155 26 expeditionen
785 601 88 21 kontra-

125 638 99 27 signerat
244 637 60 28 eller,
326 637 39 22 der
380 637 191 27 kontrasignation
588 637 19 27 ej
625 638 37 25 egt
677 643 54 21 rum,
749 637 124 21 densamma

125 673 103 22 utfärdat.

196 709 46 22 För
257 709 68 28 öfrigt
340 710 35 21 må
390 710 19 27 ej
425 710 74 27 någon
514 709 87 27 itjenst
612 709 94 21 insättas
718 709 54 21 eller
783 708 89 21 dermed

125 745 105 22 förenade
246 745 160 22 löneförmåner
422 746 39 21 och
477 745 134 27 rättigheter
627 744 160 27 tillgodonjuta,
803 744 68 21 innan

126 781 43 21 han
186 781 102 21 fullmakt
303 781 55 22 eller
372 781 148 22 förordnande
535 781 13 21 å
564 780 103 27 behörigt
683 779 118 28 stämpladt
821 785 52 21 pap-

125 823 40 20 per
180 817 69 21 utlöst
264 817 40 21 och
319 817 108 27 uppvisat,
443 817 120 22 hvaröfver
578 816 167 22 vederbörande
757 815 51 22 chef
817 821 53 21 eger

125 851 66 23 hafva
207 853 82 27 tillsyn.

467 890 28 20 21
513 888 18 29 8.

196 924 47 21 Har
258 925 74 27 inlaga
348 925 54 21 eller
417 925 74 26 bilaga
506 924 37 22 vid
560 924 142 21 embetsverk
717 923 74 22 blifvit
807 924 65 21 emot-

125 961 72 26 tagen,
222 961 55 21 eller
298 961 129 26 expedition,
449 967 46 15 som
516 962 25 19 är
556 960 122 27 behörigen
695 958 178 28 underskrifven,

125 995 99 22 derifrån
239 996 109 28 utgifvits,
364 997 35 21 må
413 996 35 22 för
458 996 114 22 bristande
584 996 55 21 eller
650 995 94 28 felaktig
754 995 115 27 kartering

125 1031 71 27 någon
212 1031 83 28 påföljd
311 1032 19 27 ej
347 1032 82 22 drabba
445 1033 41 21 den
503 1032 107 27 enskilde,
628 1039 45 14 som
690 1032 95 22 skriften
796 1032 75 21 inlem-

125 1069 38 19 nat
182 1067 55 22 eller
252 1067 74 28 utfått,
343 1069 54 21 eller
408 1069 82 21 sådana
501 1067 93 22 skrifter
605 1069 39 20 och
655 1068 132 27 handlingar
797 1067 76 22 derför

125 1103 83 22 lemnas
224 1105 53 20 utan
292 1103 109 28 afseende,
418 1106 53 19 utan
486 1110 53 16 vare
552 1104 79 21 endast
639 1104 166 22 vederbörande
813 1103 56 28 tjen-

125 1140 84 20 steman
230 1139 34 21 för
280 1140 121 22 förseelsen
417 1140 104 22 förfallen
537 1140 35 21 till
588 1146 80 16 ansvar
684 1141 29 26 på
729 1142 45 20 sätt
789 1140 80 22 nedan-

124 1173 35 23 för
174 1175 137 22 bestämmes.

477 1214 27 19 22
522 1212 18 28 &.

196 1246 100 23 Embets-
320 1248 40 20 och
379 1248 139 27 tjensteman,
541 1254 45 15 som
605 1248 37 21 vid
659 1248 105 22 skrifters
781 1249 90 21 emotta-

123 1281 77 28 gande,
218 1282 70 22 ehvad
304 1283 64 21 dessa
384 1284 125 21 sedermera
525 1284 104 21 insändas
640 1284 35 21 till
686 1290 72 15 annan
769 1284 98 27 myndig-

124 1317 38 21 het
185 1318 55 21 eller
260 1318 56 28 icke,
338 1319 55 21 eller
413 1320 37 21 vid
466 1320 164 26 expeditioners
646 1320 131 22 utfärdande
793 1320 76 22 urakt-

124 1353 57 21 läter
204 1354 67 28 tillse,
295 1356 33 20 att
349 1355 108 21 desamma
478 1358 38 19 äro
537 1356 121 26 behörigen
673 1356 124 27 karterade,
814 1355 55 22 eller

123 1388 130 22 försummar
269 1392 33 19 att
317 1391 128 21 vidhäftade
463 1392 187 26 stämpelmärken
666 1392 55 21 eller
736 1392 34 21 till
781 1391 90 27 belägg-
