1086 1700
222 114 27 19 34
518 112 44 22 N:o
586 114 36 20 16.

192 181 28 27 på
236 180 116 27 ömsesidig
367 180 136 26 ansvarighet
518 180 107 26 grundadt
641 178 201 27 brandstodsbolag,
854 179 93 26 sjöassu-

194 214 156 28 ransförening,
376 214 172 26 lifränteanstalt,
572 213 113 27 sparbank,
712 213 238 27 hypoteksföreningen,

194 250 90 20 sockne-
301 249 38 21 och
360 248 231 26 understödsmagasin,
611 248 64 20 likväl
696 248 77 21 endast
788 248 57 20 hvad
862 247 10 21 ä
890 248 59 20 dessa

194 284 64 20 verks
283 284 37 20 och
344 284 155 26 inrättningars
520 284 80 25 vägnar
617 283 104 20 inlemuas
737 282 52 21 eller
805 282 31 21 till
853 282 47 21 dem
918 285 32 17 ut-

195 318 80 21 färdas.
306 318 59 21 Dock
388 318 67 26 gäller
477 317 70 21 denna
571 316 99 22 befrielse
693 317 46 21 icke
763 316 32 21 för
819 317 64 26 köpe-
899 316 52 21 eller

196 352 56 22 salu-
268 355 56 18 samt
340 353 70 26 bytes-
426 352 38 21 och
479 351 113 27 gäfvobref
607 351 11 21 &
634 351 42 21 fast
692 352 114 26 egendom;

267 388 52 20 19:0.
351 387 44 20 Allt
412 386 54 21 hvad
482 386 5 20 i
504 386 72 26 frågor
593 386 91 20 rörande
696 386 78 26 gratia]
786 392 24 14 ur
822 386 128 26 krigsmans-

196 421 120 21 huskassan
340 421 52 20 eller
415 420 114 27 pensioner
552 420 38 21 och
611 420 205 26 understödsanslag
836 420 32 20 för
884 420 66 20 enkor

196 456 39 21 och
251 456 53 21 barn
320 456 54 20 efter
389 455 77 22 aflidne
482 456 91 20 embets-
590 456 38 20 och
644 456 126 26 tjenstemän
783 455 46 21 frän
842 455 108 21 allmänna

197 493 63 19 stats-
278 491 39 20 och
334 490 144 21 militiemedel
495 492 55 19 samt
566 490 42 20 alla
624 490 88 27 publika
728 490 39 20 och
779 490 96 21 enskilda
887 490 64 20 enke-

197 525 39 21 och
252 525 144 27 pupillkassor
411 525 6 20 i
434 525 72 20 landet
522 524 90 27 ingifves
628 525 39 21 och
684 524 106 26 utfärdas;

266 560 56 20 20:0.
352 559 62 21 Bevis
437 559 37 21 och
499 559 139 26 vittnesbörd,
658 565 44 15 som
718 558 23 22 af
754 558 147 22 föreståndare
918 558 32 21 för

198 594 73 21 skolor
288 594 38 21 och
343 594 275 26 undervisningsanstalter,
635 593 23 21 af
672 594 54 20 hvad
743 594 47 26 slag
806 593 25 22 de
843 599 48 15 vara
908 593 41 24 mä,

197 629 53 20 eller
274 628 23 21 af
319 628 70 21 lärare
413 628 33 21 vid
471 629 119 20 detsamma
612 629 52 20 eller
688 628 22 21 af
731 629 84 26 privata
836 628 67 21 lärare
920 628 32 20 till

198 663 71 20 elever
285 663 103 25 utfärdas,
405 663 108 21 äfvensom
529 663 145 26 ansökningar
691 663 18 26 ej
726 663 81 21 mindre
824 669 33 14 om
867 663 84 20 inträde

199 697 4 21 i
221 697 79 21 allmän
324 697 133 28 läroanstalt,
480 699 25 19 än
529 698 87 27 sädana,
640 697 73 21 hvilka
737 697 22 21 af
773 697 128 21 studerande
917 697 34 20 vid

198 731 301 26 Alexanders-Universitetet,
524 732 6 21 i
551 733 39 20 och
607 732 33 21 för
655 731 121 22 undfäende
791 732 24 21 af
829 732 122 26 stipendier,

198 765 33 22 till
248 765 166 22 Universitetets
430 766 151 21 konsistorium
598 767 39 20 och
655 766 115 21 fakulteter
785 766 102 27 ingifvas;

268 802 55 19 21:0.
354 801 212 20 Permissionssedlar
577 801 33 21 för
621 807 102 20 personer
735 801 95 21 hörande
841 801 31 20 till
886 800 66 21 finska

198 835 109 21 militären
324 835 39 21 och
379 835 300 27 arbetskommenderingarna
696 836 4 20 i
718 836 84 25 landet;

269 870 55 20 22:0.
355 870 154 26 Redogörelser
533 870 37 21 och
595 870 141 27 uträkningar
758 869 59 22 öfver
840 870 113 26 omyndiga

200 904 65 21 barns
283 905 68 20 medel
367 904 48 21 med
431 905 70 21 dertill
517 905 96 20 hörande
629 905 91 26 bilagor;

269 939 55 21 23:0.
356 939 133 21 Testamente
505 939 32 21 till
553 939 68 25 make,
638 939 124 26 skyldemän
779 939 5 20 i
796 940 43 19 rätt
850 945 51 20 upp-
914 938 37 21 och

199 973 141 26 nedstigande
356 973 33 21 led
408 973 52 21 eller
476 973 85 27 syskon,
579 973 110 21 äfvensom
706 973 32 21 till
755 973 198 26 undervisningsan-

200 1007 60 27 stalt,
285 1007 156 27 vetenskapligt
459 1007 99 21 ändamål
577 1008 53 21 eller
646 1007 54 22 from
716 1007 97 27 stiftelse,
827 1007 67 26 jemte
911 1007 43 21 alla

200 1040 70 28 öfriga
286 1043 147 25 testamenten,
450 1042 136 27 hvarigenom
602 1043 110 26 egendom,
727 1048 43 15 som
782 1043 6 20 i
800 1042 91 21 kontant
901 1042 51 21 eller

199 1075 65 22 värde
280 1076 18 27 ej
314 1076 82 27 uppgär
412 1077 31 20 till
459 1077 115 21 etthundra
585 1077 67 24 mark,
664 1077 70 26 nägon
745 1077 105 26 tillägges.
875 1075 78 22 Sädant

199 1112 130 19 testamente
345 1111 38 20 bör
399 1111 58 26 dock,
473 1113 38 18 när
528 1111 35 21 det
578 1111 35 20 vid
630 1111 91 21 domstol
737 1111 80 21 företes
834 1111 31 20 till
877 1111 76 20 bevak-

199 1144 58 27 ning,
281 1145 98 21 karteras
401 1145 44 21 lika
460 1152 44 14 som
520 1146 72 27 bilaga
608 1146 5 20 i
630 1146 123 23 allmänhet,
771 1146 71 20 derest
858 1146 46 26 den,
920 1145 34 21 för

199 1178 87 21 hvilken
302 1180 147 26 bevakningen
465 1180 55 25 sker,
537 1180 18 26 ej
573 1182 24 18 är
612 1180 47 20 frän
675 1180 56 20 bruk
746 1180 23 20 af
782 1180 172 26 stämpelpapper

200 1212 94 26 befriad;

270 1248 54 20 24:0.
356 1248 47 21 Alla
425 1248 239 22 arfskiftesinstrument
687 1249 39 21 och
750 1248 103 22 likaledes
873 1248 80 27 boupp-

200 1281 247 28 teckningsinstrument,
465 1283 26 21 då
507 1283 61 21 boets
583 1283 102 21 behållna
700 1289 82 15 summa
797 1284 18 26 ej
828 1282 80 28 uppgår
920 1283 33 21 till

200 1315 130 22 femhundra
345 1316 70 26 mark;

272 1351 55 21 25:0.
358 1351 113 25 Donation,
487 1358 45 15 som
549 1352 5 20 i
571 1353 118 26 penningar
705 1352 52 21 eller
773 1352 64 20 värde
851 1352 18 26 ej
881 1352 68 20 öfver-

199 1384 69 27 stiger
284 1384 120 22 tvåhundra
420 1386 71 22 mark;
