1086 1700
390 142 22 24 U.
429 143 22 22 B.
469 155 25 4 —
510 144 60 28 Prop.
587 143 35 22 N:o
640 142 30 22 12.
851 142 28 21 23

147 206 148 26 stadgandena
322 211 33 15 om
380 205 198 21 exekutionsverket
608 204 139 22 öfverhufvud
777 204 40 22 och
845 204 63 22 hafva

150 240 72 21 derför
242 240 48 21 icke
312 239 64 27 nägot
397 239 101 27 egentligt
513 240 103 20 samband
631 239 49 21 med
695 239 92 21 nämnda
801 238 105 27 monopol.

149 274 51 21 Med
224 274 110 26 undantag
359 273 22 21 af
401 273 66 27 nägra
490 274 48 20 med
561 279 54 21 resp.
638 273 83 21 städers
743 273 107 26 samtycke
865 272 43 22 till-

150 310 78 19 komna
242 308 133 26 stadganden
390 307 32 21 för
437 307 105 21 särskilda
557 307 43 26 fall,
617 308 69 20 säsom
702 307 65 21 bland
791 307 66 21 andra
874 313 33 15 re-

149 342 116 27 glementet
285 342 33 20 för
340 341 244 27 pantläneinrättningen
599 342 8 20 i
628 335 47 27 Åbo
698 341 24 21 af
735 342 40 20 den
790 342 13 20 4
818 341 90 27 Augusti

153 378 61 25 1869,
235 376 84 27 jemlikt
341 376 81 21 hvilket
436 376 144 26 inrättningen
596 382 50 20 eger
660 382 77 20 genom
752 382 53 20 egna
820 375 88 27 tjenste-

149 413 51 19 män
216 410 48 27 sjelf
278 410 125 21 föranstalta
418 410 87 21 auktion
521 410 13 20 å
549 410 32 20 till
601 410 124 26 försäljning
740 409 93 21 förfallet
847 411 60 25 pant-

149 447 44 19 satt
216 445 59 27 gods,
298 446 55 20 samt
374 444 140 26 kungörelsen
537 444 23 21 af
574 444 40 21 den
630 444 12 21 3
659 443 124 27 September
799 444 54 21 1879
869 443 39 21 och

151 480 139 26 reglementet
310 478 23 22 af
354 478 39 21 den
411 478 24 21 16
451 478 43 26 Maj
512 478 61 26 1883,
588 478 137 26 hvarigenom
741 477 109 21 utverkats
865 478 43 21 till-

150 514 64 20 ständ
237 514 32 20 att
291 513 7 20 i
319 512 130 27 Helsingfors
465 514 51 19 utan
532 512 233 21 auktionskammarens
780 511 127 21 medverkan

151 547 92 22 anställa
257 546 111 22 fondbörs-
385 546 39 22 och
439 546 221 26 varubörsauktioner,
682 546 39 21 har
735 546 173 21 auktionsmono-

150 582 60 27 polet
232 581 32 21 för
287 581 100 21 städerna
409 581 104 26 gvarstätt
533 581 106 20 orubbadt
654 581 56 20 intill
725 580 130 21 närvarande
869 580 37 21 tid.

151 616 38 21 Uti
206 617 25 20 14
247 617 11 24 &
274 615 23 21 af
310 615 149 26 förordningen
485 615 40 21 den
544 615 25 21 31
587 615 58 21 Mars
662 615 54 21 1879
733 621 33 15 om
781 615 127 26 näringarna

151 652 25 19 är
191 649 156 28 mäklareyrket
362 649 61 21 äfven
438 649 131 27 undantaget
584 649 46 21 frän
646 649 26 21 de
683 649 84 27 frigifna
782 649 126 26 näringarne

152 686 56 19 samt
230 684 71 21 derför
323 683 130 21 fortfarande
475 683 154 21 underkastadt
647 683 90 27 tidigare
752 683 156 21 inskränkande

152 718 164 26 bestämningar.
344 717 207 21 Auktionsväsendet
572 717 7 21 i
600 717 100 21 städerna
719 717 38 21 har
779 717 130 21 fördenskull

149 752 80 27 jemväl
251 751 118 22 betraktats
383 751 69 21 såsom
469 758 25 14 en
510 751 48 22 dem
572 751 132 22 förbehållen
719 751 189 26 inkomstgifvande

153 786 108 27 rättighet,
284 785 84 22 hvilken
389 785 56 22 blott
460 785 54 22 efter
532 786 62 21 deras
617 785 126 27 begifvande
768 786 69 21 kunde
860 785 47 22 dem

152 820 114 27 fräntagas.
312 820 10 21 1
352 820 69 21 denna
441 820 95 26 riktning
556 820 96 21 uttalade
669 820 33 27 sig
719 820 62 21 äfven
803 819 104 27 Borgare-

149 854 97 21 ständets
263 854 95 21 enskilda
365 853 170 22 besvärsutskott
543 854 36 21 vid
591 855 111 20 1877—78
719 854 33 21 års
764 853 102 27 landtdag
876 854 31 20 uti

153 889 39 20 sitt
208 888 134 21 betänkande
357 888 7 21 i
383 888 112 27 anledning
511 887 24 22 af
556 890 30 19 ett
609 888 47 21 utaf
667 889 59 20 detta
743 888 82 21 utskott
843 887 66 22 hand-

152 922 59 27 lagdt
226 922 179 27 petitionsförslag
421 928 34 15 om
470 922 76 27 ätgärd
562 922 118 21 derhänatt
697 923 39 20 den
751 922 100 21 städerna
866 921 42 22 till-

152 956 126 21 kommande
300 957 135 20 uteslutande
458 958 43 19 rätt
519 957 33 20 till
568 957 122 20 auktioners
706 956 131 21 anställande
851 956 56 21 inom

152 997 54 20 resp.
229 991 160 21 stadsomräden
411 991 46 21 icke
475 991 67 21 mätte
557 993 76 24 utgöra
648 991 75 21 hinder
737 991 34 20 för
785 992 32 19 att
832 996 76 21 genom

152 1025 184 21 mäklareauktion
361 1025 12 21 å
399 1025 139 21 handelsbörs
560 1025 8 21 i
590 1025 26 21 de
631 1025 79 24 städer,
726 1025 37 21 der
778 1024 65 21 sådan
860 1024 48 21 börs

151 1059 49 21 med
216 1059 103 21 edsvurne
334 1059 93 21 mäklare
442 1059 69 21 blifvit
526 1059 7 20 i
546 1059 88 27 behörig
650 1059 89 27 ordning
753 1058 100 27 inrättad,
867 1058 41 21 för-

151 1093 54 26 sälja
227 1093 151 21 handelsvaror
400 1093 7 21 i
429 1093 56 27 parti
501 1093 107 22 äfvensom
624 1093 151 27 värdepapper.
805 1093 103 26 Borgare-

150 1127 86 22 ståndet
259 1127 112 27 godkände
391 1127 78 27 jemväl
491 1127 145 22 betänkandet
652 1127 39 22 och
706 1126 202 28 petitionsförslaget

150 1161 78 21 förföll.
261 1162 53 21 1789
338 1162 33 21 års
394 1162 111 21 försäkran
527 1162 33 21 för
582 1162 152 26 borgerskapet
754 1161 40 22 och
809 1161 99 21 städerna

151 1195 67 27 gifver
234 1196 107 21 dessutom
354 1196 117 26 otvetydigt
487 1196 34 21 vid
537 1196 84 21 handen
636 1197 33 20 att
685 1198 31 19 ett
730 1195 148 27 upphäfvande
888 1194 21 22 af

149 1230 112 21 städernas
284 1230 198 26 auktionsmonopol
505 1230 107 21 erfordrar
635 1230 98 27 samtliga
759 1230 73 21 stånds
854 1235 54 15 sam-

150 1264 70 26 tycke.

220 1298 41 21 Vid
288 1298 163 26 öfvervägandet
475 1298 23 21 af
520 1298 140 22 förevarande
674 1297 181 28 petitionsförslag
870 1298 38 21 har

151 1331 111 22 Utskottet
284 1332 55 21 varit
363 1338 49 16 ense
427 1332 49 21 med
490 1332 143 27 petitionären
648 1333 74 21 derom
736 1334 33 20 att
783 1332 66 26 sagda
863 1338 46 15 mo-

151 1366 65 26 nopol
237 1366 70 21 blifvit
330 1368 31 20 ett
383 1366 116 27 tryckande
521 1367 65 26 tvång
602 1366 27 27 på
644 1366 152 27 näringslifvet.
827 1366 45 21 Och
884 1366 24 26 ju

150 1406 60 15 mera
224 1400 159 22 förhållandena
399 1400 98 22 utveckla
511 1400 39 27 sig,
574 1401 59 21 desto
649 1406 59 16 mera
722 1400 115 28 tryckande
853 1399 55 22 skall

150 1440 81 15 samma
253 1434 65 27 tvång
339 1434 71 21 blifva.
441 1434 46 22 Den
510 1434 56 28 höga
588 1435 114 27 provision,
717 1447 27 3 —
759 1435 43 28 två,
818 1435 33 21 för
865 1439 43 20 sär-

223 1473 45 23 Lag-
280 1474 33 17 och
325 1474 182 17 Ekonomiutskottets
519 1474 111 18 betänkande
642 1474 37 18 N:o
692 1474 17 17 3.
