1086 1700
237 112 12 20 6
395 110 82 22 Ständ.
494 110 37 22 Sv.
549 124 27 3 —
592 111 74 28 Prop.
682 110 45 22 N:o
743 110 37 22 16.

206 170 65 22 fallet
286 171 40 21 bör
342 170 107 22 karteras.
481 171 11 21 I
509 170 64 28 fråga
588 172 50 21 åter
654 177 34 15 om
704 170 81 28 fartyg,
803 170 118 23 förefinnes
938 171 20 27 ej

207 206 51 22 skäl
274 208 32 19 att
322 206 67 22 ställa
404 206 144 28 karteringen
564 206 25 21 af
598 206 277 28 öfverlåtelsehandlingar
885 207 14 21 å
910 207 48 21 dem

206 242 8 22 i
230 242 106 22 samband
351 242 50 22 med
415 242 135 28 inteckning,
568 245 55 19 enär
638 243 72 21 denna
720 242 117 28 kartering
847 243 112 27 sakenligt

207 278 45 21 kan
275 277 87 22 fordras
385 278 38 22 vid
447 278 100 21 anmälan
563 278 35 22 till
615 278 42 22 den
672 278 9 22 i
696 278 159 28 förordningen
871 278 43 22 den
932 280 25 20 11

207 314 125 21 November
356 315 56 20 1889
433 314 111 27 påbjudna
560 314 175 28 registreringen
756 314 25 22 af
802 314 80 28 fartyg.
913 314 46 22 För

207 350 111 22 vinnande
342 350 24 21 af
387 356 27 16 en
432 350 100 22 häremot
555 350 109 22 svarande
679 350 92 28 lämplig
787 350 117 28 affattning
919 350 40 22 har

207 385 170 28 ifrågavarande
404 386 121 27 stadgande
548 386 75 22 blifvit
647 386 75 22 deladt
749 386 8 21 i
780 388 83 20 tvänne
886 386 72 22 skilda

207 424 102 19 moment.

280 457 105 22 Stundom
407 458 63 22 torde
493 458 38 21 det
554 457 67 22 hafva
644 458 105 27 inträffat,
774 459 33 20 att
831 458 28 21 då
877 457 81 27 lagfart

207 492 77 23 blifvit
307 493 51 22 sökt
373 494 14 20 å
402 493 113 28 fastighet,
531 494 99 27 hvilken,
648 494 67 21 innan
730 494 90 26 uppbud
836 494 53 22 derå
904 500 54 15 vun-

207 529 52 27 nits,
276 530 59 21 varit
357 528 92 23 föremål
465 530 35 21 för
515 529 53 22 flere
584 530 50 27 köp,
652 530 78 21 endast
745 529 36 22 för
797 530 38 21 det
851 530 54 21 sista
920 529 38 21 kö-

208 564 117 28 pebrefvet
341 565 96 22 fordrats
453 566 117 27 kartering
585 566 7 21 i
608 565 139 22 förhållande
762 566 36 21 till
812 566 146 27 egendomens

208 601 75 27 värde,
307 601 114 22 hvaremot
439 601 28 22 de
483 601 71 27 öfriga
570 601 157 27 köpebrefven,
745 602 70 21 ehuru
832 601 27 22 de
875 601 83 22 derför-

208 637 68 21 innan
299 637 49 22 icke
371 637 75 21 blifvit
469 637 115 22 företedda
606 637 60 22 inför
682 637 99 27 domstol,
798 637 44 22 fått
857 637 101 21 karteras

208 670 73 24 såsom
304 673 90 27 bilagor.
433 673 34 22 Då
491 673 60 22 detta
567 672 127 22 förfarande
711 673 18 27 ej
746 675 25 19 är
788 672 170 22 öfverensstäm-

208 708 79 21 mande
303 708 49 22 med
368 709 43 21 den
426 709 7 21 i
449 709 76 27 början
541 708 25 22 af
579 708 121 27 förslagets
716 711 12 18 6
745 708 11 29 &
770 708 119 22 faststälda
899 709 59 26 prin-

208 744 64 27 cipen
289 744 34 21 för
339 744 168 28 afhandlingars
524 745 121 27 kartering,
663 745 66 22 hafva
745 744 124 22 Ständerna
885 746 73 19 ansett

208 780 35 27 sig
266 780 71 22 under
360 787 29 14 nu
405 781 169 26 ifrågavarande
589 781 78 21 rubrik
683 781 54 21 böra
752 781 93 26 tillägga
861 782 33 19 ett
909 782 49 25 nytt

208 818 102 25 moment,
336 816 156 22 innehållande
518 817 122 26 uttrycklig
666 816 140 27 bestämning
829 816 74 21 derom
926 817 33 20 att

208 851 104 28 samtliga
334 851 110 28 köpebref
458 853 63 21 skola
543 853 7 20 i
567 853 41 20 här
628 852 97 27 antydda
748 851 40 22 fall
804 851 101 22 karteras
921 857 37 16 en-

208 887 42 27 ligt
266 887 43 22 den
327 887 214 28 beräkningsgrund,
559 894 45 15 som
620 888 8 21 i
644 887 70 22 första
729 887 40 22 och
785 887 70 22 andra
865 893 93 16 momen-

207 924 39 21 ten
263 923 152 22 föreskrifves.

280 959 49 21 Den
352 959 37 21 vid
413 959 68 22 slutet
501 959 25 22 af
546 959 170 27 ifrågavarande
739 959 85 26 kapitel
846 960 112 25 upptagna

208 995 176 26 anmärkningen
400 995 136 22 beträffande
552 995 138 27 handlingar,
706 995 76 21 hvilka
798 995 107 20 inlemnas
921 995 36 20 till

208 1030 109 22 Finlands
340 1031 71 27 Bank,
435 1031 66 22 hafva
517 1031 124 21 Ständerna
656 1032 74 20 ansett
746 1030 86 21 erhålla
848 1036 26 15 en
891 1030 67 26 lämp-

208 1066 72 27 ligare
295 1067 59 26 plats
369 1067 8 20 i
393 1067 68 21 slutet
476 1066 25 22 af
515 1069 12 18 6
544 1067 98 26 punkten
659 1066 25 21 af
699 1067 26 20 14
741 1066 19 28 8.

282 1103 28 20 14
326 1102 18 28 8.
375 1102 53 21 10:0.
459 1103 99 21 Emedan
582 1102 123 21 Ständerna
728 1101 73 22 funnit
817 1101 71 26 någon
904 1101 54 21 skil-

208 1138 44 20 nad
262 1138 50 22 icke
323 1138 53 21 böra
387 1140 65 25 göras
469 1139 92 21 emellan
572 1139 80 21 besvär
666 1138 115 27 angäende
791 1137 123 27 bevillning
924 1136 36 22 för

208 1174 126 26 maltdryck
351 1174 39 21 och
413 1174 88 28 sädana,
518 1180 45 16 som
579 1174 93 21 hänföra
688 1174 35 26 sig
738 1174 35 20 till
789 1172 169 23 bränvinsskat-

208 1211 45 25 ten,
278 1209 67 22 hafva
361 1210 32 21 uti
409 1210 72 21 denna
496 1210 71 26 punkt
582 1210 8 21 i
606 1210 76 21 stället
697 1209 36 22 för
749 1209 64 21 ordet
830 1208 128 27 ,bränvins-

208 1244 104 22 skatten”
330 1244 80 22 införts
426 1246 68 20 orden
512 1245 128 27 ,bränvins-
656 1245 40 21 och
712 1244 165 21 maltskatten*.

279 1280 53 22 13:o.
363 1281 38 21 Uti
417 1281 72 21 denna
504 1281 75 27 punkt
590 1280 123 28 medgifves
728 1279 106 22 befrielse
849 1279 49 21 från
908 1279 51 21 bru-

208 1316 39 21 ket
272 1316 24 21 af
317 1317 178 26 stämpelpapper
519 1316 31 22 uti
572 1316 75 27 frågor
670 1316 95 21 rörande
782 1315 127 27 ersättning
924 1314 36 22 för

208 1351 115 22 förkomna
339 1352 55 22 eller
410 1353 97 21 skadade
523 1354 57 25 post-
597 1352 39 22 och
650 1351 266 28 jernvägsförsändelser,
928 1350 32 22 äf-

207 1393 91 15 vensom
322 1388 32 21 uti
378 1388 81 21 sådana
483 1388 94 22 skrifter
598 1388 39 21 och
653 1387 157 27 ansökningar,
828 1392 46 16 som
890 1386 70 27 enligt
