1086 1700
466 128 46 22 N:o
534 129 38 21 12.
847 127 26 20 13

489 196 12 26 $
518 196 34 20 27.

208 230 142 21 Innehafvare
371 229 23 21 af
411 230 152 26 upplagsbevis
580 230 53 20 eller
648 232 92 19 warrant
756 236 55 20 eger,
828 230 7 20 i
851 229 51 21 hän-

141 265 57 21 delse
214 270 66 15 varan
295 264 125 21 förkommit
437 264 54 21 eller
507 264 95 26 skadats,
620 270 84 14 samma
719 266 44 19 rätt
778 264 33 20 till
827 264 76 21 skade-

140 299 153 26 ersättningen,
309 304 45 15 som
371 299 42 21 han
430 304 79 15 annars
525 299 70 21 skulle
614 301 36 24 egt
666 298 33 21 till
715 298 75 27 sjelfva
805 304 72 15 varan.

489 362 12 27 8
519 363 34 20 28.

210 402 63 27 Vara,
291 408 43 14 som
352 404 24 18 är
392 402 6 20 i
415 402 90 20 allmänt
521 402 188 26 upplagsmagasin
721 402 66 21 insatt
799 404 44 18 mot
851 408 52 20 upp-

141 436 107 28 lagsbevis
271 436 38 21 och
330 438 101 24 warrant,
448 442 51 15 vare
516 436 19 27 ej
552 436 146 22 underkastad
714 437 121 26 utmätning
851 436 52 21 eller

140 473 118 25 seqvester.
289 470 101 22 Deremot
411 472 35 19 må
465 471 152 27 upplagsbevis
633 471 39 21 och
688 473 93 19 warrant
797 471 33 21 för
844 471 59 21 inne-

141 506 113 20 hafvarens
269 505 128 21 förbindelse
415 506 5 20 i
438 508 45 18 mät
494 508 63 24 tagas
569 506 39 20 och
620 506 48 20 med
683 506 101 26 qvarstad
797 506 106 26 beläggas.

489 569 12 28 $
518 570 34 20 29.

210 610 139 21 Förkommer
373 610 152 27 upplagsbevis
544 611 52 20 eller
611 612 100 24 warrant,
727 617 50 20 eger
794 610 47 27 den,
858 615 45 15 som

143 645 82 20 beviset
241 644 95 25 förlorat,
358 645 73 21 derom
447 647 53 24 göra
517 645 100 20 anmälan
633 645 39 21 hos
687 644 217 28 upplagsmagasinet,

144 679 82 21 hvilket
246 685 76 20 genom
340 679 129 26 kungörelse
485 680 6 20 i
509 679 26 21 de
550 679 109 21 allmänna
675 679 137 27 tidningarne
828 678 27 27 pä
871 680 33 19 sö-

143 713 96 21 kandens
263 714 118 21 bekostnad
406 714 55 21 låter
485 713 101 28 efterlysa
606 714 36 21 det
658 714 114 21 förlorade.
803 713 101 21 Anmälas

143 748 45 21 icke
212 748 138 26 motanspråk
373 748 40 21 hos
438 749 216 26 upplagsmagasinet
678 749 57 20 inom
756 750 32 19 tre
804 747 102 21 månader

144 782 54 21 efter
221 783 37 20 det
280 783 141 26 kungörelsen
443 783 56 21 varit
515 783 6 20 i
539 783 139 27 tidningarna
693 783 68 26 tredje
776 783 81 26 gången
874 782 31 21 in-

145 817 53 23 förd,
215 817 51 21 eller
282 818 76 21 varder
374 818 98 21 anmäldt
488 819 141 26 motanspråk
646 818 47 21 icke
709 817 23 22 af
746 817 92 22 domstol
854 817 51 26 god-

144 851 68 21 kändt
231 858 76 20 genom
324 853 55 25 dom,
397 858 44 15 som
459 852 42 21 fått
517 853 64 20 vinna
597 853 49 26 laga
662 852 63 27 kraft,
741 852 55 21 skall
813 851 35 22 det
863 851 43 21 för-

145 886 75 21 lorade
243 886 81 21 beviset
346 887 67 20 dödas
437 889 56 18 samt
512 889 48 24 nytt
578 887 150 27 upplagsbevis
744 887 52 20 eller
812 893 26 20 ny
854 892 52 15 war-

145 923 56 23 rant,
225 921 48 20 med
298 921 129 26 påteckning
451 922 111 25 angående
586 922 91 26 utbytet,
701 921 32 21 till
749 920 108 22 sökanden
873 922 33 19 ut-

146 954 73 27 gifvas.

216 989 107 26 Warrant,
348 990 84 21 hvilken
457 990 56 21 varit
529 990 128 22 indosserad
673 991 70 20 såsom
760 989 100 22 säkerhet
875 989 33 20 för

147 1024 270 27 penningeförsträckning,
441 1024 34 21 får
498 1025 55 21 dock
577 1025 19 27 ej
620 1025 47 21 med
691 1031 27 21 ny
734 1026 91 19 ersättas
841 1024 66 20 innan

147 1059 47 26 den,
218 1065 46 14 som
288 1059 123 21 densamma
435 1059 98 27 förlorat,
557 1060 39 21 hos
612 1059 211 28 upplagsmagasinet
839 1058 69 27 styrkt

147 1096 32 18 att
194 1093 44 21 han
255 1100 33 15 om
304 1093 105 22 förlusten
426 1094 139 22 underrättat
580 1094 68 21 förste
664 1093 143 22 öfverlåtaren
819 1093 38 21 och
868 1092 40 21 föl-

146 1128 64 27 jande
226 1128 71 21 kända
312 1128 145 22 indossanter.

218 1159 85 25 Önskar
318 1163 47 27 den,
382 1170 45 14 som
444 1164 57 26 gjort
518 1164 100 20 anmälan
635 1170 34 14 om
684 1163 78 21 förlust
778 1162 23 22 af
809 1162 99 27 upplags-

148 1197 65 25 bevis,
237 1198 137 20 utbekomma
399 1198 39 20 den
463 1198 97 21 deremot
579 1198 103 21 svarande
698 1204 73 19 varan,
787 1197 66 21 innan
869 1196 40 21 den

149 1231 62 21 ofvan
228 1232 86 26 angifna
330 1232 59 21 tiden
405 1232 24 21 af
443 1234 33 19 tre
492 1232 104 22 månader
613 1232 97 26 förflutit,
726 1232 35 21 må
777 1231 76 21 sådant
864 1230 44 26 ske,

149 1266 38 20 der
210 1266 41 20 han
276 1266 38 21 hos
338 1267 212 27 upplagsmagasinet
574 1268 119 26 deponerar
717 1267 36 21 det
776 1266 83 26 belopp,
876 1265 33 21 för

148 1300 82 22 hvilket
253 1307 65 15 varan
342 1300 72 22 häftar
438 1302 32 20 till
494 1301 253 25 warrantinnehafvaren,
765 1302 56 20 samt
836 1300 74 21 ställer

148 1334 79 27 borgen
244 1341 45 15 som
305 1336 41 20 kan
363 1336 24 20 af
400 1336 147 27 inrättningen
563 1336 131 27 godkännas.

498 1399 11 27 $
526 1400 34 20 30.

219 1437 42 22 Vill
286 1438 47 26 den,
354 1444 44 15 som
416 1438 67 21 insatt
499 1445 51 15 vara
566 1439 6 21 i
589 1439 89 21 allmänt
693 1438 194 27 upplagsmagasin,
904 1437 7 21 i
