1086 1700
361 124 28 23 U.
405 124 28 22 B.
448 137 28 3 —
491 124 73 28 Prop.
579 124 41 23 N:o
637 124 35 22 11.
858 127 33 19 5.

140 195 56 20 satte
222 193 145 22 kontrollören
383 194 116 27 uppvisadt
519 194 39 21 och
574 194 48 21 med
640 194 54 21 hans
710 194 130 26 påteckning
855 194 45 21 för-

140 228 49 22 sedt
212 229 56 20 samt
290 228 122 22 bränneriet
435 228 22 22 af
478 228 78 22 honom
577 228 135 27 besigtigadt
727 229 48 21 med
791 228 108 22 biträde
889 224 15 36 i

140 263 47 21 stad
204 262 23 22 af
240 262 116 27 behörigen
375 262 151 22 tillförordnad
539 263 204 27 magistratsperson
755 263 52 21 eller
818 262 23 22 af
850 263 51 21 ord-

139 297 111 27 ningsman
274 299 56 19 samt
345 298 12 20 å
371 297 74 21 landet
461 296 22 22 af
497 299 73 19 ortens
586 297 166 21 kronolänsman
769 297 40 21 och
825 297 75 21 dervid

140 330 108 23 befunnits
266 338 52 14 vara
335 332 109 26 inrättadt,
463 331 29 27 på
513 333 44 20 sätt
572 332 6 20 i
594 331 195 27 ordningsstadgan
807 333 24 19 är
847 331 54 22 eller

139 366 115 22 framdeles
270 366 41 21 kan
328 366 65 21 blifva
407 366 133 21 förordnadt.

209 402 19 20 2.
258 400 72 22 Sådan
350 400 122 27 besigtning
493 407 51 15 vare
566 400 54 22 dock
636 400 127 27 erforderlig
778 400 77 22 endast
871 406 27 16 en

141 435 55 27 gång
213 441 34 15 om
263 434 53 28 året,
333 435 23 21 sä
371 434 64 22 framt
450 435 48 21 icke
514 435 124 27 förändring
653 435 54 21 eller
722 435 86 27 ombyte
819 435 22 21 af
849 435 51 21 red-

140 470 54 26 skap
210 470 6 20 i
232 470 124 21 bränneriet
371 472 36 24 egt
423 476 52 19 rum,
493 470 53 21 eller
562 470 120 21 kontrollör
694 476 77 15 annars
782 468 69 22 finner
861 476 39 14 an-

140 504 87 27 ledning
243 504 31 21 till
290 504 88 27 förnyad
394 510 38 21 syn
449 504 52 22 derå
518 504 138 22 förekomma.

488 556 13 26 8
520 558 32 19 10.

210 593 18 19 1.
258 591 42 21 Vill
323 591 122 21 tillverkare
469 591 46 21 före
535 591 40 21 den
597 591 108 21 allmänna
720 591 179 26 tillverkningsti-

141 625 51 21 dens
209 625 81 26 utgäng
300 626 48 21 med
360 625 156 27 handteringen
529 625 104 27 upphöra,
646 625 84 22 anmäle
741 626 73 21 derom
826 624 74 22 skrift-

140 659 56 27 ligen
212 659 66 21 minst
291 659 42 22 fem
349 660 66 26 dagar
429 659 58 22 förut
503 660 39 21 hos
560 660 12 21 å
583 660 74 21 stället
667 660 162 27 tjenstgörande
845 660 55 21 kon-

140 693 82 27 trollör,
238 694 86 21 hvilken
340 694 80 27 äligger
436 697 32 18 att
483 694 72 21 lemna
571 695 137 21 tillverkaren
725 695 59 21 bevis
796 694 59 22 öfver
866 696 33 19 att

141 729 65 20 sädan
224 729 98 20 anmälan
339 729 58 21 skett
413 731 56 19 samt
485 728 151 28 ofördröjligen
648 729 99 21 meddela
757 729 142 27 länestyrelse

141 763 39 21 och
200 762 179 23 öfverkontrollör
399 763 84 27 uppgift
503 769 35 16 om
559 764 65 25 tiden,
642 763 27 22 dä
685 764 6 20 i
708 763 113 27 anledning
838 763 63 22 deraf

140 797 164 27 tillverkningen
320 798 95 21 kommer
432 800 31 19 att
480 797 98 22 afslutas.

209 833 19 20 2.
259 832 10 21 I
291 832 105 26 bränneri,
421 833 37 21 der
477 833 165 26 tillverkningen
663 833 92 21 sålunda
774 832 69 22 blifvit
859 839 38 14 an-

140 866 56 21 mäld
216 868 33 19 att
264 866 103 27 upphöra,
384 867 35 20 må
435 867 40 20 den
491 867 48 21 icke
556 866 54 22 efter
626 867 40 22 den
683 869 84 19 utsatta
782 867 58 21 tiden
857 873 42 20 ega

140 907 45 15 rum
202 902 52 20 utan
270 901 88 27 förnyad
375 901 105 26 anmälan,
497 907 47 16 som
560 902 7 21 i
583 901 10 28 $
610 904 12 19 6
638 908 63 15 mom.
718 903 11 20 2
746 902 63 26 sagdt
825 904 30 18 är.

489 959 11 25 8
520 961 32 19 11.

209 992 40 21 Om
266 993 83 21 anmäld
365 993 241 27 bränvinstillverkning
623 994 18 26 ej
658 993 108 27 företages
783 993 56 21 inom
853 992 44 23 fem

140 1026 205 28 tillverkningsdygn
373 1027 55 22 efter
451 1027 41 22 den
516 1028 7 21 i
546 1028 98 21 anmälan
668 1027 103 28 uppgifna
793 1028 37 25 tid,
847 1028 53 21 eller

140 1061 238 27 bränvinstillverkning
397 1061 94 28 afbrytes
514 1065 51 18 utan
586 1062 68 21 sädan
675 1063 106 26 anmälan,
803 1069 46 14 som
865 1063 6 20 i
887 1062 13 27 &

141 1097 26 19 10
184 1095 141 27 omförmäles,
342 1097 40 20 och
398 1097 18 26 ej
433 1097 56 20 inom
506 1099 33 19 tre
555 1097 214 28 tillverkningsdygn,
785 1097 36 21 det
833 1097 63 21 oräk-

140 1130 57 26 nadt,
214 1130 122 22 hvarunder
351 1130 105 22 afbrottet
472 1131 88 27 skedde,
572 1132 54 27 änyo
637 1131 116 27 företages,
766 1132 81 26 äligger
861 1131 38 22 det

140 1165 225 22 bränvinstillverkare
386 1168 33 19 att
434 1166 71 21 säsom
523 1167 119 26 ersättning
658 1167 31 21 till
705 1167 81 21 kronan
801 1166 97 22 leverera

139 1198 32 21 till
192 1199 165 22 landtränteriet
372 1200 222 22 kontrollörsarvodet
609 1200 33 22 för
657 1201 49 21 hela
722 1202 41 21 den
783 1201 38 26 tid,
837 1201 61 21 hvar-

140 1233 69 21 under
225 1234 135 27 tillverkning
375 1234 91 22 sälunda
481 1235 49 21 icke
546 1235 101 22 utöfvats.

488 1287 13 26 8
519 1288 33 20 12.

208 1320 65 26 Öfver
294 1326 152 27 anmälningar,
463 1333 46 15 som
527 1327 66 26 enligt
609 1328 11 26 8
636 1329 11 19 6
664 1327 32 21 till
712 1327 141 27 länestyrelse
868 1327 30 21 in-

140 1359 92 26 komma,
250 1360 69 21 lemne
336 1360 67 22 denne
419 1361 33 21 till
463 1360 179 22 öfverkontrollör
651 1361 140 27 erforderliga
804 1361 94 22 förteck-

138 1394 76 26 ningar
227 1394 68 26 jemte
311 1395 83 27 uppgift
410 1395 13 21 å
439 1396 26 20 de
481 1402 111 20 personer,
609 1396 23 21 ät
648 1396 72 21 hvilka
727 1396 171 22 kontrollörsbe-

137 1427 123 27 fattningen
278 1428 67 22 blifvit
360 1429 132 21 anförtrodd.

208 1467 193 18 Ekonomiutskottets
415 1468 117 18 betänkande
545 1470 36 16 N:o
594 1470 16 16 3.
