1086 1700
429 123 46 23 N:o
497 124 38 22 11.
807 122 27 20 35

105 192 89 26 ordning
209 191 143 27 nästföljande
368 191 11 27 $
395 190 114 28 angående
526 190 134 27 partihandel
676 190 124 26 innehåller,
815 196 48 15 men

105 226 103 27 rättighet
230 226 33 21 till
281 226 150 20 minuthandel
446 225 50 21 med
511 226 53 20 eller
578 224 144 28 utskänkning
737 224 23 22 af
774 225 88 21 bränvin

105 264 24 18 är
152 261 48 21 dem
224 261 45 21 icke
292 260 126 26 medgifven.
449 260 26 26 Ej
493 260 68 20 heller
577 260 35 20 må
628 260 25 20 de
669 259 49 27 ingå
734 260 70 20 såsom
820 259 44 21 del-

106 302 63 21 egare
184 296 7 20 i
206 296 71 26 bolag,
293 295 88 21 hvarom
398 295 7 21 i
422 295 11 27 $
451 296 12 20 9
480 294 143 22 omförmäles.

466 358 11 27 $
494 359 19 20 3.

181 401 16 19 1.
228 398 138 22 Partihandel
390 398 48 21 med
462 398 96 26 bränvin,
582 398 88 21 hvarvid
694 405 52 15 vara
769 399 22 21 af
813 405 52 21 egen

107 434 52 22 eller
182 440 81 14 annans
286 433 136 27 tillverkning
446 433 36 21 må
505 433 99 26 försäljas
621 433 32 21 till
670 433 78 27 belopp
764 433 23 21 af
801 434 65 20 minst

107 468 131 27 fyrahundra
261 468 54 26 liter,
338 468 32 20 får
395 468 62 20 idkas
473 468 6 20 i
497 468 47 20 stad
568 468 18 26 ej
603 468 81 21 mindre
701 468 23 21 af
738 468 55 21 finsk
808 468 58 21 med-

108 504 96 26 borgare,
228 509 43 15 som
289 509 49 20 eger
352 502 42 26 god
411 502 56 27 frejd
484 502 39 21 och
539 503 57 26 gjort
611 502 32 27 sig
658 502 57 21 känd
731 503 32 21 för
779 503 88 21 redbart

108 538 140 26 förhållande,
273 540 27 18 än
322 538 40 20 ock
385 538 23 20 af
429 538 71 26 bolag,
525 538 65 20 sedan
606 538 100 26 behörigt
721 538 97 21 tillstånd
834 538 33 20 till

109 573 114 27 näringens
239 573 139 21 bedrifvande
394 573 115 21 utverkats
525 573 27 26 på
568 575 43 19 sätt
626 573 7 20 i
648 573 145 27 nästföljande
803 579 64 14 mom.

109 610 68 25 säges.
207 608 31 21 På
261 608 73 21 landet
357 607 39 21 och
417 607 6 21 i
439 607 83 27 köping
544 607 34 21 får
602 608 95 21 deremot
720 607 66 22 sådan
801 607 67 27 parti-

109 643 78 20 handel
203 643 18 26 ej
237 643 85 20 utöfvas
338 642 71 21 såsom
425 642 94 21 särskild
535 642 83 27 näring.

182 678 19 19 2.
231 677 111 26 Rättighet
364 677 33 21 till
419 677 138 26 partihandel
581 677 48 20 med
648 677 88 20 bränvin
753 677 62 20 sökes
830 676 39 21 hos

110 712 119 26 magistrat,
245 718 44 14 som
306 711 141 21 öfverlemnar
463 712 146 26 ansökningen
620 711 33 21 till
664 711 205 26 stadsfullmäktiges

111 747 57 25 eller,
185 746 37 21 der
238 746 82 21 sådana
334 746 46 21 icke
397 746 76 26 finnas,
490 746 184 21 rådhusstämmas
690 746 105 27 pröfning.
824 741 45 26 Äro

111 780 193 27 stadsfullmäktige
320 781 52 20 eller
387 781 177 20 rådhusstämma
579 781 49 20 med
644 781 113 26 magistrat
773 787 50 14 ense
835 786 33 15 om

112 815 61 20 bifall
196 815 52 21 eller
272 815 68 26 afslag
359 816 12 19 å
387 815 155 27 ansökningen,
560 815 51 21 eller
626 815 65 21 afslås
708 815 125 21 densamma
849 814 24 21 af

112 849 196 26 stadsfullmäktige
324 850 51 20 eller
390 849 182 28 rådhusstämma,
587 849 65 21 blifve
668 849 73 22 dervid
756 849 114 22 beroende.

112 884 89 21 Bifalles
217 884 145 27 ansökningen
379 884 23 21 af
416 884 198 27 stadsfullmäktige
628 885 52 20 eller
692 884 179 25 rådhusstämma,

113 925 49 14 men
180 918 65 21 afslås
264 919 22 20 af
300 919 146 26 magistraten,
463 919 144 21 öfverlemnas
623 919 91 21 ärendet
729 919 34 21 till
778 919 93 26 länesty-

113 953 81 22 relsens
210 953 124 27 afgörande.

472 983 12 26 $
501 983 20 20 4.

188 1024 18 20 1.
236 1023 147 21 Minuthandel
407 1024 48 20 med
475 1023 89 21 bränvin
580 1023 36 21 må
631 1023 107 22 bedrifvas
755 1024 18 26 ej
790 1023 83 21 mindre

115 1057 23 22 af
151 1057 120 28 välfrejdad
288 1059 52 20 finsk
357 1058 148 27 medborgare,
522 1065 46 14 som
584 1059 56 26 gjort
656 1059 33 26 sig
704 1058 56 21 känd
776 1057 33 22 för
825 1057 48 21 red-

115 1093 49 20 bart
180 1093 131 20 förhållande
327 1095 56 18 samt
398 1093 88 26 pröfvas
499 1093 6 20 i
517 1093 63 26 öfrigt
594 1093 33 20 till
638 1093 106 20 rörelsens
756 1092 117 21 utöfvande

115 1127 87 27 lämplig
224 1134 58 19 vara,
301 1127 66 21 än'af
381 1127 32 21 för
429 1128 126 20 ändamålet
570 1127 84 22 bildadt
669 1127 70 27 bolag,
757 1127 66 21 sedan
838 1133 35 15 ve-

116 1162 106 27 derbörlig
238 1162 101 20 tillåtelse
355 1162 32 20 till
404 1162 130 26 utöfningen
550 1162 22 21 af
586 1162 66 20 sådan
669 1162 76 26 näring
755 1162 118 25 utverkats,

116 1198 27 25 på
159 1198 43 19 sätt
218 1197 32 20 uti
265 1197 24 27 $$
306 1198 18 24 7,
340 1197 12 20 8
369 1196 40 21 och
425 1198 12 18 9
455 1197 94 26 stadgas.
573 1197 41 21 Vid
630 1196 147 21 minuthandel
793 1196 32 21 får
841 1196 34 20 till

116 1230 134 28 afhemtning
265 1231 106 21 utlemnas
387 1232 66 20 minst
469 1231 37 21 två
523 1232 55 20 liter.

188 1267 20 20 2.
239 1266 148 26 Utskänkning
409 1266 24 20 af
455 1266 91 20 bränvin
568 1266 32 21 till
623 1266 104 26 förtäring
749 1266 28 26 på
795 1266 80 26 stället,

117 1300 73 21 dervid
205 1301 56 20 huru
277 1300 59 26 ringa
352 1300 77 27 belopp
447 1307 46 14 som
510 1300 54 21 helst
582 1300 35 21 må
632 1300 99 27 utgifvas,
747 1300 34 21 får
795 1300 80 21 bedrif-

117 1341 36 15 vas
170 1336 76 20 endast
262 1336 6 20 i
280 1335 153 27 sammanhang
445 1335 50 21 med
506 1335 147 27 spishållning,
664 1334 36 21 vid
711 1335 85 20 hvilken
808 1340 67 19 varm,

117 1370 95 20 närande
228 1372 44 18 mat
287 1369 183 26 tillhandahålles;
488 1370 39 20 och
543 1370 57 26 gälla
615 1370 33 20 för
664 1369 63 27 öfrigt
743 1368 133 22 beträffande

118 1404 124 21 erhållande
265 1404 22 20 af
309 1404 58 26 dylik
390 1404 262 26 utskänkningsrättighet
672 1403 113 21 enahanda
799 1403 76 26 vilkor,

117 1445 46 14 som
179 1438 40 21 här
234 1438 62 22 ofvan
313 1438 33 21 för
362 1438 149 22 minuthandel
528 1438 46 20 med
590 1438 90 21 bränvin
691 1440 36 18 äro
738 1437 138 21 föreskrifna.
