1086 1700
330 108 83 22 Ständ.
430 107 38 23 Sv.
485 120 27 3 —
531 107 74 28 Prop.
621 106 45 22 N:o
682 106 34 22 11.
851 108 12 18 7

138 174 185 27 leveransvilkor,
340 174 56 21 eller
413 173 25 21 af
446 173 106 27 bolagens
564 172 161 27 funktionärer,
735 178 77 21 genom
822 170 73 23 öfver-

139 209 84 23 drifvet
246 210 58 26 höga
326 209 128 27 aflöningar,
471 209 57 21 eller
543 208 41 22 ock
600 214 79 21 genom
695 209 33 20 att
743 207 86 22 tilldela
845 213 49 21 pro-

138 246 72 22 vision
234 246 13 21 å
270 245 98 22 försålda
389 245 165 27 dryckesvaror
575 244 66 27 gifvit
655 244 107 26 bolagens
777 242 118 28 försäljare

139 282 74 21 direkt
236 282 96 21 intresse
355 280 25 22 af
402 282 33 20 att
459 280 54 22 söka
534 279 118 28 uppdrifva
673 279 112 27 åtgången
801 279 24 21 så
840 279 55 27 högt

139 323 46 15 som
201 317 93 27 möjligt.

210 353 51 21 Med
287 353 91 27 hänsigt
399 352 36 22 till
451 352 26 21 de
494 358 44 21 nya
553 351 151 27 stadgandena
720 350 114 28 angående
850 350 44 22 dis-

139 389 124 27 positionen
287 388 25 22 af
330 389 106 27 bolagens
456 388 134 22 vinstmedel
608 388 41 21 och
665 388 28 20 då
709 388 38 21 det
763 388 62 26 synts
841 386 52 22 nöd-

139 425 92 27 vändigt
255 426 33 20 att
303 424 34 22 för
353 424 120 22 framtiden
488 423 124 27 förebygga
627 423 120 27 anledning
761 423 36 21 till
813 422 82 22 sådana

139 460 175 27 anmärkningar
339 466 46 15 som
408 460 27 21 de
451 466 54 20 nyss
521 459 150 27 omförmälda,
688 458 67 23 hafva
771 458 124 22 Ständerna

139 496 85 22 biträdt
248 496 42 21 den
311 496 80 26 nådiga
411 495 177 27 propositionens
604 494 85 28 förslag
704 501 34 15 om
754 494 141 22 anordnande

139 531 26 22 af
182 538 28 15 en
231 531 100 28 offentlig
350 531 98 21 kontroll
464 531 63 22 öfver
543 531 65 21 dessa
623 531 71 27 bolag.
725 530 50 22 Den
791 530 103 27 kontroll,

140 574 46 15 som
208 568 9 21 i
232 568 82 27 nådiga
329 567 165 27 propositionen
509 566 102 28 föreslås,
628 566 112 27 nemligen
756 566 140 27 granskning

139 603 25 22 af
181 604 103 27 bolagets
306 603 153 27 räkenskaper
480 603 40 21 och
536 603 137 26 förvaltning
688 602 26 21 af
726 604 35 20 tre
776 602 118 27 revisorer,

140 639 25 21 af
182 639 78 23 hvilka
279 640 88 27 bolaget
382 641 63 20 utser
461 645 34 21 en,
513 638 202 27 stadsfullmäktige
731 639 56 21 eller
802 638 92 21 rädhus-

140 677 93 20 stämma
255 681 28 16 en
300 675 40 22 och
354 675 164 27 länestyrelsen
535 675 41 21 den
591 674 79 27 tredje,
688 680 67 21 synes
771 674 124 21 emellertid

139 711 50 22 icke
212 717 55 16 vara
287 711 204 27 tillfyllesgörande
512 711 68 21 redan
601 711 28 26 pä
650 710 44 21 den
714 709 78 28 grund,
809 711 33 20 att
857 709 38 22 det

140 747 74 21 kunde
237 753 55 15 vara
315 747 62 21 svärt
400 748 33 19 att
453 746 24 21 fä
499 747 70 21 under
585 747 49 20 äret
649 746 117 27 begängna
781 745 40 22 och
837 745 58 22 först

139 783 38 21 vid
192 782 128 22 revisionen
335 782 220 27 uppmärksammade
570 782 31 21 fel
617 782 94 21 rättade.
732 781 100 22 Nämnda
840 781 53 21 kon-

140 818 52 21 troll
216 824 53 15 anse
293 818 124 21 Ständerna
441 817 76 22 derför
540 818 54 21 böra
616 817 159 27 kompletteras
795 817 98 27 sålunda,

139 855 34 20 att
194 860 27 15 en
242 854 136 21 kontrollant
396 854 108 21 tillsättes
520 855 33 20 att
568 854 49 21 året
633 860 34 15 om
682 853 58 22 vaka
757 853 62 22 öfver
835 853 58 21 bola-

140 891 49 26 gets
213 890 143 21 verksamhet
379 891 62 26 samt,
465 890 8 21 i
494 889 42 22 fall
556 889 24 22 af
596 889 44 27 fog,
657 889 98 22 deremot
771 888 124 22 framställa

140 925 49 22 sina
204 925 179 28 anmärkningar.

211 960 144 22 Beträffande
377 961 181 26 utminuterings-
572 961 40 21 och
623 960 270 27 utskänkningsbolagens

140 997 133 22 vinstmedel
288 996 68 23 hafva
372 996 131 28 Ständerna,
521 999 53 19 enär
588 996 171 27 ifrågavarande
775 996 71 21 medel
858 996 36 21 till

141 1034 46 20 stor
208 1033 37 20 del
265 1033 64 21 torde
344 1039 54 15 vara
413 1034 34 19 att
462 1032 104 21 betrakta
581 1033 72 20 såsom
669 1038 27 15 en
712 1038 79 21 genom
806 1031 87 28 försälj-

140 1068 94 27 ningens
250 1068 186 27 monopolisering
451 1070 112 25 upptagen
578 1067 221 28 konsumtionsskatt,
811 1067 84 28 jemväl

140 1104 85 21 biträdt
246 1104 42 21 den
308 1104 8 21 i
332 1104 43 21 den
390 1104 81 27 nådiga
486 1103 165 28 propositionen
666 1103 98 22 uttalade
779 1103 66 28 åsigt,
861 1104 34 21 att

140 1140 112 22 desamma
274 1140 133 22 åtminstone
431 1140 71 22 delvis
523 1140 53 22 böra
598 1140 87 22 komma
703 1140 111 21 allmänna
829 1140 66 21 stats-

139 1176 104 21 ändamål
258 1176 36 21 till
310 1176 61 27 godo.

214 1212 40 21 Om
277 1212 51 21 hela
351 1212 89 22 vinsten
461 1211 25 22 af
504 1211 171 28 ifrågavarande
692 1211 106 27 monopol,
815 1210 80 22 liksom

141 1247 80 21 hittills
237 1248 60 21 varit
312 1247 69 28 fallet,
394 1248 142 21 uteslutande
546 1247 58 27 finge
615 1247 166 27 tillgodonjutas
793 1246 24 22 af
823 1246 70 21 stads-

140 1282 164 28 kommunerna,
321 1284 77 22 hvilka
413 1283 67 22 äfven
496 1284 7 20 i
519 1283 69 27 öfrigt
602 1282 67 23 hafva
684 1282 115 28 betydliga
814 1282 80 21 ekono-

141 1318 72 21 miska
238 1318 98 22 fördelar
360 1318 25 22 af
405 1319 275 27 bränvinshandteringen,
704 1318 107 22 innebure
834 1317 61 22 detta

140 1354 112 27 nemligen
276 1361 27 15 en
326 1355 116 27 obillighet
465 1356 112 26 gentemot
597 1354 160 27 landsbygden,
779 1360 47 15 som
845 1353 49 21 icke

140 1390 155 27 oväsentligen
317 1390 105 28 bidrager
442 1390 35 22 till
498 1390 105 27 bolagens
618 1390 128 22 inkomster.
777 1389 117 21 Dessutom
