1086 1700
435 121 46 23 N:o
504 122 38 22 12.
829 124 12 19 3

109 186 185 27 oreglementerad
310 188 83 26 näring,
410 189 53 19 utan
480 188 47 26 bör,
544 189 72 21 såsom
633 189 62 22 äfven
711 191 6 20 i
728 190 51 22 flere
790 191 81 26 länder,

109 221 37 21 der
169 221 71 26 dylika
263 222 147 27 inrättningar
433 223 92 20 kommit
548 223 32 21 till
603 224 72 26 stånd,
700 231 49 21 eger
769 232 54 20 rum,
840 227 31 19 ett

107 256 264 21 koncessionsförfarande
386 256 77 22 härvid
479 256 109 28 tillämpas
600 258 39 20 och
650 259 136 21 anstalterna
797 260 75 20 ställas

107 290 69 20 under
197 290 95 28 offentlig
311 291 101 21 kontroll.
444 290 111 28 Styrelsen
571 292 55 21 skall
642 292 65 22 likväl
727 294 46 20 icke
789 294 84 21 undan-

108 324 67 27 draga
198 325 32 27 sig
254 326 38 25 att,
317 326 37 20 der
369 326 24 20 så
409 326 76 26 nödigt
501 325 76 27 finnes,
595 326 33 21 till
644 328 193 21 åstadkommande
853 328 22 21 af

107 359 95 21 nämnda
217 360 146 26 inrättningar
373 360 72 20 lemna
456 360 81 21 sådant
548 361 110 21 verksamt
669 362 126 26 understöd,
807 362 62 21 hvar-

107 393 32 21 till
155 394 212 26 omständigheterna
384 394 75 21 kunna
475 394 58 27 gifva
549 395 123 27 anledning.

176 428 171 22 Vidkommande
369 429 152 27 inrättningen
542 429 22 21 af
578 430 109 22 allmänna
703 432 166 26 upplagsmaga-

107 463 39 26 sin,
163 463 191 21 bestämmelserna
369 470 34 14 om
419 464 122 21 desammas
562 464 128 28 befogenhet
707 466 38 20 och
762 466 109 27 ansvarig-

107 497 36 21 het
159 499 56 19 samt
231 498 147 27 anordningen
395 498 23 21 af
431 500 131 25 warranten,
580 500 81 20 dennes
681 500 134 26 gängbarhet
832 501 38 21 och

107 532 145 27 användning,
271 532 39 21 har
329 532 164 28 lagstiftningen
509 533 8 21 i
533 534 68 20 andra
616 534 76 21 länder
714 534 38 21 och
768 535 100 21 särskildt

107 566 39 22 den
164 567 65 27 ryska
244 567 159 27 warrantlagen
420 567 23 21 af
457 568 42 21 den
515 562 71 39 N
605 571 54 19 1888
680 569 69 21 blifvit
770 569 52 28 följd
838 570 34 21 vid

107 601 155 22 utarbetandet
278 601 23 22 af
314 601 102 28 förslaget
432 602 33 21 till
480 601 128 29 förordning
624 603 6 21 i
648 605 79 20 ämnet.

176 637 42 20 Det
232 637 93 20 intresse
340 637 139 21 innehafvare
496 637 23 21 af
533 639 95 20 warrant
644 639 71 20 säsom
726 639 101 20 säkerhet
837 639 33 20 för

107 669 160 28 försträckning
289 671 40 21 har
352 671 34 21 vid
411 673 38 24 att,
475 672 38 21 der
536 672 112 27 betalning
663 673 120 26 uteblifver,
800 673 21 21 fä
837 673 31 21 sin

106 704 89 22 fordran
219 707 53 19 utan
295 705 134 27 tidsutdrägt
445 706 117 27 godtgjord
578 713 27 14 ur
621 707 41 20 den
678 713 52 15 vara
745 709 121 19 warranten

106 741 163 25 representerar
288 740 40 20 har
346 739 69 21 blifvit
435 746 79 20 genom
531 741 106 20 särskilda
653 741 135 27 stadganden
804 741 7 21 i
826 741 43 21 för-

107 773 69 27 slaget
191 774 145 27 tillgodosedt.

179 809 71 21 Bland
265 808 68 27 öfriga
348 809 171 27 bestämningar,
537 815 45 15 som
594 811 84 20 ansetts
689 809 140 27 erforderliga
838 809 34 21 för

111 844 32 19 att
167 845 77 25 trygga
266 843 151 21 innehafvares
434 843 23 21 af
471 843 152 28 upplagsbevis
640 844 51 21 eller
706 845 105 20 warrants
827 845 45 20 rätt

111 877 38 22 och
164 877 101 22 befordra
281 878 63 21 dessa
358 878 58 21 bevis
433 878 141 27 användning
584 879 72 20 säsom
671 878 146 27 kreditmedel,
828 879 43 20 kan

110 912 124 21 framhällas
250 913 74 26 tillägg
339 913 32 20 till
386 912 156 27 förordningen
559 912 23 21 af
596 913 41 21 den
654 915 11 19 9
681 913 121 21 November
819 915 52 19 1868

111 953 34 14 om
160 947 142 26 borgenärers
323 949 44 18 rätt
383 947 39 20 och
437 946 113 22 företräde
565 947 33 21 för
617 947 122 22 hvarandra
755 947 32 21 till
802 947 67 21 betal-

110 981 52 27 ning
177 988 27 14 ur
220 982 109 26 egendom,
346 987 45 15 som
407 981 69 21 blifvit
492 981 34 21 till
541 982 97 21 konkurs
655 981 92 22 afträdd.

179 1016 43 21 För
244 1017 33 19 att
300 1016 26 21 de
345 1016 109 21 allmänna
475 1016 220 27 upplagsmagasinen
712 1016 38 21 och
766 1017 104 20 warrant-

109 1050 112 21 institutet
244 1051 34 20 mä
300 1049 96 22 medföra
419 1050 110 27 möjligast
552 1052 83 19 största
650 1057 57 20 gagn
722 1050 34 21 för
771 1050 99 26 handeln,

109 1084 66 21 blifva
194 1085 106 21 särskilda
320 1085 135 26 stadganden
471 1084 143 27 erforderliga
634 1085 93 20 rörande
743 1084 128 22 oförtullade

109 1119 132 28 tullpligtiga
263 1126 74 15 varors
360 1119 154 27 uppläggande
537 1119 7 21 i
567 1119 89 22 allmänt
674 1119 196 27 upplagsmagasin,

109 1154 119 27 hvarjemte
244 1154 183 26 ändamälsenliga
443 1154 149 26 anordningar
608 1154 33 21 för
657 1154 110 27 angifning
779 1154 38 21 och
827 1153 42 21 för-

109 1188 94 27 tullning
219 1188 23 21 af
255 1188 91 22 sålunda
361 1188 112 27 upplagda
491 1194 66 15 varor
576 1188 68 21 borde
658 1188 105 28 vidtagas.
794 1188 10 21 I
819 1188 52 21 hän-

109 1222 58 22 delse
189 1222 127 28 förordning
337 1223 33 21 uti
392 1229 30 15 nu
445 1222 167 27 ifrågavarande
636 1224 62 20 ämne
720 1224 96 20 kommer
838 1222 32 21 till

109 1258 71 26 stånd,
204 1258 62 20 skola
280 1258 7 20 i
303 1257 141 21 nästnämndt
469 1257 101 21 afseende
591 1257 82 21 sådana
688 1257 110 22 lättnader
813 1257 58 21 med-

109 1291 67 27 gifvas
192 1298 46 15 som
253 1292 48 20 med
317 1292 96 20 kronans
428 1290 114 22 fiskaliska
556 1292 94 20 intresse
666 1294 24 19 är
704 1291 108 27 förenligt.

178 1326 70 21 Jemte
272 1326 36 21 det
330 1326 60 20 Hans
413 1326 123 27 Kejserliga
558 1326 103 27 Majestät
682 1326 90 21 härmed
786 1326 37 21 vill
837 1325 33 21 till

109 1360 133 21 Ständernas
265 1360 161 27 handläggning
449 1360 133 21 öfverlemna
604 1360 162 27 nedanintagna
791 1360 80 26 förslag

108 1395 32 21 till
163 1394 127 28 förordning
313 1401 34 15 om
370 1394 110 22 allmänna
503 1395 192 27 upplagsmagasin
715 1395 49 21 med
779 1396 45 19 rätt
840 1395 33 20 att

108 1429 82 27 utgifva
213 1430 113 25 warrants,
351 1430 56 20 samt
429 1428 83 28 förslag
528 1429 33 21 till
581 1428 126 28 förordning
722 1428 149 22 innefattande
