1086 1700
445 138 44 23 N:o
511 139 38 22 11.
824 138 25 20 71

467 204 14 29 8
497 206 34 20 25.

194 253 16 19 1.
241 251 86 27 Uppstä
350 251 34 21 vid
408 251 123 27 besigtning
547 251 125 27 skiljaktiga
687 252 112 26 meningar
815 252 66 26 angä-

119 285 54 21 ende
198 285 157 27 lagenligheten
381 285 23 21 af
427 286 144 26 bränneriets,
595 286 218 26 nederlagesrummets
829 286 52 20 eller

120 320 132 26 redskapens
276 320 126 26 inrättning,
427 320 56 26 gälle
505 320 133 21 kontrollörs
657 320 134 21 bedömande
807 320 74 21 derom

120 354 32 20 till
176 354 152 26 efterrättelse;
353 354 53 21 dock
423 356 24 19 är
463 354 36 21 det
515 355 96 21 biträdet
628 355 38 21 och
682 353 199 23 bränneriinnehaf-

118 395 66 15 varen
200 388 114 27 medgifvet
337 390 33 19 att
385 388 21 21 fä
423 388 62 21 deras
502 389 124 27 skiljaktiga
640 390 113 26 meningar
768 391 113 25 upptagna

119 424 7 20 i
143 423 36 21 det
194 422 114 28 protokoll,
325 429 45 15 som
386 422 59 22 öfver
460 423 151 27 besigtningen
628 423 22 21 af
658 424 148 20 kontrollören
817 422 63 27 föres,

119 459 56 20 samt
191 457 55 21 skall
266 456 22 22 af
301 457 84 26 honom,
402 457 97 21 biträdet
515 458 38 20 och
569 458 256 21 bränneriinnehafvaren
841 464 40 14 un-

121 492 135 21 derskrifvas.

193 528 18 20 2.
242 527 85 26 Vägrar
343 526 40 21 den
402 526 135 22 sistnämnde
554 528 33 20 att
602 527 7 21 i
625 527 136 21 bränneriets
778 526 51 22 eller
844 532 37 16 ne-

121 561 189 28 derlagsrummets
325 561 114 26 inredning
455 561 52 22 eller
522 562 134 26 redskapens
671 562 154 21 konstruktion
835 561 46 21 vid-

120 598 52 25 taga
187 597 66 21 sädan
270 596 131 27 förändring,
419 602 46 15 som
481 597 121 21 kontrollör
618 596 137 27 föreskrifvit,
773 599 23 18 är
812 597 70 20 denne

120 631 122 27 berättigad
259 632 33 20 att
300 631 99 26 förbjuda
410 631 174 27 tillverkningen.
609 631 61 21 Dock
681 632 35 20 mä
726 631 155 26 kontrollören,

121 671 35 15 om
171 665 42 21 han
229 672 63 14 anser
307 665 179 27 bristfälligheten
504 672 51 15 vara
570 666 84 21 mindre
670 665 125 27 väsendtlig,
811 665 71 21 tillåta

120 700 114 26 bränning,
253 706 47 14 men
316 700 40 20 bör
371 700 5 20 i
393 700 80 21 sädant
488 699 37 22 fall
542 707 34 14 om
591 700 144 21 förhällandet
751 702 76 25 genast
842 699 39 22 hos

121 734 179 21 Ofverkontrollör
316 735 90 20 anmäla.

193 770 19 19 3.
243 769 48 20 Kan
315 769 97 27 ändring,
437 775 46 14 som
500 769 23 21 af
536 769 121 21 kontrollör
672 769 147 26 föreskrifvits,
836 769 46 20 icke

122 803 127 21 verkställas
273 803 45 21 före
333 803 193 26 bränningstidens
541 804 81 26 ingång
638 803 37 21 och
693 805 24 19 är
731 803 151 27 bristfällighe-

121 839 37 19 ten
182 837 22 21 af
225 837 40 21 den
286 839 40 24 art,
344 839 31 19 att
391 837 123 21 kontrollör
531 844 63 15 anser
610 838 32 26 sig
658 844 73 15 ensam
747 838 46 21 icke
808 838 75 20 kunna

121 871 122 21 handhafva
258 871 128 26 kontrollen,
403 872 35 20 mä
454 871 51 27 han,
522 879 34 14 om
572 871 256 22 bränneriinnehafvaren
844 873 38 20 ön-

121 907 53 20 skar
189 907 69 20 under
273 907 59 20 tiden
349 906 73 21 utöfva
438 906 145 27 tillverkning,
600 907 48 21 med
665 907 79 20 dennes
755 906 128 27 begifvande

121 941 39 21 och
182 941 28 26 pä
234 942 48 25 eget
306 947 77 15 ansvar
406 943 81 24 antaga
503 941 89 27 lämplig
607 948 80 20 person
703 941 32 27 sig
750 941 32 21 till
797 941 86 21 biträde

122 977 33 20 att
178 975 163 28 tillverkningen
364 975 122 22 öfvervaka.
518 976 61 21 Dock
593 977 36 20 mä
644 976 147 21 kontrollören
807 975 76 22 härom

122 1009 152 28 ofördröjligen
290 1011 129 20 underrätta
435 1010 60 21 säväl
511 1011 147 26 länestyrelse,
670 1017 46 15 som
727 1010 156 21 öfverkontrol-

120 1044 39 21 lör.
190 1044 82 21 Sådant
296 1045 84 20 biträde
405 1045 56 21 skall
485 1044 23 22 af
528 1045 257 21 bränneriinnehafvaren
801 1043 82 22 aflönas

121 1079 49 20 med
194 1079 44 21 lika
261 1079 194 27 dagtraktamente,
480 1086 48 14 som
542 1080 149 21 kontrollören
708 1079 101 27 ätnjuter,
826 1080 57 20 samt

121 1112 67 22 förses
204 1114 48 20 med
267 1113 89 22 husrum
372 1113 39 22 och
426 1114 57 21 kost.

193 1150 19 19 4.
242 1148 63 21 Hvad
328 1148 62 22 ofvan
407 1150 24 19 är
446 1148 138 22 föreskrifvet
600 1148 67 27 gäller
682 1149 7 20 i
704 1148 127 27 tillämpliga
847 1148 36 21 de-

120 1182 33 21 lar
177 1182 60 22 äfven
260 1183 67 21 sådan
351 1182 91 28 förnyad
459 1183 131 27 besigtning,
606 1190 46 14 som
668 1183 117 21 föranledts
802 1182 23 21 af
837 1182 45 21 vid-

121 1218 64 25 tagen
202 1217 92 27 ändring
309 1218 7 20 i
331 1218 136 20 bränneriets
484 1218 121 26 inredning.

469 1296 14 30 g
499 1298 34 20 26.

193 1342 69 22 Innan
288 1343 164 26 tillverkningen
478 1343 106 27 vidtager,
610 1344 40 20 bör
672 1343 147 21 kontrollören
838 1342 45 21 läta

121 1377 88 27 päsätta
233 1377 138 27 erforderliga
387 1377 89 27 kapslar
493 1378 41 20 och
548 1378 32 20 läs
596 1379 56 19 samt
669 1378 105 26 anbringa
789 1376 95 28 plombe-

122 1411 48 27 ring
186 1411 50 21 eller
251 1411 116 28 försegling
383 1411 106 27 öfverallt,
508 1412 38 21 der
562 1412 78 21 sådant
655 1412 40 21 bör
711 1412 43 26 ske,
772 1412 51 21 eller
837 1411 6 21 i
848 1410 36 22 öf-

121 1446 44 26 rigt
179 1445 87 27 pröfvas
282 1446 80 27 nödigt.
