1086 1700
312 124 82 22 Ständ.
410 124 39 22 Sv.
468 137 27 3 —
511 124 75 28 Prop.
603 123 45 23 N:o
664 124 35 21 11.
822 124 28 20 41

133 196 47 16 rum
196 190 56 22 eller
268 190 92 22 emellan
375 190 95 21 klockan
486 190 36 21 nio
538 196 34 15 om
583 190 90 21 aftonen
684 190 40 20 och
737 189 94 21 klockan
839 188 45 22 fem

134 232 33 15 om
182 232 125 21 morgonen,
323 232 49 15 men
388 226 67 21 sådan
471 225 135 27 förbrytelse
622 225 19 27 ej
658 225 125 27 upptäckts,
797 224 87 22 straffes

134 261 245 28 förrättningsmannen,
400 262 39 21 der
459 262 18 26 ej
495 262 65 26 giltig
576 261 121 27 anledning
712 261 35 21 till
763 260 120 22 undersök-

134 297 81 27 ningen
234 297 70 22 finnes
320 296 66 23 hafva
402 298 58 21 varit
475 296 36 22 för
526 298 92 25 handen,
635 297 49 21 med
700 298 63 20 böter
778 296 51 22 från
845 296 40 22 och

134 333 49 21 med
203 333 75 21 femtio
294 333 34 21 till
344 333 39 21 och
399 333 49 21 med
464 335 88 20 ettusen
568 333 63 21 mark
646 333 57 21 eller
718 332 101 27 fängelse
834 331 51 22 från

135 369 39 21 och
189 369 49 21 med
253 368 81 28 fjorton
349 369 67 27 dagar
432 369 34 21 till
483 369 39 21 och
539 369 49 21 med
604 370 33 20 ett
652 369 31 21 år.

476 436 27 20 59
521 434 18 28 8.

206 476 45 22 Gör
274 476 71 26 någon
368 476 34 27 sig
425 476 90 27 skyldig
536 476 35 21 till
592 475 54 22 flere
668 475 173 22 öfverträdelser
862 474 25 22 af

134 512 58 22 hvad
214 512 8 21 i
245 512 71 21 denna
339 511 128 27 förordning
490 512 113 27 påbjudes,
626 512 63 21 skola
708 511 91 22 straffen
815 511 70 27 enligt

135 548 109 21 allmänna
259 548 97 27 grunder
371 548 180 27 sammanläggas.
578 547 86 22 Varder
675 548 78 27 någon,
766 546 67 23 sedan
841 547 44 21 han

135 583 74 23 blifvit
228 583 36 22 för
284 584 133 27 förbrytelse
437 585 57 20 emot
511 584 71 21 denna
597 583 130 27 förordning
742 583 35 22 till
792 583 93 21 domstol

134 620 104 27 inkallad,
260 626 49 15 men
329 620 67 20 innan
417 619 87 28 slutligt
524 620 74 26 utslag
615 619 75 22 derom
705 618 58 22 fallit
779 619 55 21 eller
849 619 36 20 till

135 655 171 28 verkställighet
321 655 128 25 befordrats,
465 655 133 27 ytterligare
613 655 94 22 beträdd
723 655 48 21 med
787 655 60 20 brott
863 653 24 22 af

135 691 113 22 enahanda
266 690 157 28 beskaffenhet,
443 691 59 21 skall
518 691 86 21 straffet
620 690 75 22 derför
711 690 173 27 sammanläggas

135 727 49 21 med
202 726 86 22 straffet
308 726 34 21 för
358 727 42 21 den
416 726 57 21 först
488 727 91 27 angifna
594 726 157 27 förbrytelsen.
782 726 11 21 I
809 725 76 28 dylika

135 762 39 21 fall
197 763 35 20 må
255 762 19 27 ej
298 762 48 21 med
369 762 85 27 utslags
475 762 144 21 afkunnande
640 761 63 22 öfver
722 761 68 22 redan
805 761 80 22 utredd

135 797 133 28 förbrytelse
291 797 134 28 uppehållas,
446 800 53 19 utan
518 798 40 21 bör
574 798 79 21 dervid
669 797 117 27 iakttagas,
803 799 38 25 att,
857 797 28 21 då

135 833 91 22 böterna
242 833 20 28 ej
278 834 58 26 utgå,
352 833 140 27 förvandling
507 833 27 21 af
547 833 49 22 dem
607 833 35 22 till
653 833 154 22 motsvarande
818 834 67 19 annat

136 869 64 21 straff
214 868 34 22 för
264 869 44 21 alla
323 869 176 27 förbrytelserna
514 870 28 25 på
559 875 27 16 en
602 869 59 27 gång
677 871 100 19 utsättes.

477 931 28 18 60
523 929 18 28 8.

208 972 18 19 1.
256 970 55 27 Den,
335 977 46 15 som
403 970 66 22 fälles
492 970 36 21 till
548 971 64 20 böter
631 970 41 21 och
690 970 83 21 saknar
791 969 96 27 tillgång

136 1008 33 19 att
191 1006 48 22 dem
262 1005 52 23 fullt
334 1007 71 27 gälda,
427 1007 57 20 skall
505 1006 8 21 i
533 1007 75 20 stället
624 1006 72 21 hållas
711 1006 9 21 i
734 1005 101 27 fängelse
852 1004 35 22 för

135 1042 50 21 hela
207 1042 172 27 bötesbeloppet.
418 1042 43 21 Vid
482 1042 76 21 böters
577 1041 144 27 förvandling
735 1041 36 21 till
787 1040 100 27 fängelse

136 1083 77 16 svarar
233 1077 51 28 fyra
302 1078 79 27 dagars
397 1077 101 28 fängelse
515 1079 45 20 mot
575 1078 63 21 böter
654 1077 36 22 till
706 1077 39 21 och
761 1076 49 22 med
825 1076 63 27 tjugu

135 1113 68 23 mark.
234 1113 34 23 Gå
283 1114 92 22 böterna
391 1113 129 23 derutöfver
531 1114 35 21 till
578 1114 40 22 och
629 1113 50 22 med
690 1113 119 22 etthundra
817 1113 70 27 mark,

136 1150 53 21 ökes
212 1149 187 28 fängelsestraffet
421 1150 50 21 med
492 1156 28 15 en
540 1150 42 26 dag
598 1149 35 22 för
648 1150 78 26 hvarje
741 1149 52 21 fullt
808 1149 79 26 belopp

134 1184 25 22 af
179 1185 44 22 fem
241 1186 70 21 mark.
346 1186 61 26 Stiga
427 1186 93 21 böterna
537 1185 62 22 öfver
614 1185 119 22 etthundra
749 1184 69 27 mark,
835 1184 53 22 ökes

133 1220 188 28 fängelsestraffet
340 1222 49 21 med
411 1228 27 15 en
455 1222 42 26 dag
513 1221 35 22 för
564 1221 78 27 hvarje
658 1221 52 21 fullt
725 1221 79 26 belopp
820 1220 25 21 af
857 1220 31 21 tio

134 1257 69 27 mark,
220 1264 46 15 som
282 1257 149 28 öfverskjuter
441 1258 122 21 etthundra
573 1257 70 27 mark,
656 1257 55 21 dock
720 1258 32 20 att
760 1256 129 27 fängelseti-
905 1260 2 2 '

135 1293 42 21 den
200 1293 50 22 icke
272 1294 8 20 i
303 1294 65 26 nägot
391 1293 40 21 fall
452 1294 35 21 mä
509 1295 70 19 sättas
595 1293 79 27 längre
690 1295 28 19 än
734 1292 63 22 nittio
814 1292 73 26 dagar.

135 1328 166 22 Sammanträffa
316 1329 65 21 dessa
395 1329 64 21 böter
475 1329 51 21 med
542 1329 70 27 böter,
630 1334 46 16 som
687 1328 62 22 skola
760 1327 127 23 förvandlas

133 1364 37 21 till
192 1363 102 27 fängelse
314 1364 38 23 vid
366 1366 77 20 vatten
460 1364 41 22 och
517 1364 62 27 bröd,
596 1364 41 21 bör
652 1364 119 22 hvartdera
787 1363 100 21 bötesbe-

135 1398 75 28 loppet
225 1400 107 22 särskildt
348 1400 34 21 för
398 1400 34 27 sig
447 1400 138 22 förvandlas.
