1086 1700
473 126 44 22 N:o
539 127 37 21 11.
847 125 23 19 11

152 195 37 19 äro
212 193 7 21 i
242 193 100 21 afseende
361 193 12 21 å
389 193 245 27 bränvinstillverkning,
651 193 136 26 föreskrifna,
805 193 44 21 dels
865 192 40 21 ock

150 227 23 21 af
186 227 98 21 bemälde
300 227 153 27 Departement
469 227 85 27 pröfvas
570 228 125 26 ytterligare
712 228 85 26 nödiga.

218 263 19 19 3.
270 261 32 21 Då
326 261 217 27 pressjästberedning
566 262 50 20 sker
639 262 68 20 under
722 268 70 15 annan
807 262 32 20 tid
855 263 27 19 än
898 262 7 19 i

148 302 64 15 mom.
236 296 12 20 2
266 297 66 25 säges,
350 296 123 20 ankommer
489 296 36 21 det
539 296 79 25 jemväl
635 297 12 20 å
659 296 108 21 Senatens
778 295 126 21 Ekonomie-

148 330 152 27 Departement
316 333 32 18 att
363 330 133 21 beträffande
511 330 122 22 kontrollen
644 331 33 20 vid
689 330 66 22 sådan
766 330 139 26 tillverkning

146 364 109 22 förordna.

218 401 20 19 4.
270 399 40 21 Sur
334 399 152 27 tillmäskning,
503 400 78 20 beredd
598 400 49 20 med
663 400 54 20 malt
733 399 39 21 och
786 399 51 26 jäst,
853 398 52 21 eller

149 434 125 20 annorledes
297 434 137 26 tjenliggjord
456 434 33 20 för
505 434 138 26 tillverkning
659 434 23 20 af
696 434 95 26 bränvin,
808 433 35 21 må
858 432 47 21 icke

149 468 68 20 finnas
233 468 39 21 hos
291 468 45 27 den,
353 474 45 15 som
414 468 194 27 tillverkningsrätt
624 475 56 20 eger,
697 468 68 21 under
781 467 78 21 anna
866 467 38 25 tid,

150 504 27 19 än
194 502 26 21 dä
243 502 241 27 bränvinstillverkning
500 503 72 27 pägär,
589 503 38 21 och
644 503 34 21 fär
694 503 23 21 af
732 508 69 16 annan
817 502 88 20 alldeles

149 537 47 21 icke
211 536 133 22 innehafvas.

501 585 11 26 8
529 586 19 19 5.

218 625 42 20 För
284 625 137 26 tillverkning
445 624 22 21 af
489 625 88 20 bränvin
598 624 32 21 fär
650 624 109 27 begagnas
776 623 92 26 redskap
885 622 21 21 af

150 658 85 21 hvilken
252 659 145 20 beskaffenhet
413 665 45 15 som
474 659 62 25 helst,
552 659 49 20 med
618 659 25 20 de
660 658 178 26 inskränkningar
854 657 51 21 alle-

150 696 54 22 nast,
222 699 43 15 som
282 693 33 21 för
331 693 130 21 kontrollens
476 693 164 21 handhafvande
656 695 37 19 äro
710 693 52 21 eller
774 692 65 21 varda
850 692 55 21 före-

148 727 87 21 skrifna.

501 775 11 26 $
529 776 19 19 6.

165 841 2 2 N
223 816 17 19 1.
272 814 76 21 Senast
363 814 79 27 fjorton
459 814 68 27 dagar
542 815 46 20 före
604 815 47 24 den,
668 814 26 21 dä
706 813 198 22 bränvinstillverk-

149 849 50 26 ning
222 850 24 19 är
269 849 72 20 afsedd
365 851 31 18 att
420 849 104 26 begynna,
548 849 55 20 skall
620 849 73 21 derom
710 849 37 20 hos
765 847 139 27 länestyrelse

149 882 121 27 skriftligen
286 883 97 21 anmälas
400 884 47 20 med
465 883 83 27 uppgift
564 883 12 21 &
592 883 73 21 stället
681 883 33 20 för
729 883 176 25 tillverkningens

148 917 144 26 bedrifvande,
317 918 68 26 dagen
409 918 27 21 dä
459 918 125 21 densamma
606 918 55 20 skall
681 918 94 25 vidtaga,
792 919 56 18 samt
865 915 39 22 den

150 952 126 26 myckenhet
292 952 95 25 bränvin,
404 953 167 26 tillverkningen
586 953 98 20 kommer
700 954 31 19 att
743 951 97 26 omfatta,
851 951 53 20 hvil-

151 986 41 21 ken
208 987 133 20 sistnämnda
357 987 52 21 dock
425 988 18 24 ej
461 989 34 18 mä
512 987 68 21 öfver-
596 987 52 20 eller
665 986 124 27 understiga
804 985 56 21 hvad
876 985 28 26 i$

149 1021 12 20 8
177 1023 97 18 närmare
290 1021 135 21 bestämmes.
456 1021 132 21 Tillverkare
607 1021 71 27 bifoge
697 1021 32 20 sin
746 1020 100 21 anmälan
862 1019 43 21 till-

150 1054 133 22 ständsbevis
308 1056 38 20 och
369 1056 62 20 ställe
455 1056 38 20 full
517 1056 101 21 säkerhet
633 1056 33 20 för
681 1055 146 27 fullgörandet
843 1053 22 22 af
880 1051 40 23 de

150 1089 47 21 utaf
211 1089 164 27 tillverkningen
390 1090 132 27 härtlytände
539 1090 151 27 förpligtelser.
721 1089 28 22 Af
767 1089 63 26 bolag
846 1088 60 27 gjord

149 1124 99 21 anmälan
273 1130 33 15 om
327 1125 138 26 tillverkning
484 1125 54 21 skall
554 1125 86 27 ätföljas
656 1125 23 21 af
694 1123 89 28 uppgift,
800 1123 71 27 styrkt
887 1122 21 22 af

151 1158 90 27 behörig
264 1159 213 27 embetsmyndighet,
497 1160 27 26 pä
541 1160 125 26 delegarene
682 1160 7 20 i
705 1160 91 26 bolaget.
827 1158 80 21 Finner

149 1193 139 26 länestyrelse
312 1194 74 20 hinder
409 1194 32 20 för
464 1194 167 26 handteringens
647 1193 116 22 utöfvande
780 1193 47 21 icke
843 1194 63 23 möta,

151 1234 51 14 vare
217 1228 103 21 kontrakt
336 1229 72 21 derom
424 1228 49 22 med
489 1229 123 21 tillverkare
628 1228 110 22 afslutadt.

222 1264 19 19 2.
272 1258 84 26 Önskar
378 1263 124 21 tillverkare
522 1263 80 21 afsluta
622 1265 48 25 nytt
685 1263 104 21 kontrakt
805 1268 33 15 om
855 1262 53 20 fort-

152 1298 99 20 sättande
275 1297 23 21 af
312 1298 239 26 bränvinstillverkning
567 1298 67 21 under
650 1304 81 14 samma
747 1297 160 25 bränningster-

153 1332 42 20 min
212 1332 66 20 sedan
294 1332 58 21 förut
366 1332 157 21 kontraheradt
539 1332 77 27 belopp
632 1332 70 22 blifvit
713 1331 132 25 tillverkadt,
857 1332 51 25 göre

151 1366 72 21 derom
240 1367 99 21 anmälan
355 1366 38 21 hos
409 1367 153 27 länestyrelsen
578 1369 72 19 senast
666 1366 79 27 fjorton
760 1366 66 26 dagar
837 1365 72 21 förrän

150 1406 28 20 ny
194 1400 137 28 tillverkning
347 1403 24 19 är
386 1401 74 21 afsedd
472 1404 31 18 att
515 1402 98 26 begynna
632 1403 56 19 samt
700 1400 98 27 uppgifve
813 1399 95 21 tillverk-

152 1434 164 28 ningsbeloppet
333 1436 37 20 och
387 1436 62 21 ställe
466 1436 99 21 säkerhet
582 1437 72 20 säsom
671 1436 61 20 ofvan
749 1434 62 28 sagdt
826 1436 31 20 är.
