1086 1700
348 124 29 22 U.
394 124 27 22 B.
439 137 27 2 —
482 124 76 28 Prop.
575 124 45 22 N:o
636 124 36 22 13.
849 125 12 20 9

200 187 30 21 Pä
252 187 69 27 grund
343 187 25 20 af
384 187 57 21 hvad
462 186 116 22 Utskottet
600 187 47 21 haft
662 188 52 20 äran
729 187 65 21 ofvan
809 187 81 26 anföra,

133 221 30 21 får
179 221 115 21 Utskottet
309 221 62 21 alltså
386 221 110 21 vördsamt
512 221 88 21 föreslå:

409 326 32 18 att
457 323 125 21 Ständerna
597 324 51 20 ville
660 324 123 26 godkänna,
805 327 32 17 att
857 325 37 20 till

340 358 133 26 uppförande
494 359 30 25 af
540 358 204 27 kasernbyggnader
759 359 43 26 för
815 359 76 27 finska

340 392 217 26 dragonregementet,
588 393 88 26 utöfver
704 392 35 20 det
767 393 80 26 anslag
866 393 30 26 af

340 432 114 18 1,000,000
468 426 69 25 mark,
545 434 45 12 som
598 426 40 20 vid
650 430 82 17 senaste
742 427 108 27 landtdag
850 428 45 25 för

340 460 58 20 detta
413 460 108 21 ändamål
543 461 105 27 beviljats,
675 464 119 23 yttermera
824 462 70 20 under

340 494 146 20 innevaranae
508 490 10 37 =
527 495 154 27 budgetperiod
708 498 29 18 ett
765 496 71 27 belopp
867 496 30 26 af

340 534 95 21 430,000
451 528 63 21 mark
530 529 107 27 utgifves;
652 530 111 26 äfvensom

409 566 33 17 att
458 562 125 22 Ständerna
598 564 51 20 med
658 564 99 26 gillande
772 564 29 27 af
809 564 82 20 Utskot-

341 600 39 17 tets
395 598 66 26 ofvan
477 598 123 27 uppgjorda
609 598 93 27 förslag
715 598 49 20 ville
774 598 118 27 godkänna

341 638 24 13 en
381 631 66 27 utgift
456 633 44 25 för
513 632 96 20 militära
629 632 107 21 ändamä!
753 632 68 20 under
840 632 53 20 ären

341 665 145 28 1892—1894
516 667 30 26 af
570 666 164 27 sammanlagdt
765 665 128 28 19,291,816

341 700 68 20 mark.

203 802 168 21 Militiefondens
379 801 139 23 inkomster
526 802 67 21 under
608 802 179 21 nästkommande
802 802 91 27 budget-

137 836 77 27 period
230 836 106 21 beräknas
352 837 6 19 i
373 836 42 20 den
437 836 80 27 nädiga
539 837 166 26 propositionen
727 836 30 21 till
782 836 112 26 5,416,000

135 869 61 21 mark
218 873 60 18 emot
299 869 114 26 6,162,000
435 870 66 25 mark,
525 870 85 21 hvartill
630 870 111 21 desamma
755 870 37 21 vid
808 873 86 18 senaste

136 904 148 21 ständermöte
307 904 158 27 uppskattades
489 904 32 20 för
544 904 144 21 innevarande
704 905 83 26 period.
817 904 77 20 Denna

136 937 126 28 betydande
277 937 120 27 minskning
412 937 64 21 beror
491 938 180 27 hufvudsakligen
687 938 46 20 dels
748 939 29 26 pä
793 938 37 20 det
857 945 37 20 ge-

136 979 51 13 nom
202 972 123 27 Kejserliga
340 972 152 27 förordningen
507 972 42 21 den
567 972 25 20 16
612 972 37 26 juli
674 972 53 21 1886
747 972 90 25 införda,
858 972 37 21 vid

137 1006 42 20 den
194 1007 23 20 är
236 1007 54 25 1890
304 1006 130 21 verkställda
450 1006 130 27 uppbörden
595 1006 68 21 första
673 1007 85 26 gången
769 1006 126 27 tillämpade

137 1040 130 20 förändrade
282 1040 67 21 sättet
364 1040 32 20 för
411 1040 158 21 rubelskattens
584 1040 125 27 beräkning,
725 1041 52 24 dels,
801 1041 72 20 säsom
888 1042 7 19 i

138 1075 167 26 propositionen
330 1073 127 26 framhälles,
484 1074 68 27 därpä
577 1077 32 18 att
635 1074 204 27 vakansafgifterna,
867 1075 29 26 pä

137 1108 71 27 grund
230 1108 24 21 af
273 1108 79 27 nädiga
372 1108 177 27 förordningarna
572 1108 42 21 den
638 1113 10 21 5
672 1110 84 26 augusti
774 1108 59 25 1886,
851 1109 44 20 frän

138 1142 42 20 och
202 1142 51 21 med
278 1143 54 25 1890
354 1142 47 20 icke
422 1142 75 20 vidare
513 1143 118 27 uppbäras.
661 1142 73 22 Sedan
749 1142 108 28 sistsagda
873 1144 22 19 är

137 1176 76 26 inflyta
228 1176 36 21 väl
278 1178 7 19 i
300 1176 71 21 stället
386 1176 31 21 till
432 1176 157 21 militiefonden
611 1177 28 20 de
661 1177 103 27 indragna
788 1176 107 21 rusthälls-

138 1210 42 20 och
203 1210 220 27 angmentsräntorna,
443 1210 92 20 likasom
554 1210 70 21 denna
647 1210 52 21 fond
716 1210 45 21 frän
784 1210 42 20 och
846 1211 50 20 med

140 1244 54 26 1889
209 1244 79 26 jämväl
303 1244 84 27 uppbär
402 1244 51 20 flere
468 1244 74 21 räntor
557 1244 42 21 och
614 1244 93 27 afgifter,
722 1251 49 14 som
786 1244 55 20 förut
849 1245 48 27 gått

138 1278 33 21 till
185 1278 244 21 militieboställskassan
445 1278 42 20 och
502 1278 249 27 krigsmanshusfonden,
768 1285 49 13 men
833 1278 64 21 dessa

138 1318 44 20 nya
197 1312 170 27 inkomstposter
382 1312 103 26 uppväga
501 1312 29 27 på
545 1312 59 26 långt
619 1312 38 20 när
672 1312 47 20 icke
737 1312 160 20 ofvannämnda

138 1345 122 27 minskning
275 1347 6 19 i
296 1346 91 20 fondens
402 1345 125 21 inkomster.

208 1379 44 21 Vid
267 1380 158 26 granskningen
440 1380 25 20 af
477 1380 28 20 de
520 1380 105 20 särskilda
640 1379 198 27 inkomstposterna
860 1380 38 20 har

139 1413 116 22 Utskottet
270 1413 48 21 icke
332 1413 80 21 kunnat
427 1414 72 26 undgå
515 1417 32 17 att
562 1414 56 20 fästa
634 1415 34 25 sig
689 1414 37 20 vid
749 1414 28 20 de
797 1413 102 27 synnerli-

210 1452 139 18 Statsutskottets
361 1452 110 18 betänkande
483 1453 36 16 N:o
534 1452 16 17 6.
