1086 1700
353 128 30 23 U.
398 128 28 22 B.
441 140 30 4 —
485 128 74 27 Prop.
575 128 42 22 N:o
634 127 34 23 11.
835 129 26 20 29

378 194 25 27 88
419 196 34 24 49,
470 196 34 23 50,
521 195 33 25 61,
572 196 32 23 62,
622 196 25 20 63

135 237 36 19 äro
195 234 179 22 omformulerade
394 234 23 21 af
438 240 83 16 samma
542 234 48 21 skäl
613 240 46 16 som
676 233 25 28 $$
717 236 34 25 60,
767 235 33 25 61,
817 234 32 23 72,
866 234 25 21 73

137 269 38 21 och
192 270 27 20 74
235 269 7 21 i
258 268 219 28 tillverkningslagen.

203 366 171 21 Vidkommande
393 365 104 27 förslaget
517 366 32 21 till
565 366 131 26 förordning,
712 366 110 27 angäende
837 366 56 21 tillä-

135 401 55 21 telse
212 400 7 22 i
239 400 58 22 vissa
316 400 160 27 undantagsfall
492 400 34 22 för
541 400 78 22 handel
635 400 29 27 pä
678 400 75 22 landet
768 400 48 22 med
831 400 63 27 sprit-

135 441 62 16 varor
220 435 41 21 och
284 434 149 27 maltdrycker,
450 434 42 22 kan
514 435 110 21 utskottet
641 434 56 22 fatta
712 435 33 27 sig
761 435 54 21 kort.
846 435 46 21 Den

135 469 33 22 för
182 470 94 21 revision
295 469 22 22 af
330 468 283 27 bränvinsförfattningarna
629 469 92 21 tillsatta
735 469 97 22 komiten
848 469 45 25 har,

135 504 48 22 med
198 504 82 21 fästadt
295 503 102 22 afseende
413 504 12 21 ä
441 504 26 21 de
483 503 114 27 klagomål,
613 510 46 15 som
675 503 105 27 försporls
796 503 98 22 deröfver

136 540 33 20 att
178 538 7 22 i
195 538 94 28 Terijoki
300 538 27 28 by
338 538 22 21 af
373 538 106 22 Kivinebb
488 538 86 25 socken,
583 538 88 22 hvarest
679 538 125 22 sommartid
813 545 25 15 en
848 541 46 19 stor

135 573 78 27 mängd
231 579 105 21 personer
350 572 47 22 frän
413 573 31 21 St.
460 573 133 26 Petersburg
609 575 37 19 äro
662 573 95 26 bosatta,
772 573 28 21 all
816 573 78 21 minut-

135 607 79 22 handel
232 607 49 22 med
298 607 34 21 vin
348 607 40 21 och
403 607 89 22 bränvin
510 609 24 19 är
548 607 120 27 förbjuden,
685 607 81 22 hvilket
780 602 76 27 förbud
874 607 22 22 af

136 641 162 22 vederbörande
318 641 101 22 kommun
437 641 80 27 jemväl
533 641 41 22 kan
591 641 125 22 utsträckas
733 641 32 22 till
780 642 113 27 maltdryc-

137 677 44 26 ker,
204 675 118 28 föreslagit,
346 678 33 19 att
400 676 155 27 undantagsvis
576 677 45 20 rätt
635 676 32 21 till
682 676 148 22 minuthandel
846 676 49 22 med

138 710 71 27 dylika
225 711 91 26 drycker
330 711 14 20 &
357 713 40 22 ort,
413 711 38 21 der
467 714 60 17 utom
543 710 41 22 den
601 711 107 26 egentliga
719 710 85 22 bofasta
811 710 83 22 befolk-

137 745 77 26 ningen
225 751 104 20 personer
340 745 31 20 till
382 746 69 20 större
463 745 59 21 antal
533 745 69 21 under
612 745 71 26 någon
694 745 31 21 tid
733 745 23 21 af
765 745 47 21 året
819 745 75 26 vistas,

137 778 55 27 finge
208 779 23 21 af
245 779 105 22 Senatens
367 779 284 27 Ekonomie-Departement
660 779 127 27 medgifvas.
812 779 37 22 Ett
858 780 36 27 dy-

137 813 40 22 likt
199 813 80 28 förslag
301 814 39 21 har
360 814 5 21 i
384 813 148 28 föreliggande
547 814 133 27 proposition
697 813 70 22 blifvit
781 813 114 28 framlagdt

137 847 33 22 för
185 847 128 22 Ständerna.

206 882 74 21 Under
296 881 153 28 förutsättning
465 884 33 19 att
508 882 92 21 berörda
611 882 284 27 undantagsrättighet
849 877 50 37 icke

139 916 95 21 kommer
250 918 32 19 att
297 917 124 20 utsträckas
437 916 83 27 längre,
531 918 26 19 än
573 916 214 27 omständigheterna
802 916 93 21 oafvisli-

139 957 40 20 gen
200 951 93 26 päkalla,
314 952 55 20 samt
392 951 6 20 i
418 951 145 20 betraktande
579 949 23 22 af
616 951 26 21 de
658 951 71 24 motiv,
745 957 47 15 som
807 950 89 22 förmätt

139 984 108 28 Styrelsen
263 985 32 20 till
312 984 119 27 afgifvande
446 984 23 21 af
483 984 162 27 ifrägavarande
661 984 86 27 förslag,
764 991 35 15 ser
810 985 85 21 utskot-

138 1021 33 19 tet
185 1019 33 27 sig
232 1019 117 22 föranlätet
363 1019 114 27 tillstyrka,
494 1019 37 21 det
541 1019 103 27 förslaget
656 1019 31 21 till
696 1019 124 27 förordning
828 1019 67 22 mätte

139 1053 138 22 oförändradt
292 1053 23 22 af
329 1053 121 22 Ständerna
465 1055 98 24 antagas.

206 1139 268 27 Författningsförslagens
494 1139 71 22 finska
585 1141 45 20 text
646 1140 38 21 har
700 1140 6 21 i
722 1140 106 27 språkligt
843 1140 53 21 hän-

139 1174 78 22 seende
233 1174 23 22 af
269 1174 108 22 utskottet
393 1175 139 21 omarbetats.

206 1276 50 22 Med
264 1272 10 37 :
281 1276 102 22 afseende
407 1278 12 20 &
439 1278 56 20 hvad
514 1278 109 21 utskottet
638 1276 46 22 haft
700 1279 51 19 äran
768 1276 80 28 anföra,
864 1277 32 21 får

139 1310 106 22 utskottet
260 1312 109 21 vördsamt
383 1312 88 26 föreslå,

346 1370 33 20 att
393 1368 84 22 landets
493 1368 114 28 höglofliga
624 1367 96 23 Ständer
734 1368 49 21 ville
799 1368 8 21 i
816 1368 80 22 under-

277 1402 103 28 dånighet
397 1402 104 28 förklara,
519 1404 32 20 att
566 1402 26 22 de
606 1404 34 20 uti
654 1402 145 28 förevarande
813 1402 84 28 nådiga

206 1441 194 19 Ekonomiutskottets
413 1442 117 18 betänkande
543 1443 38 17 N:o
594 1443 16 17 3.
