1086 1700
454 140 47 23 N:o
522 140 38 23 11.
827 137 25 21 41

126 208 103 28 föryttras
252 208 38 22 och
312 208 83 22 hvilket
417 208 87 27 belopp,
528 208 46 21 ifall
594 208 96 26 köparen
705 206 124 23 tillhandlar
853 206 33 27 sig

127 243 57 21 olika
200 243 56 27 slags
272 243 95 26 bränvin,
384 243 57 21 skall
457 242 111 27 iakttagas
584 242 34 21 för
634 242 72 27 hvarje
718 242 103 21 särskildt
833 241 52 26 slag.

126 278 25 27 Ej
168 278 67 20 heller
250 277 34 21 må
300 277 36 21 det
352 277 95 21 försålda
464 278 79 20 mellan
559 277 52 21 flere
621 277 81 27 köpare
713 276 101 26 fördelas,
827 276 58 26 eller,

127 312 38 21 der
180 312 118 21 detsamma
313 312 48 21 icke
376 312 119 21 utlemnats
506 312 36 21 vid
552 312 152 27 utskänkning,
716 312 13 21 å
739 311 147 27 försäljnings-

129 347 62 21 ställe
206 346 100 22 förtäras.

199 382 19 20 2.
249 381 142 21 Innehafvare
407 381 24 21 af
444 382 100 20 bränneri
561 382 52 20 eller
629 381 192 27 distilleringsverk
837 387 49 15 vare

128 416 54 21 dock
197 415 79 22 tillåtet
291 418 38 21 att,
346 416 67 21 under
429 416 142 27 iakttagande
586 415 34 21 för
636 416 64 26 öfrigt
711 416 23 20 af
747 415 140 21 förenämnde

128 451 168 26 bestämningar,
320 450 33 21 till
376 450 120 27 behörigen
517 453 92 25 antagen
626 450 181 26 minutförsäljare
823 449 64 22 aflåta

128 485 89 21 bränvin
241 486 6 20 i
270 485 47 21 kärl
340 485 23 21 af
384 486 67 20 minst
473 485 38 21 två
533 486 61 20 liters
617 485 67 27 rymd,
707 485 49 21 med
771 485 70 21 vilkor
856 486 32 20 att

128 520 82 26 kärlen,
233 520 60 21 hvari
312 526 67 15 varan
394 520 117 27 utlemnas,
527 522 38 20 äro
581 520 121 27 förseglade
718 523 55 18 samt
788 519 100 21 försedde

127 555 48 21 med
192 554 90 28 påskrift
298 561 34 15 om
349 555 47 22 dess
412 555 151 24 beskaffenhet
578 555 41 24 och
634 554 149 24 fabrikantens
795 554 52 24 eller
858 554 31 23 fa-

129 590 86 21 brikens
231 596 69 16 namn.

478 621 11 28 $
509 623 32 20 15.

197 661 26 26 Ej
246 661 36 21 må
301 661 36 21 två
360 662 52 21 eller
427 657 62 37 flere”
501 662 96 27 personer
614 662 75 21 förena
704 662 32 27 sig
752 669 34 14 om
802 661 86 28 uppköp

129 695 22 20 af
165 695 89 21 bränvin
269 695 33 22 för
317 698 33 19 att
366 697 123 21 detsamma
505 697 31 27 sig
552 697 90 22 emellan
657 697 82 21 fördela
756 697 38 21 och
810 697 18 26 ej
845 696 44 21 hel-

129 729 30 21 ler
167 729 76 27 någon,
255 736 46 15 som
312 731 47 21 icke
368 731 91 22 innehar
467 733 45 20 rätt
523 734 32 19 att
566 732 88 26 försälja
665 732 69 21 denna
746 738 57 19 vara,
814 731 75 27 yrkes-

128 764 88 26 mässigt
240 765 50 20 eller
314 768 44 19 mot
381 766 130 27 ersättning,
531 766 134 27 tillhandagå
680 766 145 22 allmänheten
841 765 48 22 med

128 798 140 22 anskaffande
292 799 68 22 deraf.
390 801 54 26 Den,
469 807 47 15 som
540 803 24 19 är
580 801 121 27 berättigad
716 801 34 21 till
765 801 67 21 sådan
847 800 42 21 för-

129 833 97 27 säljning,
250 833 34 22 må
308 834 18 27 ej
350 841 76 20 genom
451 835 81 22 ombud
555 835 13 22 å
590 838 65 19 annat
671 836 63 21 ställe
749 837 27 20 än
793 835 42 27 det,
852 835 38 21 der

128 867 43 21 han
195 868 32 21 sin
250 868 181 28 försäljningsrätt
452 870 93 27 utöfvar,
566 871 33 20 till
619 871 81 26 köpare
715 871 96 21 utlemna
827 870 63 29 sprit-

129 908 63 15 varor
208 903 32 20 till
255 903 82 22 mindre
353 904 78 27 belopp
447 907 28 19 än
493 905 132 27 fyrabundra
641 905 55 23 liter,

480 969 12 27 8
512 970 30 20 16.

198 1006 100 28 Bränvin,
321 1014 44 15 som
389 1009 37 20 vid
441 1009 150 22 minuthandel
607 1011 53 21 eller
674 1011 146 28 utskänkning
835 1013 56 20 samt

132 1040 35 21 vid
191 1040 124 29 försäljning
338 1042 23 21 af
382 1044 85 21 mindre
492 1045 77 26 belopp
590 1047 26 19 än
632 1046 131 27 fyrahundra
779 1047 49 20 liter
843 1047 48 21 från

129 1074 99 22 bränneri
244 1076 52 21 eller
312 1077 199 28 distilleringsverk
526 1079 34 21 till
575 1080 47 21 salu
638 1080 74 27 hälles,
727 1081 56 21 skall
798 1081 7 21 i
818 1081 73 28 styrka

128 1109 72 27 uppgå
215 1109 34 22 till
267 1105 62 43 minst
341 1111 125 22 trettiofem
484 1113 48 27 (35)
548 1116 100 25 procents
664 1115 133 22 alkoholhalt
812 1115 35 22 vid
862 1115 29 29 +

130 1144 25 20 15
171 1145 79 25 grader
265 1146 12 20 å
293 1145 65 22 Celsii
375 1149 143 20 termometer
533 1152 57 18 samt
605 1156 52 15 vara
672 1150 47 22 fritt
734 1151 47 21 från
792 1151 99 27 skadliga

129 1180 77 20 ämnen
222 1180 39 20 och
277 1180 24 21 så
317 1182 75 20 renadt
408 1182 49 21 från
473 1182 117 28 finkelolja,
608 1186 32 19 att
656 1185 35 21 det
706 1185 69 21 håller
785 1186 37 21 det
835 1186 55 27 prof,

129 1212 104 22 Senatens
249 1214 289 28 Ekonomie-Departement
553 1224 51 20 eger
619 1219 6 21 i
638 1218 78 23 sådant
726 1220 99 22 afseende
837 1220 52 22 fast-

128 1247 71 21 ställa.
236 1248 50 21 Med
309 1250 54 26 sprit
386 1245 107 33 tillagade
518 1252 88 27 drycker
628 1253 54 21 böra
704 1254 105 22 likaledes
838 1262 53 14 vara

128 1281 116 28 behörigen
259 1282 97 23 befriade
372 1284 48 22 från
436 1285 152 29 föroreningar
603 1288 39 21 och
653 1288 98 28 skadliga
762 1291 84 25 ämnen,
857 1290 32 21 äf-

127 1322 40 15 ven
184 1322 34 16 om
234 1317 62 21 deras
306 1318 135 23 alkoholhalt
452 1320 50 22 icke
513 1321 83 28 uppgår
607 1322 33 21 till
651 1323 37 21 det
697 1323 8 21 i
715 1323 11 27 $
737 1324 26 21 51
776 1324 114 22 bestämda

127 1352 128 25 procenttal.

477 1384 12 27 8
509 1386 31 19 17.

200 1421 18 20 1.
248 1421 149 23 Minuthandel
422 1424 49 21 med
496 1425 89 21 bränvin
601 1426 52 21 eller
668 1427 223 29 utskänkningjderaf

126 1454 36 21 må
177 1455 19 26 ej
213 1455 62 21 idkas
291 1456 13 21 å
319 1459 65 19 annat
400 1459 28 19 än
445 1458 76 22 derför
532 1459 108 22 bestämdt
650 1460 68 27 ställe,
730 1468 48 18 som
787 1462 39 21 bör
837 1469 52 15 vara
