1086 1700
336 105 29 22 U.
380 106 27 21 B.
425 118 25 2 —
467 105 73 27 Prop.
556 105 40 23 N:o
613 106 34 22 16.
817 106 25 21 17

115 171 13 21 å
144 171 60 21 dessa
220 171 63 21 verks
297 170 39 22 och
348 171 150 27 inrättningars
511 172 79 26 vägnar
598 172 105 21 inlemnas
714 172 53 21 eller
777 172 33 21 till
823 172 48 21 dem

115 205 102 21 utfärdas.
233 204 61 21 Dock
301 205 66 26 gäller
376 206 69 20 denna
459 200 100 27 befrielse
574 206 46 21 icke
633 206 33 21 för
678 206 65 27 köpe-
753 206 52 21 eller
816 206 56 21 salu-

116 240 55 20 samt
186 239 70 27 bytes-
272 239 38 21 och
326 239 111 27 gåfvobref
451 240 13 20 å
478 240 43 21 fast
536 240 114 27 egendom
638 235 17 36 ;

186 273 125 21 19:0—37:0
327 273 147 22 oförändrade.

185 308 53 21 38:0.
270 308 147 26 Embetsintyg
438 307 59 22 öfver
516 308 115 22 befordran
646 308 33 22 till
695 308 177 22 underofficerare

116 342 51 22 eller
183 342 86 22 dermed
284 342 85 22 likstäld
384 342 119 27 befattning
518 342 77 28 (utesl.)
610 343 109 21 äfvensom
735 343 94 22 afskeds-
843 344 28 20 el-

116 377 32 21 ler
163 376 137 28 afgängsbref
313 377 33 21 för
361 377 53 24 dem,
431 383 45 15 som
491 376 47 22 från
553 376 80 22 sådana
648 377 90 27 tjänster
753 377 60 28 afgä;

185 412 49 20 39:0
258 411 142 21 oförändradt.

185 446 55 21 40:0.
273 446 49 21 Alla
344 446 90 26 skrifter,
457 446 49 21 med
521 446 108 27 undantag
644 446 24 22 af
683 446 190 27 tjensteansöknin-

116 487 39 21 gar
177 480 39 22 och
238 480 32 21 till
293 480 47 22 dem
359 480 94 22 hörande
475 480 90 27 bilagor,
588 487 46 15 som
653 480 33 22 till
701 481 170 27 kronolänsman,

117 517 93 24 pastors-
222 514 40 22 och
272 514 257 28 kontraktprosteembete
545 517 55 19 samt
615 514 150 28 föreständare
778 515 36 27 för
829 516 42 20 dis-

116 548 200 29 senterförsamling
338 550 95 27 ingitvas,
455 549 109 22 äfvensom
586 550 65 27 bevis,
675 550 72 22 hvilka
769 550 23 22 af
811 550 62 23 dessa

117 584 146 27 myndigheter
279 584 104 27 utfärdas;

186 619 48 21 41:0
251 618 142 22 oförändradt.

186 653 56 21 42:0.
273 653 41 20 För
336 653 177 26 löneförbättring
537 652 51 21 eller
603 653 146 27 älderstillägg
764 653 7 22 i
787 659 25 15 en
833 653 39 21 och

117 694 81 15 samma
213 687 119 27 befattning
347 694 49 21 eger
411 687 152 27 stämpelafgift
577 687 47 21 icke
640 694 48 15 rum
702 687 77 28 (utesl.)

467 745 13 26 8
497 745 26 20 15

431 790 133 22 oförändrad.

464 849 11 25 8
493 848 32 21 16.

188 895 48 22 Alla
251 895 66 22 andra
327 894 117 27 eftergifter
456 895 7 21 i
474 894 146 27 skyldigheten
632 895 32 20 att
671 895 96 27 begagna
775 895 99 26 stämpel-

119 937 85 20 papper,
228 936 45 15 som
297 929 18 27 ej
338 929 69 22 blifvit
429 935 74 21 genom
527 929 69 21 denna
617 929 124 27 förordning
763 929 110 28 förnyade,

119 965 85 21 komma
219 965 33 21 för
267 965 113 21 framtiden
395 965 32 20 att
438 963 77 28 (wtesl.)
531 964 102 27 upphöra.

434 1022 26 26 85
477 1021 83 22 17—21

421 1067 148 22 oförändrade.

465 1126 14 26 $
494 1125 34 22 22.

189 1173 97 21 Embets-
302 1172 39 22 och
356 1172 132 27 tjensteman,
504 1178 46 15 som
564 1172 36 21 vid
610 1171 98 22 skrifters
719 1171 155 27 emottagande,

120 1207 67 22 ehvad
209 1207 61 21 dessa
288 1206 117 22 sedermera
423 1206 107 21 insändas
545 1206 33 21 till
593 1212 79 15 annan
686 1205 125 28 myndighet
827 1205 48 21 eller

121 1241 50 28 icke,
188 1242 52 21 eller
254 1241 35 21 vid
299 1241 156 27 expeditioners
465 1240 128 22 utfärdande
603 1240 119 22 uraktläter
732 1240 62 27 tillse,
804 1246 19 15 0.
831 1246 16 16 s.
856 1246 19 15 v.

434 1333 27 26 88
477 1333 85 21 23—25

426 1380 148 22 oförändrade.

189 1431 213 23 Bevillningsulskottets
415 1430 118 19 betänkande
544 1430 36 19 N:o
591 1430 17 18 4.
