1086 1700
473 124 46 23 N:o
539 125 39 22 11.
845 121 27 21 45

492 197 11 27 8
520 198 34 20 27.

216 240 19 20 1.
264 238 102 22 Förutom
383 238 55 24 dem,
455 237 74 21 hvilka
541 236 86 28 jemlikt
643 236 149 28 stadgandena
811 236 7 20 i
834 236 69 20 denna

143 273 126 27 förordning
292 274 38 20 äro
344 271 138 27 berättigade
498 273 33 19 att
546 271 88 27 försälja
650 271 54 21 eller
719 270 106 22 utskänka
840 270 62 20 brän-

143 308 43 28 vin,
201 307 101 22 fördriste
318 307 31 27 sig
364 306 47 21 icke
428 305 77 27 nägon,
517 306 67 20 under
594 306 87 20 hvilken
693 304 153 27 förevändning
857 310 45 15 som

143 343 62 26 helst,
229 344 33 19 att
284 341 88 21 bränvin
396 340 33 22 till
454 342 69 20 större
540 340 53 21 eller
608 340 83 21 mindre
707 340 78 26 belopp
801 338 34 22 för
850 345 53 20 egen

144 377 52 21 eller
211 382 83 16 annans
309 376 90 26 räkning
414 374 98 27 försälja.
536 374 146 27 Byteshandel
692 374 49 21 med
752 373 90 22 bränvin
854 379 49 15 vare

144 412 44 21 lika
203 411 49 21 med
268 410 127 27 försäljning
410 410 90 20 ansedd.

216 446 20 20 2.
266 444 43 21 Vill
331 444 71 27 någon
427 443 72 21 såsom
522 443 64 27 gäfva
601 443 53 21 eller
670 442 123 28 undfägnad
809 442 13 21 ä
837 443 66 20 annat

145 480 62 22 ställe
229 482 27 18 än
278 479 109 21 ofvanföre
411 478 6 21 i
438 478 25 28 $$
479 480 36 26 24,
531 480 27 20 25
574 478 40 22 och
629 480 27 20 26
674 478 143 26 omförmäles,
833 476 70 22 såsom

145 515 35 21 vid
194 514 84 27 bröllop
295 514 38 21 och
350 513 67 21 andra
433 513 115 27 gästabud,
564 513 108 21 utskänka
689 512 96 27 bränvin,
797 513 35 20 mä
842 512 61 26 godt-

145 550 83 27 görelse
244 549 23 22 af
281 548 55 22 hvad
352 554 63 15 namn
433 548 41 21 den
489 554 53 15 vara
557 548 35 21 mä
608 547 71 22 derför
690 547 96 21 hvarken
799 546 104 27 betingas,

145 584 92 21 utfästas
260 584 52 21 eller
334 585 131 24 emottagas;
490 583 6 20 i
521 585 65 19 annat
609 582 38 21 fall
666 582 56 21 skall
738 581 62 22 äfven
815 581 42 21 slik
872 583 32 19 ut-

147 619 121 26 skänkning
283 618 33 21 till
333 617 71 28 oloflig
419 617 130 28 försäljning
564 617 110 22 hänföras.

444 752 93 17 Art.
561 751 50 17 IT.

314 809 34 22 Om
363 809 86 27 forsling
466 810 39 21 och
521 810 74 27 upplag
612 809 21 22 af
650 809 90 22 bränvin.

497 880 12 27 8
526 881 34 20 28.

223 923 17 18 1.
270 921 40 20 Att
332 920 69 21 införa
421 920 91 21 bränvin
529 920 32 21 till
577 920 91 21 Finland
686 921 23 19 är
724 919 115 27 förbjudet.
869 918 38 21 Be-

149 954 105 21 träffande
271 955 54 20 dock
341 955 79 26 import
437 954 63 21 deraf
514 955 33 20 för
562 955 64 26 ryska
637 954 118 21 militärens
771 953 70 24 behof,
852 953 56 26 gälle

149 989 55 21 hvad
226 989 7 21 i
258 989 60 22 detta
342 989 100 21 afseende
466 991 25 18 är
515 989 52 21 eller
582 989 116 21 framdeles
714 988 76 21 blifver
806 987 102 21 särskildt

151 1024 109 27 stadgadt.

221 1059 20 20 2.
271 1058 83 21 Varder
376 1057 34 22 till
433 1057 75 22 landet
532 1057 99 28 olofligen
655 1057 120 22 inhämtadt
794 1057 111 21 bränvin
892 1053 16 37 i

149 1092 75 27 beslag
246 1095 60 24 taget
328 1092 40 21 och
384 1092 109 21 förbrutet
511 1092 79 26 dömdt,
608 1092 55 21 skall
680 1092 125 27 detsamma,
822 1091 28 27 pä
865 1093 45 19 sätt

150 1127 40 21 och
205 1127 67 21 under
288 1127 40 21 den
342 1127 94 21 kontroll
449 1127 105 21 Senatens
565 1127 283 27 Ekonomie-Departement
859 1133 50 20 eger

149 1161 133 26 föreskrifva,
299 1164 63 25 göras
379 1162 33 21 till
429 1162 108 27 förtäring
552 1162 118 22 obrukbart
682 1162 159 27 (denatureras)
852 1164 57 18 samt

150 1196 100 27 försäljas
264 1196 34 22 till
313 1196 96 22 tekniskt
424 1196 74 21 behof.

222 1232 20 20 3.
272 1231 58 21 Inom
354 1231 74 21 landet
451 1231 127 21 tillverkadt
600 1231 98 26 bränvin,
722 1238 45 14 som
795 1230 115 22 förklarats

150 1264 112 26 förbrutet,
279 1264 107 22 äfvensom
403 1265 98 27 bränvin,
518 1266 81 21 hvilket
613 1266 66 27 tagits
695 1266 6 20 i
718 1268 43 18 mät
776 1265 33 21 för
824 1266 86 20 obetald

151 1300 57 20 skatt
223 1300 52 20 eller
291 1300 32 20 till
340 1300 100 20 säkerhet
456 1300 34 20 för
507 1300 67 26 böter,
592 1306 46 15 som
654 1300 73 21 kunna
742 1300 96 26 ädömas,
854 1300 55 21 skall

151 1334 67 26 enligt
241 1334 158 21 vederbörande
419 1334 155 27 länestyrelses
589 1334 163 22 bestämmande
768 1334 99 27 försäljas
883 1334 28 27 pä

151 1368 73 21 landet
239 1368 33 21 till
294 1368 193 27 distilleringsverk
505 1368 53 22 eller
572 1369 7 21 i
595 1369 49 21 stad
659 1368 28 27 pä
702 1368 97 28 offentlig
814 1368 95 27 auktion,

149 1403 8 21 i
175 1403 131 21 sistnämnda
320 1403 37 21 fall
373 1403 55 21 dock
445 1403 18 27 ej
484 1404 3 20 i
503 1404 83 20 mindre
602 1406 73 24 poster
691 1405 27 19 än
731 1403 111 21 sextiofem
853 1403 57 27 liter,

151 1437 70 21 sävidt
236 1438 100 26 beloppet
351 1438 72 20 dertill
440 1438 93 26 uppgär.
