1086 1700
340 132 29 24 U.
383 133 27 22 B.
426 144 29 4 —
470 132 73 28 Prop.
559 132 41 22 N:o
616 131 35 23 11.
835 133 27 19 37

131 205 65 21 mare,
218 199 38 21 der
275 198 67 22 sådan
358 198 74 25 finnes,
448 198 74 21 härtill
537 197 90 22 bifaller.
657 197 35 21 Då
706 196 139 23 innehafvare
860 197 29 21 el-

130 234 33 20 ler
177 232 151 22 föreståndare
342 232 135 27 tillfälligtvis
495 235 24 19 är
534 232 90 21 hindrad
639 233 32 19 att
682 231 145 27 utskänkning
837 237 52 21 per-

131 267 98 27 sonligen
254 266 121 26 öfvervaka,
399 266 54 22 skall
477 266 115 28 uppsigten
614 265 100 22 häröfver
736 265 69 22 under
828 265 59 21 tiden

131 300 133 22 handhafvas
280 300 22 22 af
316 307 69 15 annan
402 300 71 22 dertill
489 300 87 27 lämplig
592 306 78 21 person
685 299 22 22 af
716 299 93 27 stadgad
820 299 68 21 ålder.

200 337 20 19 2.
250 334 81 22 Aflider
346 334 47 27 den,
409 340 47 16 som
471 334 89 22 innehar
576 334 105 26 rättighet
696 334 32 21 till
743 333 78 22 handel
837 332 49 22 med

131 369 91 22 bränvin
238 369 52 21 eller
305 368 146 26 utskänkning
467 368 66 27 deraf,
548 368 36 22 må
598 368 97 22 rörelsen
706 368 23 21 af
737 367 152 22 sterbhusdel-

132 409 63 21 egare
220 403 18 27 ej
262 402 111 22 fortsättas
397 402 74 27 längre
487 405 26 19 än
529 402 32 22 till
577 402 67 22 slutet
660 402 23 21 af
695 402 92 27 löpande
802 401 87 27 försälj-

131 438 88 26 ningsår
242 437 40 21 och
303 437 76 21 endast
394 437 49 21 med
459 437 69 21 vilkor
543 438 33 20 att
591 437 78 21 sådant
683 436 117 27 behörigen
817 438 73 19 anmä-

131 472 32 21 les
186 474 56 19 samt
262 473 32 19 att
313 470 33 22 för
365 471 107 21 rörelsens
492 470 117 22 utöfvande
625 471 75 21 ställes
717 477 69 15 annan
801 476 86 21 person,

132 512 47 16 som
194 506 22 21 af
230 506 141 26 magistraten
385 505 86 27 pröfvas
487 506 89 26 lämplig
592 505 40 21 och
647 505 7 21 i
670 505 65 27 öfrigt
749 504 97 27 behörig.

201 542 18 20 3.
250 539 109 27 Flyttning
380 539 23 21 af
416 539 217 27 minutförsäljnings-
653 539 52 21 eller
720 538 170 26 utskänknings-

132 575 63 21 ställe
211 574 35 21 må
262 574 47 21 icke
325 574 38 21 ske
380 576 51 19 utan
447 575 92 21 erhållet
553 574 99 21 tillstånd
668 573 23 22 af
704 574 121 27 magistrat.

479 626 14 25 s
513 627 33 20 21.

202 661 18 19 1.
251 661 71 24 Lokal,
342 661 35 19 der
392 661 139 19 minuthandel
543 659 49 22 med
607 659 90 22 bränvin
711 661 66 23 idkas,
793 659 34 21 må
841 657 48 22 hål-

132 696 31 19 las
178 695 64 24 öppen
258 694 77 21 endast
350 694 12 21 å
377 693 76 27 helgfri
469 694 42 27 dag
527 693 46 22 från
584 694 91 21 klockan
685 694 35 21 nio
730 700 34 15 om
773 699 117 21 morgonen

133 728 33 22 till
182 728 92 21 klockan
290 735 38 14 sex
344 734 33 15 om
394 727 93 22 aftonen.

201 764 19 19 2.
250 763 74 21 Under
346 763 127 21 marknader
495 763 40 21 och
558 763 116 26 torgdagar
692 766 53 17 samt
759 764 67 23 dagen
842 763 47 19 der-

129 798 101 24 förinnan
246 799 23 19 är
284 797 147 21 minuthandel
441 797 49 21 med
498 797 89 21 bränvin
596 797 121 27 förbjuden;
726 797 39 21 och
775 797 112 21 ankomme

132 832 14 20 å
161 831 141 27 länestyrelse
318 833 33 19 att
363 831 134 21 omedelbart
512 831 54 21 eller
580 831 28 26 på
622 831 157 26 framställning
790 830 22 21 af
821 831 66 26 magi-

133 867 61 24 strat,
211 865 152 27 ordningsrätt,
379 865 195 26 stadsfullmäktige
590 865 52 22 eller
658 865 173 21 rådhusstämma
845 864 43 21 för-

132 900 65 27 bjuda
212 899 41 22 slik
269 899 78 22 handel
361 899 78 28 jemväl
454 899 35 22 vid
505 899 67 22 andra
586 899 104 26 tillfällen,
706 899 28 21 då
749 901 70 20 större
834 898 54 22 folk-

134 933 90 28 samling
240 941 51 20 eger
305 941 54 15 rum.

202 971 19 19 3.
252 969 57 21 Intill
326 969 49 22 dess
391 970 73 21 derom
479 970 41 21 kan
537 970 65 21 varda
612 969 133 22 annorlunda
755 967 132 27 förordnadt,

132 1003 124 21 ankommer
276 1003 12 21 å
302 1003 143 28 länestyrelse
461 1006 38 25 att,
516 1004 54 21 efter
586 1004 36 21 det
637 1003 161 22 vederbörande
812 1003 72 21 lokala

132 1037 148 27 myndigheter
301 1038 69 21 blifvit
392 1039 74 24 hörde,
490 1038 111 27 angående
623 1038 58 21 tiden
698 1038 27 21 då
740 1037 147 26 utskänkning

132 1071 34 22 må
186 1077 40 21 ega
242 1078 46 15 rum
304 1072 13 21 å
332 1072 97 27 hoteller,
445 1073 133 21 konditorier
593 1073 40 21 och
648 1073 160 20 restaurationer
824 1071 6 21 i
839 1071 50 21 stad

133 1107 56 20 samt
204 1105 28 28 på
248 1106 78 25 landet,
343 1107 38 21 der
396 1106 189 22 värdshusrörelse
601 1107 69 25 idkas,
686 1106 98 21 meddela
800 1105 27 22 de
838 1107 50 20 när-

132 1146 58 15 mare
213 1140 140 27 föreskrifter,
377 1147 47 15 som
446 1141 33 21 för
499 1141 73 27 hvarje
588 1143 35 19 ort
638 1141 40 21 och
693 1140 49 22 med
757 1140 102 22 afseende
875 1140 13 21 å

134 1174 192 27 näringsställenas
342 1175 58 21 olika
415 1175 149 21 beskaffenhet
578 1175 73 21 kunna
666 1174 67 22 finnas
749 1174 109 27 lämpliga.

199 1210 20 18 4.
250 1208 55 21 Från
321 1210 96 20 bränneri
433 1211 47 19 eller
489 1210 177 24 distilleringsverk
673 1212 51 17 samt
735 1210 28 24 af
761 1209 127 25 partihand-

132 1244 61 19 lande
209 1241 91 26 försåldt
314 1244 85 20 bränvin
411 1242 38 26 får
463 1245 44 19 icke
523 1245 30 19 till
566 1244 77 25 köpare
658 1245 86 18 utmätas
759 1244 48 19 eller
820 1244 69 18 utlem-

132 1282 38 14 nas
184 1278 66 19 under
264 1278 48 19 sön-
328 1279 47 19 eller
390 1279 87 24 helgdag
493 1279 38 19 och
545 1278 45 20 icke
604 1279 61 19 heller
680 1278 85 20 nattetid
771 1275 52 26 från
830 1277 57 19 kloc-

131 1312 42 19 kan
188 1312 33 19 nio
238 1318 31 14 om
284 1312 84 24 aftonen
384 1313 29 19 till
427 1313 88 19 klockan
527 1314 42 23 fem
582 1310 29 27 på
626 1318 117 19 morgonen.

482 1363 10 27 8
509 1364 33 20 22,

200 1396 142 22 Förekomma
366 1397 13 21 å
401 1397 69 26 ställe,
493 1397 38 21 der
553 1396 147 22 minuthandel
719 1396 49 21 med
784 1396 53 21 eller
852 1396 35 20 ut-

133 1429 119 27 skänkning
268 1430 22 21 af
304 1430 146 28 spritdrycker
465 1431 69 26 idkas,
549 1431 35 21 vid
600 1430 106 22 särskilda
717 1430 98 21 tillfällen
823 1430 65 20 oord-

179 1468 192 19 Ekonomiutskotteis
384 1469 117 18 betänkande
513 1470 37 17 N:o
563 1470 17 17 3.
