1086 1700
228 129 28 21 34
430 128 28 23 U.
474 129 28 21 B.
518 140 27 4 —
560 128 74 29 Prop.
649 128 42 23 N:o
706 128 35 22 11.

269 194 20 20 2.
318 196 49 19 Rätt
383 196 29 19 till
426 195 138 25 utskänkning
578 196 29 24 af
618 196 86 19 bränvin
720 193 13 21 ä
747 196 68 24 hotell,
830 201 42 14 som
884 196 36 24 för
927 201 31 14 re-

198 230 76 19 sandes
289 228 114 28 (turisters)
418 229 65 25 behof
489 228 29 26 på
533 230 69 20 landet
616 231 100 25 inrättats,
732 228 33 21 mä
776 230 52 24 efter
835 230 124 20 kommunal-

199 264 95 19 stämmas
315 264 92 20 hörande
425 264 28 24 af
467 265 143 24 länestyrelsen
626 264 82 24 beviljas
720 264 37 24 för
773 266 26 18 ett
815 262 25 21 år
855 264 47 20 eller
920 262 38 22 nå-

199 303 41 19 gon
256 298 35 19 del
304 298 68 24 deraf.

260 337 15 19 3
290 336 38 28 (2).
345 337 112 27 Rättighet
466 338 33 20 att
507 338 13 20 å
529 336 212 28 passagerarefartyg
751 337 108 21 utskänka
870 337 88 21 bränvin

200 371 23 21 åt
259 371 91 21 resande
373 371 35 21 må
430 371 41 21 ock
489 370 116 28 medgifvas
626 371 22 21 af
662 372 131 24 länestyrelse
808 372 7 20 i
823 372 34 20 det
866 372 40 26 län,
918 371 39 21 der

200 404 105 28 fartygets
324 405 70 21 rederi
419 405 40 21 har
474 406 39 20 sitt
527 405 137 27 hufvudsäte;
680 405 79 25 (utes!.)
775 405 41 22 och
831 405 34 21 mä
881 405 73 21 dervid

200 439 70 21 tillika
292 439 137 23 föreskrifvas
453 440 28 21 de
503 440 186 27 inskränkningar,
713 439 72 22 hvilka
801 440 72 21 kunna
887 438 69 23 finnas

201 474 87 26 nödiga.

270 509 14 19 4
300 507 37 29 (3).
358 508 40 21 Vid
413 508 118 26 lägermöte
548 508 52 22 eller
616 508 38 22 der
669 510 64 25 trupp
749 510 24 19 är
787 508 34 21 för
830 508 51 21 flere
893 507 65 27 dagar

201 542 183 27 sammandragen,
401 543 34 21 mä
445 542 104 27 rättighet
559 542 32 22 till
602 542 68 22 sädan
682 542 146 27 utskänkning
839 542 46 21 icke
896 542 59 21 med-

200 576 68 27 gifvas
291 579 80 25 (utesl.),
395 576 88 22 såframt
501 577 47 22 icke
564 577 161 22 vederbörande
741 576 142 26 militärbefäl,
899 579 59 18 samt

200 611 48 21 icke
268 611 66 21 heller
350 611 13 20 &
375 611 189 27 jernvägsstation,
579 610 24 21 så
618 613 48 19 vida
681 611 19 24 ej
714 611 192 27 jervägsstyrelsen
922 611 37 21 sä-

201 645 42 21 dan
258 645 107 26 rättighet
381 645 110 28 tillstyrkt.

551 725 11 26 8
580 726 33 21 13.

271 777 18 20 1.
320 776 253 26 Utminuteringsrörelse
594 779 23 18 är
636 776 47 21 icke
700 776 147 21 underkastad
863 776 92 22 särskild

200 810 60 21 skatt
276 810 31 21 till
324 811 91 26 kronan;
431 811 18 26 ej
466 811 68 21 heller
548 811 35 20 mä
599 811 101 20 kommun
715 809 76 28 päföra
806 810 58 27 dylik
875 811 81 20 rörelse

200 844 68 22 andra
290 844 90 27 afgifter,
405 847 27 19 än
454 845 84 26 vanliga
553 845 136 21 kommunala
705 845 118 26 utskylder.
853 845 102 21 Deremot

200 879 57 22 skall
271 879 75 21 idkare
362 878 22 22 af
397 879 247 26 utskänkningsrörelse,
657 879 68 27 jemte
741 879 122 26 skyldighet
878 881 32 18 att
920 885 32 15 er-

199 913 64 26 lägga
286 913 135 21 kommunala
443 913 119 28 utskylder,
585 913 86 27 päföras
692 919 26 15 en
737 913 94 21 särskild
853 913 104 21 utskänk-

200 947 122 27 ningsskatt
345 948 32 21 till
395 948 88 27 kronan,
504 948 63 21 hvars
583 948 78 27 belopp
676 947 36 22 vid
727 947 144 21 meddelande
887 947 22 22 af
922 949 35 20 ut-

200 981 239 28 skänkningsrättighet
461 983 7 20 i
489 983 55 26 stad,
560 982 28 27 pä
603 982 81 26 förslag
700 981 23 22 af
736 981 148 27 magistraten,
899 981 55 22 fast-

200 1015 76 22 ställes
293 1015 22 22 af
328 1016 161 27 länestyrelsen.
509 1017 44 20 Der
568 1016 203 26 utskänkningsrätt
781 1015 28 27 pä
819 1015 73 21 landet
903 1015 51 22 eller

200 1049 6 21 i
222 1049 81 27 köping
318 1051 31 20 uti
365 1050 26 21 de
407 1051 6 20 i
428 1049 13 29 &
458 1052 25 19 12
500 1050 140 21 omförmälda
654 1050 38 21 fall
702 1049 115 26 meddelas,
826 1049 130 22 bestämmes

201 1083 90 28 afgiften
306 1083 71 22 derför
389 1084 80 27 jemväl
486 1084 23 21 af
523 1084 162 27 länestyrelsen.

271 1120 19 20 2.
320 1118 256 28 Utskänkningsskatten,
592 1118 33 22 för
635 1118 101 22 hvilken
732 1113 13 37 i
747 1117 152 27 sammanhang
909 1117 49 22 med

200 1153 339 26 bränvinstillverkningsskatten
559 1152 117 26 redovisas,
698 1152 55 21 skall
769 1151 137 22 förskottsvis
921 1151 33 22 för

200 1187 75 27 hvarje
298 1187 82 27 gvartal
402 1187 108 22 inbetalas
532 1187 32 21 till
579 1187 93 21 kronans
688 1186 161 27 uppbördsman
864 1186 13 20 ä
892 1188 62 19 orten

201 1222 41 21 och
261 1222 128 21 inlevereras
409 1221 22 21 af
445 1222 78 20 honom
539 1221 31 21 till
586 1220 173 22 landtränteriet.
789 1220 105 26 Erlägges
909 1220 49 21 icke

201 1256 62 27 afgift
278 1256 6 21 i
300 1255 140 23 föreskrifven
456 1256 38 26 tid,
511 1256 65 21 varde
592 1256 41 21 den
648 1256 78 26 genast
736 1256 87 20 utmätt.
840 1254 41 21 Vid
891 1254 68 21 sådan

201 1290 162 22 uraktlätenhet
380 1290 67 22 andra
462 1290 83 28 gängen
560 1292 24 19 är
594 1289 231 26 utskänkningsrätten
836 1288 122 26 förverkad,

201 1331 49 16 men
267 1324 87 28 afgiften
369 1325 32 22 för
416 1327 97 20 närmast
527 1324 93 28 följande
637 1323 84 28 gvartal
736 1323 39 21 bör
790 1322 65 21 likväl
864 1324 94 24 uttagas.

202 1360 94 27 Afgiften
311 1360 33 22 för
359 1360 67 21 sådan
442 1360 91 26 tillfällig
549 1358 209 26 utskänkningsrätt,
775 1363 46 15 som
836 1356 7 21 i
856 1358 9 23 $
879 1358 24 19 12
914 1363 44 15 om-

202 1396 96 24 nämnes,
315 1394 55 22 skall
386 1394 99 26 erläggas
500 1394 29 26 pä
539 1394 37 26 tid,
588 1399 46 15 som
645 1392 22 22 af
674 1391 159 27 länestyrelsen
844 1390 33 22 för
887 1390 72 28 hvarje

203 1428 105 22 särskildt
321 1428 38 22 fall
373 1428 140 22 bestämmes.

273 1473 192 18 Ekonomiutskottets
478 1472 116 18 betänkande
607 1472 35 18 N:o
655 1473 17 17 3.
