1086 1700
230 121 12 21 6
376 120 83 23 Ständ.
476 119 53 23 Skr.
547 133 27 2 —
590 120 75 28 Prop.
681 120 45 22 N:o
742 120 36 22 14.

269 183 77 21 Härtill
360 183 87 21 komme
461 183 146 21 kostnaderna
623 184 32 20 för
673 182 142 28 tryckningen
837 184 25 20 af
880 186 74 24 proto-

200 218 43 20 koll
259 218 43 20 och
316 218 126 26 handlingar
454 218 45 20 frän
514 218 72 26 Borgä
602 218 104 27 landtdag
722 221 55 17 samt
792 218 24 20 af
829 218 125 27 handlingar

200 252 45 20 frän
261 251 156 28 landtdagarne
435 252 139 26 1863—1864
596 252 42 20 och
660 252 60 26 1867,
744 252 71 20 hvilka
837 252 117 20 kostnader

199 286 48 21 icke
272 286 80 22 kunnat
377 287 50 20 med
450 288 71 25 nägon
543 286 102 22 säkerhet
672 288 29 26 pä
726 286 91 22 förhand
842 286 110 22 beräknas.

199 320 73 21 Ehuru
288 321 115 27 utgifterna
418 321 32 21 för
468 321 84 21 arbetet
568 322 6 20 i
590 321 50 21 dess
663 321 73 21 helhet
757 321 88 21 sålunda
867 322 86 20 komme

200 358 32 18 att
247 356 57 26 stiga
319 355 31 21 till
365 358 31 18 ett
412 355 47 21 icke
482 355 123 27 obetydligt
628 355 89 27 belopp,
739 355 64 21 hafva
825 355 127 25 Ständerna,

199 390 49 20 med
264 390 103 20 afseende
383 390 12 20 å
410 390 74 26 vigten
499 389 65 21 deraf
575 392 32 18 att
623 389 142 21 omförmälda
775 390 124 26 handlingar
915 389 38 27 gö-

199 430 34 14 ras
248 430 80 20 genom
343 423 62 27 tryck
420 424 139 26 tillgängliga,
576 424 98 26 godkänt
689 424 162 26 ifrågavarande
873 423 80 27 förslag

199 458 41 20 och
256 459 84 20 anvisat
361 458 70 21 medel
451 458 32 21 för
505 458 95 21 arbetets
621 458 120 21 utförande.
771 458 64 21 Dock
855 458 38 20 har
915 458 37 20 det

199 495 61 24 synts
276 492 121 21 Ständerna
412 492 104 28 lämpligt,
533 496 31 17 att
580 492 143 28 tryckningen
734 492 126 21 verkställes
876 493 76 20 endast

198 527 136 26 småningom
349 526 66 21 under
431 527 76 27 loppet
523 527 25 20 af
564 527 50 20 flera
636 527 29 25 år,
690 530 55 18 samt
760 530 32 18 att
807 527 144 21 kostnaderna

199 560 72 21 derför
288 561 92 21 fördelas
396 562 29 26 på
440 561 50 21 flera
506 561 184 28 budgetperioder
711 561 94 25 sålunda,
821 564 32 18 att
868 561 32 20 för
916 561 36 20 än-

198 595 95 22 damålet
313 595 108 21 användes
443 599 32 18 ett
497 595 82 28 belopp
600 596 25 20 af
644 595 125 28 förslagsvis
793 601 77 20 10,000
891 595 60 20 mark

198 636 37 14 om
252 630 53 21 året.

266 664 137 21 Beträffande
419 664 119 27 ordningen
552 664 33 21 för
600 664 165 27 handlingarnas
781 664 113 27 tryckning
909 664 42 20 och

198 698 69 27 öfriga
282 699 89 26 detaljer
386 699 25 20 af
422 699 95 20 arbetets
533 699 113 20 utförande
666 698 64 21 hafva
751 698 120 21 Ständerna
893 698 58 21 velat

198 733 66 20 hafva
280 733 22 20 åt
317 732 193 28 Bankfullmäktige
526 733 157 21 öfverlemnadt
705 736 38 22 att,
764 733 54 21 efter
833 732 119 21 inhemtadt

197 767 111 21 utlåtande
324 767 25 20 af
360 767 131 21 Ständernas
514 767 156 26 bibliotekarie,
692 767 75 21 härom
789 767 100 21 meddela
904 767 46 20 när-

196 808 59 14 mare
271 802 166 27 bestämningar,
453 802 112 21 äfvensom
581 802 117 27 uppdragit
712 801 192 27 Bankfullmäktige
919 804 31 18 att

196 843 80 18 genom
292 835 163 22 bibliotekarien
470 836 51 21 eller
536 843 69 14 annan
620 836 90 27 lämplig
732 843 79 20 person
834 835 116 21 öfvervaka

196 870 97 21 arbetets
323 870 119 21 utförande.
481 870 95 25 Hvilket,
602 874 56 17 samt
684 873 32 18 att
739 871 50 20 med
812 870 138 27 ifrägavande

196 903 203 28 tryckningsarbete
415 904 38 21 bör
473 904 107 27 päbörjas,
596 905 24 20 sä
642 908 60 17 snart
717 905 74 26 nädigt
807 904 143 21 förordnande

196 945 35 13 om
246 938 93 21 berörda
355 938 84 27 anslags
462 939 139 20 utbetalande
623 939 112 24 utfärdats,
757 938 193 27 Bankfullmäktige

195 972 32 21 till
242 972 125 21 kännedom
382 973 41 20 och
439 973 139 27 iakttagande
595 973 126 27 härigenom
736 973 117 20 meddelas.

264 1041 141 27 Helsingfors,
423 1041 42 21 den
480 1042 26 20 28
523 1041 43 26 Maj
584 1042 60 26 1891.

332 1415 118 41 Helsingfors,
464 1415 110 41 Helsingfors
584 1413 165 42 Central-Tryckeri,
763 1424 49 31 1891.
