1086 1700
206 122 12 19 8
411 119 29 23 U.
455 120 29 22 B.
499 132 29 3 —
542 120 74 27 Prop.
632 120 42 22 N:o
691 119 36 22 11.

178 191 44 21 gar,
239 186 85 22 hvartill
340 186 103 26 bolagens
459 186 139 22 verksamhet
612 186 61 28 gifvit
686 186 123 27 anledning,
817 185 64 23 hafva
889 186 45 22 dels

177 220 45 27 gält
243 221 76 21 endast
338 220 67 27 några
420 221 57 21 vissa
493 220 70 28 bolag,
580 221 46 21 dels
642 220 87 22 hänfört
744 221 33 26 sig
793 220 33 22 till
842 222 94 20 omstän-

179 254 99 27 digheter
293 254 22 22 af
328 255 82 22 mindre
426 255 121 27 väsendtlig
563 255 121 28 betydelse;
701 255 40 22 och
755 256 139 27 möjligheten
903 256 31 20 till

177 289 108 21 missbruk
304 290 62 22 torde
381 296 77 20 genom
474 289 123 22 införandet
612 289 22 22 af
648 290 94 21 kontroll
757 291 58 20 samt
829 296 26 16 en
871 290 65 21 ända-

177 323 115 28 mälsenlig
306 324 124 27 utveckling
445 324 24 21 af
482 324 103 26 bolagens
598 324 146 27 organisation
753 324 71 22 kunna
831 324 33 22 för
871 324 63 22 fram-

179 358 60 21 tiden
255 358 135 28 förebyggas.

247 393 32 21 En
302 392 167 28 omständighet,
492 393 138 27 hvarigenom
650 392 27 22 de
697 399 124 21 gynsamma
839 393 97 21 verknin-

179 433 66 21 garna
255 427 23 21 af
287 427 225 27 bolagsinstitutionen
523 428 7 20 i
541 427 95 28 betydlig
646 427 54 27 grad
711 428 124 21 inskränkts
847 428 39 21 och
894 427 42 21 för-

178 464 94 24 svagats,
296 464 24 19 är
339 464 32 19 att
387 462 209 27 monopoliseringen
612 462 48 22 icke
676 462 55 21 varit
747 462 135 26 fullständigt
897 468 36 20 ge-

177 496 104 22 nomförd.
304 497 43 21 Det
363 496 48 27 mål,
428 502 47 16 som
490 496 161 28 lagstiftningen
667 496 135 22 beträffande
815 496 120 22 ordnandet

177 530 23 22 af
213 530 93 22 handeln
322 531 48 22 med
386 531 147 27 spritdrycker
548 531 40 21 bör
603 530 33 22 för
651 532 33 26 sig
700 531 115 27 uppställa,
831 533 24 19 är
869 531 68 26 enligt

177 566 119 21 utskottets
312 565 137 23 förmenande
466 566 183 22 öfverlemnandet
664 565 22 22 af
696 566 28 21 all
733 566 154 27 utminutering
895 566 40 21 och

178 601 145 26 utskänkning
346 600 22 21 af
387 601 59 21 såväl
467 601 113 21 inhemska
596 606 46 16 som
658 600 116 21 utländska
789 600 145 27 spritdrycker

177 635 23 21 åt
214 635 73 27 bolag,
304 635 86 22 bildade
406 635 6 21 i
429 635 153 28 nykterhetens
598 635 100 26 intresse,
714 635 7 21 i
737 634 151 28 hufvudsaklig
903 635 31 22 öf-

177 670 202 21 verensstämmelse
395 670 49 21 med
461 670 36 21 det
513 676 16 15 s.
546 670 20 21 k.
583 669 153 27 Göteborgska
752 672 109 25 systemet.
885 670 10 21 I
907 669 27 22 de

177 705 69 20 större
263 705 100 21 städerna
379 705 62 21 torde
458 705 61 21 detta
534 705 47 21 icke
597 705 59 21 möta
668 704 67 27 några
745 703 189 28 oöfvervinnerliga

177 739 140 26 svårigheter.
347 739 50 22 Men
419 739 27 22 då
462 739 37 22 det
515 739 129 22 åtminstone
660 739 69 21 under
743 739 134 21 närvarande
892 739 41 21 för-

177 773 115 22 hållanden
312 774 18 27 ej
352 774 55 21 låter
427 774 32 27 sig
476 775 59 26 göra,
552 776 32 19 att
600 773 151 27 obligatoriskt
766 773 126 22 föreskrifva
906 780 26 15 en

177 807 67 22 sådan
265 807 126 28 omfattning
407 807 23 22 af
444 808 104 27 bolagens
564 808 143 26 verksambet,
723 808 70 21 måste
808 808 126 21 närmandet

177 841 31 22 till
231 842 53 21 eller
302 843 139 27 uppnåendet
461 842 24 22 af
503 843 37 21 det
558 842 95 27 antydda
668 842 66 21 målet
749 842 118 21 tillsvidare
881 842 52 21 lem-

176 883 38 14 nas
231 877 108 21 beroende
354 877 23 21 af
390 877 166 22 kommunernas
572 879 50 24 eget
636 877 94 21 intresse
745 876 33 21 för
793 877 72 21 saken.
896 877 38 21 Ut-

177 911 83 26 gående
283 911 45 21 från
352 911 70 22 denna
445 911 137 28 uppfattning
601 911 39 22 har
655 911 109 22 utskottet
779 911 112 26 föreslagit
906 917 26 15 en

177 945 173 27 omformulering
373 945 24 22 af
417 946 14 25 8
451 947 11 20 9
481 946 6 21 i
503 944 290 29 försäljningsförordningen
809 945 7 21 i
831 944 54 27 syfte
901 948 32 18 att

177 979 124 28 derigenom
316 979 127 28 möjliggöra
459 980 110 21 bildandet
584 979 22 22 af

245 1016 27 23 a)
287 1014 64 27 bolag
365 1013 34 22 för
414 1014 154 27 utminutering
584 1014 40 21 och
638 1014 146 27 utskänkning
795 1013 23 22 af
823 1013 110 22 inhemska

177 1049 151 27 spritdrycker,
344 1049 49 21 med
409 1049 111 26 undantag
535 1048 23 22 af
572 1048 173 27 utskänkningen
761 1049 13 20 å
789 1048 97 25 hoteller,
903 1054 31 15 re-

177 1083 144 22 staurationer
344 1083 38 22 och
407 1083 140 26 konditorier,
571 1083 19 21 d.
612 1089 18 14 v.
650 1089 16 15 s.
683 1082 82 22 sådana
780 1082 70 27 bolag,
866 1088 46 15 som
928 1083 6 20 i

176 1118 161 27 propositionen
354 1117 64 27 afses;

245 1152 20 25 b)
281 1152 63 28 bolag
358 1152 33 22 för
407 1152 154 27 utminutering
576 1152 41 21 och
632 1151 146 27 utskänkning
793 1150 23 22 af
829 1150 59 22 såväl
902 1150 32 22 in-

176 1187 90 21 hemska
282 1193 46 15 som
343 1187 116 21 utländska
476 1186 152 28 spritdrycker,
640 1186 48 21 med
701 1186 144 27 nyssnämnda
854 1185 81 21 undan-

176 1224 44 24 tag,
236 1224 58 18 samt

245 1256 21 25 c)
290 1256 63 26 bolag
372 1255 33 22 för
425 1255 154 27 öfvertagande
595 1254 22 22 af
631 1255 28 21 all
676 1254 153 26 utminutering
845 1254 38 21 och
901 1256 33 19 ut-

177 1290 121 27 skänkning
318 1290 28 27 pä
361 1292 68 25 orten,
445 1290 49 22 med
510 1290 88 26 bolaget
613 1289 86 21 lemnad
714 1290 51 25 rätt,
781 1290 33 20 att
829 1290 58 20 emot
903 1288 30 21 af-

176 1324 40 27 gift
238 1325 23 21 åt
285 1324 96 22 enskilde
405 1324 105 22 öfverläta
533 1324 147 26 utskänkning
695 1324 28 26 pä
739 1323 98 25 hoteller,
853 1325 82 19 restau-

175 1358 96 22 rationer
286 1358 40 22 och
342 1358 133 22 konditorier
490 1358 110 22 äfvensom
616 1358 148 21 minuthandel
782 1357 48 21 med
851 1356 83 22 utländ-

176 1393 39 21 ska
230 1392 152 28 spritdrycker.

244 1432 193 18 Ekonomiutskottets
449 1432 118 18 betänkande
579 1432 37 18 N:o
628 1432 17 18 3.
