1086 1700
341 105 28 23 U.
384 106 28 22 B.
428 117 25 4 —
469 105 73 28 Prop.
557 105 41 23 N:o
614 106 36 22 11.
831 108 26 19 57

352 488 308 30 Reservationer.

496 563 23 22 1.

198 621 41 27 Jag
258 627 36 15 ser
314 621 42 26 mig
375 621 111 21 nödsakad
507 623 32 19 att
554 621 6 21 i
576 621 108 21 särskilda
700 621 59 21 delar
775 627 110 15 reservera

130 656 43 26 mig
194 657 45 20 mot
262 655 26 22 de
312 654 22 22 af
353 655 214 22 Ekonomiutskottet
590 655 120 27 uppgjorda
729 655 107 26 förslagen
853 655 32 20 till

129 689 149 28 förordningar
293 691 20 25 a)
328 689 110 27 angäende
453 690 136 26 tillverkning
600 690 40 21 och
652 689 128 26 distillering
791 689 22 21 af
822 689 62 21 brän-

130 724 34 21 vin
187 726 56 19 samt
265 725 21 25 b)
305 724 110 26 angäende
437 723 132 28 försäljning,
591 724 90 26 forsling
698 725 55 20 samt
769 723 80 27 upplag
865 722 22 22 af

130 758 87 22 bränvin
242 759 40 21 och
304 759 66 21 andra
392 758 81 21 brända
494 758 52 21 eller
568 759 132 20 distillerade
717 758 98 27 drycker.
844 757 41 26 Jag

129 798 63 15 anser
210 793 106 26 nämligen
337 793 108 20 utskottet
463 799 76 20 genom
558 793 108 20 särskilda
682 792 72 21 beslut
770 791 63 21 hafva
849 791 35 22 be-

129 827 48 26 gätt
198 827 181 21 inkonsekvenser
402 827 39 21 och
465 827 52 21 felat
540 829 44 19 mot
603 827 69 26 logisk
689 826 124 26 tankegäng
829 829 56 18 samt

129 863 32 19 att
178 861 6 21 i
205 861 140 22 välmenande
364 867 48 15 men
431 861 56 21 ovist
503 861 32 21 nit
550 861 34 21 för
596 861 154 27 nykterhetens
766 859 118 27 främjande

129 895 63 21 hafva
207 895 65 22 infört
286 895 134 22 föreskrifter
435 895 111 22 stridande
562 897 44 19 mot
622 894 209 23 rättsmedvetandet
845 894 38 21 och

129 935 76 21 genom
221 930 31 21 sin
267 929 148 22 beskaffenhet
429 929 155 22 framkallande
599 929 101 27 lagbrott,
716 929 33 21 för
764 928 71 21 hvilka
851 935 32 14 se-

129 963 41 22 dan
194 965 87 26 stränga
304 964 231 27 straflbestämmelser,
558 964 87 21 allsicke
669 964 150 21 motsvarande
839 962 44 27 lag-

130 998 92 21 brottets
245 999 114 21 moraliska
381 1000 40 25 art,
444 998 69 21 blifvit
537 1000 88 19 utsatta.
655 998 10 21 I
681 999 66 20 andra
762 999 37 21 fall
815 999 68 21 mäste

127 1033 37 26 jag
179 1033 86 26 inlägga
281 1039 25 14 en
322 1039 93 20 gensaga
431 1034 64 25 emot,
511 1032 72 21 säsom
600 1033 42 26 mig
658 1039 71 20 synes,
741 1034 92 27 onödiga
844 1033 39 22 och

129 1067 125 27 opraktiska
274 1067 165 27 bestämningar.
470 1067 49 21 Men
539 1067 67 20 ehuru
626 1067 38 26 jag
680 1067 141 22 öfverhufvud
837 1068 46 21 icke

128 1101 42 22 kan
186 1101 50 27 gilla
252 1102 40 21 den
308 1102 127 26 tankegäng,
452 1107 46 15 som
513 1101 69 26 ligger
597 1101 33 21 till
646 1102 69 25 grund
731 1101 34 22 för
782 1104 53 19 1886
849 1102 34 21 ärs

128 1136 249 26 bränvinsförordningar
393 1136 40 21 och
448 1136 7 20 i
471 1138 56 18 ännu
543 1136 66 26 högre
626 1136 53 26 grad
695 1135 33 22 fär
743 1137 39 21 sitt
798 1137 85 27 uttryck

128 1171 7 21 i
155 1170 119 22 utskottets
297 1170 146 27 föreliggande
467 1170 143 26 betänkande,
634 1170 106 27 nämligen
760 1173 32 19 att
809 1171 36 21 det
861 1174 23 18 är

127 1205 70 26 lagen,
214 1205 40 21 den
270 1204 112 22 minutiöst
397 1204 205 27 reglementerande,
619 1205 48 21 med
684 1206 88 26 stränga
783 1204 101 22 straffhot

127 1239 132 27 beväpnade,
283 1239 150 21 menniskorna
459 1245 46 15 som
528 1239 113 27 omyndiga
664 1239 53 21 barn
740 1240 143 21 betraktande

127 1273 68 27 lagen,
212 1279 45 15 som
277 1274 78 26 skapar
370 1274 121 26 nykterhet,
508 1273 109 26 sedlighet
633 1273 39 21 och
689 1274 102 21 moralisk
806 1274 77 20 karak-

127 1306 133 28 tersfasthet,
276 1309 52 20 utan
344 1314 63 15 anser
423 1308 78 21 sädant
517 1308 159 20 ästadkommas
695 1308 126 26 visserligen
838 1307 45 21 del-

127 1342 32 21 vis
181 1340 23 22 af
225 1348 25 14 en
273 1342 85 26 human,
377 1342 29 26 pä
427 1342 40 21 den
484 1341 69 22 etiska
569 1342 163 26 uppfattningen
748 1342 23 21 af
783 1344 45 19 rätt
843 1342 40 21 och

127 1377 59 19 orätt
201 1377 97 25 grundad
314 1377 41 26 lag,
371 1383 46 15 som
433 1377 81 21 lemnar
529 1376 126 27 tillräckligt
666 1379 105 25 utrymme
781 1376 34 22 för
827 1383 56 15 men-

126 1409 87 22 niskans
229 1409 64 23 frihet
308 1410 7 21 i
330 1410 49 27 vilja
390 1410 39 22 och
441 1410 107 27 handling,
561 1417 47 15 men
620 1410 104 28 därjemte
736 1410 23 22 af
768 1417 26 15 en
805 1411 78 26 mängd

194 1448 192 19 Ekonomiutskottets
398 1450 117 17 betänkande
527 1450 36 17 N:o
576 1450 16 17 3.
