1086 1700
231 122 27 20 28
421 120 30 24 U.
466 121 29 22 B.
511 133 28 3 —
555 121 73 27 Prop.
644 120 42 22 N:o
702 119 35 23 11.

201 186 34 22 vin
251 186 33 22 till
298 187 78 27 belopp
392 186 23 22 af
427 187 67 21 minst
507 188 70 24 /emtio
592 187 50 22 liter
658 188 38 20 och
710 187 65 20 under
791 187 62 25 ofvan
869 187 89 25 angifvet

200 222 65 19 vilkor
284 221 29 27 pä
332 221 93 22 särskild
441 221 96 22 ansökan
559 221 90 27 beviljas
664 221 226 22 bränvinstillverkare
905 220 53 22 eller

200 255 138 22 innehafvare
360 255 23 22 af
404 256 192 26 distilleringsverk
619 256 7 21 i
650 256 41 21 den
711 255 90 27 ordning
815 255 143 27 nästföljande

202 289 11 26 $
228 289 112 27 angående
355 290 136 27 partihandel
506 290 126 25 innehåller,
648 296 48 15 men
711 289 105 27 rättighet
831 289 32 22 till
878 290 80 21 minut-

200 323 80 22 handel
299 324 49 22 med
362 324 53 22 eller
429 324 148 27 utskänkning
592 324 23 22 af
628 324 90 22 bränvin
733 326 24 19 är
773 324 48 22 dem
836 324 48 22 icke
899 324 57 22 med-

201 357 76 27 gifven.
308 358 25 27 Ej
351 358 68 22 heller
428 359 35 21 må
474 358 27 22 de
512 358 50 28 ingå
572 358 72 22 såsom
656 359 99 27 delegare
770 358 7 21 i
787 358 70 27 bolag,
868 358 88 22 hvarom

200 392 7 20 i
222 393 12 24 &
250 394 12 19 9
279 392 142 22 omförmäles.

555 457 12 24 $
583 458 19 19 3.

273 498 17 19 1.
319 496 138 22 Partihandel
480 496 49 22 med
552 496 97 27 bränvin,
672 496 89 22 hvarvid
784 502 52 15 vara
859 495 22 22 af
903 501 53 21 egen

200 529 53 22 eller
275 536 79 16 annans
377 530 138 27 tillverkning
539 531 33 21 mä
594 530 100 28 försäljas
715 530 32 22 till
762 530 79 27 belopp
857 529 22 22 af
892 530 64 21 minst

200 563 130 28 fyrahundra
352 564 55 27 liter,
430 564 33 22 får
485 565 62 22 idkas
571 565 6 21 i
593 565 49 22 stad
659 565 18 28 ej
694 565 82 21 mindre
791 564 22 22 af
827 564 55 22 finsk
897 564 59 21 med-

200 599 98 26 borgare,
318 605 45 16 som
380 606 51 21 eger
447 600 41 26 god
504 600 54 27 frejd
574 600 40 21 och
630 600 58 27 gjort
702 600 33 27 sig
749 599 57 22 känd
821 599 33 22 för
868 599 88 22 redbart

200 633 140 26 förhällande,
363 636 26 19 än
413 634 40 22 ock
476 634 23 21 af
519 634 69 27 bolag,
613 635 66 21 sedan
695 633 100 27 behörigt
810 633 98 22 tillständ
923 633 32 21 till

200 667 116 27 näringens
331 668 138 22 bedrifvande
485 669 112 21 utverkats
612 669 29 26 pä
656 670 45 19 sätt
716 669 6 20 i
737 667 144 28 nästföljande
892 673 62 16 mom.

200 703 72 25 säges.
302 702 30 21 Pä
354 703 74 21 landet
450 703 40 21 och
514 703 7 20 i
544 703 80 26 köping
646 702 33 22 fär
694 703 98 21 deremot
807 702 68 21 sädan
889 702 65 27 parti-

199 736 79 21 handel
294 737 18 26 ej
328 736 84 22 utöfvas
428 737 71 21 säsom
515 737 93 21 särskild
623 737 82 27 näring.

269 772 19 19 2.
319 771 113 26 Rättighet
454 771 33 21 till
507 771 136 27 partihandel
667 771 49 22 med
731 771 89 22 bränvin
836 770 63 22 sökes
915 770 39 21 hos

199 805 120 26 magistrat,
336 811 46 16 som
393 805 142 22 öfverlemnar
545 805 147 26 ansökningen
703 805 32 21 till
744 804 205 27 stadsfullmäktiges

200 839 58 26 eller,
276 839 37 22 der
328 839 82 22 sådana
424 840 48 22 icke
487 839 75 26 finnas,
579 839 184 22 rädhusstämmas
779 839 104 27 pröfaing.
911 834 43 25 Äro

199 873 196 28 stadsfullmäktige
411 874 52 22 eller
478 874 173 21 rädhusstämma
666 874 49 22 med
729 874 114 26 magistrat
858 879 51 16 ense
920 879 34 15 om

198 907 60 22 bifall
282 908 51 22 eller
355 908 69 27 afslag
447 909 12 20 å
476 909 154 26 ansökningen,
646 909 53 21 eller
714 908 65 22 afsläs
795 908 123 21 densamma
933 906 22 22 af

199 942 197 27 stadsfullmäktige
416 943 53 22 eller
483 943 169 25 rädhustämma,
668 943 65 22 blifve
749 943 74 21 dervid
839 941 113 22 beroende.

198 976 89 22 Bifalles
302 977 148 27 ansökningen
466 977 22 22 af
503 977 197 27 stadsfullmäktige
711 977 52 22 eller
773 977 179 24 rädhusstämma,

198 1017 48 16 men
267 1010 66 23 afsläs
350 1011 22 21 af
384 1011 148 27 magistraten,
548 1011 142 22 öfverlemnas
707 1011 90 22 ärendet
812 1011 33 21 till
859 1011 94 26 länesty-

198 1045 84 22 relsens
298 1045 121 27 afgörande.

553 1111 11 23 $
581 1112 19 18 4.

270 1150 18 20 1.
318 1149 148 21 Minuthandel
487 1149 49 22 med
557 1150 88 20 bränvin
661 1150 35 21 mä
710 1148 108 22 bedrifvas
835 1148 18 27 ej
869 1147 82 22 mindre

198 1182 22 22 af
234 1182 118 28 välfrejdad
367 1182 56 22 finsk
439 1184 149 26 medborgare,
604 1190 47 15 som
666 1184 57 26 gjort
738 1183 33 27 sig
786 1182 58 22 känd
859 1181 33 23 för
906 1182 46 22 red-

197 1217 49 21 bart
262 1217 133 22 förhällande
411 1220 56 19 samt
481 1218 85 26 pröfvas
582 1218 6 21 i
600 1218 64 26 öfrigt
674 1218 32 21 till
718 1217 107 21 rörelsens
839 1216 114 22 utöfvande

197 1251 89 27 lämplig
308 1258 57 19 vara,
388 1254 27 19 än
434 1252 23 21 af
469 1252 34 22 för
518 1252 122 22 ändamälet
655 1252 83 21 bildadt
752 1251 70 27 bolag,
839 1251 66 22 sedan
920 1257 33 15 ve-

198 1285 109 27 derbörlig
322 1286 103 22 tillätelse
441 1286 32 21 till
489 1286 125 27 utöfningen
630 1286 22 22 af
666 1286 67 22 sädan
748 1286 76 27 näring
835 1285 116 25 utverkats,

196 1319 29 27 pä
240 1322 46 19 sätt
301 1320 32 21 uti
348 1322 23 24 $$
387 1322 20 24 7,
423 1322 12 20 8
453 1321 40 21 och
509 1322 12 20 9
538 1321 94 27 stadgas.
658 1320 42 22 Vid
715 1320 146 22 minuthandel
876 1320 33 21 fär
919 1320 31 21 till

197 1353 133 28 afhemtning
345 1354 106 22 utlemnas
467 1355 66 21 minst
547 1355 37 21 tvä
598 1355 56 21 liter.

266 1388 20 21 2.
316 1388 151 28 Utskänkning
489 1388 23 22 af
531 1389 90 21 bränvin
643 1390 32 20 till
698 1389 105 27 förtäring
825 1389 29 27 pä
873 1389 78 25 stället,

196 1422 76 21 dervid
287 1422 55 22 huru
356 1422 61 27 ringa
433 1423 78 27 belopp
528 1429 46 15 som
589 1423 57 21 helst
662 1424 35 21 mä
713 1423 99 27 utgifvas,
827 1423 33 22 fär
874 1423 77 22 bedrif-

265 1461 195 19 Ekonomiutskottets
472 1462 116 18 betänkande
600 1464 37 17 N:o
649 1464 16 17 3.
