1086 1700
241 127 27 20 58
539 128 44 22 N:o
605 129 38 21 11.

556 195 11 27 8
584 196 34 20 60.

286 234 146 27 Förbrytelser
455 237 46 19 mot
526 234 70 22 denna
618 235 126 26 förordning
760 234 70 22 ätalas
846 234 34 21 vid
896 234 75 21 under-

213 270 93 21 domstol
321 270 7 20 i
343 270 162 27 gerningsorten
522 270 39 21 och
577 270 68 27 skola,
662 270 27 21 dä
705 270 25 21 de
741 270 28 26 pä
781 270 72 21 landet
865 269 106 21 förekom-

213 311 35 14 ma
272 304 39 22 och
327 304 106 21 ordinarie
451 305 46 27 ting
513 304 18 27 ej
548 304 108 28 snarligen
672 304 91 26 infaller,
780 304 34 21 vid
831 303 139 22 förefallande

213 339 79 21 urtima
308 339 45 27 ting
369 338 110 22 derstädes
495 339 123 21 behandlas.

558 409 10 27 8
586 410 32 19 61.

285 449 39 25 De,
340 454 47 16 som
403 454 60 16 anses
479 448 98 22 förfallne
594 449 33 21 till
644 454 77 16 ansvar
737 448 32 21 för
786 447 152 22 öfverträdelse
950 447 23 21 af

214 483 149 27 stadgandena
386 484 6 20 i
415 483 68 21 denna
499 483 130 27 förordning,
646 484 60 20 skola
723 483 55 21 efter
793 483 79 26 skäligt
888 482 84 27 bepröf-

214 518 70 20 vande
307 520 80 19 ersätta
410 518 100 26 åklagare
533 518 40 21 och
597 518 81 21 vittnen
702 518 61 20 deras
779 518 6 20 i
801 517 66 21 saken
882 517 90 26 äbragta

214 552 124 21 kostnader.

562 587 10 27 S
590 589 33 19 62.

288 627 103 21 Senatens
407 627 283 27 Ekonomie-Departement
710 629 24 19 är
749 627 129 21 förbehället
889 628 37 25 att,
938 626 33 21 till

214 662 174 21 förekommande
412 662 23 21 af
449 662 72 27 oloflig
536 662 126 27 försäljning
678 662 38 21 och
732 661 91 27 forsling
839 661 22 21 af
876 661 96 25 bränvin,

214 697 86 26 vidtaga
324 697 25 20 de
365 697 74 20 vidare
455 696 146 27 förfoganden,
619 696 213 27 omständigheterna
847 697 71 19 kunna
934 695 37 26 pä-

215 731 65 26 kalla,
304 731 39 21 och
361 731 34 21 mä
410 731 97 22 bemälde
523 732 156 26 Departement
695 731 23 21 af
731 731 116 26 inflytande
863 730 109 21 bränvins-

214 765 156 22 skattemedlen
382 765 33 22 för
426 766 89 21 berördt
526 766 99 21 ändamål
636 766 99 21 använda
743 765 137 26 erforderligt
888 765 84 26 belopp.

562 835 12 27 8
591 836 33 20 63.

288 875 75 21 Denna
377 875 131 27 förordning,
525 875 138 27 hvarigenom
680 875 42 21 alla
738 874 57 21 förut
806 873 113 22 utfärdade
930 873 43 21 för-

215 909 117 27 fattningar
355 909 90 22 rörande
469 909 161 28 ifrågavarande
654 912 77 19 ämnen
754 909 98 26 upphöra
875 910 31 19 att
923 914 50 15 vara

216 944 106 27 gällande,
347 944 75 21 länder
445 945 33 20 till
501 945 145 21 efterrättelse
665 944 47 21 från
732 944 40 21 och
788 943 48 21 med
852 943 40 21 den
910 945 8 18 1
936 943 38 20 Ja-

216 979 63 20 nuari
297 979 60 21 1893.
