1086 1700
224 139 27 20 40
521 139 44 23 N:o
587 140 38 22 16.

197 208 30 20 tio
243 207 71 25 mark;
331 207 53 21 dock
399 208 32 20 att
447 206 155 27 fängelsetiden
618 207 47 21 icke
680 207 7 20 i
703 206 66 28 något
785 207 37 21 fall
837 206 35 22 må
883 209 70 19 sättas

196 242 75 26 längre
287 243 26 19 än
329 242 61 20 nittio
407 242 72 26 dagar.

545 304 11 28 8
572 306 34 19 26.

266 345 165 21 Vederbörande
454 344 87 22 fiskaler
564 345 40 21 och
627 344 170 28 kronoåklagare
817 346 7 19 i
840 345 114 21 allmänhet

200 379 82 27 åligger
303 381 33 19 att
358 380 27 26 på
409 380 34 20 det
467 382 159 24 noggrannaste
643 379 55 21 vaka
714 379 57 21 öfver
789 380 68 20 denna
872 379 83 21 förord-

199 414 63 26 nings
274 414 126 21 efterlefnad
413 414 38 21 och
463 414 153 20 öfverträdelse
630 413 62 21 deraf
700 414 93 26 lagligen
807 413 74 23 beifra,
892 413 63 21 hvar-

197 448 35 21 vid
257 448 26 21 de
306 454 40 21 ega
368 448 61 27 njuta
452 448 56 27 hägn
531 448 37 21 och
593 448 95 26 beskydd
708 448 43 21 lika
767 454 46 15 som
829 448 65 21 andre
911 454 43 14 em-

198 482 58 22 bets-
274 483 40 21 och
329 483 129 27 tjenstemän
477 485 56 19 samt
552 482 115 27 skyndsam
684 482 39 21 och
739 482 80 27 kraftig
835 482 120 21 handräck-

199 518 49 26 ning
271 517 39 21 hos
333 517 158 21 vederbörande
515 517 149 21 auktoriteter.
695 517 101 26 Fullgöra
820 516 25 22 de
864 516 18 27 ej
899 516 55 21 hvad

202 551 46 21 dem
265 552 91 21 sålunda
371 552 72 27 ålagdt
459 554 29 24 är,
499 558 51 15 vare
562 552 71 21 derför
644 552 48 26 laga
704 557 77 15 ansvar
790 551 164 21 underkastade.

479 674 62 15 VI
566 674 109 19 Kap.

211 729 34 22 Om
263 730 86 21 domstol
367 730 4 21 i
388 729 38 22 mål
444 730 86 21 rörande
546 729 159 22 öfverträdelser
722 729 19 20 af
757 729 66 21 denna
838 728 115 27 förordning

238 771 54 20 samt
309 771 112 26 fördelning
438 771 20 20 af
475 771 64 26 böter,
555 776 43 16 som
616 770 62 27 enligt
694 770 118 21 densamma
827 769 91 22 ådömas.

548 833 13 28 &
578 835 32 19 27.

269 874 120 27 Angifvelse
413 881 34 14 om
470 875 59 20 brott
549 876 57 19 emot
623 874 69 21 denna
709 873 126 27 förordning
852 875 104 25 upptages

199 909 38 20 och
258 909 94 21 afdömes
369 909 22 21 af
405 909 39 21 den
462 910 49 25 rätt,
529 909 37 20 der
581 909 83 20 brottet
679 908 67 21 blifvit
763 908 130 27 uppenbart,
909 915 48 14 men

200 944 50 20 sker
273 944 36 20 det
333 944 33 21 vid
391 944 133 21 embetsverk
544 943 50 21 eller
615 944 39 20 ock
669 943 38 21 hos
724 944 136 26 tjensteman,
877 949 44 14 som
939 943 17 26 ej

200 984 50 20 eger
266 978 113 26 domsrätt,
395 978 88 21 förvises
500 978 64 21 målet
580 978 32 20 till
622 977 161 22 vederbörande
796 977 162 21 underdomstol

200 1013 28 26 på
245 1013 80 26 stället,
342 1015 32 19 att
391 1013 37 21 der
444 1013 23 21 af
480 1013 94 26 offentlig
590 1013 101 26 åklagare
707 1012 90 21 utföras.

269 1047 46 21 Har
332 1048 130 20 embetsman
479 1047 57 26 felat,
553 1047 140 21 öfverlemnas
713 1047 64 20 målet
793 1047 32 20 till
843 1046 39 21 den
899 1046 59 21 dom-

199 1081 48 26 stol,
272 1087 45 15 som
338 1081 57 21 öfver
414 1081 53 21 hans
487 1081 67 21 andra
570 1081 193 27 tjensteförseelser
779 1087 50 20 eger
845 1081 111 20 domsrätt.

268 1115 42 21 Vill
326 1116 70 26 någon
413 1115 78 21 tilltala
509 1115 356 27 kartasigillata-försäljningsman
881 1115 33 20 för
930 1114 28 21 fel

197 1149 7 21 i
221 1150 39 20 och
276 1149 33 21 för
326 1150 47 21 dess
390 1150 126 26 befattning,
534 1150 83 20 anmäle
633 1150 77 20 sådant
724 1150 38 20 hos
775 1150 40 20 den
826 1149 130 26 myndighet,

198 1190 46 14 som
260 1184 80 20 honom
356 1184 118 21 förordnat.

549 1253 13 28 &
579 1255 33 19 28.

269 1293 52 26 Den,
347 1300 44 14 som
415 1294 153 21 öfverträdelse
588 1294 22 21 af
627 1294 70 21 denna
712 1293 127 27 förordning
856 1293 100 27 angifver,

198 1327 94 21 erhäller
307 1328 37 20 tvä
360 1328 129 27 tredjedelar
509 1329 17 26 ej
546 1328 82 21 mindre
645 1328 23 20 af
681 1328 25 20 de
722 1328 68 25 böter,
808 1334 45 14 som
869 1328 88 20 ädömas

198 1362 41 20 den
256 1361 107 27 felaktige,
381 1364 26 19 än
425 1362 22 21 af
461 1362 40 21 den
518 1362 164 21 undansnillade
698 1361 191 27 stämpelafgiften;
909 1368 48 14 men

198 1396 41 20 den
257 1397 139 20 äterstäende
412 1396 130 27 tredjedelen
559 1396 94 22 tillfaller
669 1397 90 20 kronan.
