1086 1700
216 132 13 20 2
409 131 29 23 U.
453 131 28 23 B.
493 144 27 3 —
535 132 75 28 Prop.
626 131 46 23 N:o
688 132 36 22 14.

190 196 120 19 närvarande
333 197 53 18 stora
405 195 78 25 brister,
505 196 8 19 i
528 198 20 22 ty
564 198 29 18 att
608 202 24 14 en
647 196 110 24 betydande
773 196 31 20 del
820 196 21 20 af
855 196 90 20 ständens

189 224 100 24 protokoll
312 227 49 17 samt
382 224 60 20 andra
465 224 218 25 lJandtdagshandlingar
705 224 44 20 icke
765 224 64 20 blifvit
843 225 30 19 till
888 225 57 24 tryck

188 252 124 20 befordrade,

260 286 126 20 Beträffande
411 286 68 20 främst
502 287 92 19 ståndens
616 287 106 26 protokoll,
746 287 72 19 beslöts
841 286 50 20 först
911 288 32 18 vid

189 314 118 24 landtdagen
328 315 22 19 år
373 315 62 23 1885,
457 318 30 16 att
507 316 98 18 desamma
627 316 63 19 skulle
712 315 25 24 på
752 316 69 18 allmän
837 316 107 19 bekostnad

189 343 86 24 tryckas.
305 343 41 19 För
360 344 54 19 tiden
429 343 42 20 före
487 344 129 24 nyssnämnda
631 344 22 20 år
669 344 58 19 hafva
741 345 69 18 endast
825 344 119 20 Ridderska-

188 375 34 21 pet
242 372 37 19 och
301 372 73 19 Adelns
397 372 99 24 protokoll
519 373 32 18 vid
566 373 39 19 alla
621 373 144 19 ständermöten
782 372 63 20 blifvit
860 373 83 24 tryckta.

189 400 41 20 Och
252 400 36 20 har
310 400 63 20 denna
395 400 103 24 tryckning
520 401 100 19 bekostats
635 401 21 19 af
671 401 144 24 Ridderskapet
831 402 35 18 och
882 401 62 19 Adeln

189 428 31 20 för
243 429 39 19 alla
296 428 122 25 landtdagar,
434 430 43 18 med
493 430 98 22 undantag
606 429 22 19 af
641 430 126 24 protokollen
783 430 43 18 från
843 430 53 20 1867
912 430 32 18 års

189 457 198 26 ständerförsamling,
411 458 24 19 då
457 458 247 24 tryckningskostnaderna
723 458 102 20 bestredos
840 458 21 19 af
872 464 23 14 en
911 464 33 14 en-

189 486 51 19 skild
256 486 156 24 ståndsmedlem,
435 486 50 20 efter
507 487 88 19 hvilkens
611 486 90 20 frånfälle
717 486 43 20 hela
776 487 63 23 lagret
853 486 22 20 af
889 487 55 19 dessa

189 514 100 24 protokoll
314 514 90 24 inköptes
427 514 20 20 af
469 521 23 13 en
515 515 121 20 härvarande
659 515 138 20 bokhandlare.
829 515 28 19 De
873 514 71 20 ofrälse

189 542 92 20 ståndens
303 543 100 23 protokoll
425 545 34 17 äro
482 544 88 19 däremot
591 544 122 24 fullständigt
731 544 78 24 tryckta
831 544 68 19 endast
914 544 30 19 för

188 571 118 24 landtdagen
332 572 47 19 åren
406 571 148 21 1863—1864.
590 573 174 23 Borgareståndets
790 573 99 24 prctokoll
913 572 31 19 för

189 600 118 24 landtdagen
328 600 22 19 år
369 600 55 19 1872
439 603 35 17 äro
490 601 31 19 väl
536 601 111 19 äfvenledes
662 601 30 19 till
708 601 56 24 tryck
781 601 116 20 befordrade
912 601 32 19 för

189 629 54 19 tiden
262 629 43 18 från
321 629 126 23 landtdagens
464 629 67 24 början
547 630 30 18 till
593 630 36 19 och
642 631 44 18 med
702 630 150 19 sammanträdet
867 630 37 19 den
917 629 26 20 23

189 657 45 25 maj,
258 663 43 13 men
324 657 123 24 protokollen
470 657 31 20 för
524 658 36 19 den
580 658 124 19 återstående
722 659 54 18 tiden
792 658 21 19 af
827 658 116 23 landtdagen

189 687 33 18 äro
239 685 91 24 otryckta
348 685 37 20 och
401 686 74 19 okändt
489 689 29 20 är,
534 687 94 19 huruvida
644 687 20 19 af
679 687 37 19 den
730 686 142 25 färdigtryckta
888 687 56 19 delen

189 714 59 23 något
264 714 54 23 lager
333 713 102 20 förefinnes
451 715 49 19 eller
515 715 47 19 hvar
578 716 33 18 det
623 715 95 20 förvaras.

261 748 57 19 Hvad
339 749 65 18 vidare
427 749 59 23 angår
509 749 24 19 de
551 749 30 19 till
596 749 141 23 landtdagarne
753 749 142 19 öfverlemnade
910 750 33 18 nä-

191 776 45 23 diga
255 777 151 23 propositioner,
429 777 229 26 utskottsbetänkanden,
674 777 120 20 Ständernas
813 783 44 14 svar
872 783 24 14 m.
912 783 31 19 m.,

189 804 58 20 hafva
262 805 58 19 dessa
334 804 43 20 frän
393 805 36 19 och
444 805 43 20 med
502 806 117 23 landtdagen
635 806 23 19 är
674 805 55 20 1872
744 805 88 24 utgifvits
848 805 25 25 pä
887 806 56 19 hvar-

190 833 46 19 dera
251 833 101 20 inhemska
374 833 80 24 språket
476 834 27 19 uti
526 840 24 13 en
572 835 82 23 samling
672 835 62 18 under
749 835 43 18 titel
809 849 13 11 ,,
825 835 118 22 Handlingar

188 861 102 20 tillkomna
318 862 32 19 vid
368 862 116 23 landtdagen
508 863 23 18 år
551 862 74 20 ——%
656 863 123 25 Asiakirjat
803 863 141 24 valtiopäiviltä

189 895 77 14 vuonna
290 892 74 18 ——*,
401 890 37 19 Vid
460 891 118 24 landtdagen
600 891 47 19 åren
670 891 141 20 1877—1878
834 891 110 19 faststäldes

188 918 21 19 af
231 918 151 20 Statsutskottet
405 925 22 13 en
447 919 45 24 plan
515 919 31 20 för
569 919 167 24 ordningsföljden
759 919 22 20 af
798 920 25 18 de
838 919 63 20 skilda
915 920 28 18 uti

190 947 57 18 dessa
270 947 105 23 samlingar
396 947 94 23 ingäende
512 947 88 24 skrifter,
624 948 77 19 hvilken
724 949 45 23 plan
785 948 110 19 sedermera
909 949 35 18 allt

188 974 98 24 framgent
301 975 64 19 blifvit
379 975 54 24 följd.
458 976 45 19 Men
520 977 6 18 i
542 977 34 18 det
590 976 85 24 omfång,
688 977 53 18 hvari
757 977 186 24 landtdagstrycket,

188 1003 78 20 oafsedt
285 1003 90 20 ständens
391 1004 106 24 protokoll,
513 1005 59 18 sedan
590 1005 54 20 1872
659 1005 103 19 utkommit
774 1005 25 24 pä
811 1005 83 19 svenska
906 1005 37 19 och

190 1031 62 20 finska
268 1032 91 24 spräken,
375 1032 63 23 utgafs
454 1033 106 19 detsamma
575 1033 43 19 icke
634 1034 32 18 vid
685 1033 139 20 1863—1864
840 1033 36 19 och
889 1033 52 20 1867

189 1060 31 19 års
244 1061 122 23 landtdagar.
396 1060 29 20 De
447 1061 71 24 nådiga
537 1062 173 24 propositionerna
725 1065 49 16 samt
789 1062 154 19 utskottsbetän-

189 1088 91 20 kandena
302 1089 37 19 och
362 1089 117 20 Ständernas
502 1095 44 14 svar
563 1090 7 18 i
586 1091 103 22 anledning
705 1089 20 20 af
740 1091 97 18 desamma
853 1091 30 18 vid
899 1090 44 19 sist-

189 1117 84 19 nämnda
287 1117 115 24 landtdagar
417 1117 58 20 hafva
489 1118 31 19 väl
535 1119 6 18 i
557 1119 57 23 tryck
630 1119 87 23 utgifvits
728 1119 25 24 pä
764 1119 83 19 svenska
857 1118 86 24 spräket.

188 1145 72 19 Vidare
283 1146 67 18 utkom
372 1146 23 19 år
419 1146 54 20 1879
493 1147 25 23 pä
533 1147 50 19 båda
598 1148 83 23 språken
698 1150 29 16 ett
742 1147 70 23 bihang
828 1148 29 18 till
873 1152 71 14 samma

188 1174 126 23 landtdagars
329 1174 121 24 handlingar,
466 1175 119 19 omfattande
600 1176 30 19 till
645 1176 140 23 landtdagarne
801 1175 141 19 öfverlemnade

188 1201 169 20 finansrelationer
372 1208 24 14 m.
412 1208 24 14 m.
474 1204 45 19 Men
544 1204 63 23 någon
629 1204 81 24 samling
732 1204 25 24 på
779 1204 63 19 finska
864 1204 80 23 språket

188 1231 136 19 motsvarande
346 1231 44 23 den,
413 1236 39 14 som
477 1232 101 19 utkommit
600 1232 26 24 på
640 1232 89 26 svenska,
745 1232 36 20 har
796 1232 45 19 icke
856 1232 87 24 utgifvits

188 1258 30 19 för
238 1258 141 24 landtdagarne
401 1259 46 19 åren
471 1259 141 21 1863—1864
636 1261 35 19 och
697 1260 61 21 1867.
789 1260 105 19 Likaledes
909 1263 34 17 äro

188 1287 38 18 alla
247 1287 231 24 petitionsbetänkanden
500 1289 37 19 och
560 1289 185 24 ständerpetitioner
763 1288 44 20 från
825 1289 119 19 sistnämnda

187 1315 117 23 landtdagar
320 1316 95 23 otryckta.

262 1344 29 18 På
312 1344 60 23 grund
393 1344 20 19 af
427 1344 56 20 dessa
498 1345 7 19 i
520 1345 79 19 korthet
614 1345 81 20 anförda
711 1346 42 18 skäl
769 1346 36 18 och
821 1345 123 20 föhållanden

189 1371 36 19 har
242 1372 36 24 jag
296 1374 46 17 äran
358 1372 34 19 hos
412 1373 109 24 Höglofliga
543 1374 146 24 Ridderskapet
709 1374 35 19 och
763 1374 64 19 Adeln
847 1375 97 19 vördsamt

188 1398 74 21 föreslå
278 1406 24 13 en
317 1401 119 23 underdånig
451 1402 82 23 petition
549 1402 80 24 därhän,
645 1406 29 16 att
689 1403 38 19 alla
742 1402 96 19 härintills
854 1403 90 23 otryckta

188 1428 102 23 protokoll
314 1429 36 19 och
372 1429 62 24 öfriga
449 1430 115 24 handlingar
580 1430 42 20 från
638 1431 139 23 landtdagarne
793 1430 42 20 före
851 1431 21 19 år
888 1430 54 21 1885

256 1466 140 18 Statsutskottets
408 1467 110 18 betänkande
530 1468 35 17 N:o
582 1468 17 18 9.
