1086 1700
235 136 26 20 72
532 137 45 23 N:o
600 138 37 22 11.

557 204 13 28 &
588 206 33 20 27.

280 245 18 20 1.
329 244 98 26 Mätning
443 244 38 21 och
497 244 104 27 profning
613 244 23 22 af
644 245 91 21 bränvin
746 243 129 21 verkställes
885 244 7 20 i
904 244 65 26 sprit-

207 278 176 21 hållarerummet
397 278 6 21 i
421 279 121 21 omedelbar
558 279 96 27 tidsföljd
676 279 22 21 af
711 278 128 26 kontrollör,
856 279 5 20 i
878 280 92 20 närvaro

209 312 23 22 af
246 313 36 21 det
298 313 34 21 vid
347 313 125 21 bränneriet
491 314 101 20 anstälda
607 314 75 26 vittne,
700 314 23 20 så
740 312 45 22 ofta
801 313 76 27 nödigt
893 315 23 19 är
932 313 38 21 och

207 347 70 21 under
301 347 100 27 dagsljus,
426 347 73 21 dervid
514 348 92 26 behöflig
624 348 165 26 handräckning
808 347 108 21 äfvensom
932 350 38 18 nö-

209 382 55 26 diga,
288 382 115 26 behörigen
426 382 80 20 krönta
521 382 56 21 mått
593 384 56 19 samt
666 382 69 21 andra
750 381 33 21 för
799 382 171 26 uppmätningen

208 416 141 26 erforderliga
371 416 47 21 kärl
442 416 39 21 och
505 416 99 22 tillbehör
621 417 22 21 af
657 417 124 21 tillverkare
797 416 174 21 tillhandahållas

208 453 56 19 samt
280 450 33 22 för
329 450 64 27 öfrigt
408 450 94 28 följande
517 451 135 21 föreskrifter
668 452 120 25 iakttagas:

276 486 23 26 a)
315 486 118 20 Bränvinet
448 486 6 20 i
471 486 152 26 sprithållaren
640 487 54 20 skall
711 486 146 26 omsorgsfullt
873 488 97 19 omröras

206 520 66 21 innan
291 521 170 26 uppmätningen
476 521 112 27 påbörjas;

279 554 20 28 6)
315 555 176 27 Uppmätningen
507 556 54 21 skall
572 556 130 21 verkställas
716 555 48 21 med
776 555 85 27 vanliga
872 555 97 26 koniska,

209 590 69 21 under
293 589 94 27 löpande
403 589 50 22 eller
473 590 180 27 nästföregående
670 591 23 20 år
706 590 114 27 justerade
836 590 39 21 och
890 591 80 25 stämp-

207 624 49 21 lade
273 624 51 21 eller
340 624 67 21 andra
424 624 23 21 af
461 625 181 21 öfverkontrollör
657 625 117 27 godkända
790 625 101 26 målkärl;

277 659 19 27 e)
320 659 32 21 De
371 659 167 27 transportkärl,
556 660 11 20 å
583 660 72 21 hvilka
670 660 115 21 bränvinet
801 659 6 21 i
824 659 145 26 sprithällare-

208 695 94 19 rummet
324 693 95 27 påfylles,
437 695 60 20 skola
512 701 52 14 vara
580 694 129 27 fullkomligt
725 696 60 19 toma
801 694 51 21 eller
867 693 40 22 fria
922 693 47 22 från

208 728 18 20 is
242 727 39 22 och
297 729 85 25 vatten;

278 763 23 26 d)
324 762 129 22 Bränvinets
478 763 122 27 afprofning
623 763 54 21 skall
700 763 129 21 verkställas
849 763 33 20 för
898 763 72 27 hvarje

209 796 84 27 påfyldt
309 798 172 25 transportkärl;

280 831 18 27 e)
322 831 129 22 Bränvinets
474 833 127 26 värmegrad
625 832 39 21 och
688 831 109 22 skenbara
821 832 74 26 styrka
911 832 61 21 skola

209 865 125 22 förmedelst
351 866 40 21 den
407 867 173 20 kontrollörerne
591 867 105 20 tillstälda
706 866 264 21 termo-alkoholometern

209 900 111 26 samtidigt
347 900 132 21 undersökas
503 901 133 21 omedelbart
660 901 54 21 efter
737 901 171 26 uppmätningen
932 901 38 20 och

208 935 195 26 transportkärlets
419 935 127 27 påfyllning;

274 968 24 26 £)
320 969 194 28 Undersökningen
538 969 125 22 verkställes
679 970 6 20 i
700 969 147 27 profcylinder
862 969 23 21 af
897 969 45 27 glas
959 970 12 20 å

208 1005 32 19 ett
264 1003 49 21 med
337 1003 139 22 stickhäfvert
499 1004 51 21 eller
573 1010 77 21 sugare
666 1011 27 14 ur
709 1003 187 27 transportkärlet
911 1005 59 25 taget

208 1037 54 27 prof,
286 1037 54 22 efter
363 1038 36 21 det
422 1038 115 21 bränvinet
556 1039 6 20 i
579 1039 69 20 kärlet
664 1038 70 21 blifvit
750 1038 34 20 väl
801 1038 97 21 omrördt
914 1040 56 19 samt

209 1072 110 27 cylindern
343 1072 38 21 och
397 1079 92 20 sugaren
505 1073 48 21 med
568 1073 91 21 bränvin
677 1073 93 21 derutur
786 1072 111 27 afsköljda.
927 1073 43 20 Det

208 1107 94 26 uttagna
324 1106 83 27 profvet
423 1106 33 21 fär
478 1107 35 21 vid
537 1107 189 27 undersökningen
746 1107 96 20 hvarken
858 1107 111 26 utspädas,

208 1143 132 25 uppvärmas
363 1142 51 20 eller
438 1142 89 27 afkylas,
544 1143 39 21 och
598 1143 55 21 skall
668 1142 93 27 profvet,
778 1142 67 20 innan
862 1142 108 21 alkoholo-

208 1176 84 20 metern
310 1176 44 20 deri
370 1176 127 27 nedsänkes,
514 1184 52 14 vara
582 1176 47 22 fritt
644 1176 48 22 frän
708 1176 117 21 luftbläsor
841 1178 55 19 samt
912 1176 58 21 alko-

207 1210 134 20 holometern
359 1210 100 22 aftorkad
475 1211 38 21 och
529 1211 129 27 fullkomligt
674 1218 49 17 ren;

276 1244 23 28 g)
323 1244 159 27 Värmegraden
506 1246 129 21 bestämmes
658 1252 78 20 genom
756 1244 105 26 afläsning
880 1246 12 19 å
908 1245 62 21 den
956 1240 16 37 i

208 1278 183 22 alkoholometern
407 1280 126 21 inneslutna
547 1282 167 19 termometerns
730 1280 68 26 skala,
808 1280 88 20 hvarvid
909 1280 60 25 bråk,

207 1319 46 15 som
269 1314 86 26 uppgär
370 1314 31 20 till
419 1314 51 21 eller
485 1314 127 28 öfverstiger
628 1321 25 15 en
669 1314 51 26 half,
738 1320 64 15 anses
817 1314 34 20 för
865 1314 34 20 hel
910 1314 59 25 grad,

207 1354 48 14 men
271 1347 55 21 bräk
342 1348 107 21 derunder
465 1349 115 25 uteslutes;

280 1382 22 24 Ah)
326 1382 111 22 Skenbara
460 1384 88 26 styrkan
568 1383 54 21 skall
638 1384 6 20 i
663 1384 93 26 procent
771 1382 131 21 bestämmas
917 1383 53 20 lika-

206 1416 58 20 ledes
290 1422 77 20 genom
393 1416 105 28 afläsning
521 1418 13 20 &
557 1418 40 20 den
621 1418 7 20 i
651 1417 186 21 alkoholometern
861 1416 109 26 befintliga

207 1450 169 27 profvareskala,
401 1451 89 21 hvarvid
512 1452 60 26 bråk,
593 1458 45 14 som
654 1452 129 26 öfverstiger
800 1457 25 15 en
842 1450 49 27 half,
908 1457 62 15 anses
