1086 1700
227 118 13 20 8
385 116 83 22 Ständ.
484 116 39 22 Sv.
541 130 26 3 —
578 116 75 29 Prop.
668 116 45 23 N:o
729 117 34 22 11.

196 182 76 22 kunde
294 182 71 22 denna
389 183 123 27 anordning
532 184 80 26 utgöra
630 182 35 22 för
680 183 105 22 städerna
801 189 28 16 en
845 182 105 23 frestelse

197 220 33 20 att
252 218 104 22 betrakta
375 218 270 28 bränvinshandteringen
661 219 72 21 såsom
749 226 28 15 en
791 219 159 21 inkomstkälla

196 253 36 22 för
247 254 131 22 kommunen
393 255 40 21 och
448 256 33 20 att
497 254 38 23 vid
550 254 52 22 dess
613 254 112 23 ordnande
736 255 39 21 och
785 254 166 23 öfvervakande

196 289 48 23 afse
265 290 69 22 andra
349 290 101 22 ändamål
466 292 28 20 än
509 290 162 28 nykterhetens
687 291 40 21 och
744 291 153 27 sedlighetens
912 291 37 21 be-

196 326 129 28 främjande,
346 326 86 22 hvilket
452 327 50 21 åter
517 326 74 22 kunde
606 326 51 22 leda
671 327 37 21 till
723 327 131 28 betänkliga
871 328 78 20 konse-

196 368 102 21 qvenser,
322 368 34 15 om
379 362 28 27 på
429 362 64 22 dessa
514 362 72 22 medel
606 362 107 28 grundats
729 362 158 28 inrättningar,
904 369 46 15 som

195 396 36 23 för
246 398 41 21 sitt
301 398 94 21 bestånd
410 397 76 23 fordra
501 398 118 27 varaktiga
634 398 127 22 inkomster.
792 393 74 27 Äfven
879 398 35 22 för
922 404 28 16 en

196 434 56 21 sund
268 434 129 27 utveckling
412 434 25 21 af
450 433 81 28 sjelfva
545 434 233 27 bolagsinstitutionen
793 440 54 16 vore
863 434 38 22 det
914 434 36 21 till

196 469 76 28 skada,
289 476 33 14 om
337 470 89 22 vinsten
441 469 26 22 af
480 470 51 21 dess
547 470 86 21 rörelse
648 470 40 21 och
705 470 36 22 det
757 470 64 27 goda,
839 476 46 15 som
901 470 48 21 der-

195 505 50 22 med
268 504 36 22 för
326 511 56 21 egen
402 506 103 20 kommun
526 505 44 21 kan
586 507 102 26 uträttas,
706 506 85 21 komme
807 507 34 20 att
857 505 92 22 framstå

196 542 71 21 såsom
283 541 120 28 företagets
419 541 193 28 hufvudändamål,
628 542 90 22 hvilket
731 542 25 27 ju
772 542 56 20 dock
843 542 40 21 bör
895 547 53 16 vara

194 577 142 22 hämmandet
350 577 25 22 af
387 577 147 28 rusdryckers
550 578 112 21 missbruk
678 584 78 21 genom
773 577 175 27 ändamålsenlig

195 613 123 27 anordning
334 613 24 22 af
371 613 96 22 handeln
483 613 50 22 med
548 613 55 22 dem.
635 613 46 22 Och
692 613 93 22 emedan
795 613 153 22 hufvudända-

194 649 69 22 målet
283 649 49 22 med
348 649 231 27 bolagsinstitutionen
595 649 67 22 äfven
677 649 36 22 för
728 649 134 22 kommunen
877 649 72 21 måste

195 691 65 16 anses
276 685 64 22 bestå
355 685 7 21 i
378 685 27 22 de
420 685 104 28 fördelar,
542 685 42 22 den
600 685 104 27 erbjuder
719 685 8 21 i
743 685 104 22 afseende
864 685 13 21 å
892 684 55 27 nyk-

194 721 76 22 terhet
285 721 40 21 och
341 721 80 21 allmän
437 721 95 27 ordning
548 721 39 21 och
603 727 46 16 som
664 721 50 21 icke
730 721 72 27 ernås,
818 721 8 20 i
842 720 106 22 händelse

194 757 204 22 bränvinshandeln
420 763 54 15 vore
497 756 151 22 öfverlemnad
670 757 24 21 åt
718 756 107 27 enskilde,
848 757 56 20 samt
920 756 28 21 då

194 793 107 27 bolagens
323 792 62 22 vinst
403 792 101 22 härefter
525 792 166 27 otvifvelaktigt
706 793 99 21 kommer
821 793 33 20 att
869 791 78 28 betyd-

193 829 42 26 ligt
259 830 93 25 stegras,
376 828 63 22 torde
459 829 51 20 skäl
531 828 49 22 icke
595 828 119 21 förefinnas
730 828 36 21 till
782 827 115 28 farhågan,
914 829 34 20 att

193 864 111 26 städerna,
328 870 34 15 om
383 864 64 21 deras
469 864 65 21 andel
554 864 7 21 i
577 864 148 21 vinstmedlen
740 863 143 27 inskränkes,
898 863 49 22 icke

193 900 78 21 vidare
293 900 86 21 komme
399 901 33 20 att
448 899 110 22 öfverlåta
574 900 23 21 åt
612 900 65 27 bolag
692 899 144 22 uteslutande
852 900 46 20 rätt
912 899 35 20 till

194 931 215 39 spritvaruhandeln.
737 963 2 2 |

266 971 51 22 Men
333 973 53 20 enär
402 971 105 22 städerna
523 971 13 21 å
552 971 68 21 andra
632 971 62 21 sidan
702 970 80 21 främst
791 969 22 22 få
823 970 124 22 vidkännas

194 1007 144 26 olägenheter
361 1006 25 21 af
404 1007 207 24 bränvinshandeln,
626 1006 67 21 bland
706 1007 67 20 annat
785 1005 66 22 äfven
861 1005 87 22 direkta

193 1042 122 22 kostnader
340 1043 8 20 i
370 1043 40 20 och
435 1042 36 22 för
494 1042 134 27 ordningens
651 1041 202 28 upprätthållande,
881 1047 66 22 synes

192 1078 132 27 billigheten
347 1077 80 27 fordra,
451 1079 34 20 att
507 1077 35 22 för
564 1078 104 21 städerna
688 1077 123 22 bibehålles
832 1083 27 15 en
875 1079 73 20 större

193 1113 67 22 andel
275 1113 25 22 af
312 1113 95 28 vinsten,
423 1113 36 22 för
475 1115 33 20 att
524 1113 126 27 derigenom
665 1113 74 22 tillika
752 1112 62 28 gifva
827 1113 49 21 dem
887 1119 60 15 mera

192 1150 99 21 intresse
311 1151 33 19 att
363 1150 161 26 monopolisera
546 1150 96 21 handeln
657 1150 40 20 hos
713 1149 66 27 bolag
795 1150 56 20 samt
867 1148 79 22 under-

192 1185 57 21 lätta
272 1185 140 22 underhållet
433 1185 25 21 af
476 1185 169 27 allmännyttiga
660 1184 157 27 inrättningar,
835 1190 46 15 som
897 1184 50 22 med

192 1221 106 26 bolagens
322 1220 132 22 vinstmedel
477 1220 175 22 åstadkommits.
688 1220 104 22 Deremot
813 1226 54 15 anse
883 1219 63 22 Stän-

193 1256 75 28 derna,
285 1256 8 21 i
308 1258 92 20 motsats
415 1256 36 22 till
466 1256 60 22 hvad
541 1256 7 21 i
564 1256 43 22 den
622 1256 81 27 nådiga
713 1256 165 26 propositionen
889 1254 57 22 före-

193 1292 52 27 slås,
268 1293 34 20 att
321 1292 223 22 landskommunerna
564 1294 57 20 samt
635 1292 142 21 landtbruks-
793 1291 40 21 och
849 1291 97 21 hushåll-

192 1328 195 26 ningssällskapen
402 1328 50 22 icke
468 1328 69 22 borde
552 1328 85 21 erhålla
651 1328 67 26 något
729 1326 24 22 af
761 1326 106 28 bolagens
879 1327 67 27 vinst,

193 1365 54 19 enär
269 1363 82 21 sådana
371 1364 112 21 särskilda
503 1363 195 27 omständigheter,
715 1369 46 15 som
777 1362 108 22 motivera
902 1364 43 20 stä-

192 1398 82 22 dernas
296 1398 137 28 delaktighet
454 1399 8 21 i
482 1399 170 27 ifrågavarande
667 1393 78 38 medel,
760 1398 51 22 icke
827 1397 119 23 förefinnas
