1086 1700
305 110 82 23 Ständ.
405 110 38 22 Sv.
459 123 30 3 —
503 110 74 28 Prop.
594 110 44 22 N:o
655 110 35 22 12.
815 112 26 20 11

336 177 47 27 digt
403 178 32 20 att
449 178 86 26 utgifva
550 178 69 20 insatt
633 183 63 21 vara,
713 178 71 20 innan
798 182 73 22 maga-

336 214 67 20 sinets
419 213 198 27 tillgodohafvande
630 213 39 26 för
680 213 128 26 förskjutna
818 213 53 21 kost-

336 249 77 26 nader,
432 248 39 26 för
491 254 84 16 varans
594 249 153 27 uppläggning
763 248 37 21 och
815 248 57 22 vård

337 286 58 20 samt
408 284 39 26 för
463 284 26 21 de
504 284 73 27 öfriga
592 284 113 27 uppdrag,
722 285 151 26 inrättningen

336 321 9 20 i
368 320 37 21 och
426 320 39 26 för
485 326 89 15 samma
592 326 57 15 vara
664 320 76 27 utfört,
757 320 68 26 blifvit
841 320 32 21 till

335 356 56 26 fullo
405 355 81 27 guldet.

579 410 14 20 8
609 411 19 24 $.

409 451 45 21 För
469 452 31 20 all
515 452 77 25 skada,
609 457 48 15 som
673 451 78 26 träffat
765 457 56 15 vara
834 456 39 16 un-

338 487 39 21 der
389 487 41 21 den
441 487 38 26 tid,
491 487 131 21 densamma
632 488 59 20 varit
701 488 9 20 i
717 487 93 21 allmänt
819 492 54 21 upp-

339 523 151 26 lagsmagasin
503 523 73 26 insatt,
589 523 93 21 likasom
693 523 36 21 ock
737 523 38 26 för
783 522 89 27 förlust,

339 564 47 16 som
401 558 101 27 uppstått
517 560 8 20 i
538 559 56 27 följd
610 558 71 27 deraf,
698 560 32 20 att
745 564 71 16 varan
831 558 20 27 ej
865 559 9 20 i

340 595 86 26 behörig
446 595 33 21 tid
495 594 57 27 från
566 595 125 26 magasinet
706 595 123 26 utlemmats,
845 595 29 20 är

338 631 183 20 varuinsättaren
537 631 122 26 berättigad
674 631 33 20 till
717 631 121 25 ersättning
849 630 28 26 af

338 667 158 26 inrättningen,
513 666 39 21 der
568 667 19 26 ej
602 667 60 20 visas
677 667 50 24 kan,
743 667 32 20 att
787 666 85 21 skadan

340 703 49 20 eller
410 701 129 27 dröjsmålet
552 702 124 26 föranledts
692 702 28 26 af
732 701 141 27 öfvermäktig

340 738 138 26 tilldragelse,
501 744 84 15 varans
600 744 52 20 egen
667 737 141 26 beskaffenhet
823 737 51 21 eller

340 773 82 22 sädant
435 773 30 27 fel
480 774 9 20 i
502 773 181 27 förpackningen,
700 779 47 15 som
762 773 37 21 vid
812 774 62 20 emot-

340 809 102 27 tagandet
465 810 20 26 ej
503 810 28 26 af
545 810 35 21 det
597 811 57 25 yttre
672 810 85 21 kunnat
771 815 102 20 varsnas,

340 845 50 21 eller
413 845 37 21 ock
472 844 80 22 vällats
574 846 28 26 af
621 846 183 21 varuinsättaren
824 845 50 21 eller

340 881 57 21 hans
410 881 51 26 folk.

411 916 82 27 Skada,
518 923 47 15 som
589 917 78 26 träffat
687 923 61 19 vara,
768 917 107 21 hvilken
863 912 15 36 i

340 953 219 26 upplagsmagasinet
581 953 80 21 insatts
679 953 50 21 med
741 951 134 28 förbehällen

340 989 45 20 rätt
406 988 38 26 för
467 989 123 26 magasinet
613 990 33 20 att
668 989 85 26 utgifva
772 989 103 26 antingen

341 1024 41 20 den
392 1024 83 21 insatta
486 1030 72 15 varan
570 1025 50 20 eller
628 1031 77 14 annan
714 1025 88 21 dermed
805 1025 70 26 jemn-

339 1059 49 26 god,
412 1065 53 15 vare
487 1061 153 26 inrättningen
660 1061 86 26 skyldig
761 1061 32 20 att
807 1061 9 20 i
831 1060 44 21 alla

340 1095 117 22 händelser
480 1097 89 25 ersätta,
593 1095 79 22 såvida
695 1097 86 20 skadan
799 1096 19 26 ej
830 1096 45 27 för-

341 1131 85 21 anledts
441 1131 28 27 af
482 1131 143 28 öfvermäktig
641 1132 137 27 tilldragelse.

586 1204 13 20 9
614 1206 20 23 S.

412 1250 139 27 Ersättning,
572 1257 47 15 som
635 1252 66 26 enligt
716 1252 14 20 8
745 1254 13 23 $
775 1251 55 21 skall
844 1252 31 20 ut-

339 1286 79 26 gifvas,
438 1286 109 21 beräknas
567 1287 53 26 efter
636 1287 77 21 värdet
725 1288 38 26 för
779 1286 98 22 oskadad

341 1328 56 15 vara
420 1322 66 26 enligt
507 1321 111 28 gängbart
637 1324 53 25 pris
710 1322 32 28 pä
761 1324 61 20 orten
839 1323 38 21 vid

342 1358 41 21 den
401 1357 38 26 tid,
460 1357 30 21 dä
509 1364 72 15 varan
597 1358 47 21 bort
660 1359 32 20 till
707 1359 124 21 insättaren
845 1360 31 19 ut-

342 1394 89 20 lemnas.
