1086 1700
313 110 82 22 Ständ.
412 110 39 22 Sv.
467 123 29 3 —
511 109 74 28 Prop.
600 109 46 23 N:o
662 109 36 22 16.

174 218 111 22 allmänna
308 218 71 22 medel
398 217 101 28 beviljas,
518 220 41 19 när
574 216 105 28 gåfvan
668 212 15 38 i

176 254 69 22 värde
261 253 132 28 öfverstiger
409 255 43 19 200
469 253 69 28 mark,
555 253 97 22 skrifves
666 253 13 21 å

175 289 119 27 stämpladt
310 295 83 21 papper
408 289 35 21 till
459 290 32 20 ett
506 289 79 27 belopp
596 288 25 22 af
628 288 51 28 fyra

132 339 2 5 |
172 326 96 26 procent.

143 361 162 27 Embetsintyg,
321 366 24 16 se
360 360 109 22 fullmakt.

144 396 245 28 Fartygsförpassning,
406 402 24 16 se
445 402 58 21 pass.

143 432 121 22 Fastebref
278 432 95 22 skrifves
385 432 28 27 på
424 432 119 27 stämpladt
553 438 83 21 papper
644 432 34 22 för

174 470 33 20 ett
226 468 185 28 egendomsvärde
427 468 24 21 af
464 468 35 21 till
515 468 39 21 och
569 468 50 21 med
635 470 43 19 250

173 499 73 37 mark.
280 499 17 37 .
317 522 36 3 oc
385 520 76 5 ses
494 521 75 4 sov
602 519 76 6 ss

175 539 128 23 derutöfver
321 541 25 19 10
362 540 66 26 penni
436 539 35 21 för
479 539 76 27 hvarje
566 541 40 19 100
615 540 63 21 mark

202 576 26 21 af
241 575 202 28 egendomsvärdet.

205 612 109 21 Domaren
330 613 25 20 är
371 611 90 28 skyldig
477 613 33 19 att
525 611 7 21 i
543 611 77 28 hvarje
631 611 46 28 fall,

175 647 27 22 då
218 647 82 28 lagfart
316 653 32 16 om
364 647 107 21 afslutadt
481 647 44 26 köp
537 647 12 21 å
559 646 45 23 fast
612 653 65 22 egen-

176 683 47 22 dom
246 682 75 23 blifvit
340 682 120 28 fulländad,
477 683 40 21 och
533 682 71 28 öfriga
618 683 8 21 i
642 683 37 28 lag

176 719 105 27 stadgade
299 719 73 21 vilkor
389 718 126 28 fullgjorda,
530 718 52 22 derå
589 718 90 22 utfärda

177 754 113 27 fastebref,
306 754 71 22 ehvad
393 754 78 21 sådant
481 755 93 26 begäres
586 755 55 21 eller
652 755 26 27 ej.

145 789 93 22 Fribref
252 790 54 21 eller
322 789 260 22 nationalitetscertifikat
592 789 36 23 för
636 790 52 26 far-
681 785 9 36 |

176 827 47 26 tyg,
240 825 121 22 oberoende
377 825 24 22 af
415 825 156 28 drägtigheten

143 861 163 28 Friherrebref,
323 867 24 16 se
363 861 85 27 diplom.

143 897 104 22 Frisedel
258 897 35 21 till
303 903 76 16 varors
388 897 100 27 lossning
496 897 40 21 och
543 897 98 28 lastning

142 933 120 27 Fullmakt,
279 933 153 27 embetsintyg,
448 933 170 26 konstitutorial,
634 933 43 22 för-

175 969 116 27 ordnande,
311 969 102 21 kallelse-
432 969 40 21 och
488 957 188 44 antagningsbref,
685 961 2 9 |

172 1004 207 28 protokollsutdrag,
396 1011 26 15 m.
438 1011 33 20 m.,
481 1005 143 26 hvarigenom
635 1008 51 18 em-
681 1000 9 36 |

173 1040 57 27 bete,
247 1040 68 27 tjenst
330 1040 55 21 eller
395 1039 126 28 befattning
531 1041 98 21 besättes
637 1041 40 21 och

172 1075 128 28 bortgifves,
317 1076 54 21 eller
387 1076 41 21 ock
446 1082 66 15 namn
523 1076 55 21 eller
588 1076 99 29 värdig-|

172 1111 38 21 het
231 1111 112 28 förunnas,
364 1111 50 22 med
433 1111 26 22 de
475 1112 117 28 undantag,
608 1118 46 15 som
669 1108 18 29 i!

175 1147 71 21 denna
268 1147 129 27 förordning
419 1147 70 22 finnas
511 1148 107 21 särskildt
633 1154 43 16 om-

174 1183 102 21 nämnda:

173 1218 23 28 a)
214 1219 13 20 å
243 1220 91 26 embete,
350 1219 69 27 tjenst
434 1219 55 21 eller
504 1218 134 29 befattning:

190 1256 29 19 1:o
240 1254 13 22 å
269 1254 98 27 militär-,
383 1254 68 28 civilt,
468 1255 154 21 ecklesiastikt
637 1256 40 21 och

214 1290 214 28 skollärareembete,
443 1290 76 28 tjenst,
534 1291 72 27 syssla
622 1291 55 21 eller

213 1326 140 27 beställning,
370 1332 45 16 som
436 1326 25 21 af
474 1326 62 22 Hans
552 1326 125 28 Kejserliga

212 1361 161 28 Majestäteller
377 1362 165 21 vederbörande
548 1362 129 27 myndighet

213 1397 113 26 tillsättes,
346 1397 97 22 skrifves
459 1398 13 20 å
489 1398 119 26 stämpladt
623 1404 52 21 pap-

824 112 25 20 17

832 506 27 21 25

831 901 27 19 25
