1086 1700
222 134 23 20 16
519 135 44 23 N:o
585 136 39 22 11.

472 205 91 15 Art.
588 204 72 16 ITI.

342 254 33 22 Om
391 255 122 27 distillering
529 255 37 21 och
584 255 70 27 rening
672 255 21 21 af
709 254 90 22 bränvin.

535 318 11 27 8
564 319 32 20 19.

259 358 10 20 I
280 358 102 21 bränneri
392 364 50 15 vare
454 358 129 27 distillering
594 358 23 21 af
626 358 89 21 bränvin
726 358 49 21 med
787 358 39 20 den
842 358 33 20 för
884 358 63 21 brän-

186 392 152 28 vinsbränning
361 392 89 22 afsedda
474 393 99 27 redskap,
597 393 69 21 under
688 393 71 27 tillsyn
783 392 24 21 af
821 392 125 27 kontrollör,

185 426 240 22 bränneriinnehafvare
450 427 83 22 tillåten
556 427 66 21 under
646 428 40 20 den
711 428 6 20 i
740 427 11 27 &
771 428 13 20 4
800 434 63 14 mom.
883 428 9 20 1
910 427 36 21 be-

185 461 85 21 stämda
295 461 37 25 tid,
356 462 27 20 dä
399 462 128 26 distillering
542 468 25 15 ur
582 462 61 21 mäsk
658 462 49 21 icke
722 462 6 20 i
744 462 124 21 bränneriet
884 462 60 20 verk-

185 496 81 21 ställes.
298 496 61 21 Hvad
383 496 5 21 i
413 497 94 21 nämnda
530 503 62 15 mom.
617 499 24 19 är
664 496 101 28 stadgadt
780 503 33 15 om
830 497 114 21 sabbatens

184 530 71 26 helgd,
272 530 62 22 lände
348 531 79 27 jemväl
444 531 33 21 till
493 531 144 21 efterrättelse
653 531 35 21 vid
705 531 134 27 distillering.

534 589 10 27 8
561 590 34 20 20.

260 630 17 19 1.
308 623 109 27 Ästundar
433 629 72 27 någon
521 629 95 21 härefter
632 629 64 21 vinna
711 629 104 27 rättighet
831 631 33 18 att
875 629 7 20 i
893 628 49 21 stad

184 663 76 21 utöfva
283 663 129 27 distillering
429 663 71 22 såsom
517 664 92 21 särskild
625 664 81 27 näring,
722 663 79 27 ingifve
817 663 74 21 derom
906 669 38 15 an-

183 698 68 21 sökan
267 698 32 21 till
316 699 119 26 magistrat,
456 705 45 14 som
522 698 142 21 öfverlemnar
679 698 90 21 ärendet
784 698 33 21 till
834 697 109 22 stadsfull-

182 732 107 27 mäktiges
306 733 59 26 eller,
383 733 37 21 der
437 733 82 21 sådana
535 733 47 21 icke
597 733 77 26 finnas,
691 733 184 21 rådhusstämmas
886 732 56 27 pröf-

182 767 58 26 ning.
270 767 72 21 Afslås
365 767 153 27 ansökningen,
540 767 64 21 blifve
620 767 74 21 dervid
710 767 121 25 beroende;
847 773 49 15 men
912 767 31 20 bi-

182 801 62 21 falles
268 801 130 28 densamma,
421 802 141 21 öfverlemnas
579 802 89 21 ärendet
683 801 23 22 af
720 802 141 26 magistraten
875 801 67 26 jemte

182 838 48 23 eget
246 835 100 27 yttrande
361 836 33 21 till
410 837 169 26 länestyrelsens
596 836 124 27 afgörande.

254 871 20 20 2.
305 870 43 21 Vill
363 870 69 27 någon
449 871 52 20 idka
517 871 58 26 dylik
590 871 78 26 näring
684 871 12 20 ä
711 871 79 25 landet,
801 870 93 21 inlemne
905 876 36 14 an-

182 904 93 27 sökning
291 905 74 21 derom
381 905 33 21 till
430 907 71 20 ortens
516 905 211 26 kommunalnämnd,
743 911 44 14 som
798 905 39 20 har
853 906 32 19 att
896 904 45 21 der-

181 938 60 21 öfver
265 938 80 27 afgifva
367 940 106 26 yttrande,
498 940 81 21 hvilket
602 939 142 22 öfverlemnas
759 939 33 21 till
807 939 134 21 kommunal-

180 974 120 20 stämmans
316 973 136 26 ordförande,
469 974 108 21 hvarefter
594 975 69 20 denne
679 975 35 20 vid
725 973 217 22 kommunalstämma

180 1007 108 22 inhemtar
303 1008 144 21 kommunens
464 1008 84 27 mening
563 1009 7 20 i
586 1011 78 18 ämnet.
694 1008 85 21 Varder
795 1008 145 25 ansökningen

180 1041 90 27 ogillad,
286 1041 97 22 förfaller
399 1042 86 27 frågan,
501 1049 48 15 men
565 1043 119 26 tillstyrkes
700 1042 60 21 bifall
776 1042 33 21 till
825 1042 115 21 ansöknin-

179 1082 46 21 gen,
252 1076 129 22 öfverlemne
404 1077 152 28 ordföranden,
578 1077 66 27 jemte
665 1079 49 25 eget
728 1077 106 26 yttrande,
852 1076 88 21 ärendet

179 1110 32 21 till
228 1111 149 27 länestyrelse,
393 1118 46 15 som
460 1112 46 21 deri
521 1112 66 21 fattar
603 1112 71 21 beslut
690 1112 38 21 och
744 1111 69 27 gifver
828 1111 37 21 det
881 1111 59 21 kom-

179 1146 191 21 munalnämndens
387 1146 128 22 ordförande
531 1147 112 21 tillkänna.

252 1181 19 20 3.
302 1180 141 28 Distillering,
466 1181 70 21 såsom
552 1181 92 21 särskild
660 1182 81 26 näring,
758 1180 33 21 får
806 1180 19 27 ej
841 1180 63 20 idkas
920 1179 23 21 af

179 1214 67 21 andre
270 1217 26 19 än
322 1215 53 24 dem,
395 1222 46 14 som
458 1216 67 26 enligt
540 1216 11 27 &
571 1218 8 18 1
597 1217 38 20 äro
650 1215 137 27 berättigade
803 1217 32 19 att
851 1214 90 21 bränvin

179 1248 107 22 tillverka.
317 1250 62 20 Hvad
395 1250 7 20 i
424 1256 83 15 samma
521 1250 12 28 $
548 1252 24 18 är
588 1250 101 26 stadgadt
706 1256 32 15 om
755 1250 64 26 bolag
835 1250 56 20 samt
906 1249 6 20 i
929 1248 11 27 $

179 1278 12 20 2
208 1277 111 27 angående
334 1278 78 21 förbud
428 1281 57 19 emot
500 1279 210 26 bränvinsbränning
725 1278 12 21 å
753 1278 112 26 boställen,
882 1278 58 20 inom

177 1312 153 26 Lappmarken
345 1312 40 21 och
401 1312 12 22 å
430 1313 107 27 lägenhet,
553 1313 97 27 tillhörig
661 1313 70 27 någon
743 1312 20 21 af
775 1312 26 21 de
811 1313 7 20 i
829 1312 12 26 $
860 1313 3 19 1
877 1317 63 15 mom.

178 1347 12 19 3
206 1347 94 21 nämnde
316 1353 107 21 personer,
443 1348 55 26 gälle
515 1348 45 26 ock,
574 1348 67 26 jemte
657 1348 48 20 från
717 1347 65 27 sagde
792 1346 78 22 förbud
881 1346 59 21 med-

177 1380 67 27 gifvet
260 1381 115 27 undantag,
391 1382 7 20 i
415 1382 100 21 afseende
524 1376 13 37 &
559 1382 135 26 distillering.

250 1417 21 19 4.
301 1416 176 22 Föreskrifterna
498 1418 7 20 i
528 1424 63 14 mom.
618 1419 8 19 1
645 1418 40 20 och
701 1419 13 19 2
730 1419 37 19 äro
783 1416 47 22 icke
846 1416 93 26 tillämp-

179 1450 44 26 liga
247 1450 12 20 å
283 1450 138 22 härförinnan
445 1452 7 20 i
475 1452 49 26 laga
547 1452 92 26 ordning
662 1452 113 21 tillkomna
791 1451 149 27 distillerings-

901 1506 3 7 N
