1086 1700
466 120 45 23 N:o
532 121 38 21 11.
839 119 24 19 19

140 194 42 20 sen,
200 187 64 21 sedan
281 186 180 22 öfverkontrollör
477 188 92 20 lemnats
585 187 86 21 tillfälle
682 189 31 19 att
724 188 57 26 yttra
793 187 32 26 sig
837 186 59 22 öfver

138 222 25 20 de
185 228 107 20 personer,
316 222 73 20 hvilka
404 222 34 20 till
454 222 123 21 erhållande
595 221 23 21 af
632 221 215 27 kontrollörssysslan
863 222 31 26 sig

137 256 87 27 anmält,
247 259 55 18 samt
325 256 93 20 erhåller
441 257 68 20 under
533 256 210 27 tjenstgöringstiden
768 256 23 20 af
812 256 81 20 kronan

136 291 78 21 arvode
230 291 33 21 till
279 290 92 27 följande
386 291 77 26 belopp
479 291 116 27 nemligen:

220 326 34 21 vid
270 326 72 26 tillsyn
358 326 12 20 å
386 327 31 19 ett
432 325 101 21 bränneri
583 326 25 20 12
624 325 62 21 mark
701 325 7 20 i
725 324 84 28 dygnet,

307 376 9 12 »
356 359 12 21 å
383 359 36 21 två
435 360 125 21 brännerier
586 361 24 19 16
643 376 9 10 »
700 376 10 10 »
757 376 9 10 »

205 396 19 20 2.
255 394 125 22 Kontrollör
403 394 93 27 åtnjuter
519 394 71 21 tillika
614 394 23 21 af
658 394 88 28 kronan,
767 394 66 27 enligt
848 395 45 26 gäl-

136 430 64 21 lande
216 429 185 27 ordningsstadga,
418 429 119 27 ersättning
552 429 34 21 för
601 430 69 26 skjuts
687 430 38 20 och
741 430 152 26 traktamente,

139 464 109 21 äfvensom
271 464 33 20 för
328 464 62 20 skrif-
411 464 39 20 och
466 464 139 45 TOKEN
627 464 53 21 eller
702 464 192 27 plomberingsma-

137 499 94 21 terialier
246 501 56 19 samt
317 500 119 25 postporto.

206 535 20 19 3.
256 533 29 21 Af
306 533 126 21 tillverkare
455 533 93 21 erhäller
571 533 120 21 kontrollör
706 535 51 19 utan
774 533 119 27 ersättning

139 568 99 26 enskildt,
262 568 120 27 anständigt
405 568 120 21 möbleradt
547 575 47 14 rum
617 568 49 21 med
682 570 77 23 värme,
776 568 117 27 belysning,

138 603 129 27 uppassning
284 602 38 21 och
338 602 79 27 nödiga
432 603 101 20 tillbehör
550 603 12 20 &
578 603 37 20 det
631 603 69 25 ställe,
717 603 37 20 der
770 603 124 20 bränneriet

137 639 24 19 är
184 637 90 26 beläget,
298 639 56 18 samt
377 637 115 26 dessutom,
517 637 53 21 efter
594 639 48 24 eget
665 637 41 26 val,
730 637 100 27 antingen
845 637 50 21 kost

138 672 52 21 eller
213 672 46 26 fyra
281 671 61 21 mark
361 677 33 15 om
412 671 68 26 dagen
495 671 7 21 i
518 671 180 27 kostpenningar;
716 671 54 21 dock
785 671 35 21 mä
835 672 58 20 läne-

138 706 96 27 styrelse,
258 705 26 22 dä
300 706 157 26 framställning
474 706 72 21 derom
562 708 68 24 göres,
656 712 38 20 ega
711 708 32 19 att
759 706 134 21 beträffande

137 740 114 21 bostadens
274 741 47 26 läge
344 740 106 27 medgifva
467 741 25 20 de
507 740 84 21 mindre
607 740 121 26 afvikelser,
745 741 86 20 hvartill
847 741 47 20 skäl

137 775 121 21 förefinnas.

207 810 19 20 4.
256 809 94 21 Innehar
375 809 119 21 kontrollör
521 809 73 27 tillsyn
618 809 60 21 öfver
701 809 36 21 två
759 809 134 28 brännerier,

139 844 80 27 ätnjute
242 845 42 20 han
307 844 110 27 samtidigt
433 844 138 27 boningsrum
588 846 56 19 samt
660 844 49 21 kost
725 844 52 21 eller
792 844 101 27 kostpen-

138 879 75 27 ningar
236 879 76 21 endast
328 878 12 21 å
356 880 31 20 ett
410 878 23 21 af
455 879 74 26 dessa;
545 879 38 21 och
600 885 44 21 ege,
660 879 7 20 i
683 879 53 26 följd
751 879 67 25 häraf,
835 879 58 20 inne-

137 914 88 21 hafvare
248 913 23 21 af
292 913 80 22 sädana
394 913 126 22 brännerier
543 916 39 24 att,
606 913 54 21 efter
680 913 214 22 öfverenskommelse

137 948 49 21 med
208 948 126 27 kontrollör,
358 948 31 27 sig
412 948 91 21 emellan
527 948 81 21 fördela
632 948 149 27 skyldigheten
804 949 32 20 att
851 948 43 21 till-

137 982 131 22 handahälla
283 983 79 20 honom
378 983 91 20 nämnde
485 982 114 21 förmåner.

205 1019 19 20 5.
256 1018 107 26 Nederlag
389 1018 35 21 vid
450 1018 108 25 bränneri,
587 1018 38 20 der
652 1017 136 26 tillverkning
815 1017 18 27 ej
857 1018 37 25 pä-

137 1053 45 26 gär,
212 1053 55 20 skall
297 1053 76 20 ställas
403 1053 67 20 under
495 1052 85 27 uppsigt
606 1051 22 21 af
652 1051 241 27 nederlagskontrollör,

139 1093 45 14 som
201 1086 114 21 förordnas
332 1087 23 20 af
369 1087 146 26 länestyrelse,
535 1087 67 20 sedan
614 1086 179 21 öfverkontrollör
804 1087 91 20 lemnats

138 1121 84 21 tillfälle
245 1123 32 19 att
300 1121 107 27 angående
423 1121 121 21 sökandene
567 1121 33 22 till
616 1121 146 27 befattningen
779 1121 31 27 sig
825 1122 68 26 yttra;

138 1156 39 21 och
200 1156 116 20 bestämme
331 1156 140 26 länestyrelse
488 1156 35 21 det
539 1156 53 20 eller
608 1156 25 20 de
648 1155 107 27 nederlag,
772 1161 45 15 som
833 1155 62 21 skola

138 1190 33 21 stä
193 1190 68 21 under
284 1190 73 27 hvarje
379 1190 66 21 sådan
461 1190 127 22 kontrollör.
618 1190 131 22 Underrätte
765 1190 40 20 ock
821 1190 73 20 derom

138 1224 179 22 Ofverkontrollör
334 1225 38 21 och
388 1225 131 21 tillverkare.

206 1262 20 19 6.
256 1260 247 26 Nederlagskontrollör,
519 1266 45 14 som
580 1260 6 20 i
602 1259 100 21 afseende
713 1254 11 37 &
745 1259 73 27 tillsyn
835 1258 59 22 öfver

137 1294 124 27 nederlaget
283 1294 39 21 har
344 1296 32 19 att
398 1294 104 26 iakttaga,
518 1294 56 21 hvad
590 1293 222 21 brännerikontrollör
825 1293 68 21 finnes

137 1329 80 27 älagdt,
233 1328 99 27 erhäller,
349 1328 26 21 dä
395 1329 43 21 han
453 1328 104 22 tillkallas
573 1328 34 21 till
623 1328 129 26 förrättning
768 1328 35 20 vid
817 1327 76 21 neder-

137 1364 65 26 laget,
218 1363 24 21 af
256 1363 122 21 tillverkare
394 1363 73 27 hvarje
482 1364 57 26 gäng
554 1362 7 21 i
578 1364 31 19 ett
625 1362 33 21 för
674 1362 39 21 allt
728 1362 41 21 tolf
783 1362 66 21 mark.
