1086 1700
218 118 26 20 52
512 119 43 23 N:o
578 120 38 21 11.

191 187 38 21 allt
244 188 8 20 i
267 186 138 28 försäljarens
428 187 60 27 värjo
511 187 29 26 på
563 186 73 22 stället
658 186 107 27 befintligt
780 186 91 21 bränvin
885 186 65 27 jemte

189 222 47 21 kärl
252 221 159 21 underkastadt
425 221 74 27 beslag
515 220 39 22 och
569 220 115 22 förbrutet.

262 258 19 19 2.
312 256 39 21 Om
373 262 79 14 ansvar
467 255 34 21 för
516 255 53 21 värd
586 255 50 21 eller
651 255 150 21 föreståndare
817 256 13 20 å
845 255 105 21 utskänk-

190 290 132 27 ningsställe,
346 290 85 21 hvilken
450 290 75 27 bryter
541 291 57 20 emot
613 289 164 22 föreskrifterna
792 290 7 21 i
815 290 14 28 &
845 290 26 21 24
887 296 62 15 mom.

190 326 12 20 3
220 325 39 21 och
275 326 19 25 4,
311 325 87 27 stadgas
414 325 6 20 i
437 324 132 27 strafflagen.
602 320 138 26 Öfverträdes
757 324 34 22 vid
802 324 148 22 minuthandel

188 359 102 22 förbudet
313 360 32 20 uti
368 359 13 28 &
405 360 27 20 24
447 366 56 14 mom
520 360 19 25 3,
557 359 77 21 stände
650 359 42 21 den
707 359 114 27 brottslige
837 359 112 21 enahanda

188 400 86 19 ansvar,
298 400 44 15 som
367 394 111 26 angäende
500 394 53 21 värd
577 394 51 21 eller
652 393 150 22 föreständare
817 394 14 20 &
846 394 103 20 utskänk-

188 428 126 27 ningsställe
330 431 24 19 är
369 428 70 27 sagdt.

537 457 13 27 8
568 458 33 20 38.

261 493 158 25 Öfverträdelse
435 497 23 21 af
473 498 130 26 stadgandet
613 498 7 20 i
631 497 13 28 &
658 499 24 19 16
694 504 35 14 om
739 498 125 20 bränvinets
875 497 74 27 styrka

189 532 87 21 straffas
291 532 48 21 med
355 532 62 21 böter
432 532 47 21 frän
497 532 38 21 och
551 532 48 21 med
614 532 79 27 fyratio
710 532 32 21 till
758 532 39 21 och
812 532 48 21 med
871 532 78 21 ättatio

188 567 72 23 mark;
284 573 47 15 men
355 566 32 21 för
410 566 128 27 förbrytelse
560 569 46 19 mot
629 567 57 21 hvad
705 567 6 20 i
728 569 89 19 sammai
833 566 12 29 &
861 566 88 27 stadgas

189 609 33 14 om
246 602 131 27 spritvarors
401 602 75 21 renhet
502 602 72 21 dömes
594 602 32 21 till
641 602 63 21 böter
719 601 68 22 första
803 602 83 26 gången
901 600 48 21 från

189 636 39 21 och
251 637 48 20 med
319 637 117 26 sjuttiofem
453 637 31 20 till
501 637 39 20 och
555 637 48 20 med
620 635 191 22 etthundrafemtio
828 636 67 26 mark,
912 642 37 14 an-

190 671 38 20 dra
248 671 84 26 gången
348 671 46 21 från
413 671 38 21 och
468 671 48 21 med
533 670 192 22 etthundrafemtio
741 670 32 21 till
789 670 39 21 och
843 670 49 21 med
906 671 43 20 tre-

188 706 87 21 hundra
298 706 61 21 mark
381 708 55 19 samt
461 706 68 27 tredje
545 706 39 21 och
600 705 93 28 följande
709 711 60 15 resor
784 705 46 21 från
848 705 39 21 och
901 705 49 20 med

188 740 120 21 trehundra
332 740 31 21 till
386 740 39 21 och
448 741 48 20 med
519 740 123 21 sexhundra
665 740 68 21 mark.
763 739 109 28 Derjemte
895 739 54 21 skall

188 775 74 26 hvarje
284 775 57 26 gång
358 775 26 20 all
401 775 6 20 i
423 774 222 27 försäljningslokalen
663 774 96 27 befintlig
774 781 52 14 oren
842 774 107 26 spritvara

190 809 74 21 dömas
280 809 118 21 förbruten.

536 837 13 28 8
566 839 33 20 39.

260 878 113 27 Begagnar
390 879 69 26 någon
478 880 57 19 emot
550 878 131 27 stadgandet
692 878 6 20 i
710 877 13 28 &
737 879 24 20 19
772 877 178 27 utminuterings-

189 913 51 20 eller
263 913 223 26 utskänkningslokal,
510 913 66 20 innan
601 913 124 20 densamma
748 912 68 21 blifvit
832 912 6 21 i
855 912 37 21 der
913 912 36 21 be-

190 947 71 20 stämd
278 947 91 26 ordning
384 947 123 26 hesigtigad
523 947 38 20 och
577 947 107 25 godkänd,
702 946 51 21 eller
767 945 130 22 försummar
912 947 37 20 nä-

189 987 41 20 gon
254 980 164 22 föreskrifterna
437 981 3 20 i
457 981 14 28 &
489 982 23 19 17
537 987 62 14 mom.
622 983 8 18 1
649 983 33 19 att
705 981 49 20 med
776 981 57 26 skylt
849 968 100 43 utmärka

190 1015 171 21 minuthandels-
384 1015 38 21 och
444 1015 224 27 utskänkningslokal,
685 1015 51 21 eller
752 1015 74 26 bryter
841 1017 57 19 emot
914 1015 34 21 det

188 1050 7 21 i
211 1055 83 16 samma
315 1056 63 14 mom.
402 1050 105 26 stadgade
529 1049 78 22 förbud
630 1051 57 20 emot
703 1049 126 27 försäljning
845 1049 22 21 af
881 1049 68 21 andra

188 1090 64 15 varor
268 1084 7 20 i
291 1084 155 27 sammanhang
462 1084 49 21 med
521 1084 153 27 spritdrycker,
686 1084 52 21 eller
749 1084 131 21 äsidosätter
890 1084 58 21 stad-

188 1118 81 27 gandet
284 1118 6 21 i
306 1124 63 15 mom.
386 1119 13 20 2
415 1117 23 22 af
451 1124 82 15 samma
548 1117 20 29 &,
585 1118 67 27 plikte
667 1118 79 27 fyratio
762 1118 67 22 mark.

537 1181 13 28 $
567 1182 33 20 40.

259 1220 172 22 Underlätenhet
457 1220 22 22 af
494 1220 136 22 föreskriften
647 1222 5 20 i
669 1221 13 29 &
699 1222 13 20 4
729 1228 62 14 mom.
808 1222 13 20 2
837 1222 34 20 att
887 1221 12 21 &
914 1223 34 19 ut-

187 1255 199 26 skänkningsställe
410 1255 57 21 hälla
482 1262 66 20 varm,
565 1256 97 21 närande
678 1257 52 24 mat,
747 1256 84 21 straffes
847 1256 49 20 med
910 1255 38 21 bö-

186 1290 34 20 ter
243 1288 69 22 första
335 1290 83 26 gängen
442 1289 78 27 fyratio
543 1290 68 26 mark,
628 1290 69 21 andra
713 1296 63 15 resan
793 1290 78 21 ättatio
886 1291 61 20 mark

186 1322 40 22 och
248 1323 70 27 tredje
341 1330 62 14 resan
428 1324 180 27 etthundratjugu
627 1325 62 20 mark
702 1324 66 27 jemte
783 1324 78 21 förlust
878 1324 22 20 af
913 1326 34 19 ut-

186 1357 187 27 skänkningsrätt.

537 1386 13 28 8
566 1388 26 19 41

259 1415 158 26 Öfverträdelse
434 1420 23 22 af
471 1420 149 27 stadgandena
630 1421 31 29 18
678 1423 27 19 20
722 1421 84 21 straffes
822 1422 48 21 med
885 1422 62 22 böter

184 1454 49 20 frän
250 1454 39 20 och
305 1454 47 21 med
368 1454 77 27 fyratio
462 1454 33 22 till
510 1455 39 21 och
564 1456 48 20 med
628 1456 78 20 ättatio
723 1456 67 21 mark.
