1086 1700
362 144 29 22 U.
407 144 27 22 B.
447 156 25 3 —
489 144 74 28 Prop.
580 144 45 22 N:o
641 144 37 22 14.
857 144 11 20 7

210 206 35 22 På
266 206 76 29 grund
365 206 25 22 af
411 206 39 22 det
471 206 97 22 anförda
590 206 36 22 får
643 206 122 22 Utskottet
779 205 119 23 vördsamt

141 240 96 23 föreslå:

418 340 31 18 att
473 337 124 21 Ständerna
620 337 49 21 ville
692 338 64 20 anslå
775 344 24 14 en
815 344 83 14 summa

351 372 29 26 af
397 373 94 24 340,900
506 372 62 20 mark
584 372 35 21 till
633 372 137 20 bestridande
785 372 30 27 af
825 372 26 20 de
866 372 33 20 uti

350 408 15 24 $
387 407 30 20 82
441 406 32 27 af
491 406 252 28 Landtdagsordningen
768 406 131 22 omnämnda

351 440 114 21 allmänna
487 440 93 28 utgifter
594 440 42 28 för
652 440 133 28 landtdagen
800 440 26 21 år
841 441 58 20 1894

350 474 111 27 äfvensom
473 474 41 27 för
529 474 80 21 vården
619 474 45 22 .och
680 474 135 21 underhållet
830 474 70 21 under

353 508 180 28 budgetperioden
549 509 145 21 1892—1894
705 509 31 27 af
750 508 150 21 ständerhuset

351 545 56 18 samt
423 542 135 21 Ständernas
573 542 63 21 arkiv
651 542 39 21 och
706 542 104 21 bibliotek.

214 753 48 22 Vid
277 753 172 29 behandlingen
465 753 26 22 af
504 753 39 22 det
565 753 8 22 i
596 753 170 29 ofvanintagna
780 753 121 28 petitions-

146 787 120 22 memorial
280 787 145 22 framställda
439 787 111 28 yrkande,
566 787 42 22 har
618 787 119 22 Utskottet
753 787 77 22 tillika
845 787 8 21 i
869 787 32 21 öf-

146 821 148 29 vervägande
317 821 60 28 tagit
399 823 34 20 ett
447 821 64 22 inom
526 821 172 29 Ridderskapet
713 821 43 22 och
771 821 76 22 Adeln
862 821 40 21 vid

146 855 142 29 petitionens
296 855 80 22 remiss
385 856 75 21 såsom
468 855 84 30 tillägg
565 856 37 21 till
612 856 134 21 densamma
758 855 75 24 väckt,
842 858 60 19 samt

147 890 123 22 Utskottet
291 897 84 21 genom
390 890 215 29 protokollsutdrag
620 889 114 30 delgifvet
748 890 87 29 förslag
851 889 52 22 där-

147 931 45 20 om,
215 926 35 19 att
269 923 89 29 jämväl
380 923 46 22 alla
443 924 116 21 härintills
575 925 108 28 otryckta
697 924 140 29 handlingar
851 923 53 22 från

147 958 143 29 landtdagen
312 958 9 21 i
343 958 77 29 Borgå
443 959 25 20 år
485 959 54 21 1809
560 959 72 21 måtte
653 959 30 28 på
706 959 85 21 allmän
812 958 92 21 bekost-

147 992 46 22 nad
215 992 38 21 till
273 992 68 29 tryck
363 992 124 22 befordras.
517 993 12 21 I
550 993 74 22 likhet
654 993 52 21 med
727 992 177 29 förslagsställa-

147 1033 55 14 rene
222 1033 67 14 anser
306 1026 121 22 Utskottet
451 1026 40 22 det
515 1034 55 14 vara
595 1027 26 22 af
643 1027 120 29 synnerlig
787 1027 57 28 vigt,
870 1029 34 20 att

147 1060 47 21 alla
216 1060 118 21 härintills
356 1061 107 28 otryckta
486 1061 116 28 protokoll
623 1061 43 22 och
688 1061 140 29 handlingar
852 1061 52 22 från

148 1094 56 21 våra
218 1094 100 29 tidigare
333 1094 145 29 landtdagar,
493 1095 52 21 icke
561 1095 70 22 minst
646 1095 52 22 från
714 1095 45 22 den
773 1096 8 21 i
791 1095 78 28 Borgå
880 1095 25 22 år

150 1129 62 27 1809,
238 1132 67 25 göras
328 1129 8 21 i
358 1129 67 28 tryck
443 1129 156 29 tillgängliga,
616 1129 42 23 och
674 1130 65 22 torde
765 1129 74 29 enligt
864 1129 40 23 Ut-

149 1162 99 22 skottets
288 1163 151 21 förmenande
481 1164 89 22 arbetet
619 1164 57 22 härä
716 1164 55 22 böra
809 1164 96 28 vidtaga

148 1197 27 21 sä
210 1199 64 19 snart
306 1204 49 14 som
384 1198 99 28 möjligt.
527 1198 46 22 Till
602 1198 128 22 utredande
760 1198 26 22 af
812 1198 93 22 kostna-

149 1230 72 22 derna
240 1230 37 22 för
298 1231 179 29 ifrågavarande
498 1232 78 22 arbete
592 1232 41 22 har
648 1233 121 21 Utskottet
784 1232 122 22 verkställt

149 1272 29 14 en
200 1265 171 29 approximativ
386 1265 135 30 beräkning,
544 1266 74 29 enligt
640 1266 96 22 hvilken
751 1266 155 22 kostnaderna

148 1298 37 22 för
208 1299 157 29 tryckningen
388 1300 27 21 af
427 1300 110 22 ståndens
553 1304 63 18 ännu
631 1301 107 28 otryckta
753 1301 153 21 diskussions-

150 1333 118 28 protokoll
283 1333 40 21 vid
337 1333 170 29 landtdagarne
522 1334 52 22 från
590 1335 25 21 år
629 1336 55 22 1863
693 1336 36 20 till
741 1336 25 21 år
778 1336 60 25 1885,
849 1342 57 21 upp-

149 1367 107 21 skattade
272 1368 37 20 till
324 1368 61 21 circa
402 1369 62 26 1,350
480 1368 116 29 tryckark,
612 1369 80 26 skulle,
709 1370 73 21 under
797 1370 109 21 förutsätt

148 1401 59 28 ning
230 1403 34 19 att
286 1402 118 28 upplagan
427 1404 64 26 tages
515 1403 7 21 i
546 1404 41 21 250
610 1404 124 28 exemplar,
755 1404 101 29 gestalta
872 1404 35 28 sig

148 1434 110 22 sålunda:

219 1474 140 20 Statsutskottets
371 1476 111 18 betänkande
494 1476 37 18 N:o
544 1478 17 16 9.
