1086 1700
322 105 82 23 Ständ.
421 106 38 22 Sv.
477 120 26 2 —
522 108 76 26 Prop.
614 106 44 23 N:o
676 106 35 23 16.
831 108 28 21 49

487 168 26 20 25
531 167 18 28 $.

216 208 45 22 Gör
278 208 71 27 nägon
365 209 58 21 bruk
439 208 25 21 af
478 209 56 21 eller
550 210 71 20 sätter
636 209 8 21 i
660 209 85 27 omlopp
762 210 53 21 äkta
827 211 64 20 stäm-

144 244 120 27 pelpapper
289 244 55 22 eller
367 244 177 28 stämpelmärke,
568 244 87 22 hvilket
675 245 78 21 honom
769 245 123 27 veterligen

144 280 68 22 redan
232 280 74 22 blifvit
327 280 34 21 för
382 280 40 22 sitt
437 280 101 22 ändamål
554 280 104 28 användt,
676 280 87 23 straffes
780 282 48 21 med
844 281 48 28 fän-

144 317 61 27 gelse
224 316 6 21 i
250 316 65 27 högst
334 323 39 15 sex
389 316 104 22 mänader
509 317 55 21 eller
580 318 70 26 böter,
668 317 55 21 dock
739 317 49 21 icke
804 317 89 23 utöfver

145 354 87 20 ettusen
248 352 68 22 mark.

214 388 55 28 Den,
292 394 44 16 som
357 388 65 22 fälles
443 389 36 21 till
500 389 68 27 böter,
586 394 50 16 men
652 388 81 22 saknar
749 388 95 28 tillgäng
860 391 32 19 att

143 424 49 22 dem
207 425 34 21 till
258 424 53 22 fullo
328 424 70 27 gälda,
415 424 58 22 skall
489 424 71 22 hällas
577 424 7 21 i
600 424 101 27 fängelse
712 424 34 22 för
757 424 51 22 hela
819 425 72 21 bötes-

143 460 108 28 beloppet,
271 460 92 22 hvarvid
383 460 50 27 fyra
449 460 80 27 dagars
545 460 101 27 fängelse
663 466 77 16 svarar
756 462 57 20 emot
828 461 64 21 böter

143 496 35 22 till
194 496 40 22 och
250 496 49 22 med
314 496 62 28 tjugu
392 496 71 26 mark;
481 495 35 22 för
533 496 37 22 det
585 496 86 26 belopp,
689 502 45 15 som
742 495 149 28 öfverskjuter

143 532 61 27 tjugu
220 532 63 22 mark
299 532 39 22 och
354 532 70 27 stiger
439 532 35 21 till
491 532 119 21 etthundra
626 532 69 27 mark,
713 532 53 21 ökas
780 531 109 28 fängelse-

143 569 85 21 straffet
247 569 49 22 med
315 575 27 15 en
361 569 42 26 dag
419 568 35 22 för
469 568 77 28 hvarje
563 568 51 21 fullt
629 569 80 26 belopp
725 567 24 22 af
763 567 43 22 fem
822 567 67 27 mark,

143 605 39 20 och
205 604 35 22 för
263 605 42 21 den
326 604 35 22 del
383 603 24 22 af
425 605 98 26 böterna,
545 611 45 14 som
607 603 149 28 öfverskjuter
772 604 118 21 etthundra

142 641 68 27 mark,
235 640 53 21 ökas
311 639 188 28 fängelsestraffet
520 640 48 22 med
590 647 27 14 en
639 640 43 27 dag
697 640 34 22 för
747 640 76 27 hvarje
839 639 51 22 fullt

142 676 78 27 belopp
244 675 25 22 af
288 676 30 21 tio
339 676 72 26 mark;
433 676 55 21 dock
509 678 33 19 att
557 675 163 28 fängelsetiden
736 677 49 20 icke
801 677 6 20 i
823 676 66 27 nägot

142 711 39 22 fall
197 712 35 21 mä
248 713 68 20 sättas
333 712 77 27 längre
426 714 28 19 än
471 712 64 21 nittio
552 712 73 27 dagar.

483 785 26 20 26
527 783 18 29 &.

213 825 170 22 Vederbörande
401 825 105 28 äklagare
523 826 86 27 äligger
625 826 36 21 vid
678 826 162 27 tjensteansvar
856 827 33 20 att

142 860 28 27 pä
191 861 37 21 det
247 863 161 25 noggrannaste
427 861 57 22 vaka
499 861 63 22 öfver
578 862 72 21 denna
665 861 140 28 förordnings
821 861 66 22 efter-

142 895 74 22 lefnad
232 897 39 20 och
288 896 159 22 öfverträdelse
464 897 65 22 deraf
542 898 96 27 lagligen
654 897 77 22 beifra.

448 994 39 24 VI
507 995 68 30 Kap.

141 1057 43 22 Om
200 1057 104 22 domstol
320 1057 10 22 i
344 1058 49 21 mål
404 1058 107 22 rörande
522 1058 190 22 öfverträdelser
720 1058 27 22 af
753 1058 80 22 denna
841 1058 46 21 för-

241 1093 107 27 ordning
364 1094 61 21 samt
440 1093 145 28 fördelning
600 1094 28 22 af
640 1094 79 27 böter,
735 1100 51 16 som

342 1129 78 28 enligt
435 1129 139 23 densamma
590 1129 106 23 ädömas.

481 1197 27 21 27
526 1196 18 28 8.

211 1237 129 27 Angifvelse
356 1244 34 14 om
406 1238 59 20 brott
481 1240 58 19 emot
554 1238 71 22 denna
641 1238 128 27 förordning
779 1239 108 25 upptages

141 1273 38 21 och
195 1272 97 23 afdömes
308 1273 24 21 af
346 1273 41 22 den
403 1275 52 25 rätt,
472 1274 39 21 der
522 1274 84 21 brottet
616 1273 75 23 blifvit
701 1274 128 26 uppenbart,
838 1280 49 15 men

141 1308 51 22 sker
208 1308 36 22 det
260 1309 37 22 vid
314 1309 140 22 embetsverk
470 1309 55 22 eller
541 1310 40 20 ock
597 1310 39 21 hos
652 1310 137 27 tjensteman,
807 1315 45 15 som
867 1309 18 27 ej

140 1350 52 21 eger
208 1344 113 27 domsrätt,
338 1344 94 23 förvises
449 1345 67 21 mälet
531 1344 34 22 till
582 1345 165 21 vederbörande
757 1344 128 22 underdom-

141 1380 41 20 stol
198 1380 27 26 pä
242 1380 81 28 stället,
341 1383 31 18 att
389 1380 39 22 der
444 1380 24 21 af
481 1380 99 27 offentlig
596 1381 105 26 åklagare
717 1380 89 22 utföras.

803 1422 11 16 4
