1086 1700
224 124 27 20 62
421 122 28 23 U.
464 123 28 21 B.
508 135 28 3 —
550 122 74 28 Prop.
639 122 42 23 N:o
696 122 35 22 11.

196 194 34 15 ser
252 190 51 24 rätt,
326 187 109 23 fastställa
458 189 26 21 de
507 189 167 27 bestämningar,
691 188 122 22 Ständerna
831 191 72 20 ansett
918 190 33 27 sig

194 222 52 21 böra
266 222 7 21 i
292 222 63 27 lagen
378 222 74 27 införa,
477 223 52 21 eller
550 225 66 25 vägra
636 223 141 22 fastställelse
792 224 49 21 med
857 224 40 21 den
913 224 37 27 på-

193 255 52 27 följd
270 258 32 19 att
324 256 73 22 landet
420 257 101 27 antingen
537 257 70 22 blefve
623 259 52 19 utan
691 257 74 27 hvarje
780 258 93 21 särskild
889 258 62 22 brän-

194 290 89 27 vinslag,
304 290 6 21 i
330 290 37 21 det
385 291 149 27 näringslagen
550 291 69 21 blefve
636 292 40 21 den
692 292 55 21 enda
761 292 142 22 normerande
918 292 34 22 för

194 324 264 28 bränvinshandteringen,
475 326 53 21 eller
543 326 41 21 ock
595 332 76 20 genom
683 332 26 16 en
720 326 186 22 inkonstitutionel
918 327 33 21 åt-

193 359 54 26 gärd
261 358 69 22 blefve
347 360 96 26 hugnadt
457 360 49 21 med
523 366 24 16 en
564 360 157 22 administrativ
734 360 36 27 lag
780 361 7 21 i
798 362 79 21 ämnet.
908 361 43 21 Det

193 392 75 22 höfves
284 393 46 22 icke
342 393 121 23 Ständerna
473 396 33 19 att
515 394 118 22 frammana
644 394 55 22 slika
710 394 177 22 konstitutionela
898 395 52 21 kon-

193 426 78 27 flikter,
288 428 24 21 så
327 428 85 26 mycket
427 428 88 26 mindre,
533 434 46 16 som
596 428 122 22 Ständerna
733 435 88 15 numera
833 428 62 22 hafva
905 436 47 14 mo-

193 461 109 21 tionsrätt.
332 462 67 21 Förut
415 463 72 21 kunde
503 463 37 21 det
556 470 50 14 vara
622 463 137 27 motiveradt,
774 465 32 19 att
823 463 126 26 Ständerna,

194 502 77 20 genom
287 498 33 19 att
338 496 107 27 begränsa
464 497 75 26 lagens
557 497 185 27 tillämpningstid,
761 497 62 21 sökte
842 498 108 21 vindicera

193 530 33 26 sig
248 532 45 19 rätt
316 532 37 23 att,
376 531 3 20 i
400 531 40 21 den
455 532 50 20 mån
520 531 129 21 förändrade
665 531 148 21 förhållanden
830 532 71 21 kunde
917 532 33 21 så-

193 564 51 21 dant
267 564 105 27 påfordra,
396 566 51 26 göra
466 566 32 21 sin
515 566 45 21 röst
576 565 54 22 hörd
646 565 132 22 beträffande
795 566 118 21 ordnandet
929 566 23 22 af

192 598 238 28 bränvinstillverkning
453 600 39 21 och
517 599 131 28 försäljning.
679 600 49 22 Men
751 607 76 20 genom
847 601 101 21 motions-

191 635 72 19 rätten
280 635 36 20 äro
332 633 121 22 Ständerna
468 641 89 14 numera
563 629 13 37 i
595 634 84 22 tillfälle
696 636 31 19 att
743 635 34 21 vid
792 635 73 27 hvarje
879 635 69 21 landt-

192 667 41 26 dag
255 667 121 22 framställa
399 669 46 20 sina
468 669 110 26 yrkanden
602 669 40 21 och
666 669 79 26 förslag
765 669 32 21 till
813 669 135 27 ändringar
937 663 15 37 i

191 701 269 28 bränvinslagstiftningen,
481 703 85 21 hvarför
589 703 74 27 hvarje
677 709 69 15 annan
762 703 136 27 bestämning
914 710 34 15 om

191 735 75 27 lagens
282 736 141 27 tillämpning,
443 739 27 19 än
489 743 34 15 om
540 737 59 21 tiden
616 737 26 21 då
659 737 41 22 den
716 737 54 21 skall
785 737 62 22 träda
861 738 8 21 i
884 738 64 27 kraft,

191 771 25 20 är
239 769 128 28 fullkomligt
390 771 114 26 obehöflig.
534 771 48 21 Den
602 771 39 22 har
657 771 71 26 också,
745 771 72 22 såsom
830 772 37 27 jag
881 772 66 21 redan

191 804 101 27 antydde,
316 805 55 21 visat
395 805 33 26 sig
450 812 51 15 vara
525 805 33 22 för
578 805 120 22 Ständerna
714 806 75 27 sjelfva
804 808 79 25 ytterst
899 807 49 20 obe-

190 838 70 26 kväm,
285 839 27 20 då
335 839 26 21 de
381 839 122 27 derigenom
519 840 92 26 nödgats
627 840 35 21 vid
678 839 144 28 afslutningen
839 840 22 21 af
875 841 72 27 hvarje

190 872 222 27 tillämpningsperiod
427 874 93 26 granska
536 873 26 22 de
573 874 64 26 långa
647 873 246 28 författningsförslagen
901 874 46 21 från

190 906 18 21 A
227 907 31 20 till
280 907 24 25 O,
324 907 67 21 under
407 907 37 22 det
459 910 32 19 att
507 909 37 20 det
558 908 96 26 verkliga
670 908 101 21 behofvet
786 908 77 21 endast
878 909 69 21 skulle

190 940 57 21 kräft
269 940 164 28 föreläggandet
455 941 33 22 för
512 942 128 26 Ständerna,
663 942 7 21 i
685 941 53 22 form
754 942 23 21 af
789 943 159 26 propositioner

190 975 52 21 eller
262 976 112 25 motioner,
391 976 22 21 af
427 976 81 26 förslag
524 977 31 20 till
571 977 92 26 partiela
678 977 121 26 ändringar.
830 977 31 21 På
877 977 69 27 grund

190 1009 22 20 af
226 1009 56 22 hvad
295 1010 37 27 jag
348 1017 27 14 nu
392 1009 76 28 anfört,
484 1010 33 21 får
529 1011 38 27 jag
582 1011 110 21 vördsamt
706 1011 89 22 föreslå:

397 1075 30 19 att
451 1073 122 22 Ständerna
595 1075 65 20 måtte
685 1073 130 27 oförändrad
833 1074 115 26 godkänna

328 1107 39 20 den
386 1107 81 26 nådiga
483 1108 171 25 propositionens
670 1107 77 28 lydelse
761 1107 34 27 för
809 1109 14 24 $
840 1109 27 19 74
881 1108 9 20 i
904 1108 43 26 för-

328 1141 115 26 ordningen
455 1148 32 15 om
497 1142 130 26 tillverkning
639 1142 35 21 och
683 1142 125 26 distillering
817 1142 26 26 af
848 1142 94 23 bränvin,

425 1288 22 28 b)
464 1288 246 28 Försäljningslagen.

257 1350 114 22 Utskottet
386 1352 39 21 har
442 1352 129 21 oförändrad
586 1352 82 26 antagit
684 1358 63 15 mom.
765 1354 8 18 1
793 1351 22 22 af
829 1351 10 27 $
856 1354 11 18 4
879 1352 6 21 i
899 1359 47 20 pro-

186 1384 131 27 positionen,
338 1386 43 20 däri
402 1386 29 21 bl.
448 1393 19 14 a.
482 1387 79 20 minsta
581 1386 108 26 beloppet,
712 1392 45 15 som
773 1386 34 21 vid
822 1386 123 22 minuthan-

188 1418 33 21 del
244 1418 34 22 får
301 1419 71 27 säljas,
391 1420 130 21 bestämmes
538 1420 31 21 till
585 1420 37 21 två
637 1421 55 21 liter.
723 1420 42 26 Jag
780 1420 42 20 kan
838 1420 43 21 lika
898 1421 48 21 litet

256 1458 194 19 Ekonomiutskottets
463 1460 117 18 betänkande
592 1460 36 18 N:o
641 1461 16 17 3.
