1086 1700
237 112 27 20 58
430 110 29 22 U.
474 110 28 22 B.
517 122 28 3 —
560 110 74 27 Prop.
650 110 41 22 N:o
708 109 33 22 11.

207 176 155 21 samverkande
377 175 102 27 faktorer,
496 176 72 21 säsom
584 176 100 26 stigande
700 175 101 27 bildning,
812 175 103 23 förfinade
926 182 35 15 se-

208 210 43 26 der,
275 210 261 27 nykterhetsföreningars
560 210 138 22 verksamhet
719 216 27 15 m.
762 216 34 20 m.,
819 210 26 22 sä
865 210 39 22 har
924 210 37 27 jag

206 245 55 21 dock
281 245 46 21 icke
346 247 71 19 ansett
435 245 44 26 mig
493 245 50 21 med
559 245 57 27 hopp
633 251 33 15 om
682 244 110 28 framgäng
807 244 72 22 kunna
894 244 67 22 under

207 279 123 21 nuvarande
353 278 147 22 förhällanden
524 278 80 22 föreslä
627 280 66 26 nägra
716 279 179 27 genomgripande
917 278 44 22 för-

207 314 115 26 ändringar
336 313 7 21 i
358 313 37 21 vär
411 313 247 27 bränvinslagstiftnings
668 313 112 27 principer.
805 313 42 27 Jag
857 313 39 21 har
905 312 56 28 förty

207 349 53 19 trott
276 348 42 26 mig
333 348 52 20 böra
401 350 114 25 acceptera
529 348 75 26 lagens
621 348 106 21 allmänna
742 348 90 21 tendens
848 348 70 21 säsom
934 354 26 14 en

205 396 7 10 +
215 381 45 25 fait
276 382 124 26 accompli",
420 382 3 20 i
439 382 58 27 hopp
514 384 32 19 att
562 382 91 21 sålunda
668 382 71 21 bättre
755 382 72 21 kunna
841 382 120 21 motarbeta

206 415 73 22 alltför
302 416 128 27 vidtgäende
454 417 96 21 afsikter.
582 416 46 22 Och
646 416 48 22 från
710 422 80 16 samma
805 416 91 22 utilitets
912 422 48 20 syn-

205 450 70 26 punkt
297 450 126 22 inskränker
443 451 38 27 jag
503 452 43 26 mig
568 453 32 19 att
622 451 7 21 i
651 451 70 21 denna
735 450 131 22 reservation
882 449 78 22 föreslä

206 485 78 21 endast
304 485 89 27 partiela
413 485 151 27 förändringar
581 486 6 20 i
604 486 119 21 utskottets
738 484 221 28 författningsförslag,

206 518 47 22 icke
270 525 26 15 en
311 519 31 21 till
359 520 46 20 sina
420 520 107 27 principer
542 526 27 21 ny
584 520 134 26 lagstiftning
733 520 6 20 i
755 522 78 19 ämnet.

275 553 32 22 De
323 554 164 27 anmärkningar
503 555 40 21 och
559 554 87 28 förslag,
659 555 39 27 jag
714 554 89 22 sälunda
818 554 39 21 har
867 555 32 20 att
908 554 52 27 göra

206 589 58 20 emot
287 589 118 21 utskottets
428 589 144 26 betänkande,
596 589 96 22 anhåller
708 589 37 27 jag
761 591 31 19 att
807 588 21 21 få
843 588 117 21 framställa

206 622 41 21 och
264 623 103 21 motivera
382 623 6 20 i
404 623 158 27 paragrafföljd.
592 623 71 22 Alltså
678 623 54 22 först

433 709 20 26 a)
471 709 258 27 Tillverkningslagen.

274 761 16 24 $
308 761 21 19 2.
358 759 46 22 Här
426 760 40 21 har
488 761 108 20 utskottet
620 761 70 26 tillagt
705 759 108 23 föreskrift
831 760 79 25 därom,
928 761 32 20 att

208 793 123 22 inrättande
354 793 22 22 af
397 795 100 20 bränneri
518 794 62 22 äfven
595 795 6 20 i
618 795 48 21 stad
682 795 54 20 skall
752 801 51 15 vara
817 794 107 22 beroende
940 794 22 21 af

205 827 140 22 kommunens
369 828 64 21 bifall.
465 829 33 21 Då
522 829 118 21 emellertid
663 829 108 21 utskottet
788 829 6 20 i
813 829 147 26 försäljnings-

207 861 64 27 lagen
287 862 63 22 infört
365 862 76 22 förbud
457 863 33 22 för
505 863 167 26 bränneriegare
688 865 32 20 att
735 863 52 27 sälja
803 863 46 21 sina
865 863 95 21 tillverk-

208 897 78 26 ningar
301 897 31 21 till
348 897 67 21 andra
431 900 26 19 än
474 897 87 27 sådana,
578 904 46 15 som
640 898 85 21 erbållit
734 899 44 20 rätt
788 899 33 20 att
831 897 129 21 utminutera

204 930 54 22 eller
281 931 106 22 utskänka
410 931 95 27 bränvin,
529 932 55 21 hade
608 933 32 20 väl
664 933 37 20 det
718 932 164 27 följdriktigaste
897 931 61 26 varit,

206 967 32 18 att
259 965 69 22 tillåta
346 966 111 21 bränneris
476 966 123 21 inrättande
615 966 121 22 oberoende
752 966 22 21 af
787 966 114 21 utverkadt
916 965 44 21 till-

206 999 65 21 stånd
294 999 60 22 äfven
377 1000 28 27 på
427 1000 79 24 landet,
525 1001 39 20 där
576 1001 25 26 ju
616 1001 63 26 ingen
695 1000 147 21 minuthandel
858 999 52 22 eller
925 1001 34 20 ut-

207 1033 121 27 skänkning
344 1033 22 22 af
379 1034 89 21 bränvin
483 1035 32 21 får
531 1041 40 20 ega
585 1041 53 15 rum.
664 1035 50 21 Men
729 1035 125 21 aldraminst
869 1034 38 21 har
923 1034 37 21 det

204 1067 56 21 varit
275 1067 23 22 af
310 1069 69 20 nöden
396 1070 32 19 att
443 1069 68 21 införa
527 1069 41 21 den
583 1069 162 26 ifrågavarande
755 1068 157 21 inskränkande
923 1069 36 20 be-

205 1102 135 27 stämningen
355 1102 32 21 för
402 1103 100 21 bränneri
518 1103 7 21 i
541 1103 55 26 stad,
614 1103 38 21 där
662 1103 298 26 kommunalmyndigheterna

204 1142 40 20 ega
260 1138 33 19 att
308 1136 84 22 besluta
407 1143 34 15 om
458 1137 120 22 ordnandet
589 1138 22 20 af
620 1138 28 21 all
658 1138 231 26 bränvinsförsäljning,
903 1137 57 21 helst

204 1170 28 21 då
248 1171 18 26 ej
284 1177 37 15 ens
337 1171 67 21 under
420 1172 123 21 nuvarande
558 1172 154 26 förhållanden,
723 1172 43 26 mig
781 1172 124 26 veterligen,
921 1172 38 20 nå-

210 1210 41 21 gon
269 1205 55 21 enda
338 1206 48 20 stad
401 1206 63 26 yrkat
479 1206 28 27 på
522 1208 33 19 att
570 1206 80 21 erhålla
666 1206 41 21 den
722 1206 136 26 befogenhet,
870 1212 45 15 som
926 1208 33 19 ut-

204 1239 84 21 skottet
309 1246 28 14 nu
361 1240 120 26 onödigtvis
503 1240 103 27 påtrugar
621 1241 112 21 städernas
749 1240 139 26 fullmäktige.
918 1240 41 26 Jag

203 1272 33 22 får
252 1274 72 22 därför
339 1275 109 21 vördsamt
463 1275 85 27 föreslå,
564 1277 32 19 att
612 1275 121 21 Ständerna
748 1276 67 20 måtte

410 1340 78 24 antaga
503 1339 13 24 $
531 1339 15 19 2
561 1338 9 20 i
584 1338 39 21 den
638 1338 80 26 nådiga
730 1338 159 26 propositionen
904 1338 54 26 oför-

342 1372 89 21 ändrad.

276 1450 192 19 Ekonomiutskotteis
481 1452 116 17 betänkande
609 1452 36 18 N:o
658 1452 16 18 3.
