1086 1700
229 121 13 19 6
381 118 82 22 Ständ.
481 118 38 22 Sv.
536 131 29 3 —
581 118 75 28 Prop.
672 117 46 22 N:o
734 117 33 21 11.

198 185 120 21 hållanden
334 184 19 28 ej
369 184 58 22 låter
443 184 35 27 sig
493 186 55 25 göra
566 185 33 20 att
612 183 157 27 obligatoriskt
779 182 135 23 föreskrifva
925 188 27 16 en

198 221 71 21 sådan
284 220 131 27 omfattning
429 220 24 21 af
461 220 107 27 bolagens
579 219 150 27 verksamhet,
742 219 70 22 måste
821 218 131 22 närmandet

199 257 35 21 till
248 256 55 22 eller
313 256 140 27 uppnåendet
464 255 25 22 af
497 256 39 21 det
546 255 98 27 antydda
654 255 69 21 målet
733 255 125 22 tillsvidare
869 255 83 21 lemnas

198 292 112 22 beroende
321 292 24 21 af
354 292 168 22 kommunernas
534 293 52 25 eget
596 292 96 20 intresse
701 290 36 22 för
745 291 75 22 saken.
836 290 116 28 Utgående

199 328 51 22 från
274 328 71 22 denna
365 327 142 28 uppfattning
528 327 67 22 hafva
615 327 125 21 Ständerna
755 327 96 27 vidtagit
865 333 28 15 en
909 332 42 16 om-

199 364 145 27 formulering
367 364 24 21 af
413 366 12 19 9
447 364 12 28 8
475 364 8 20 i
500 362 306 28 försäljningsförordningen
821 363 8 21 i
845 362 58 28 syfte
920 364 32 20 att

199 400 127 26 derigenom
342 400 130 27 möjliggöra
487 399 115 21 bildandet
618 398 25 22 af

271 437 21 25 a)
308 436 65 26 bolag
389 435 34 21 för
438 434 161 26 utminutering
614 434 40 22 och
670 434 154 27 utskänkning
837 433 25 22 af
869 434 82 21 inhem-

200 472 41 21 ska
258 471 158 27 spritdrycker,
433 471 49 21 med
498 470 114 27 undantag
628 469 24 22 af
663 470 182 27 utskänkningen
859 470 12 21 å
883 470 68 21 hotel-

198 508 40 26 ler,
262 507 173 22 restaurationer
456 507 40 21 och
515 506 143 27 konditorier,
676 506 20 21 d.
713 512 18 16 v.
749 512 15 15 s.
781 506 82 21 sådana
879 506 71 26 bolag,

199 550 46 15 som
262 543 7 21 i
285 543 162 27 propositionen
464 542 68 27 afses;

272 579 18 26 b)
311 579 64 27 bolag
395 579 35 21 för
451 579 160 26 utminutering
627 579 39 21 och
682 578 153 27 utskänkning
851 577 24 22 af
889 577 62 22 såväl

199 615 116 22 inhemska
339 621 45 16 som
407 615 120 21 utländska
551 615 160 26 spritdrycker,
733 614 50 21 med
803 613 148 28 nyssnämnda

199 651 123 27 undantag;
339 652 56 20 samt

271 687 19 26 c)
305 687 65 26 bolag
385 686 35 21 för
436 686 159 27 öfvertagande
612 686 24 21 af
650 686 30 21 all
693 685 160 28 utminutering
867 685 39 22 och
917 687 33 19 ut-

199 722 128 27 skänkning
347 722 28 27 pä
397 724 70 25 orten,
489 722 50 21 med
559 722 94 27 bolagen
673 721 88 22 lemnad
777 723 52 26 rätt,
846 723 32 19 att
893 723 57 19 emot

199 757 67 28 afgift
290 758 24 21 ät
337 757 100 22 enskilde
461 757 110 22 öfverläta
593 757 182 27 utskänkningen
798 757 29 26 pä
849 757 100 26 hoteller,

199 793 174 22 restaurationer
391 793 40 22 och
450 793 138 22 konditorier
604 793 114 22 äfvensom
734 792 152 22 minuthandel
902 792 49 21 med

199 829 120 22 utländska
335 829 158 27 spritdrycker.

271 865 51 21 Med
338 864 103 22 afseende
457 865 12 21 å
486 865 136 21 Ständernas
638 865 73 21 nedan
726 864 142 22 omförmälda
878 863 73 22 beslut

199 907 34 15 om
249 900 154 27 fördelningen
419 900 25 21 af
457 900 171 27 ifrägavarande
643 901 77 26 bolags
736 901 66 26 vinst,
814 899 71 27 enligt
894 899 56 22 hvil-

199 937 39 21 ket
254 936 140 27 väsentligen
410 936 69 21 andra
494 936 165 27 bestämningar
670 938 29 19 än
710 936 27 21 de
747 935 128 22 nuvarande
885 935 65 21 fram-

199 972 62 21 deles
283 972 84 21 komme
389 973 32 20 att
443 972 133 21 härutinnan
592 972 66 27 gälla,
674 972 42 21 har
731 971 38 22 det
784 971 113 22 befunnits
913 973 37 19 nö-

199 1007 49 27 digt
271 1009 33 20 att
327 1008 7 21 i
356 1007 60 22 detta
437 1007 157 27 sammanhang
613 1007 73 22 införa
709 1006 116 23 föreskrift
841 1006 62 22 säväl
918 1008 33 19 att

199 1043 42 21 den
266 1042 85 27 förlust,
370 1049 45 15 som
431 1043 50 21 med
496 1043 174 27 utskänknings-
687 1043 40 20 och
743 1042 207 27 utminuteringsbo-

198 1079 79 26 lagens
301 1079 132 21 vinstmedel
456 1079 112 21 inrättade
588 1078 39 21 och
648 1078 147 21 underhällna
810 1077 140 27 nykterhets-

198 1114 112 22 värdshus
327 1113 151 28 tilläfventyrs
494 1113 106 28 medföra,
616 1113 36 22 fär
668 1113 48 23 före
732 1113 159 22 vinstmedlens
906 1112 44 22 för-

199 1150 93 27 delning
312 1150 24 21 af
355 1150 110 22 desamma
487 1150 113 27 betäckas,
618 1156 46 15 som
680 1152 34 19 att
728 1150 38 22 vid
781 1150 101 26 bolagets
898 1155 52 20 upp-

199 1186 91 27 lösning
305 1186 51 22 dess
371 1186 121 27 tillgångar
509 1186 63 21 skola
587 1186 113 21 användas
712 1183 27 29 pä
750 1191 82 15 samma
843 1186 50 26 sätt,
906 1190 45 16 som

198 1221 44 21 den
258 1221 72 27 ärliga
344 1221 95 22 vinsten.

272 1257 12 21 I
308 1263 27 15 en
359 1257 36 21 del
418 1257 76 21 städer
517 1256 67 22 hafva
608 1258 58 20 emot
685 1257 106 26 bolagens
810 1255 143 23 verksamhet

198 1292 125 22 framstälts
344 1292 179 27 anmärkningar,
540 1292 72 22 säsom
627 1294 33 20 att
675 1292 66 27 bolag
755 1291 71 22 bildat
843 1292 60 20 stora
917 1296 34 16 re-

198 1327 138 28 servfonder,
358 1328 91 27 nedlagt
468 1334 27 15 en
511 1328 101 27 betydlig
628 1328 36 21 del
680 1327 26 22 af
719 1328 42 21 den
777 1327 72 27 ärliga
863 1326 89 23 vinsten

198 1363 8 21 i
227 1363 138 28 fastigheter,
387 1364 59 27 gjort
465 1364 35 26 sig
515 1363 104 27 skyldiga
634 1364 35 21 till
685 1364 97 26 oskäligt
798 1362 116 28 gynnande
930 1362 25 22 af

198 1399 62 21 vissa
287 1400 259 22 bränvinsleverantörer
574 1399 83 22 medels
684 1399 36 21 för
742 1399 70 21 andra
835 1398 117 27 olämpliga
