1086 1700
434 116 55 23 N:o
505 116 51 22 13.

326 394 68 24 Hans
425 393 164 31 Kejserliga
615 393 151 32 Majestäts
795 393 81 32 nådiga

258 440 140 32 proposition
417 439 33 25 till
469 439 103 25 Finlands
594 439 95 25 Ständer
702 447 33 17 om
756 439 121 25 anvisande

258 486 27 24 af
296 486 69 24 medel
377 485 34 25 till
425 485 141 25 bestridande
579 486 26 24 af
616 486 152 24 kostnaderna
787 486 37 24 för
837 486 39 24 fin-

257 532 43 24 ska
318 532 110 24 militären
447 531 70 25 under
536 530 54 26 åren
614 532 177 25 1892—1894.

189 600 124 27 Utgifterna
331 599 32 22 för
379 600 41 21 den
439 599 70 22 finska
524 600 107 21 militären
647 599 33 22 för
700 600 177 21 nästkommande

119 634 148 27 finansperiod
290 636 37 19 äro
347 634 66 27 enligt
427 633 87 27 bilagda
529 633 80 28 förslag
624 633 32 21 till
672 634 80 27 budget
774 633 33 22 för
827 635 50 20 åren

123 670 140 20 1892—1894
279 669 123 20 beräknade
417 668 33 21 till
461 669 127 26 20,471,816
599 669 69 26 mark,
680 668 61 21 deraf
752 670 125 25 18,311,816

120 703 62 21 mark
205 703 108 20 ordinarie
332 702 38 21 och
387 703 113 26 2,160,000
516 703 61 20 mark
593 704 60 19 extra
669 702 94 27 utgifter.
794 702 84 22 Beträf-

119 737 65 22 fande
200 737 62 22 dessa
277 737 88 27 utgifter
380 737 123 22 framhålles
519 737 102 21 särskildt
636 737 102 27 följande:

191 774 38 19 1:0.
260 772 32 21 De
315 772 108 21 ordinarie
445 771 119 28 utgifterna
588 774 37 19 äro
640 773 113 26 upptagna
771 772 49 21 med
834 771 44 22 led-

120 807 53 26 ning
188 806 23 21 af
225 807 25 20 de
269 807 84 26 belopp,
369 813 46 14 som
431 807 26 20 de
472 806 33 21 för
521 808 97 19 närmast
637 806 128 27 föregående
781 807 51 20 åren
849 806 30 21 af-

121 841 86 21 slutade
230 841 175 26 räkenskaperna
429 841 56 26 gifva
507 841 36 21 vid
564 841 97 26 handen;
678 841 54 20 dock
749 841 50 27 ingå
815 840 64 28 utgif-

120 876 65 20 terna
195 875 33 21 för
239 875 107 21 särskilda
356 875 146 26 inrättningar
513 875 38 21 och
563 876 121 26 trupperna
692 875 32 21 till
737 875 66 27 något
814 875 66 27 högre

121 909 85 27 belopp,
231 909 44 22 dels
291 910 6 20 i
314 909 115 27 anledning
451 909 62 21 deraf
535 911 32 20 att
583 916 42 20 nya
645 910 91 27 tjenster
751 910 38 21 och
805 909 75 28 anslag

121 943 123 22 tillkommit
267 944 39 21 och
324 944 51 21 flere
391 943 174 28 officerstjenster
584 946 57 19 ännu
658 947 37 18 äro
715 945 100 26 vakanta,
831 951 48 14 men

121 978 76 21 kunna
211 978 65 21 blifva
295 980 118 25 upptagna,
430 978 44 21 dels
493 979 33 20 till
541 978 52 28 följd
609 979 61 21 deraf
684 980 33 19 att
735 979 32 21 uti
782 980 99 20 staterna

121 1013 52 26 ingå
196 1013 187 27 anslagssummor,
407 1013 78 26 hvilka,
509 1014 71 21 såsom
597 1013 102 28 anslagen
714 1013 33 21 för
762 1013 118 22 militärens

121 1047 137 28 förplägning
280 1055 27 14 m.
330 1054 35 19 m.,
389 1050 37 19 äro
449 1047 108 22 beroende
573 1047 23 22 af
609 1048 26 21 de
650 1047 33 22 för
702 1048 72 27 hvarje
789 1048 32 21 tid
836 1048 45 27 gäl-

121 1081 65 21 lande
201 1081 200 28 prisförhällanden.

192 1117 40 21 2:0.
263 1116 127 28 Stegringen
406 1116 23 22 af
442 1117 122 21 kostnaden
580 1116 32 22 för
628 1117 215 27 dragonregementet
857 1119 24 19 är

123 1150 113 22 föranledd
252 1151 22 21 af
288 1152 143 26 regementets
447 1152 116 20 successivt
578 1152 93 21 skeende
686 1152 149 27 uppsättning.

194 1187 40 19 3:0.
264 1185 203 27 Byggnadsremont
483 1186 39 20 och
538 1186 255 26 reparationskostnader
807 1186 34 21 för
857 1186 26 21 de

123 1220 38 20 tvä
183 1226 77 14 senare
280 1220 51 20 ären
355 1219 22 21 af
397 1219 174 27 finansperioden
596 1222 36 19 äro
653 1222 113 26 upptagna
788 1220 32 22 till
839 1220 43 22 för-

123 1254 61 27 höjdt
199 1254 85 27 belopp,
302 1254 87 21 emedan
405 1254 84 21 mindre
504 1255 150 26 reparationer
669 1255 69 21 under
753 1256 94 20 nämnda
858 1256 25 20 är

123 1289 75 20 kunna
213 1288 132 22 förekomma
361 1288 61 22 äfven
439 1290 12 20 ä
467 1289 26 21 de
509 1296 42 20 nya
567 1289 222 28 dragonkasernerna.

194 1324 40 20 4:o.
264 1323 103 27 Bidraget
388 1323 32 21 till
443 1322 70 22 finska
535 1323 119 22 militärens
670 1324 63 21 enke-
752 1324 39 21 och
805 1324 78 27 pupill-

124 1358 66 20 kassa
206 1359 88 25 utgöres
311 1357 22 21 af
347 1358 35 20 det
398 1357 75 27 anslag
489 1358 32 20 till
532 1358 91 21 kassans
637 1358 189 28 understödjande,
838 1364 46 16 som

121 1391 86 27 jemlikt
230 1392 140 26 reglementet
389 1391 22 21 af
433 1392 40 20 den
489 1394 14 19 4
522 1392 104 21 Februari
646 1394 54 20 1885
716 1393 71 27 utgär.
817 1392 67 22 Detta

125 1426 82 26 anslag,
224 1432 45 15 som
285 1426 64 26 utgär
363 1426 49 21 med
428 1428 78 24 40,000
522 1427 61 20 mark
595 1432 33 16 om
640 1427 52 26 äret,
704 1433 38 15 var
752 1427 69 21 under
832 1428 51 20 ären
