1086 1700
234 110 28 20 24
391 107 82 23 Ständ.
489 107 39 23 Sv.
544 121 30 3 —
589 108 74 28 Prop.
679 107 44 23 N:o
739 108 36 21 12.

276 174 141 22 Beträffande
447 174 109 28 förslaget
584 174 36 22 till
643 174 135 27 förordning,
803 174 152 22 innefattande

203 210 81 27 tillägg
306 210 36 21 till
373 212 4 19 7
402 210 12 28 &
437 210 8 21 i
466 210 81 27 nådiga
567 210 158 27 förordningen
743 210 42 22 den
802 212 12 19 9
831 210 125 22 November

206 248 56 19 1868
279 252 34 15 om
328 247 147 26 borgenärers
491 248 46 20 rätt
552 246 40 21 och
609 246 113 22 företräde
738 246 35 21 för
786 246 124 22 hvarandra
920 246 35 21 till

203 282 116 27 betalning
334 288 26 16 ur
376 282 112 27 egendom,
505 288 46 16 som
566 282 76 22 blifvit
656 282 35 21 till
707 282 99 21 konkurs
823 281 94 27 afträdd,
933 281 23 21 få

204 317 125 22 Ständerna
344 318 8 21 i
367 318 177 27 underdånighet
559 317 77 22 anföra
651 317 102 28 följande.

276 354 78 27 Enligt
376 354 107 27 förslaget
506 354 73 21 skulle
599 360 123 21 varuegare
741 354 28 26 på
785 353 72 27 grund
872 352 25 22 af
909 354 47 20 rätt

203 390 36 21 till
260 390 125 26 ersättning
403 389 34 22 för
453 390 84 21 skadad
554 390 55 21 eller
626 390 136 21 förkommen
778 396 59 21 vara,
855 395 45 15 som
915 388 40 22 hos

204 425 193 27 upplagsmagasin
420 426 81 21 insatts
523 426 35 20 till
578 425 82 28 förvar,
679 426 154 26 tillgodonjuta
849 424 106 22 förmåns-

203 462 47 20 rätt
265 463 51 19 näst
332 461 57 21 efter
405 461 48 27 den,
470 462 92 21 hvilken
578 462 135 21 tillkommer
728 462 111 20 allmänna
847 461 40 21 och
895 460 59 21 kom-

204 497 88 21 munala
307 497 123 27 utskylder,
447 504 45 14 som
509 497 20 27 ej
546 497 35 22 för
596 497 45 22 fast
655 497 106 27 egendom
772 499 38 19 äro
821 496 133 26 beräknade,

204 532 88 22 således
308 539 28 15 en
351 535 47 24 tyst
414 532 152 28 förmånsrätt,
584 540 45 15 som
646 533 85 21 komme
748 535 33 19 att
791 532 88 22 inträda
889 532 67 21 äfven

204 568 48 22 före
268 568 145 22 förmänsrätt
427 568 36 22 för
478 569 119 22 intecknad
608 569 96 21 fordran.
737 569 108 27 Komiten,
855 574 45 15 som
911 567 43 22 för-

204 605 80 21 beredt
307 605 60 20 detta
389 604 242 28 lagstiftningsärende,
647 605 57 21 hade
720 605 98 21 deremot
833 603 121 28 föreslagit,

205 642 33 19 att
252 646 134 21 varuegares
402 640 170 27 ifrågavarande
588 640 90 22 fordran
695 641 72 21 skulle
774 640 66 22 hafva
848 639 106 22 förmåns-

204 677 46 20 rätt
273 678 51 19 näst
347 676 58 21 efter
427 676 43 22 den
491 677 113 20 enahanda
624 678 53 25 rätt,
694 683 46 15 som
756 676 134 21 tillkommer
906 675 48 27 den,

204 712 93 21 hvilken
318 712 63 21 sitter
397 712 8 21 i
421 711 44 22 fast
480 714 60 25 pant,
557 714 52 19 utan
625 714 33 19 att
674 712 48 21 deri
737 711 67 22 hafva
820 711 134 27 inteckning,

206 747 55 22 eller
278 748 86 21 säledes
380 747 42 22 den
438 748 55 21 sista
508 749 13 20 &
537 747 241 22 förmänsrättsskalan.

277 784 41 21 Att
340 784 42 21 öka
403 783 26 22 de
449 784 69 21 redan
533 784 121 22 bestäende
670 786 61 25 tysta
746 783 209 22 förmänsrätternas

205 819 60 22 antal
289 819 49 22 med
361 825 27 15 en
412 825 35 21 ny,
469 819 90 22 hvilken
581 820 73 21 skulle
672 821 52 26 taga
740 819 109 27 försteget
865 819 91 21 framför

204 855 49 27 den,
272 861 45 15 som
332 854 97 27 grundar
445 855 34 26 sig
495 855 12 21 å
523 855 136 27 inteckning,
677 855 42 21 har
729 856 63 26 synts
809 855 65 21 äfven
891 854 64 21 Stän-

205 891 69 21 derna
290 890 114 27 olämpligt
418 891 57 21 bäde
491 890 24 21 af
530 891 130 26 principiela
675 891 40 21 och
730 891 117 26 praktiska
863 890 55 21 skäl.

278 921 153 27 Öfverhufvud
453 926 63 22 torde
539 927 110 26 nemligen
672 927 109 21 erkännas
801 926 155 27 önskligheten

205 962 25 21 af
248 963 34 20 att
300 962 8 21 i
323 961 169 28 lagstiftningen
508 962 74 21 sävidt
597 962 85 27 möjligt
697 962 123 21 inskränka
835 961 83 22 antalet
934 961 24 21 af

205 998 27 21 de
248 997 176 27 förmänsrätter,
441 997 77 22 hvilka
533 997 67 22 hafva
616 997 34 22 sin
666 997 72 27 grund
753 998 8 20 i
777 997 37 22 det
829 997 127 26 personliga

204 1033 150 22 förhällandet
370 1033 79 21 mellan
466 1033 106 27 gäldenär
588 1033 39 21 och
639 1032 180 28 fordringsegare
829 1033 40 21 och
880 1033 76 21 hvilka

204 1069 9 20 i
231 1068 56 28 följd
302 1068 25 21 af
340 1069 113 20 bristande
469 1069 114 26 publicitet
600 1069 143 26 undandraga
759 1069 34 26 sig
809 1068 77 27 hvarje
902 1075 54 20 upp-

206 1104 116 27 skattning
345 1106 56 19 samt
424 1104 75 21 derför
522 1106 54 25 göra
598 1104 77 27 hvarje
696 1106 73 19 sämre
789 1104 58 21 stäld
867 1103 89 22 fordran

205 1146 47 15 mer
269 1140 55 21 eller
340 1140 84 21 mindre
440 1140 85 21 osäker.
557 1140 46 21 Och
614 1146 27 15 en
652 1140 145 21 förmänsrätt
807 1140 25 20 af
838 1146 29 14 nu
875 1139 81 27 ifräga-

204 1176 100 22 varande
320 1176 53 26 slag,
390 1176 92 21 hvilken
498 1176 72 21 skulle
586 1176 123 21 tillkomma
724 1182 27 15 en
767 1175 90 21 fordran
873 1174 25 22 af
906 1176 50 20 obe-

204 1211 105 27 räknelig
325 1211 90 27 storlek,
431 1218 67 20 synes
509 1212 62 20 desto
582 1211 84 21 mindre
678 1213 33 19 att
722 1211 94 27 förorda,
829 1217 45 15 som
885 1211 71 21 denna

204 1246 146 22 förmänsrätt
365 1247 85 21 komme
466 1249 33 19 att
515 1247 34 21 stä
565 1247 91 21 framom
672 1246 42 22 den
730 1247 13 21 ä
754 1247 129 26 inteckning
891 1253 65 20 grun-

206 1282 56 21 dade
278 1285 56 18 samt
350 1282 74 22 derför
439 1282 74 22 tillika
528 1282 74 22 blefve
618 1282 112 27 hinderlig
740 1282 35 21 för
785 1282 104 21 framtida
899 1282 57 21 revi-

206 1318 47 21 sion
278 1318 24 20 af
321 1318 41 21 den
381 1318 131 21 hithörande
528 1317 176 28 lagstiftningen,
721 1318 91 21 hvilken
828 1317 60 21 väli
904 1317 51 21 Fin-

205 1353 52 21 land
281 1353 79 21 liksom
383 1354 144 21 annorstädes
552 1354 58 20 skall
634 1352 86 23 sträfva
739 1353 36 21 till
793 1354 34 20 att
843 1353 54 21 söka
913 1352 43 22 för-

206 1388 71 22 skaffa
301 1390 82 20 största
405 1389 89 27 möjliga
517 1389 106 21 säkerhet
644 1389 24 21 ät
690 1395 28 15 en
733 1394 78 22 genom
827 1388 129 26 inteckning
