1086 1700
344 128 29 23 U.
388 129 29 22 B.
434 142 23 2 —
474 128 74 28 Prop.
564 128 42 22 N:o
621 128 37 22 16.

196 194 50 22 eller
261 194 9 22 i
285 196 71 20 annat
369 194 42 28 fall
420 193 95 29 lagligen
525 193 94 27 utredas,
635 194 31 27 pä
676 193 34 22 det
718 194 63 21 stäm-

194 228 128 28 pelbeloppet
336 228 36 21 mä
386 228 78 22 kunna
479 227 91 28 derefter
586 227 130 22 bestämmas.

127 293 113 37 Kontrakt,
315 308 27 4 —
365 308 28 4 —
539 308 25 3 m
669 308 25 3 -

210 332 33 21 10
272 342 29 4 —
330 342 105 4 ———
454 342 325 4 -—-——-—-—-—-——

127 366 63 27 Ingär
212 366 8 21 i
241 365 131 24 kontraktet,
394 366 60 20 utom
476 365 44 21 viss
539 371 81 15 summa
635 365 7 21 i
658 365 123 27 penningar,

194 400 75 27 beting
289 406 35 15 om
343 399 84 21 förmän
442 399 53 21 eller
509 400 150 26 prestationer,
675 404 46 17 som
735 399 47 21 icke

194 436 38 19 äro
256 434 33 20 till
311 433 65 21 värde
391 434 7 20 i
413 434 118 26 penningar
545 434 88 26 utsatta,
650 433 52 21 eller
717 433 65 27 angår

194 467 126 23 kontraktet
332 467 75 22 endast
419 467 80 21 sädana
506 467 114 26 förmäner,
626 468 72 24 varde,
707 467 7 21 i
724 467 58 21 förra

194 502 68 26 fallet,
278 501 77 22 kartan
368 501 72 21 tillökt
455 501 48 21 med
527 517 4 5 .
597 516 5 5 a

195 536 40 21 och
250 536 8 21 i
273 536 37 20 det
324 541 83 19 senare,
423 535 124 22 kontraktet
562 517 83 40 försedt
658 517 51 40 med
718 518 63 38 stäm-

192 569 110 28 pelmärke
317 569 33 22 till
364 571 29 20 ett
407 569 65 22 värde
487 569 22 28 af
527 585 4 4 .

212 605 99 21 2:0—4:0
327 604 147 21 oförändrade.

128 639 72 27 Köpe-
222 638 54 22 eller
297 639 56 21 salu-
375 639 56 20 samt
445 637 74 28 gäfvo-
534 638 39 21 och
588 638 110 27 bytesbref
712 638 13 22 &
738 638 43 22 fast

195 673 104 27 egendom
321 673 7 20 i
349 672 48 21 stad
419 672 53 21 eller
493 672 29 27 pä
537 672 78 27 landet,
629 673 62 26 bruk,
707 679 72 15 manu-

195 707 79 26 faktur,
289 707 71 21 fabrik
374 707 49 20 med
438 706 51 21 flere
504 707 52 20 verk
574 707 41 21 och
630 707 149 27 inrättningar,

196 748 46 15 som
265 741 128 27 fastigheten
412 741 75 26 ätfölja
501 743 55 19 samt
570 741 69 22 under
654 742 125 26 eganderätt

195 775 111 28 föryttras,
328 775 65 27 skola,
417 775 28 21 dä
460 775 26 21 de
500 775 9 21 i
524 775 37 21 och
575 775 35 28 för
628 775 113 22 vinnande
755 775 28 28 af

196 809 82 28 lagfart
292 809 37 22 vid
341 809 87 22 domstol
441 809 85 28 företes,
541 809 67 28 förses
622 809 48 22 med
684 809 97 28 stämpel-

192 851 86 20 papper
293 844 9 21 i
316 843 137 28 förhällande
468 843 33 22 till
517 844 138 28 egendomens
669 844 65 21 värde
747 844 34 21 sä-

196 878 83 22 lunda
267 874 15 36 :

232 912 32 22 till
280 912 37 21 och
331 912 48 21 med
393 911 44 22 100
451 912 82 22 mark
520 907 17 37 .
599 929 5 5 N

230 948 56 20 samt
308 946 121 28 derutöfver
443 946 35 27 för
492 946 75 28 hvarje
581 929 58 45 fulla
656 928 56 40 100
719 929 63 39 maski

231 981 88 22 Samma
330 981 244 28 karteringsskyldighet
587 981 57 28 gälle
658 981 34 27 för
708 981 72 28 dylika

194 1015 137 28 handlingar
346 1015 14 21 å
373 1015 71 27 skepp,
459 1015 82 28 fartyg,
559 1015 73 27 fabrik
650 1015 38 22 och
702 1021 79 16 annan

196 1050 128 27 inrättning
346 1056 43 15 som
404 1049 21 27 ej
439 1049 28 28 af
477 1049 103 28 fastighet
595 1048 90 29 åtföljes,
702 1049 28 22 då
743 1049 36 22 in-

195 1083 102 28 teckning
313 1083 47 22 deri
374 1083 65 22 sökes.

230 1118 50 22 Har
301 1117 109 29 fastighet,
425 1118 74 22 innan
513 1117 87 28 uppbud
615 1117 96 27 vunnits,
727 1117 57 23 varit

196 1152 92 28 föremål
302 1153 35 27 för
351 1152 50 28 flere
416 1152 48 28 köp,
479 1152 55 22 skall
548 1152 74 28 hvarje
636 1152 104 28 köpebref,
756 1152 29 22 då

195 1187 82 29 lagfart
290 1187 66 28 sökes,
365 1187 66 21 skildt
444 1186 99 22 karteras
556 1187 69 21 såsom
634 1186 42 22 här
683 1190 26 18 är
715 1186 68 29 sagdt.

227 1222 34 22 Då
284 1222 103 27 egendom
410 1222 23 21 af
451 1222 41 21 den
511 1221 148 22 beskaffenhet
682 1228 19 15 o.
723 1228 16 16 s.
762 1228 19 15 v.

232 1255 165 28 (Anmärkning
411 1256 8 21 i
434 1256 67 21 slutet
516 1256 24 21 af
553 1256 69 22 denna
638 1256 13 26 8
666 1256 77 27 utgår).

451 1336 26 27 88
492 1336 71 22 7—13

432 1393 148 22 oförändrade.

195 1444 215 23 Bevillningsutskotteis
423 1444 119 19 betänkande
553 1444 37 18 N:o
602 1444 17 18 4.

827 128 27 22 15

775 516 4 5 <
808 512 25 4 —
834 501 49 21 50
