1086 1700
228 130 27 20 42
528 130 43 23 N:o
593 132 38 22 16.

547 197 13 28 &
577 198 33 21 31.

267 232 31 21 På
314 232 36 21 det
365 232 118 27 stämpladt
499 238 84 21 papper
597 233 39 20 och
647 232 182 27 stämpelmärken
840 233 34 20 må
885 233 74 20 kunna

199 266 143 22 allmänheten
359 266 180 26 tillhandahållas,
556 267 54 21 skall
625 267 7 21 i
648 267 73 27 hvarje
737 267 49 21 stad
802 267 72 21 samti
885 267 73 27 hvarje

200 301 78 21 socken
295 308 25 14 en
337 302 50 20 eller
410 301 52 21 flera
484 300 189 28 försäljningsmän
698 301 53 21 efter
773 301 65 21 behof
859 303 97 24 antagas,

197 336 39 21 hos
259 336 72 21 hvilka
352 336 25 21 de
395 338 55 19 mest
473 335 105 27 behöfliga
600 336 81 21 värden
703 336 53 20 böra
773 342 52 15 vara
841 337 33 19 att
889 335 67 27 tillgå.

198 370 180 27 Stämpelpapper
402 370 38 21 och
463 370 182 27 stämpelmärken
668 370 67 26 skola,
760 370 28 26 på
811 369 145 27 försäljnings-

197 406 105 20 männens
321 404 106 28 skriftliga
445 405 132 26 reqvisition,
598 411 75 20 genom
691 404 166 27 länestyrelsens
872 403 84 27 försorg

197 439 154 21 kostnadsfritt
366 439 68 21 hållas
450 440 47 20 dem
513 439 115 26 tillhanda;
646 439 39 21 och
699 445 38 20 ega
749 439 25 21 de
784 438 33 22 för
829 439 41 21 alla
881 438 74 26 medel,

197 480 46 14 som
259 480 77 20 genom
351 473 153 27 försäljningen
520 473 82 27 inflyta,
618 474 33 20 uti
666 473 246 27 försäljningsprovision
924 473 32 27 sig

197 508 31 21 till
244 508 56 27 godo
315 508 102 26 beräkna,
434 509 6 20 i
455 508 133 27 Helsingfors
605 510 39 24 tre,
661 508 4 21 i
677 508 26 21 de
719 508 68 27 öfriga
797 508 102 21 städerna
908 508 48 26 fyra

196 545 91 24 procent
310 543 39 21 och
368 544 27 26 på
415 544 73 20 landet
504 543 33 21 för
552 543 86 21 influtet
653 543 78 27 belopp
749 542 22 22 af
785 543 56 21 ända
857 542 31 21 till
904 542 50 21 fem-

196 577 86 21 hundra
300 579 61 20 mark
380 579 47 20 åtta
442 579 96 26 procent,
555 579 55 20 samt
626 577 33 22 för
674 578 57 21 hvad
747 584 97 15 summan
860 577 32 21 för
908 578 47 20 året

196 611 124 22 derutöfver
335 613 42 20 kan
394 614 78 25 utgöra
488 613 76 21 endast
580 619 36 14 sex
632 613 97 26 procent,
746 612 82 21 hvilken
845 612 108 27 provision

196 645 188 29 försäljningsman
401 653 49 21 eger
466 648 6 20 i
488 647 121 27 afgifvande
624 647 139 26 redovisning
777 646 34 21 för
827 647 25 20 de
863 646 92 21 influtna

195 681 84 21 medlen
296 682 31 26 sig
343 682 32 20 till
390 682 55 27 godo
462 682 69 21 räkna
549 683 56 20 samt
620 682 36 21 vid
672 681 74 22 dessas
761 681 118 26 leverering
894 681 60 21 inne-

195 715 63 22 hålla.
289 716 218 21 Landträntmästare
529 717 35 20 må
586 717 46 20 icke
655 715 121 22 handhafva
793 715 159 27 försäljningen.

542 808 13 29 s
572 810 33 19 32.

263 854 31 21 På
314 854 139 21 Guvernören
473 855 6 20 i
497 855 73 27 hvarje
589 855 34 20 län
641 855 125 21 ankommer
783 855 38 25 att,
838 854 26 26 på
881 853 72 21 lands-

194 888 151 22 kamrerarens
365 888 158 28 föredragning,
541 889 30 21 till
588 889 188 27 försäljningsmän
793 890 48 19 utse
857 888 38 21 och
910 887 42 21 för-

194 923 69 20 ordna
279 923 81 21 sådane
374 929 111 21 personer,
502 929 45 16 som
562 923 98 22 befinnas
674 923 71 21 dertill
755 923 70 26 villige
837 922 38 21 oeh
885 922 67 27 lämp-

193 956 42 27 lige
250 959 57 19 samt
323 957 63 22 ställa
403 958 95 27 antaglig
509 958 106 21 säkerhet.
642 958 32 20 Då
686 957 187 27 försäljningsman
884 956 68 21 blifvit

193 990 118 22 förordnad
328 992 38 21 och
381 991 153 28 försäljningen
550 993 42 20 kan
609 992 105 27 begynna,
731 991 53 22 skall
801 991 72 21 derom
888 991 7 20 i
908 992 44 19 sta-

194 1025 52 21 dens
263 1026 51 21 eller
330 1027 105 21 socknens
451 1027 80 26 kyrkor
545 1027 117 26 kungöras.
689 1026 74 21 Större
777 1025 78 27 belopp
871 1026 81 26 stämp-

194 1059 46 21 ladt
264 1067 84 20 papper
371 1061 37 21 och
432 1061 181 27 stämpelmärken
633 1063 26 19 än
676 1061 43 26 det,
743 1059 86 22 hvarför
853 1059 99 22 säkerhet

193 1093 69 22 blifvit
286 1095 62 27 stäld,
367 1096 35 20 må
421 1096 17 27 ej
458 1096 32 21 till
505 1095 189 28 försäljningsman
711 1094 98 27 utgifvas,
826 1095 45 20 icke
886 1094 66 21 heller

193 1129 49 26 nytt
262 1128 69 28 förlag
351 1129 62 22 deraf
428 1130 78 22 honom
525 1131 88 25 lemnas,
629 1130 67 21 innan
713 1129 42 21 han
771 1129 32 21 till
818 1129 134 21 landtränte-

194 1163 41 20 riet
251 1164 129 22 inlevererat
395 1165 112 27 betalning
522 1165 33 21 för
570 1165 56 21 hvad
642 1164 85 22 utöfver
746 1164 39 21 den
806 1164 69 20 stälda
885 1164 63 20 säker

192 1197 64 22 heten
280 1199 43 21 kan
346 1200 127 27 reqvireras,
496 1200 112 21 hvaröfver
632 1200 36 20 det
687 1199 80 27 åligger
787 1198 164 22 landskontoret

192 1233 33 20 att
241 1239 57 21 noga
314 1234 61 21 vaka.

260 1267 10 21 I
294 1268 28 21 all
344 1268 102 22 händelse
470 1272 23 18 är
515 1269 189 27 försäljningsman
727 1268 82 26 pligtig,
833 1268 33 20 att
886 1267 65 21 minst

190 1302 74 27 hvarje
280 1302 54 22 halft
350 1303 24 21 år
389 1303 110 27 betalning
515 1303 33 22 för
563 1303 95 21 försålda
673 1303 77 21 kartor
760 1302 124 20 inleverera.
905 1301 46 21 Blir

190 1336 7 20 i
212 1336 80 22 sådant
308 1337 100 22 afseende
423 1338 71 27 någon
510 1337 251 28 penningeförsändning
776 1336 48 21 med
839 1338 76 24 posten
930 1335 23 21 af

190 1371 78 26 nöden,
293 1372 84 27 åtnjute
399 1372 189 28 försäljningsman
611 1372 64 22 frihet
695 1372 47 21 från
762 1372 55 20 både
832 1373 63 25 porto
912 1371 39 21 och

190 1406 197 27 assuransafgifter,
404 1408 24 20 så
444 1408 39 20 ock
498 1407 33 21 för
548 1408 27 20 all
591 1414 72 15 annan
678 1408 7 20 i
702 1408 38 20 och
755 1407 33 21 för
804 1407 53 21 hans
872 1407 78 21 befatt-

190 1439 51 27 ning
258 1440 125 28 erforderlig
399 1442 182 26 korrespondans.
