1086 1700
313 122 82 22 Ständ.
412 122 39 22 Sv.
466 135 30 2 —
511 121 75 29 Prop.
602 121 44 23 N:o
662 122 34 21 11.
824 123 27 19 71

128 189 43 27 gad
194 191 32 19 att
250 188 28 27 pä
302 194 27 16 en
352 188 59 27 gäng
439 188 121 22 innehafva
583 188 56 21 eller
662 188 78 26 brytes
764 187 55 27 eljes
838 188 45 20 mot

128 230 82 16 samma
228 223 111 28 paragraf,
354 230 54 16 vare
424 223 88 22 straffet
527 224 64 20 böter
606 222 72 22 första
695 229 65 15 resan
776 222 51 22 frän
842 222 40 22 och

128 260 50 22 med
193 260 31 22 tio
238 260 36 21 till
290 260 40 21 och
345 259 49 22 med
410 259 77 22 trettio
503 259 63 21 mark
577 259 40 21 och
628 259 78 27 hvarje
716 258 97 28 följande
823 258 60 28 gäng

129 296 50 21 frän
194 296 41 22 och
250 296 50 21 med
316 295 75 22 trettio
409 296 36 20 till
461 296 40 20 och
516 295 50 22 med
581 295 71 22 sextio
668 295 71 21 mark.
762 294 44 22 Det
821 294 61 22 inne-

128 332 67 21 hafda
210 332 120 21 bränvinet
346 331 49 21 med
409 331 52 21 kärl
476 337 54 16 vare
546 331 107 27 derjemte
668 330 117 22 förbrutet.

475 403 28 21 47
522 402 18 28 8.

201 444 122 23 Husbonde
346 450 107 16 ansvarar
476 444 36 21 för
535 443 142 28 förbrytelse,
702 449 46 16 som
763 442 49 22 med
827 442 55 22 hans

129 480 95 27 vetskap
248 480 41 22 och
311 480 54 27 vilja
387 482 45 20 mot
452 480 72 21 denna
547 480 131 26 förordning
700 479 69 27 begäs
789 478 25 22 af
827 478 55 22 hans

130 517 85 27 hustru,
240 515 91 23 husfolk
354 516 55 22 eller
424 516 8 20 i
447 516 56 21 hans
519 516 77 21 arbete
612 518 96 24 antagen
724 521 87 21 person,
827 514 55 21 lika-

131 559 46 15 som
198 558 54 17 vore
275 551 150 28 förbrytelsen
449 551 63 28 gjord
532 552 25 21 af
570 551 129 22 husbonden
714 550 57 29 sjelf.
801 549 82 24 Pröfve

131 589 57 22 dock
204 589 110 26 domaren,
331 595 33 14 om
381 588 48 27 den,
447 587 25 22 af
485 588 92 21 hvilken
592 588 151 27 förbrytelsen
760 586 122 28 utöfvades,

131 625 85 21 kunnat
239 624 41 21 och
304 624 49 21 bort
370 626 71 25 vägra
457 625 32 20 att
505 623 141 22 husbondens
662 623 54 28 vilja
731 623 151 26 efterkomma,

131 660 8 21 i
154 660 88 22 hvilket
260 659 39 22 fall
316 659 66 22 äfven
399 659 48 28 den,
465 665 46 15 som
527 659 93 22 sälunda
635 659 61 27 felat,
713 659 40 21 bör
764 659 74 20 dömas
848 658 35 21 till

132 695 67 22 straff.

477 743 30 20 48
523 742 19 29 &.

204 785 46 21 Gör
273 784 72 27 någon
369 784 35 27 sig
427 783 91 28 skyldig
541 783 35 22 till
599 783 53 22 flera
671 783 149 27 förbrytelser
839 784 46 19 mot

133 820 71 22 denna
226 819 136 28 förordning,
385 819 63 22 skola
472 819 27 22 de
523 819 35 22 för
582 819 77 27 hvarje
675 819 60 21 olika
750 818 134 27 förbrytelse

133 857 83 20 utsatta
232 855 66 22 straff
311 855 70 27 enligt
391 855 112 21 allmänna
513 855 98 27 grunder
622 855 182 26 sammanläggas.
820 853 63 22 Fort-

133 893 71 20 sätter
219 891 50 22 åter
284 891 72 27 någon
372 891 70 21 under
457 891 40 27 tid,
514 891 28 21 då
557 891 44 21 han
617 893 25 19 är
658 891 59 21 stäld
732 890 71 21 under
817 889 68 22 tilltal

133 927 36 22 för
190 927 135 27 förbrytelse
344 928 45 20 mot
404 927 72 21 denna
491 926 137 27 förordning,
645 933 83 14 samma
743 925 141 27 förbrytelse,

133 964 41 21 och
196 963 44 21 blir
263 963 77 21 härtill
363 962 130 27 förvunnen,
511 963 59 20 skall
586 961 86 22 straffet
688 961 75 22 derför
780 967 105 16 samman-

133 999 77 27 läggas
230 998 51 22 med
297 998 86 21 straffet
399 997 35 22 för
451 998 41 21 den
509 997 57 22 först
582 997 90 28 angifna
687 997 156 27 förbrytelsen.
874 996 11 21 I

134 1034 75 27 dylika
232 1034 45 21 mål
300 1034 35 21 må
358 1033 19 28 ej
401 1033 50 22 med
473 1034 87 26 utslags
580 1033 143 22 afkunnande
739 1032 63 23 öfver
817 1032 68 21 redan

133 1069 78 22 utredd
228 1069 134 27 förbrytelse
378 1069 137 26 uppehållas,
532 1070 54 20 utan
602 1069 78 21 dervid
695 1069 59 21 blott
766 1068 118 26 iakttagas,

135 1107 38 25 att,
198 1105 27 21 då
248 1105 93 21 böterna
364 1104 19 27 ej
403 1105 60 26 utgå,
480 1104 142 27 förvandling
638 1103 24 22 af
676 1104 49 21 dem
740 1104 36 21 till
792 1104 93 20 motsva-

133 1140 69 22 rande
218 1142 67 20 annat
302 1140 63 22 straff
379 1140 35 22 för
425 1140 44 22 alla
479 1140 148 27 förbrytelser
637 1140 29 26 på
678 1146 27 15 en
716 1140 59 27 gång
785 1140 100 20 utsättes.

481 1213 28 19 49
527 1211 17 29 8.

208 1255 16 19 1.
256 1254 56 26 Den,
330 1260 45 15 som
392 1253 66 22 fälles
473 1253 37 21 till
525 1254 64 20 böter
604 1253 40 21 och
656 1253 81 21 saknar
747 1252 96 28 tillgång
854 1253 33 21 att

135 1290 49 21 dem
199 1290 35 20 till
255 1289 54 22 fullo
333 1289 72 27 gälda,
429 1289 59 21 skall
509 1289 8 21 i
533 1289 77 21 stället
625 1289 71 21 hållas
712 1289 8 21 i
736 1288 101 27 fängelse
852 1288 35 21 för

134 1325 51 21 hela
206 1325 173 27 bötesbeloppet.
411 1325 44 21 Vid
477 1325 76 21 böters
576 1324 143 27 förvandling
734 1324 36 21 till
786 1323 101 27 fängelse

135 1366 77 17 svarar
230 1360 51 28 fyra
300 1360 79 28 dagars
395 1360 103 27 fängelse
513 1362 46 20 mot
574 1360 64 22 böter
653 1360 36 21 till
704 1360 40 21 och
760 1359 50 21 med
825 1359 62 27 tjugu

135 1396 68 22 mark.
228 1396 34 22 Gå
277 1397 92 21 böterna
386 1395 129 23 derutöfver
531 1396 36 21 till
578 1396 40 21 och
628 1395 50 22 med
688 1395 119 22 etthundra
818 1394 68 28 mark,
