1086 1700
358 129 29 23 U.
402 130 29 22 B.
445 142 28 3 —
489 129 74 28 Prop.
579 129 41 23 N:o
636 129 36 22 11.
841 129 28 21 73

141 196 71 27 öppna
230 197 77 26 porten
326 195 33 22 för
374 196 27 21 de
416 196 57 21 mest
488 194 115 28 förhatliga
618 194 130 27 angifvelser
763 194 40 23 och
819 194 80 22 vitnes-

140 230 43 21 mål
205 229 23 23 af
248 230 100 26 bekanta,
371 236 92 21 grannar
479 230 40 21 och
534 230 87 22 fränder
636 232 60 19 emot
710 229 127 22 hvarandra.
868 228 31 28 Ty

141 264 78 22 endast
234 270 76 21 genom
326 264 54 22 slika
395 264 127 27 förkastliga
537 264 129 27 angifvelser
682 264 42 21 kan
740 264 37 21 det
792 263 33 22 för
839 263 60 21 äkla-

141 304 66 22 garen
229 299 67 21 varda
318 299 82 27 möjligt
422 300 33 20 att
477 299 83 21 komma
576 298 167 22 öfverträdelser
759 298 22 22 af
795 298 104 26 salnings-

141 332 101 23 förbudet
256 333 28 27 pä
300 333 96 27 spären.*
415 344 25 4 —
456 332 31 22 Pä
503 333 69 26 grund
587 332 23 22 af
624 332 38 22 det
677 332 90 22 anförda
782 332 66 27 vägar
861 332 38 27 jag

141 366 81 24 föreslä
238 369 32 20 att
285 367 122 23 Ständerna
421 367 68 22 mätte
504 368 86 21 besluta

349 432 30 20 att
397 437 26 15 ur
440 432 17 23 $
475 432 28 19 15
521 430 92 22 utesluta
632 430 64 21 orden
716 430 49 25 ,tvä
783 429 48 22 eller
850 429 50 27 flere

277 471 101 20 personer
390 465 75 26 förena
480 465 33 27 sig
529 471 32 15 om
577 464 83 27 uppköp
676 464 27 27 af
715 464 90 22 bränvin
819 464 34 26 för
868 465 31 19 att

281 499 115 22 detsamma
411 499 32 27 sig
459 498 86 22 emellan
559 498 82 27 fördela
657 498 37 22 och
709 499 18 27 ej
741 497 80 23 heller".

212 643 12 24 8
245 643 32 20 16.
308 641 10 21 I
339 641 69 22 denna
429 642 103 27 paragraf
554 641 115 22 återfinnes
689 648 25 15 en
735 640 165 27 inkonsekvens,

144 681 52 20 som,
220 675 91 22 oaktadt
334 676 41 21 alla
398 676 97 22 deremot
517 677 76 27 gjorda
614 676 162 27 invändningar,
793 675 108 26 öfvergått

143 709 46 22 från
213 710 40 21 den
278 716 40 15 ena
340 710 164 27 bränvinslagen
529 711 32 21 till
582 711 41 21 den
638 711 68 21 andra
721 711 40 21 och
777 715 46 16 som
839 709 60 22 äfven

145 745 69 21 denna
236 745 63 27 gång,
324 744 66 23 ehuru
413 745 49 22 med
483 745 109 27 obetydlig
607 745 118 27 pluralitet,
741 744 124 22 bibehållits
880 743 23 22 af

144 779 114 22 utskottet.
290 779 95 22 Oaktadt
404 779 75 27 lagens
495 779 84 28 uppgift
594 779 123 22 framhålles
733 785 51 16 vara
799 780 33 20 att
847 780 54 20 mot-

144 813 75 22 arbeta
242 814 26 21 de
291 814 73 21 starka
384 815 164 26 rusdryckerna,
571 815 25 20 så
610 813 80 23 införes
707 814 36 21 det
758 813 143 27 motsägande

144 847 136 27 stadgandet,
300 849 32 20 att
352 850 63 25 svagt
429 849 88 21 bränvin
533 849 47 21 icke
596 849 32 21 får
644 849 72 27 säljas,
733 849 37 21 det
785 848 70 21 måste
871 847 31 21 in-

144 881 86 22 nehålla
252 889 26 14 en
301 883 50 25 viss,
373 883 48 21 icke
441 883 62 27 ringa
519 883 139 27 alkoholhalt,
674 889 78 15 annars
769 883 43 21 slår
827 882 74 27 lagens

145 915 117 23 straffande
276 917 109 22 hammare
400 917 42 22 ned
458 917 29 28 på
502 917 150 28 brottslingen.
666 929 24 4 —
708 917 117 22 Gentemot
841 917 60 20 detta

147 962 22 3 —
184 950 33 23 för
232 951 64 27 öfrigt
312 951 68 27 aldrig
395 951 46 22 från
458 952 104 21 teoretisk
579 952 109 27 synpunkt
702 951 113 22 bestridda
832 962 24 3 —
873 950 28 21 fel

144 987 46 20 mot
212 985 74 28 hvarje
307 986 71 26 logisk
400 986 210 27 slutledningskonst
625 993 63 20 synas
705 986 42 27 mig
763 986 42 21 alla
819 991 30 16 nu
864 985 39 21 lik-

145 1026 46 15 som
211 1019 45 22 förr
276 1020 87 21 anförda
379 1020 47 22 skäl
441 1021 33 21 för
490 1021 142 26 stadgandets
648 1020 152 23 bibehållande
815 1026 51 15 vara
881 1018 22 22 af

144 1053 50 28 föga
209 1054 111 28 betydelse
337 1056 55 20 samt
407 1054 32 22 får
454 1055 56 27 förty
525 1055 90 22 föreslå:

352 1119 31 20 att
399 1117 75 22 orden:
491 1117 20 27 yi
527 1117 72 28 styrka
614 1118 73 27 uppgå
698 1117 31 22 till
738 1118 66 21 minst
815 1118 30 20 35
855 1124 48 20 pro-

284 1154 56 20 cents
356 1152 125 21 alkoholhalt
495 1152 37 21 vid
547 1154 24 23 +
585 1153 27 20 15
626 1152 77 27 grader
718 1153 14 20 å
749 1151 66 23 Celsii
830 1154 72 19 termo-

284 1188 63 20 meter
361 1187 68 21 samti"
449 1198 22 2 —
489 1193 26 14 ur
530 1186 16 27 $
558 1188 29 20 16
601 1186 110 22 uteslutas.

215 1328 13 26 8
244 1330 34 19 21.
308 1329 10 21 I
334 1328 115 22 allmänhet
469 1330 40 20 har
524 1330 116 25 utskottet,
656 1329 71 21 såsom
741 1329 38 27 jag
793 1328 59 22 förut
867 1335 36 15 va-

145 1362 28 21 rit
188 1362 7 20 i
211 1362 85 22 tillfälle
316 1364 33 20 att
368 1362 119 27 framhålla,
503 1363 36 22 vid
555 1363 151 28 uppgörandet
721 1363 23 21 af
757 1363 147 27 föreliggande

145 1396 117 28 lagförslag
285 1397 90 21 sträfvat
397 1399 32 19 att
448 1398 89 27 utvidga
552 1398 26 22 de
594 1398 137 22 kommunala
745 1398 159 27 myndigheter-

145 1436 39 16 nas
204 1430 130 28 befogenhet
349 1431 132 22 beträffande
497 1432 121 22 ordnandet
633 1432 23 22 af
669 1432 235 22 bränvinstillverknin-

214 1470 193 19 Ekonomiutskottets
420 1472 118 18 betänkande
550 1473 37 17 N:o
599 1473 16 17 3.
