1086 1700
262 152 27 20 34
559 154 45 23 N:o
626 155 38 22 11.

437 428 97 32 Förslag
551 429 36 25 till
605 429 142 32 förordning,
767 428 117 33 angående
897 429 94 32 försälj-

369 469 60 32 ning,
447 469 98 32 forsling
558 472 56 22 samt
626 470 85 32 upplag
723 470 27 24 af
761 469 95 25 bränvin
869 470 40 24 och
922 469 70 25 andra

367 509 85 25 brända
471 509 57 26 eller
546 510 140 25 distillerade
706 510 165 33 spritdrycker.

540 621 91 16 Art.
650 621 29 16 I.

452 671 34 21 Om
503 671 121 28 försäljning
641 671 21 21 af
678 671 91 21 bränvin.

588 735 12 27 $
618 736 17 19 1.

301 774 85 21 Handel
401 774 49 21 med
465 774 89 21 bränvin
572 774 32 21 får
620 775 73 20 idkas:

303 808 41 27 1:0)
368 808 22 21 af
411 809 54 27 dem,
489 809 72 20 hvilka
583 809 113 21 innehafva
721 809 105 26 rättighet
842 811 33 19 att
890 809 100 21 tillverka

229 843 52 20 eller
298 843 104 21 distillera
418 843 100 26 bränvin;

300 877 43 27 2:0)
360 877 22 21 af
397 877 54 27 dem,
467 884 47 15 som
529 878 7 21 i
551 878 151 21 nedannämnd
719 878 92 27 ordning
826 878 119 21 förvärfvat
956 878 33 27 sig

228 911 104 28 rättighet
348 912 33 21 till
397 913 136 26 partihandel
549 913 48 20 med
613 913 100 22 bränvin;

301 947 42 23 3:0)
360 946 23 21 af
399 947 114 27 behörigen
529 949 91 25 antagne
637 947 184 26 minutförsäljare
837 949 56 19 samt

300 981 42 26 4:0)
366 980 23 21 af
411 981 54 27 dem,
488 981 78 26 hvilka,
590 981 68 27 enligt
680 981 57 21 hvad
752 981 41 21 här
808 981 70 21 nedan
895 981 93 27 stadgas,

227 1015 88 21 erhållit
338 1015 104 27 rättighet
461 1017 32 20 att
513 1016 6 21 i
535 1016 153 27 sammanhang
704 1016 50 21 med
770 1016 121 27 utspisning
906 1015 24 22 af
944 1018 44 19 mat

226 1049 108 22 utskänka
350 1050 97 21 bränvin.

586 1085 47 27 SES

298 1125 228 21 Bränvinstillverkare
550 1125 52 21 eller
625 1125 140 21 innehafvare
789 1124 24 22 af
835 1125 151 27 distillerings-

225 1159 53 21 verk
300 1159 35 21 mä
354 1159 35 21 vid
404 1159 97 21 fabriken
517 1160 89 26 försälja
622 1160 74 21 renadt
712 1160 92 21 bränvin
820 1160 34 20 till
869 1160 79 26 belopp
964 1160 24 21 af

224 1194 65 20 minst
312 1194 110 21 sextiofem
443 1194 55 26 liter,
515 1201 48 14 men
578 1201 58 20 vara,
653 1201 45 15 som
714 1194 48 21 icke
779 1196 24 19 är
819 1194 24 21 sä
858 1194 66 21 renad
941 1200 45 15 som

223 1228 7 21 i
246 1228 12 27 $
276 1230 24 19 16
324 1228 144 26 föreskrifves,
493 1229 74 21 endast
583 1230 6 20 i
606 1230 100 26 partiköp
723 1236 34 14 om
775 1229 64 21 minst
854 1229 132 27 fyrahundra

223 1263 56 21 liter.
309 1258 128 26 Äfvenledes
453 1270 50 14 vare
522 1264 79 20 honom
617 1264 80 21 tillåtet
712 1266 35 19 att
762 1264 34 20 till
812 1270 70 14 annan
899 1266 33 18 ort
944 1264 42 20 för-

224 1297 56 27 sälja
296 1298 53 20 eller
364 1298 89 21 afsända
469 1298 96 26 bränvin,
577 1299 48 20 med
636 1298 143 27 iakttagande
791 1298 66 21 likväl
869 1298 33 20 för
913 1298 72 26 hvarje

222 1332 81 26 köpare
326 1332 23 21 af
371 1332 66 27 sagda
459 1332 167 28 minimibelopp.
657 1334 11 20 I
684 1333 47 21 stad
750 1333 43 21 kan
810 1332 98 21 tillstånd
924 1335 32 18 att
973 1332 12 21 ä

222 1368 65 20 annat
309 1366 202 28 försäljningsställe
532 1369 26 19 än
574 1367 35 21 vid
625 1367 125 21 bränneriet
766 1367 54 21 eller
835 1366 148 28 distillerings-

220 1400 76 22 verket
318 1401 81 27 afyttra
414 1401 7 21 i
437 1401 62 21 ofvan
515 1402 81 26 antydd
612 1402 68 21 mätto
696 1401 81 21 renadt
794 1401 89 21 bränvin
899 1401 32 21 till
948 1402 35 20 be-

220 1435 50 27 lopp
294 1435 23 21 af
338 1436 65 20 minst
418 1436 111 21 sextiofem
545 1436 55 24 liter,
618 1437 26 25 pä
661 1436 95 21 särskild
773 1435 104 26 ansökan,
894 1435 88 27 beviljas

220 1470 230 21 bränvinstillverkare
466 1470 51 21 eller
533 1470 139 21 innehafvare
687 1470 23 21 af
720 1470 192 26 distilleringsverk
924 1470 6 20 i
942 1470 39 20 den
