1086 1700
234 121 29 20 40
412 119 83 23 Ständ.
511 118 38 24 Sv.
566 132 28 4 —
609 119 75 28 Prop.
700 119 45 22 N:o
761 118 38 23 16.

518 180 39 24 IV
576 181 70 31 Kap.

306 250 44 23 Om
365 250 116 23 befrielse
497 250 55 22 från
568 250 282 29 stämpelbevillningen.

550 312 27 20 14
593 310 19 29 8.

276 353 63 21 Ifrån
361 353 59 22 hvad
441 352 113 28 angående
575 353 191 27 stämpelpappers
781 353 58 21 bruk
854 353 100 22 ofvanför

206 388 145 23 föreskrifvet
365 391 26 19 är
407 388 149 28 undantagas
547 384 13 37 :

279 426 36 21 1:0.
346 425 49 21 Allt
409 424 59 23 hvad
483 424 94 22 rörande
588 424 85 22 kronan
684 425 39 21 och
735 424 50 22 dess
796 426 47 20 rätt
850 425 37 22 vid
895 425 57 21 dom-

206 461 74 27 stolar,
301 461 142 22 embetsverk
463 461 40 21 och
523 460 155 28 myndigheter
693 460 117 22 afhandlas
827 462 55 20 samt
897 460 56 22 deri-

205 497 51 21 frän
278 496 106 22 utfärdas.
415 491 33 27 Är
471 496 87 22 enskild
581 503 81 20 person
683 499 51 24 part
755 497 13 21 &
786 496 82 22 endera
883 497 70 27 sidan,

205 532 83 22 brukas
308 532 35 22 för
363 532 51 22 dess
435 532 36 22 del
490 532 178 27 stämpelpapper
684 532 72 22 säsom
772 532 34 21 för
821 532 77 27 hvarje
914 532 39 21 fall

206 569 107 21 särskildt
329 568 103 27 stadgadt
447 570 31 19 är.
508 568 103 21 Kronans
627 569 39 20 och
678 568 109 21 allmänna
795 568 159 27 inrättningars

206 606 56 21 samt
284 605 139 21 kommuners
447 604 112 27 exemplar
580 603 25 22 af
622 604 113 27 kontrakt,
754 603 25 22 af
792 604 58 22 hvad
866 604 47 27 slag
928 604 26 21 de

205 647 54 16 vara
274 641 41 26 mä,
333 642 37 19 äro
384 639 83 28 jemväl
482 639 50 22 frän
548 639 163 28 stämpelafgift
721 639 126 28 frikallade;
858 646 48 15 men
916 646 36 15 en-

206 677 84 21 skildes
306 676 112 26 exemplar
433 675 24 22 af
471 675 106 22 kontrakt
592 682 34 15 om
642 676 102 21 leverans
760 676 55 21 eller
831 678 66 19 annat
907 675 46 21 äta-

205 712 71 27 gande
292 712 35 21 för
335 711 103 22 kronans
455 711 55 22 eller
525 711 81 22 allmän
617 711 135 27 inrättnings
763 711 68 22 behof
837 713 116 25 upprättas

206 749 14 21 &
235 747 120 28 stämpladt
369 753 84 21 papper
469 747 34 22 till
519 747 37 22 det
571 748 85 26 belopp,
673 754 46 15 som
735 747 34 22 för
780 747 173 22 embetsverkets

205 784 152 27 expeditioner
372 783 8 22 i
395 783 120 22 allmänhet
531 785 25 19 är
571 783 125 27 faststäldt;

276 821 38 20 2:0.
345 819 114 21 Fullmakt
475 819 34 21 för
525 819 168 27 landtdagsman
706 819 69 27 jemte
790 819 80 27 utdrag
880 825 26 15 ur
916 819 38 21 det

204 855 38 22 vid
257 855 201 26 valförrättningen
473 855 116 21 tillkomna
599 855 117 28 protokoll,
727 855 113 22 äfvensom
851 854 102 22 fullmakt

205 891 35 22 för
255 891 79 21 ombud
349 891 38 21 vid
402 890 141 27 kyrkomöte;

277 929 37 19 3:0.
346 926 143 28 Domstolars,
505 927 91 26 publika
611 927 69 21 verks
696 928 56 20 samt
766 927 69 21 andra
845 927 108 21 allmänna

204 963 168 26 inrättningars,
393 962 119 22 stiftelsers
528 963 40 20 och
584 962 111 21 samfunds
711 963 157 26 inneliggande
883 963 67 21 hand-

204 999 78 26 lingar,
299 998 142 27 protokoller,
453 998 137 27 domböcker,
601 998 165 27 registraturer,
777 998 87 27 diarier,
874 999 78 21 räken-

204 1035 88 26 skaper,
309 1034 166 27 förteckningar
491 1034 49 21 med
555 1040 60 15 mera
631 1033 90 28 sädant;

275 1072 40 19 4:0.
346 1070 164 27 Regvisitioner
526 1070 39 21 och
581 1070 148 27 anordningar
739 1069 35 22 för
785 1070 109 21 allmänna
903 1070 50 21 kas-

204 1113 37 15 sor
264 1108 57 19 samt
341 1106 145 27 uträkningar
502 1106 13 21 ä
530 1106 112 26 upplupna
657 1108 77 19 räntor
750 1105 35 22 till
800 1106 91 26 publika
906 1105 46 22 fon-

204 1142 40 22 der
257 1142 69 27 jemte
340 1142 132 28 reversaler,
489 1142 123 26 gvittanser
628 1142 40 21 och
683 1142 63 21 bevis
762 1141 63 22 öfver
836 1142 32 21 dit
878 1142 75 27 gjorda

204 1178 173 26 inbetalningar;

277 1215 37 19 5:0.
353 1213 146 21 Debetsedlar
522 1214 13 20 å
555 1214 85 26 krono-,
663 1213 76 27 stads-,
761 1214 137 20 kommunala
913 1214 39 20 och

204 1249 69 21 andra
288 1249 111 21 allmänna
414 1249 123 27 utskylder,
553 1250 122 26 räkningar
690 1250 13 20 &
719 1250 113 21 tullmedel
848 1250 40 20 och
898 1249 52 21 auk-

203 1284 123 27 tionsinrop
345 1291 26 15 m.
391 1291 26 15 m.
435 1286 57 20 samt
508 1285 123 26 gvittanser
646 1286 40 20 och
702 1285 62 22 bevis
781 1285 62 23 öfver
858 1285 92 21 inbetal-

203 1320 80 27 ningar
298 1320 8 21 i
321 1320 119 27 anledning
455 1320 72 25 deraf;

276 1357 39 20 6:0.
346 1355 213 28 Läneobligationer,
576 1356 198 27 depositionsbevis
790 1356 40 22 och
844 1356 108 22 skuldför-

203 1391 119 28 bindelser,
339 1391 116 23 utfärdade
471 1392 25 22 af
509 1392 71 22 finska
596 1394 65 20 stats-
677 1392 40 22 och
727 1392 163 22 militieverken
898 1394 55 20 samt
