1086 1700
351 141 28 23 U.
394 142 27 21 B.
437 153 30 3 —
482 141 74 27 Prop.
572 141 40 22 N:o
630 140 34 23 11.
845 143 12 19 3

128 210 31 22 ler
181 210 93 27 helgdag
296 210 32 21 till
351 210 92 22 klockan
466 210 43 22 fem
524 210 46 22 före
586 210 113 27 middagen
716 212 62 20 nästa
793 210 91 26 helgfria

129 244 47 27 dag.
206 244 167 27 Jästberedning
389 246 23 20 är
427 245 48 21 icke
490 245 7 21 i
514 245 60 21 detta
591 245 77 21 förbud
684 245 132 27 inbegripen.

198 281 18 19 2.
246 279 74 22 Under
342 279 58 21 tiden
421 279 46 21 från
484 280 42 21 den
543 281 8 19 1
570 280 50 21 Juni
636 279 32 21 till
685 280 40 21 den
743 282 24 18 15
785 279 101 27 Septem-

129 314 38 21 ber
181 314 35 21 må
231 314 65 20 likväl
311 314 239 26 bränvinstillverkning
565 314 6 20 i
588 314 153 26 sammanhang
752 314 48 21 med
811 320 75 20 press-

126 348 164 27 jästberedning
305 348 22 21 af
341 348 105 21 Senatens
462 348 287 27 Ekonomie-Departement
759 347 125 27 medgifvas,

129 385 57 19 emot
208 382 75 27 vilkor,
303 388 46 16 som
373 382 45 22 dels
441 382 7 21 i
469 383 70 21 denna
554 382 124 27 förordning
694 383 40 21 och
749 383 6 21 i
772 382 115 27 ordnings-

129 418 91 25 stadgan
244 419 36 19 äro
302 417 7 21 i
332 416 101 22 afseende
457 417 12 21 å
495 417 238 27 bränvinstillverkning
748 416 135 28 föreskrifna,

129 452 46 22 dels
191 452 41 21 ock
247 451 23 21 af
284 451 98 22 bemälde
398 452 156 26 Departement
564 451 85 28 pröfvas
661 452 125 27 ytterligare
797 452 90 26 nödiga.

198 488 19 19 3.
248 486 34 21 Då
303 486 224 27 pressjästberedning
550 487 50 21 sker
621 486 69 22 under
705 492 69 16 annan
790 486 31 21 tid
837 488 27 19 än
880 486 7 20 i

129 527 61 15 mom.
208 523 13 19 2
237 523 70 25 säges,
324 520 123 22 ankommer
463 521 37 21 det
513 521 80 27 jemväl
609 521 13 21 å
638 521 105 21 Senatens
755 521 133 21 Ekonomie-

129 556 155 27 Departement
300 557 32 20 att
346 554 133 23 beträffande
493 556 121 21 kontrollen
625 556 35 21 vid
671 556 68 21 sådan
750 555 136 28 tillverkning

129 591 107 21 förordna.

198 627 20 18 4.
249 625 42 21 Sur
311 625 150 26 tillmäskning,
478 625 83 21 beredd
576 625 50 21 med
641 625 54 21 malt
710 625 39 22 och
763 625 52 27 jäst,
831 625 54 21 eller

131 659 127 22 annorledes
282 659 135 28 tjenliggjord
435 659 33 22 för
487 659 137 27 tillverkning
640 659 22 22 af
676 660 95 25 bränvin,
787 659 34 22 må
837 659 48 22 icke

129 693 68 22 finnas
212 694 40 21 hos
269 694 47 26 den,
333 700 44 15 som
393 694 195 27 tillverkningsrätt
604 701 56 20 eger,
676 695 68 20 under
760 700 70 15 annan
846 694 38 26 tid,

130 731 26 19 än
180 728 27 21 då
229 728 237 27 bränvinstillverkning
481 728 75 27 pågår,
572 728 40 22 och
628 728 33 21 får
676 728 23 22 af
713 735 68 15 annan
798 729 89 21 alldeles

129 763 48 21 icke
192 762 134 22 innehafvas.

485 809 12 28 8
514 811 21 20 5.

198 849 42 21 För
263 849 135 27 tillverkning
421 849 22 22 af
464 849 90 22 bränvin
577 849 33 22 får
632 850 109 27 begagnas
757 849 92 27 redskap
866 849 23 22 af

129 883 87 22 hvilken
232 883 148 22 beskaffenhet
395 890 46 15 som
457 884 64 26 helst,
538 885 48 21 med
602 885 26 20 de
643 884 180 27 inskränkningar
833 884 54 21 alle-

130 920 55 24 nast,
202 924 47 15 som
264 917 32 23 för
311 919 132 21 kontrollens
459 918 167 22 handhafvande
642 921 37 19 äro
690 919 53 21 eller
753 919 66 21 varda
829 918 57 22 före-

131 952 85 22 skrifna.

485 994 11 25 8
513 995 21 20 6.

201 1035 17 19 1.
250 1033 79 22 Senast
342 1033 77 28 fjorton
437 1034 68 27 dagar
520 1033 45 22 före
582 1034 46 25 den,
646 1035 28 20 dä
690 1034 198 21 bränvinstillverk-

130 1068 50 26 ning
203 1069 24 20 är
249 1067 74 22 afsedd
345 1071 32 18 att
400 1069 105 27 begynna,
529 1069 55 21 skall
600 1069 73 22 derom
689 1069 39 21 hos
744 1068 142 28 länestyrelse

129 1101 120 28 skriftligen
269 1103 94 21 anmälas
379 1103 49 21 med
443 1103 86 27 uppgift
544 1103 12 22 &
572 1103 74 22 stället
660 1103 33 22 för
708 1103 176 26 tillverkningens

130 1136 144 28 bedrifvande,
298 1137 74 27 dagen,
397 1138 27 21 dä
447 1138 126 22 densamma
588 1138 55 22 skall
663 1138 92 27 vidtaga,
773 1140 56 20 samt
845 1138 42 21 den

129 1170 130 28 myckenhet
273 1172 95 27 bränvin,
385 1172 166 27 tillverkningen
567 1172 96 22 kommer
679 1175 33 19 att
727 1172 95 26 omfatta,
834 1172 54 22 hvil-

129 1205 41 22 ken
187 1206 133 22 sistnämnda
336 1206 54 22 dock
405 1207 18 27 ej
441 1207 34 21 mä
491 1206 70 22 öfver-
578 1207 52 22 eller
645 1207 126 27 understiga
784 1207 56 22 hvad
858 1207 31 26 i$

129 1242 12 19 8
157 1242 99 20 närmare
269 1241 137 22 bestämmes.
437 1242 133 22 Tillverkare
588 1242 72 27 bifoge
676 1242 33 22 sin
727 1242 99 21 anmälan
845 1242 44 20 till-

129 1274 137 22 ständsbevis
290 1275 39 22 och
352 1276 63 21 ställe
437 1276 38 21 full
491 1276 103 22 säkerhet
615 1276 33 22 för
662 1276 145 28 fullgörandet
821 1276 22 22 af
858 1276 27 21 de

129 1308 48 22 utaf
194 1309 164 28 tillverkningen
373 1310 134 28 härflytande
523 1310 151 28 förpligtelser.
704 1310 29 22 Af
746 1311 65 27 bolag
826 1311 61 27 gjord

129 1344 98 21 anmälan
248 1350 34 16 om
302 1344 135 28 tillverkning
455 1345 56 21 skall
531 1344 85 28 ätföljas
632 1345 23 21 af
668 1344 90 28 uppgift,
775 1345 71 27 styrkt
865 1345 22 21 af

129 1378 89 28 behörig
240 1380 212 26 embetsmyndighet,
473 1380 28 27 pä
517 1380 129 26 delegarene
660 1380 7 21 i
683 1380 92 27 bolaget.
806 1380 79 21 Finner
908 1396 2 2 .

128 1414 142 27 länestyrelse
288 1414 76 22 hinder
381 1414 33 22 för
433 1414 169 27 handteringens
623 1413 116 23 utöfvande
755 1414 48 22 icke
818 1415 70 26 möta,

129 1455 50 15 vare
195 1448 103 22 kontrakt
313 1449 74 21 derom
400 1448 49 22 med
465 1449 125 21 tillverkare
606 1448 111 22 afslutadt.

198 1488 193 18 Ekonomiutskottets
404 1488 117 18 betänkande
535 1489 37 18 N:o
584 1490 16 16 3.
