1086 1700
306 91 81 23 Ständ.
404 91 38 22 Sv.
460 104 26 2 —
504 90 73 30 Prop.
593 90 45 23 N:o
654 91 34 22 11.
813 93 27 19 33

465 158 28 20 36
511 156 18 29 8.

192 199 127 22 Kontrollör
334 199 38 22 vid
383 198 204 28 distilleringsverk
597 198 44 22 kan
652 198 116 22 förordnas
777 200 32 20 att
817 204 54 16 sam-

122 235 65 27 tidigt
202 234 125 22 handhafva
341 235 78 27 tillsyn
435 234 38 22 vid
489 234 54 22 flere
559 234 76 28 dylika
645 234 63 28 verk,
720 240 49 16 men
779 234 49 22 icke
835 234 38 22 vid

122 271 110 27 bränneri,
257 271 39 21 och
316 270 85 28 åtnjute
419 270 9 21 i
443 270 70 27 årligt
528 270 87 27 arvode,
632 270 40 22 der
687 270 44 21 han
747 272 24 19 är
787 270 87 22 anstäld

122 306 38 22 vid
183 308 33 20 ett
238 307 62 26 verk,
324 306 49 21 från
395 308 88 20 ettusen
505 306 35 21 till
556 308 87 20 ettusen
659 305 130 22 femhundra
804 306 69 27 mark,

123 342 57 22 efter
195 342 159 27 länestyrelses
370 342 172 27 bestämmande,
560 344 56 19 samt
626 342 111 21 dessutom
746 341 129 22 femhundra

124 378 62 22 mark
206 378 34 21 för
259 378 75 27 hvarje
351 377 24 22 af
389 378 27 21 de
432 377 73 28 öfriga
521 378 209 27 distilleringsverk,
746 378 38 21 vid
799 378 76 21 hvilka

123 414 43 21 han
189 414 73 21 tillika
285 414 40 21 har
345 414 83 26 tillsyn.
463 413 85 22 Finnes
569 414 147 26 tillverkning
731 414 37 21 vid
784 414 91 21 distille-

124 450 119 27 ringsverk
266 456 53 15 vara
339 449 24 21 af
378 449 43 21 den
436 449 142 27 betydenhet,
595 451 33 19 att
644 450 123 20 kontrollör
782 449 34 21 för
831 450 44 21 till-

125 492 69 20 synen
213 485 103 22 deröfver
331 491 65 15 anses
413 485 18 27 ej
449 491 55 15 vara
519 486 49 21 med
584 486 80 20 sådant
679 485 81 22 arvode
776 485 100 27 skäligen

126 523 75 25 ersatt,
223 522 35 20 må
278 521 125 26 detsamma,
420 521 59 27 uppå
495 521 160 27 länestyrelses
671 521 168 27 framställning,
856 520 24 22 af

126 557 296 27 Ekonomiedepartementet
449 557 8 21 i
479 556 95 23 Senaten
596 557 35 22 till
653 557 69 28 högre
741 557 78 27 belopp
840 558 37 21 be-

126 595 108 20 stämmas.

471 625 28 18 37
517 623 18 28 8.

200 666 18 19 1.
249 663 11 22 I
276 664 192 21 kontrollkostnad
483 664 39 21 vid
538 664 203 27 distilleringsverk
751 664 86 27 åligger
847 664 31 21 di-

130 700 200 27 stilleringsidkare
354 699 47 22 före
424 700 79 27 hvarje
526 700 196 27 tillverkningsårs
745 699 75 27 början
844 700 35 21 till

129 736 170 21 landtränteriet
314 735 91 28 erlägga
421 735 131 22 femhundra
568 736 63 21 mark
646 736 40 21 och
702 735 110 22 dessutom
822 735 57 21 inom

131 771 80 28 fjorton
233 771 67 28 dagar
324 771 57 22 efter
401 771 78 27 hvarje
496 771 98 26 qvartals
610 771 85 27 utgång
710 771 32 21 dit
757 771 124 22 inleverera

129 813 28 16 en
180 807 66 27 afgift
266 807 24 21 af
304 813 27 16 en
346 807 67 26 penni
429 806 35 22 för
480 807 78 27 hvarje
574 807 52 22 liter
641 807 94 21 bränvin
751 806 25 22 af
788 807 92 20 normal-

130 843 83 27 styrka,
242 849 45 15 som
314 842 70 22 under
407 842 113 27 qvartalet
542 843 35 21 till
601 842 226 27 distilleringsverket
849 842 32 21 in-

131 878 95 21 kommit.

202 916 18 19 2.
252 914 48 21 Den
320 914 8 21 i
349 916 10 19 1
376 920 61 15 mom.
454 913 138 22 föreskrifna
607 915 126 26 leverering
749 914 133 22 verkställes

131 950 69 27 enligt
216 949 26 22 af
255 950 122 21 kontrollör
392 950 106 27 bestyrkt
514 950 105 27 reversal,
630 950 140 27 upptagande
780 949 101 27 mycken-

133 987 65 21 heten
222 985 25 22 af
266 986 38 21 det
319 986 34 21 till
369 986 229 27 distilleringsverket
613 986 71 22 under
698 985 185 27 nästföregående

134 1022 86 26 qvartal
243 1022 103 21 inkomna
368 1022 104 25 bränvin;
498 1022 40 21 och
561 1023 40 20 bör
622 1022 123 22 reversalet
769 1021 114 22 derstädes

134 1057 122 27 qvitteradt
278 1057 35 22 för
333 1058 152 21 kontrollören
506 1060 79 25 upptes
602 1060 56 19 samt
674 1064 27 15 en
716 1056 91 23 afskrift
822 1056 65 23 deraf

134 1093 82 22 lemnas
232 1094 24 21 åt
271 1093 220 22 öfverkontrollören.

478 1155 29 19 38
524 1154 18 28 &.

203 1195 45 22 Det
263 1196 122 21 kontrollör
401 1195 71 27 enligt
489 1197 28 19 36
534 1196 12 28 &
558 1196 164 21 tillkommande
733 1194 80 23 arvode
823 1194 61 22 utbe-

134 1231 55 22 talas
206 1230 25 22 af
243 1231 339 27 bränvinstillverkningsmedel
597 1232 8 20 i
621 1231 175 22 landtränteriet.

478 1299 29 19 39
525 1297 17 28 &.

205 1334 33 26 Är
254 1339 203 27 distilleringsverk
472 1339 92 27 beläget
579 1339 13 21 å
603 1338 81 26 landet,
694 1338 85 27 åtnjute
789 1337 96 21 kontrol-

136 1375 38 27 lör,
191 1381 45 15 som
253 1376 78 21 sådant
346 1375 88 27 önskar,
452 1374 25 22 af
491 1374 231 28 distilleringsidkare,
739 1375 58 20 emot
807 1374 78 20 ersätt-

804 1414 11 17 3
