1086 1700
238 123 13 20 8
392 121 83 23 Ständ.
487 121 38 23 Sv.
541 134 28 4 —
585 122 75 28 Prop.
674 122 45 22 N:o
735 122 37 22 16.

208 181 167 27 Lappmarkens
393 182 76 27 härad,
488 182 41 21 och
544 182 29 21 då
588 182 168 22 förhållandena
771 182 8 21 i
795 182 71 22 denna
879 182 80 22 socken

208 217 52 28 föga
283 216 76 23 afvika
373 217 51 22 från
440 218 55 26 dem,
512 218 78 22 hvilka
605 220 39 20 äro
659 218 98 21 rådande
772 218 33 22 uti
821 218 27 22 de
863 218 36 22 till
916 218 43 22 den

208 253 114 27 egentliga
341 253 155 27 Lappmarken
514 253 100 22 räknade
630 253 95 22 socknar
739 254 41 22 och
795 254 81 27 kapell,
893 253 67 23 hafva

209 288 124 22 Ständerna
356 291 73 20 ansett
451 289 66 22 äfven
537 289 153 27 inbyggarene
710 289 7 21 i
737 289 154 22 Muonioniska
905 290 55 21 böra

208 330 55 16 vara
277 324 100 23 befriade
392 324 51 22 från
453 324 193 28 stämpelafgifter.
677 324 113 28 Derjemte
803 325 67 23 hafva
877 325 83 28 jemväl

208 360 131 28 Kuolajärvi
354 361 40 21 och
409 360 111 22 Kuusamo
536 361 94 22 socknar
646 360 75 23 blifvit
735 360 109 23 hänförda
857 362 36 21 till
903 361 55 27 dem,

208 396 78 22 hvilka
301 396 86 28 åtnjuta
401 396 106 23 befrielse
523 396 58 22 ifrån
598 396 191 28 stämpelafgifter.
821 397 75 22 Såsom
910 397 50 22 skäl

208 432 78 22 härtill
301 432 24 22 få
340 432 125 22 Ständerna
477 432 161 28 underdånigst
649 432 123 28 framhålla,
787 434 33 20 att
830 432 128 22 lefnadsvil-

208 468 72 22 koren
295 468 41 22 och
356 468 167 22 förhållandena
541 468 8 22 i
569 468 131 28 Kuolajärvi
723 468 40 22 och
785 468 110 22 Kuusamo
914 468 45 22 för-

210 503 143 27 samlingar
347 499 15 36 i
375 503 126 23 hufvudsak
525 506 38 20 äro
582 504 112 22 likartade
714 504 49 22 med
787 504 48 22 dem
857 504 9 21 i
888 504 72 27 Lapp-

209 539 93 22 marken
318 542 57 19 samt
390 541 33 20 att
443 539 65 22 dessa
527 539 156 28 församlingar
706 539 75 22 derför
797 540 65 22 äfven
877 540 8 21 i
900 540 61 22 vissa

209 575 70 22 andra
294 575 120 22 afseenden
429 575 86 28 ätnjuta
530 575 264 28 lappmarksprivilegier.

284 613 52 20 17:0.
367 611 11 22 I
394 611 71 22 denna
481 611 71 27 punkt
567 611 67 22 hafva
645 611 69 22 orden
726 611 143 28 ,afsöndring
879 611 24 22 af
909 611 50 27 jord

210 647 40 21 och
274 647 107 27 egobyte*
399 647 87 27 införts,
503 647 30 26 pä
548 647 38 22 det
604 649 34 20 att
658 647 130 28 afsöndring
803 647 24 21 af
837 647 52 27 jord
904 649 56 20 samt

210 683 101 27 egobyte,
328 683 71 21 säsom
414 683 98 22 varande
528 682 35 23 för
578 683 88 22 landets
679 683 142 22 ekonomiska
831 683 129 26 utveckling

209 717 26 22 af
253 719 116 27 synnerlig
389 718 56 28 vigt,
465 719 70 22 mätte
550 725 79 21 genom
644 718 106 23 befrielse
766 719 50 21 frän
832 717 126 28 stämpelaf-

210 753 71 28 giften
297 754 143 22 underlättas.

282 791 56 20 40:0.
369 789 124 23 Ständerna
515 789 68 23 hafva
607 789 74 22 funnit
706 790 77 27 nödigt
807 791 34 20 att
861 790 8 21 i
888 789 72 22 denna

210 825 72 27 punkt
302 827 97 26 upptaga
418 825 66 22 äfven
499 825 155 22 föreständare
670 825 36 22 för
721 825 241 27 dissenterförsamling

210 861 50 22 med
276 861 104 22 afseende
395 861 14 21 å
424 861 58 22 hvad
497 861 8 21 i
520 861 158 27 förordningen
694 861 26 21 af
732 861 43 22 den
793 863 26 19 11
836 861 124 22 November

212 898 57 20 1889
293 897 114 26 angäende
422 897 88 21 kristna
525 896 208 28 religionssamfund
749 897 8 21 i
772 897 97 22 Finland
884 896 23 21 af
922 902 38 15 an-

210 938 44 15 nan
269 932 161 27 protestantisk
445 933 96 21 troslära
556 935 28 19 än
607 933 43 21 den
669 932 256 27 evangelisk-lutherska
935 934 25 19 är

210 967 105 28 stadgadt
330 974 34 15 om
380 967 68 22 sädan
463 967 141 23 funktionärs
620 968 113 27 offentliga
747 967 138 28 äligganden.

284 1005 28 20 22
333 1003 19 29 8
382 1003 39 22 Uti
441 1004 72 21 denna
534 1003 12 30 &
567 1004 47 27 har,
636 1004 91 21 emedan
747 1009 28 16 en
791 1003 36 22 del
843 1003 118 22 domstolar

210 1040 76 20 ansett
301 1039 132 27 stadgandet
448 1039 47 22 deri
511 1039 75 22 kunna
601 1039 73 22 lemna
689 1045 49 16 rum
753 1038 35 23 för
799 1039 42 22 den
850 1039 109 27 tolkning,

210 1075 34 20 att
259 1074 108 27 tillsynen
378 1074 63 22 öfver
452 1075 199 26 stämpelmärkens
662 1075 139 27 makulering
811 1075 49 21 icke
869 1075 7 20 i
884 1074 78 27 hvarje

210 1109 41 22 fall
266 1110 66 27 äläge
346 1110 167 22 vederbörande
527 1110 135 28 tjensteman
678 1110 38 22 vid
731 1110 38 21 det
784 1110 63 28 verk,
859 1110 35 21 till
904 1110 56 21 hvil-

210 1145 41 22 ket
271 1145 110 22 desamma
398 1146 125 28 inlemnats,
539 1146 8 21 i
563 1146 61 22 detta
640 1146 60 28 syfte
714 1146 81 22 införts
812 1148 32 20 ett
859 1145 101 28 förtydli-

210 1180 74 28 gande
298 1181 86 27 tillägg.

284 1218 28 19 26
328 1216 19 29 &.
377 1216 34 22 Då
433 1216 153 28 föreliggande
610 1216 12 30 $
638 1217 35 21 till
689 1217 34 21 sin
741 1216 117 28 affattning
877 1218 84 20 ansetts

210 1250 115 23 föräldrad
340 1252 40 21 och
396 1252 90 27 onödigt
495 1252 113 28 vidlyftig,
620 1252 67 22 hafva
698 1252 124 22 Ständerna
833 1252 66 28 gifvit
909 1252 52 22 den-

211 1292 83 16 samma
310 1293 27 15 en
352 1286 118 23 förenklad
484 1288 122 22 redaktion.

284 1324 28 20 28
335 1322 19 29 8
384 1323 170 27 Förändringen
577 1323 25 21 af
623 1324 72 21 denna
719 1323 12 29 $
751 1324 42 21 har
812 1324 111 26 betingats
939 1323 25 21 af

210 1357 92 23 fordran
317 1359 29 26 pä
361 1358 142 23 konformitet
520 1359 49 22 med
584 1359 151 27 stadgandena
750 1360 33 20 uti
799 1358 127 28 strafflagen
939 1358 25 22 af

211 1393 43 22 den
272 1395 27 20 19
314 1393 123 23 December
454 1396 64 20 1889.
