1086 1700
451 130 45 22 N:o
519 130 37 22 11.
829 128 25 20 21

196 198 20 20 2.
246 198 11 20 I
272 197 38 21 fall
326 196 101 27 antingen
443 196 68 21 vittne
526 196 47 21 icke
589 196 75 26 väljes,
681 196 52 21 eller
749 196 59 21 valdt
818 196 68 20 vittne

129 232 83 25 uteblir,
236 238 38 20 ege
297 231 120 21 kontrollör
439 232 32 20 att
494 231 58 21 kalla
568 237 70 14 annan
654 231 88 27 lämplig
757 236 79 22 person
851 230 34 21 till

128 266 75 22 vittne.

198 302 19 20 3.
248 301 74 21 Vittne
336 300 101 26 bestyrke
452 299 68 21 under
535 299 56 27 edlig
606 299 134 27 förpligtelse
756 299 129 27 riktigheten

129 335 24 21 af
173 335 132 21 kontrollörs
322 334 235 27 tillverkningsjournal
573 334 57 21 hvad
646 335 68 25 angår
729 334 27 20 de
771 334 115 26 uppgifter,

131 376 45 15 som
192 370 58 26 ligga
267 369 33 21 till
316 369 68 27 grund
401 368 32 21 för
449 368 162 21 bestämmande
628 368 23 21 af
664 368 125 21 bränvinets
799 368 87 21 litertal.

198 405 19 20 4.
248 404 10 20 I
274 404 100 21 afseende
390 404 13 20 å
418 403 58 21 tiden
492 402 34 22 för
541 403 88 21 vittnets
645 405 91 19 närvaro
753 403 38 21 och
802 403 83 21 biträde

129 439 36 21 vid
186 439 100 21 bränneri
310 439 39 21 och
373 438 38 21 der
433 438 106 26 befintligt
563 438 102 26 nederlag
685 438 63 20 ställe
771 438 33 26 sig
820 438 66 20 vittne

129 473 35 21 till
179 473 144 21 efterrättelse
338 473 56 21 hvad
411 472 193 28 ordningsstadgan
623 472 120 21 innehåller
759 472 39 21 och
814 472 25 21 de
855 472 31 21 fö-

129 508 117 26 reskrifter,
263 508 147 21 kontrollören
426 508 7 20 i
449 507 95 27 enlighet
560 506 48 22 med
624 507 125 21 densamma
765 507 117 21 meddelar.

199 543 19 20 5.
249 542 40 21 Vid
313 542 128 27 förrättning
456 542 7 20 i
478 542 100 20 bränneri
594 542 120 20 tillkomme
729 542 68 20 vittne
813 542 6 20 i
835 541 51 28 dag-

130 577 144 22 traktamente
298 577 46 27 fyra
367 577 69 21 mark.
473 573 31 25 Är
520 577 66 21 vittne
602 577 35 20 vid
653 577 100 20 bränneri
769 578 28 25 på
813 577 73 20 landet

130 612 72 21 bosatt
224 611 28 28 på
278 618 45 14 mer
345 613 26 19 än
396 618 26 14 en
445 611 125 21 kilometers
586 611 86 21 afstånd
688 611 100 26 derifrån,
805 611 81 21 erhålle

131 646 108 21 dessutom
256 645 23 22 af
292 645 225 22 bränvinstillverkare
533 645 98 27 enskildt,
648 646 121 21 möbleradt
780 652 46 15 rum
837 646 48 20 med

132 683 71 19 värme
220 681 39 20 och
275 681 133 26 upplysning,
426 680 115 26 äfvensom,
558 680 54 21 efter
627 682 47 25 eget
686 681 40 25 val,
739 681 86 26 antigen
837 681 49 20 hus-

131 715 111 21 manskost
265 715 51 20 eller
339 715 169 26 kostpenningar
524 715 47 20 med
588 721 25 14 en
629 715 61 21 mark
707 715 74 21 femtio
797 715 64 26 penni
878 715 5 20 i

132 749 84 27 dygnet.

475 789 10 27 s
501 790 34 19 32.

200 829 39 21 Om
263 829 32 21 till
311 829 84 21 lättnad
411 829 33 20 för
459 829 120 20 kontrollen
596 829 34 21 vid
647 829 238 27 bränvinstillverkning

132 864 105 21 Senatens
259 864 283 26 Ekonomie-Departement
566 863 67 21 skulle
656 863 58 21 finna
729 863 32 21 för
776 863 52 27 godt
844 863 42 22 för-

133 899 73 25 ordna,
223 901 31 18 att
270 899 106 20 särskilda
395 899 127 20 instrument
537 898 33 21 för
586 899 162 20 bestämmande
764 899 23 20 af
797 899 36 20 det
843 899 42 20 till-

132 933 92 21 verkade
240 933 122 21 bränvinets
378 933 77 27 mängd
473 933 38 21 och
528 933 74 27 styrka
618 933 61 21 skola
695 934 12 19 å
719 933 120 26 redskapen
851 940 35 14 an-

131 967 93 27 bringas,
248 967 80 27 åligger
350 967 125 21 tillverkare
491 969 32 19 att
540 967 89 21 bekosta
644 967 56 20 hvad
716 973 45 15 som
777 967 108 21 erfordras

132 1001 33 21 för
180 1001 150 28 uppställande
346 1001 23 22 af
383 1002 61 21 dessa
460 1002 134 26 instrument,
611 1002 73 21 hvilka
695 1002 96 21 deremot
802 1002 83 21 anskaf-

131 1035 33 22 fas
180 1035 23 22 af
216 1035 88 22 kronan.

475 1071 12 27 $
503 1071 33 20 33.

200 1110 96 27 Uppstår
319 1111 114 27 stridighet
455 1111 90 21 emellan
568 1111 119 20 kontrollör
707 1111 39 21 och
762 1111 124 21 tillverkare

132 1145 91 21 rörande
246 1146 96 26 mätning
365 1146 38 20 och
419 1146 100 26 profning
535 1146 23 20 af
572 1146 96 26 bränvin,
685 1146 52 20 eller
752 1146 134 20 beträffande

132 1179 82 27 åtgärd,
239 1186 46 14 som
308 1180 33 20 för
363 1180 112 27 tillsynens
495 1180 163 21 handhafvande
674 1180 107 26 vidtagits,
798 1180 51 20 eller
865 1180 23 21 af

132 1214 88 21 dermed
243 1214 101 22 förenade
367 1215 184 27 omständigheter
566 1214 114 28 påkallats,
697 1215 60 26 lägge
774 1214 111 22 öfverkon-

132 1249 76 21 trollör
224 1249 46 21 dem
286 1249 97 22 emellan.

475 1296 12 26 8
503 1296 33 20 34.

200 1335 33 21 Då
249 1334 240 28 bränvinstillverkning
504 1336 7 20 i
526 1336 100 20 bränneri
642 1336 105 25 afslutats,
765 1336 54 20 skall
835 1336 51 20 kon-

132 1369 76 21 trollör
230 1370 5 20 i
260 1372 91 18 närvaro
373 1369 24 21 af
412 1370 65 20 vittne
494 1370 23 20 så
533 1370 134 26 tillförlitligt
683 1370 48 20 med
746 1370 71 26 plomb
834 1370 52 21 eller

131 1404 117 27 försegling
270 1404 56 21 förse
350 1404 229 28 bränneriredskapen,
596 1407 32 19 att
644 1406 123 20 densamma
782 1405 46 21 icke
845 1405 42 21 kan

129 1440 52 19 utan
204 1439 106 27 rubbning
333 1439 23 21 af
377 1439 92 27 anbragt
484 1440 71 26 plomb
572 1440 51 21 eller
638 1440 117 26 försegling
770 1440 118 27 begagnas.
