1086 1700
306 138 83 22 Ständ.
406 138 38 22 Sv.
464 151 24 2 —
503 138 75 28 Prop.
594 138 46 22 N:o
655 137 37 23 13.
857 139 11 19 3

138 201 287 27 skarpskyttebataljonerna
456 205 55 17 samt
542 202 220 26 dragonregementet
783 202 40 20 och
849 201 49 21 med

140 240 76 22 50,000
231 236 61 20 mark
307 235 32 21 för
354 242 106 14 reserven.

206 270 9 20 I
232 270 155 26 sammanhang
401 270 51 20 med
467 270 75 26 frågan
559 276 36 14 om
611 270 103 26 anslagen
729 269 31 21 till
770 272 128 25 truppernas

139 304 110 21 underhäll
271 304 38 20 har
331 304 39 20 hos
393 303 121 21 Ständerna
539 304 126 20 framhällits
688 311 26 13 en
731 304 166 27 omständighet,

139 346 47 12 som
212 342 62 22 synts
297 338 90 26 förtjena
409 338 130 25 beaktande,
565 338 109 27 nemligen
696 338 27 20 de
744 338 155 26 jemförelsevis

139 376 59 17 stora
214 372 77 26 afdrag
306 373 6 19 i
328 373 47 19 sina
390 372 158 20 löneförmäner
564 372 227 21 militärunderbefälet
807 372 30 21 fär
855 372 45 20 vid-

140 407 82 20 kännas
245 408 6 18 i
274 406 54 20 form
348 406 24 20 af
383 406 87 27 afgifter
486 406 32 21 för
533 406 234 26 tjenstefullmakterna,
784 406 71 21 hvilka
870 406 31 20 af-

141 442 54 26 drag
217 441 70 20 mäste
308 440 84 20 kännas
415 441 24 19 sä
461 440 88 27 mycket
570 447 58 14 mera
650 441 124 26 betungade
789 441 32 21 för
837 441 64 20 dessa

143 482 111 20 personer,
270 482 49 13 som
334 475 28 20 de
377 476 6 19 i
398 474 94 27 tjensten
507 475 99 27 vanligen
623 476 87 25 gvarstä
726 475 75 21 endast
814 482 27 14 en
853 475 49 21 kort

143 510 38 20 tid.
212 510 52 20 Med
287 509 114 27 anledning
423 509 62 21 häraf
506 509 65 21 hafva
594 509 123 21 Ständerna
732 513 53 17 trott
801 511 33 25 sig
849 510 52 20 böra

142 544 73 20 säsom
231 547 32 17 ett
278 543 161 27 önskningsmäl
454 543 74 26 uttala,
545 547 32 17 att
592 544 227 20 militärunderbefälet
834 544 67 20 mätte

143 586 36 13 om
193 578 83 27 möjligt
292 578 78 21 befrias
387 578 53 21 ifrän
456 579 69 26 sagda
541 579 97 26 afgifters
654 579 137 26 erläggande.

211 613 45 20 Det
277 614 6 19 i
306 612 79 27 nädiga
405 613 167 26 propositionen
593 612 124 21 beräknade
738 613 65 26 ärliga
818 612 84 27 utgifts-

144 647 106 27 beloppet
272 647 32 20 för
327 653 96 13 reserven
443 647 24 20 af
479 646 56 21 Fmk
550 652 98 21 904,000,
665 647 147 20 innefattande
825 647 78 26 jemväl

143 681 147 20 kostnaderna
312 680 33 21 för
364 680 262 27 skjutförnödenheterna,
642 680 39 21 har
696 681 25 20 af
733 680 120 21 Ständerna
868 687 36 14 an-

144 718 55 17 setts
221 715 71 20 kunna
315 714 112 21 nedsättäs
450 714 50 21 med
518 715 56 20 Fmk
591 719 82 22 54,000.
704 715 153 20 Kostnaderna
872 715 32 20 för

145 756 101 13 reserven
261 749 64 20 hafva
341 749 66 20 under
422 752 87 17 senaste
525 749 43 20 fem
584 749 22 20 är
622 749 94 26 uppgätt
731 750 6 19 i
752 749 101 20 medeltal
869 755 35 14 en-

145 783 49 21 dast
217 783 31 20 till
270 784 87 25 800,771
376 783 60 20 mark
451 789 26 20 92
495 785 64 24 penni
575 790 36 13 om
626 784 52 23 äret,
695 789 49 14 men
760 783 27 20 dä
803 783 37 20 det
854 783 50 20 med

145 817 88 27 ledning
256 817 24 20 af
299 817 127 26 förefintliga
441 817 120 20 statistiska
577 817 111 27 uppgifter
703 817 42 20 kan
761 820 95 23 antagas,
873 820 31 17 att

146 851 81 21 antalet
249 851 31 20 till
299 851 160 26 öfningsmöten
475 851 67 20 under
558 852 50 19 åren
626 852 112 25 1892—094
753 851 106 20 inkallade
874 858 31 13 re-

147 886 99 20 servmän
262 885 98 20 kommer
375 889 32 17 att
422 887 7 18 i
446 886 72 26 nägon
534 886 49 19 män
599 885 118 27 öfverstiga
733 886 120 20 detsamma
874 885 32 20 för

147 920 50 19 åren
222 920 118 25 1889—090,
363 919 42 20 och
427 919 28 20 dä
477 927 26 13 en
527 919 83 21 mindre
626 919 121 27 förhöjning
762 919 25 20 af
798 920 106 26 portions-

147 955 134 26 penningens
297 953 81 27 belopp
394 953 54 21 lärer
460 961 51 13 vara
523 953 25 21 af
556 953 160 21 militärbefälet
727 953 103 25 tillernad,
842 953 64 21 hafva

147 987 121 22 Ständerna
292 989 28 26 pä
342 988 67 27 grund
430 988 25 20 af
467 988 111 21 verkstäld
593 988 120 27 beräkning
728 989 101 26 upptagit
844 987 63 27 utgif-

147 1025 61 18 terna
231 1022 33 21 för
289 1029 101 14 reserven
412 1022 67 21 under
502 1022 182 21 nästkommande
702 1022 160 27 budgetperiod
877 1021 30 21 till

148 1057 94 25 850,000
257 1056 60 21 mark
333 1063 35 14 om
383 1058 52 23 äret,
453 1057 50 20 eller
519 1056 73 21 inalles
608 1061 114 21 2,550,000
737 1056 60 21 mark
812 1056 32 20 för
859 1056 48 20 hela

148 1091 112 26 perioden.

218 1125 43 21 För
277 1125 215 27 indragningsstaten
507 1125 106 21 beräknas
630 1126 6 20 i
651 1126 165 26 propositionen
831 1127 32 18 ett
874 1131 35 14 an-

149 1159 48 27 slag
212 1159 26 20 af
249 1166 57 20 resp.
322 1164 84 21 95,000,
423 1165 78 20 90,000
517 1160 42 20 och
576 1160 78 25 85,000
670 1159 60 20 mark
745 1166 36 13 om
793 1160 52 19 äret.
875 1159 34 20 Dä

150 1193 120 21 emellertid
285 1193 241 27 krigsmanshuskassan
541 1194 36 20 vid
593 1194 109 26 utgängen
718 1193 23 20 af
751 1194 22 20 är
786 1194 53 25 1890
853 1193 55 27 egde

150 1234 27 14 en
199 1227 124 27 behällning
346 1228 24 20 af
381 1228 114 26 9,012,198
511 1227 61 21 mark
588 1232 26 21 72
630 1228 72 26 penni,
719 1227 77 21 medan
812 1227 50 20 dess
877 1230 32 18 ut-

149 1261 65 27 gifter
236 1261 33 21 för
291 1262 51 20 åren
360 1262 52 26 1887
435 1262 42 20 och
495 1262 59 24 1888,
572 1262 66 26 enligt
653 1261 192 25 finansrelationen,
862 1261 46 21 icke

151 1297 60 25 stigit
234 1296 31 20 till
287 1302 59 14 mera
361 1296 27 20 än
403 1302 57 20 resp.
477 1296 54 20 Fmk
550 1300 95 22 120,751:
660 1301 27 21 93
704 1295 42 20 och
764 1295 95 27 139,556:
875 1301 33 20 99,

151 1329 121 26 förefinnes,
290 1330 66 26 enligt
371 1329 132 21 Ständernas
520 1331 62 26 äsigt,
599 1330 72 27 giltigt
687 1330 46 20 skäl
749 1334 32 17 att
796 1330 32 20 till
841 1329 69 20 denna

151 1364 65 20 kassa
238 1364 108 20 öfverföra
365 1364 116 27 utgifterna
497 1363 32 21 för
544 1364 217 27 indragningsstaten,
779 1364 85 20 hvilken
879 1364 31 20 ät-

152 1398 61 27 gärd,
233 1399 6 19 i
262 1398 143 21 betraktande
428 1398 23 20 af
465 1398 255 27 indragningsanslagens
736 1399 51 20 nära
803 1398 108 20 öfverens-

151 1432 125 21 stämmelse
298 1432 51 21 med
371 1434 121 25 pensioner,
516 1440 65 19 synes
604 1433 43 21 läta
670 1433 36 20 väl
723 1433 74 20 förena
813 1433 33 25 sig
861 1432 49 20 med
