1086 1700
28 249 15 37 -9

354 138 29 23 U.
399 138 28 22 B.
443 151 29 3 —
487 138 74 28 Prop.
577 138 42 22 N:o
636 138 34 22 11.

190 280 20 89 MTN

408 551 255 23 Ekonomiutskottets
668 551 151 22 betänkande
825 551 42 22 N:o
873 550 22 28 3,

343 587 9 21 i
372 586 131 27 anledning
523 586 28 22 af
573 586 66 21 Hans
664 585 139 29 Kejserliga
824 585 71 28 Maje-

342 621 62 21 stäts
427 620 90 28 nådiga
543 621 153 27 proposition
717 620 41 22 till
780 620 115 21 Finlands

344 654 111 28 Ständer,
471 655 167 22 innefattande
648 654 94 28 förslag
753 654 40 22 till
803 654 92 23 förord-

343 689 96 28 ningar,
456 689 122 28 angående
593 689 21 28 ej
630 689 95 22 mindre
735 689 161 27 tillverkning

343 723 45 22 och
407 724 150 27 distillering
573 725 30 20 än
618 723 157 29 försäljning,
791 723 105 28 forsling

345 758 44 22 och
404 758 89 27 upplag
510 758 29 22 af
550 759 104 21 bränvin
664 758 46 22 och
720 758 77 21 andra
804 758 93 21 brända

344 793 59 21 eller
419 792 151 22 distillerade
586 792 178 27 spritdrycker.

208 863 74 20 Denna
297 862 77 27 nådiga
389 863 134 26 proposition
540 862 39 21 har
594 862 23 21 af
630 862 101 26 samtliga
747 862 69 22 Stånd
827 862 69 21 öfver-

139 896 92 22 lemnats
255 897 31 21 till
308 897 155 21 förberedande
487 897 131 26 behandling
639 897 23 21 af
674 897 223 21 Ekonomiutskottet.

139 931 10 21 I
164 931 51 27 följd
230 931 24 21 af
267 931 73 22 derom
356 931 61 28 gjord
433 931 101 21 anhållan
550 931 39 21 har
600 931 109 22 utskottet
719 931 47 21 från
777 931 122 27 Kejserliga

140 965 92 22 Senaten
248 965 41 22 fått
304 968 108 25 emottaga
428 965 128 27 handlingar
570 966 7 21 i
594 965 90 22 ärendet
700 968 56 19 samt
767 965 132 28 protokollet

140 999 58 22 öfver
217 1000 39 21 den
274 1001 138 26 omröstning,
429 1006 45 15 som
490 1000 35 21 vid
542 1000 41 21 den
599 1000 88 27 slutliga
702 1000 159 27 granskningen
877 999 23 22 af

140 1033 140 22 förevarande
296 1034 219 27 författningsförslag
530 1035 6 20 i
553 1035 93 21 Senaten
657 1034 109 27 förefallit,
777 1034 121 27 hvarjemte

142 1069 108 21 utskottet
274 1075 76 20 genom
375 1069 200 27 protokollsutdrag
598 1069 87 22 erhållit
708 1069 33 22 del
763 1069 22 21 af
799 1069 27 22 de
842 1069 57 22 inom

141 1102 95 23 Stånden
258 1103 36 21 vid
313 1104 172 26 propositionens
505 1104 77 21 remiss
598 1103 79 28 afgifna
692 1103 135 28 yttrandena.
858 1103 42 21 Vid

140 1138 100 21 ärendets
264 1138 129 27 behandling
415 1138 40 21 har
475 1138 109 22 utskottet
601 1138 80 27 jemväl
697 1138 46 21 haft
758 1138 92 26 tillgång
866 1138 33 21 till

141 1172 18 27 ej
185 1172 82 22 mindre
293 1172 37 22 det
352 1172 23 22 af
393 1179 26 15 en
439 1172 32 22 för
486 1172 93 22 revision
595 1172 23 22 af
632 1173 99 26 gällande
747 1172 153 28 författningar

141 1207 111 27 angående
272 1207 238 27 bränvinstillverkning
527 1208 39 20 och
582 1207 126 27 försäljning
723 1207 79 21 tillsatt
817 1207 82 21 komité

140 1241 80 27 afgifua
244 1242 135 21 betänkande
403 1242 40 21 och
466 1241 82 27 förslag
572 1244 26 19 än
620 1242 40 21 ock
680 1248 26 15 en
722 1242 28 27 på
765 1242 97 26 uppdrag
878 1241 23 21 af

140 1275 120 28 Kejserliga
272 1276 93 21 Senaten
376 1276 115 21 utarbetad
502 1293 5 9 ,
510 1271 116 32 Öfversigt
636 1275 22 22 af
667 1276 232 26 bränvinslagstiftnin-

140 1316 40 20 gen
203 1310 6 21 i
232 1310 72 27 Tyska
326 1310 62 26 riket,
409 1310 94 22 Schweiz
525 1311 39 21 och
580 1310 124 22 Danmark"
720 1312 57 20 samt
793 1317 25 15 en
835 1310 65 22 fram-

141 1344 100 27 ställning
257 1345 91 22 rörande
363 1344 163 28 lagstiftningen
543 1352 33 14 om
588 1345 130 27 rusdrycker
729 1345 6 21 i
747 1345 153 22 Nord-Ameri-

140 1378 39 22 kas
194 1378 84 22 förenta
294 1382 73 19 stater.

208 1452 191 19 Ekonomiutskottets
412 1454 117 17 betänkande
542 1454 36 18 N:o
590 1455 16 17 3.
