1086 1700
222 124 27 20 48
423 122 28 23 U.
467 123 28 21 B.
511 136 27 2 —
552 123 74 28 Prop.
642 123 40 22 N:o
698 122 26 22 11

543 202 13 29 8
571 204 35 20 43.

263 250 17 19 1.
311 243 134 27 Åsidosättes
469 249 35 21 vid
526 248 89 28 forsling
639 248 22 22 af
683 249 87 21 bränvin
786 248 138 23 föreskriften
943 250 6 20 i

194 282 12 25 $
222 283 27 20 29
267 282 72 22 derom
356 285 32 19 att
403 283 113 21 bränvinet
531 283 40 21 bör
581 283 87 27 åtföljas
679 284 22 21 af
710 284 186 26 ursprungsbevis,
905 290 44 14 cer-

192 315 70 23 tifikat
284 317 52 21 eller
358 316 142 28 förpassning,
521 317 52 22 eller
594 317 78 22 forslas
688 319 70 20 större
774 318 52 21 eller
841 317 108 27 betydligt

192 350 84 22 mindre
299 352 78 27 belopp
401 354 26 19 än
451 352 70 21 deruti
541 352 68 22 finnes
625 354 111 25 upptaget,
753 352 54 21 eller
821 352 129 22 försummas

192 386 33 19 att
248 386 112 26 angående
390 386 90 28 upplagt
502 387 89 21 bränvin
614 387 84 21 anmäla
720 386 39 22 hos
782 386 124 25 kontrollör,
922 387 29 26 på

194 421 44 19 sätt
252 420 14 26 $
283 422 26 19 32
325 427 62 15 mom.
406 423 8 19 1
433 421 39 21 och
489 423 12 19 2
518 421 94 27 stadgar,
634 428 50 14 vare
705 422 82 25 (ufesl.)
803 421 88 21 bränvin
910 420 40 22 och

192 453 47 21 kärl
256 454 75 26 (utesl.)
340 456 107 26 öfvensom,
457 458 66 18 derest
532 455 67 22 under
608 455 139 22 omförmälde
757 455 89 26 forsling
854 455 59 21 foran
923 455 27 22 el-

192 487 32 21 ler
239 488 70 22 lasten
320 489 31 21 till
361 490 106 26 väsentlig
478 490 34 21 del
523 490 93 26 utgjorts
625 489 23 22 af
660 490 91 24 bränvin,
762 483 70 38 /emväl
840 489 110 27 forslings-

192 522 94 27 redskap
302 523 39 21 och
351 523 89 27 dragare
449 524 53 21 eller
511 523 83 22 farkost
602 524 118 22 förbrutna.
735 525 52 24 Den,
795 530 42 14 som
848 524 104 20 bränvinet

192 558 86 19 innehar
294 559 47 19 eller
356 559 89 26 afsändt,
455 560 63 24 plikte
529 560 97 19 dessutom
635 560 84 19 likasom
724 560 37 23 för
769 560 139 23 lurendrejeri,
917 557 33 22 så-

189 592 66 24 framt
270 593 20 24 ej
299 594 34 19 vid
340 594 84 19 domstol
431 595 80 18 utredes
520 596 28 17 att
556 600 66 13 varan
630 595 25 18 är
664 595 28 23 af
694 595 63 23 laglig
763 594 54 23 finsk
825 594 125 24 tillverkning

193 628 47 19 eller
248 627 39 20 ock
296 627 64 25 blifvit
365 627 108 25 förbruten
483 629 60 18 dömd
551 629 37 18 och
596 628 108 25 behörigen
713 629 75 24 inköpt.
806 627 87 28 Styrkes
903 627 48 22 der-

193 663 57 19 emot
267 663 32 19 att
314 667 65 15 varan
389 663 24 19 är
421 662 72 23 sådan,
503 662 87 21 hvarom
599 662 6 21 i
614 663 27 25 88
650 663 27 20 28
686 667 63 16 mom.
759 663 11 20 3
781 662 39 21 och
831 658 26 25 29
866 667 62 16 mom.
940 664 9 19 1

192 697 70 24 säges,
272 695 67 26 plikte
348 696 71 25 likväl,
429 696 34 21 vid
472 696 88 27 forsling
568 696 23 21 af
598 696 94 25 bränvin,
702 702 63 21 egare
775 696 53 21 eller
836 695 113 23 afsändare

192 729 47 21 från
256 729 40 22 och
312 730 49 21 med
378 729 73 22 femtio
463 731 31 20 till
503 730 39 22 och
552 731 49 21 med
610 731 115 21 etthundra
734 731 60 20 mark
803 732 54 19 samt
866 730 85 25 forkarl,

192 763 91 22 såframt
302 764 41 21 han
360 764 47 21 icke
423 765 45 20 står
483 765 68 21 under
568 765 40 21 den
624 764 68 22 förres
708 764 175 22 husbondevälde
899 765 52 21 eller

193 798 68 21 andra
284 799 47 20 skäl
353 799 31 20 till
400 799 53 21 hans
470 799 111 21 befriande
596 799 46 21 från
657 805 77 15 ansvar
749 799 138 26 förekomma,
904 799 46 21 från

193 832 40 21 och
248 833 50 21 med
314 833 61 26 tjugu
391 833 31 20 till
439 833 39 22 och
495 834 48 21 med
558 833 74 22 femtio
648 833 67 24 mark,
726 833 115 24 äfvensom,
855 833 33 21 vid
900 839 51 21 upp-

192 866 35 27 lag
251 866 24 21 af
296 867 95 25 bränvin,
415 873 65 21 egare
503 867 53 22 eller
571 867 137 22 innehafvare
723 867 68 21 första
806 867 83 27 gången
904 867 47 21 från

193 901 39 21 och
249 901 50 21 med
314 901 118 27 sjuttiofem
448 902 32 21 till
497 902 40 21 och
552 902 48 21 med
618 901 115 22 etthundra
749 901 74 22 femtio
839 901 60 21 mark
911 901 39 22 och

192 935 68 21 andra
282 935 84 27 gången
389 935 46 22 från
459 936 40 21 och
515 936 48 21 med
580 936 115 21 etthundra
710 935 73 22 femtio
799 935 31 22 till
847 935 39 22 och
903 935 47 22 med

192 969 120 22 trehundra
327 970 67 21 mark.

262 1011 20 19 2.
312 1010 34 21 Då
368 1009 133 28 förbrytelse,
524 1016 45 15 som
586 1010 67 27 enligt
668 1016 62 15 mom.
750 1012 7 19 1
775 1009 84 22 medför
873 1009 79 22 förlust

192 1043 22 22 af
228 1043 90 22 bränvin
334 1044 39 21 och
389 1045 48 20 kärl
450 1045 67 27 jemte
532 1045 196 26 forslingsredskap
745 1044 40 21 och
797 1044 89 27 dragare
899 1044 52 21 eller

192 1077 90 26 farkost,
297 1078 69 21 blifvit
381 1079 112 27 begången
509 1078 22 22 af
541 1085 68 16 annan
621 1081 27 19 än
660 1079 75 21 dessas
747 1085 70 20 egare,
829 1078 39 22 och
881 1078 70 21 denne

192 1118 84 22 senare,
292 1114 66 19 derest
372 1114 41 19 han
429 1115 19 23 ej
463 1115 52 18 varit
531 1115 88 24 delaktig
634 1115 8 19 i
655 1114 144 25 förbrytelsen,
813 1113 58 25 förty
882 1114 24 18 är
914 1113 37 20 be-

191 1147 96 26 rättigad
311 1149 33 19 att
369 1147 48 22 dem
437 1148 92 25 behålla,
545 1148 55 21 skall
616 1148 41 22 den
674 1148 114 26 brottslige
809 1146 82 28 utgifva
913 1153 35 15 va-

190 1187 56 19 rans,
278 1181 91 25 kärlens,
395 1182 132 27 redskapens
551 1182 40 21 och
614 1182 117 27 dragarens
755 1181 53 22 eller
823 1180 128 22 farkostens

192 1210 72 20 värde.

263 1251 19 19 3.
314 1244 138 27 Öfverträdes
469 1250 101 22 förbudet
587 1250 3 21 i
606 1251 13 25 8
636 1252 26 19 29
678 1256 63 15 mom.
755 1252 7 18 1
777 1251 45 20 mot
832 1249 88 21 införsel
932 1249 22 21 af

192 1282 92 22 bränvin
301 1284 31 20 till
348 1284 161 26 Lappmarkens
524 1284 74 27 härad,
615 1290 50 16 vare
681 1284 90 21 bränvin
787 1284 40 21 och
837 1283 47 21 kärl
898 1285 55 19 samt

192 1317 92 27 dragare
308 1318 39 21 och
363 1318 100 27 redskap,
479 1324 46 16 som
541 1319 31 21 till
588 1318 67 22 sådan
671 1318 90 26 forsling
776 1318 117 27 begagnas,
908 1317 43 23 för-

191 1351 85 22 brutne.
308 1352 10 20 1
333 1352 103 22 händelse
453 1353 18 27 ej
489 1352 94 26 utredes,
600 1354 33 20 att
649 1353 37 21 det
700 1352 95 22 forslade
805 1352 113 22 bränvinet
930 1354 22 19 är

192 1385 24 21 af
238 1386 68 26 laglig
330 1386 55 22 finsk
407 1387 142 27 tillverkning,
573 1386 88 22 ådömes
686 1387 111 21 dessutom
821 1392 78 16 ansvar
920 1386 33 21 för

191 1420 149 28 lurendrejeri.

264 1459 194 19 Ekonomiutskottets
471 1460 116 18 betänkande
599 1461 37 17 N:o
648 1461 17 17 3.
