1086 1700
432 127 45 23 N:o
500 128 37 22 11.
807 126 26 20 29

451 194 13 29 8
481 196 34 20 57.

180 230 125 26 Öfverfaller
328 236 70 26 någon
414 235 48 21 med
477 235 96 21 våldsam
588 234 60 22 hand
663 235 51 21 eller
729 235 90 27 gerning
835 234 30 22 öf-

109 270 165 26 verkontrollör,
294 270 120 21 kontrollör
430 270 51 21 eller
496 270 69 20 vittne
580 270 7 20 i
603 269 39 21 och
656 269 34 22 för
705 270 160 26 befattningens

111 304 62 27 skull,
198 304 50 21 eller
270 304 67 21 varda
360 304 25 21 de
408 304 48 21 med
471 304 38 21 hot
526 304 50 21 eller
592 304 114 22 smädeord
721 304 143 26 förnärmade,

109 339 52 21 eller
176 339 60 27 förgå
252 339 26 21 de
294 339 30 27 sig
340 338 73 28 sjelfve
428 339 70 21 under
513 338 187 28 tjensteutöfning,
717 339 55 27 gälle
787 339 55 21 hvad
858 339 7 21 i

109 374 36 27 lag
160 376 24 19 är
200 374 102 26 stadgadt
317 374 110 26 angående
443 373 131 22 misshandel
587 374 39 20 och
637 374 161 27 ärekränkning
809 375 56 19 emot

111 408 51 22 eller
178 408 22 21 af
214 408 48 26 den,
278 414 46 15 som
340 408 6 21 i
362 408 161 28 tjensteärende
538 408 64 22 stadd
618 410 30 20 är.

456 483 13 29 8
485 484 34 21 58.

179 524 88 26 Varder,
291 524 32 21 till
346 524 122 21 utrönande
491 524 23 21 af
534 523 128 27 förbrytelse
677 525 45 20 mot
738 524 71 21 denna
824 523 42 21 för-

111 558 97 28 ordning,
225 558 161 27 undersökning
401 558 39 21 hos
456 559 70 27 någon
543 558 102 22 anstäld
636 554 13 37 i
658 558 93 22 enskildt
765 558 101 27 bonings-

110 600 48 15 rum
182 593 50 22 eller
248 593 89 22 emellan
353 593 90 21 klockan
460 593 35 21 nio
511 599 34 15 om
561 593 87 21 aftonen
665 593 39 21 och
718 593 92 21 klockan
825 593 41 21 fem

112 635 34 14 om
157 635 123 20 morgonen,
292 634 47 15 men
350 628 67 21 sådan
429 627 127 28 förbrytelse
567 628 17 27 ej
596 628 124 27 upptäckts,
732 627 84 22 straffes
824 626 43 22 för-

111 663 209 26 rättningsmannen,
337 663 37 21 der
389 663 18 27 ej
423 662 61 28 giltig
500 663 115 26 anledning
630 663 32 20 till
677 663 189 26 undersökningen

110 697 69 22 finnes
194 697 62 21 hafva
271 697 57 21 varit
342 697 33 21 för
390 697 92 27 handen,
499 697 29 27 på
543 699 45 19 sätt
601 697 7 21 i
619 697 125 27 strafflagen
757 697 110 27 angående

111 731 102 28 obehörig
228 731 149 22 husransakan
393 731 64 27 sagdt
472 733 30 19 är.

459 805 13 29 $
489 807 34 20 59.
747 829 5 10 N

180 846 45 21 Gör
248 847 70 26 nägon
335 847 31 26 sig
382 846 83 27 skyldig
480 846 33 21 till
528 845 51 22 flere
596 845 165 23 öfverträdelser
777 847 22 21 af
812 847 56 21 hvad

112 881 6 20 i
135 881 70 21 denna
228 881 125 26 förordning
376 881 111 27 pähjudes,
511 881 60 21 skola
587 881 26 20 de
628 881 33 20 för
676 881 73 27 hvarje
765 881 57 22 olika
838 881 30 21 öf-

113 915 131 22 verträdelse
266 917 84 20 utsatta
366 915 63 21 straff
442 915 182 27 sammanläggas;
641 915 54 21 dock
711 922 33 15 om
761 916 70 27 nägon
848 916 23 20 af

114 950 25 21 de
154 949 114 28 begängna
284 949 167 28 olagligheterna
467 949 83 28 utgjort
566 949 77 22 endast
658 950 69 21 medel
738 950 51 21 eller
798 949 70 22 förbe-

112 984 82 21 redelse
216 984 33 21 till
270 991 25 14 en
311 984 47 21 med
373 984 66 27 högre
455 983 64 22 straff
530 983 78 28 belagd
623 983 127 28 förbrytelse
766 986 56 20 samt
838 984 30 21 äf-

112 1025 40 14 ven
177 1019 69 20 denna
269 1018 69 21 blifvit
360 1018 128 27 fullbordad,
512 1019 35 20 mä
563 1020 101 19 ansvaret
679 1018 33 21 för
728 1019 41 21 den
785 1019 83 21 mindre

113 1052 167 22 öfverträdelsen
304 1059 61 15 anses
388 1053 7 20 i
419 1053 40 21 den
483 1053 129 21 tillräknade
628 1055 70 20 större
714 1053 153 27 förbrytelsens

112 1087 141 27 bestraffning
269 1087 124 27 inbegripet.
424 1087 84 21 Varder
531 1087 77 27 någon,
625 1087 66 22 sedan
703 1087 42 22 han
755 1087 70 22 blifvit
835 1087 33 21 för

112 1121 128 28 förbrytelse
256 1123 56 20 emot
328 1122 70 21 denna
414 1121 127 27 förordning
556 1121 32 22 till
604 1122 93 21 domstol
707 1122 101 26 inkallad,
819 1128 48 15 men

112 1156 67 21 innan
195 1156 83 27 slutligt
294 1156 71 27 utslag
381 1156 73 21 derom
469 1156 55 21 fallit
540 1156 51 21 eller
606 1156 32 21 till
653 1156 163 28 verkställighet
831 1156 36 21 be-

113 1190 101 28 fordrats,
231 1191 125 27 ytterligare
371 1191 93 21 beträdd
478 1191 48 21 med
541 1191 61 21 brott
618 1191 23 21 af
654 1192 114 21 enahanda
782 1190 85 22 beskaf-

112 1225 80 27 fenhet,
216 1226 54 21 skall
292 1225 83 21 straffet
398 1225 72 22 derför
485 1226 171 26 sammanläggas
672 1226 48 21 med
736 1226 84 21 straffet
835 1226 33 20 för

112 1260 40 21 den
177 1260 55 22 först
251 1260 86 27 angifna
352 1260 153 27 förbrytelsen;
523 1260 53 21 dock
592 1261 33 20 att
640 1260 59 21 tiden
715 1260 33 21 för
763 1260 104 27 fängelse-

112 1294 67 27 straff,
196 1295 38 21 der
250 1294 78 22 sädant
344 1295 92 26 ädömes,
453 1295 17 27 ej
487 1295 36 20 mä
538 1294 116 28 öfverstiga
670 1296 31 20 ett
718 1296 29 20 är.
771 1295 10 21 I
797 1295 71 27 dylika

112 1328 37 22 fall
172 1330 34 20 mä
222 1330 17 26 ej
256 1329 49 21 med
320 1329 82 26 utslags
419 1328 141 22 afkunnande
576 1328 58 22 öfver
650 1329 66 21 redan
732 1329 79 21 utredd
826 1329 43 21 för-

112 1364 94 26 brytelse
230 1363 132 27 uppehällas,
382 1364 54 20 utan
454 1363 40 21 bör
511 1363 73 21 dervid
600 1363 116 27 iakttagas,
733 1364 39 25 att,
789 1364 28 20 dä
831 1364 38 20 bö-

113 1399 62 19 terne
198 1398 16 26 ej
239 1398 59 26 utgå,
322 1396 135 28 förvandling
480 1396 23 22 af
524 1397 47 21 dem
586 1397 33 21 till
634 1398 152 20 motsvarande
802 1399 67 19 annat

112 1431 64 22 straff
189 1431 33 21 för
238 1432 42 20 alla
295 1431 167 27 förbrytelserne
478 1432 29 26 pä
523 1438 25 14 en
564 1432 56 26 gäng
636 1433 99 19 utsättes.
