1086 1700
381 129 30 23 U.
426 129 29 22 B.
470 142 27 2 —
513 129 73 27 Prop.
603 129 41 23 N:o
660 129 35 22 11.
856 130 29 21 69

159 196 98 22 ändamål
272 196 97 22 använda
383 196 71 22 medel
469 196 32 21 till
517 198 32 20 ett
564 196 165 26 statsändamål,
745 202 46 16 som
801 196 64 27 ingen
879 202 37 20 ge-

158 230 104 28 menskap
279 236 51 21 eger
345 230 49 22 med
409 230 177 27 utminuterings-
598 230 41 22 och
653 230 264 27 utskänkningsbolagens

158 264 69 28 syften
243 267 56 19 samt
314 265 113 27 onekligen
442 265 39 21 bör
496 264 102 22 hänföras
614 265 33 21 till
662 271 81 15 samma
757 264 98 28 kategori
869 270 47 16 som

159 299 33 27 de,
202 299 32 21 till
242 299 74 22 hvilka
324 300 101 21 städerna
433 299 47 22 icke
491 301 84 20 ansetts
586 299 54 22 böra
648 300 98 21 använda
754 299 162 27 ifrågavarande

158 334 76 21 medel.
266 334 46 22 Och
327 334 100 22 hvarför?
445 334 84 22 Endast
543 334 33 22 för
592 336 32 20 att
638 334 74 22 kunna
725 334 58 21 finna
799 336 31 19 ett
839 334 78 26 något-

158 368 64 21 sånär
241 368 116 27 plausibelt
375 368 47 22 skäl
443 368 32 22 till
491 368 42 22 den
548 368 101 22 skriande
665 370 64 25 orätt,
745 374 46 16 som
807 368 109 22 utskottet

159 409 12 15 a
190 402 66 28 priori
279 404 60 26 synts
363 402 100 22 besluten
481 404 32 20 att
528 404 46 20 mot
588 403 103 21 städerna
706 402 80 22 utöfva.
815 402 50 22 Men
878 402 39 28 jag

158 436 35 22 vill
216 437 6 21 i
246 438 37 20 det
304 437 85 27 längsta
411 436 90 28 hoppas,
525 439 33 19 att
580 437 86 21 landets
683 437 92 22 Ständer
790 437 47 21 icke
853 436 63 22 skola

159 471 48 22 dela
230 472 32 21 ett
285 471 51 21 slikt
355 472 185 21 betraktelsesätt.
570 472 33 21 De
619 472 62 21 skola
696 474 53 19 utan
764 471 73 22 tvifvel
852 471 64 24 finna,

159 508 32 19 att
214 506 37 21 det
273 508 24 19 är
319 506 7 21 i
349 506 108 27 städerna,
479 506 126 28 isynnerhet
628 506 26 22 de
676 508 69 20 större
762 505 22 23 af
798 506 55 26 dem,
869 512 46 15 som

159 540 175 27 dryckenskapen
356 540 49 22 med
429 540 29 22 all
475 540 58 22 kraft
549 540 70 22 måste
634 541 141 26 motarbetas,
791 542 33 20 att
839 540 38 22 det
892 542 24 20 är

159 575 44 26 där,
226 581 47 15 som
296 574 105 28 följderna
424 574 23 22 af
468 575 71 21 denna
560 575 44 21 last
618 574 119 23 framträda
752 575 85 22 svårast
853 575 62 21 och
904 570 14 36 i

159 610 81 20 största
255 608 133 27 omfattning,
405 611 32 19 att
453 609 36 22 det
504 609 133 28 följaktligen
654 612 24 19 är
694 610 43 26 där,
753 615 46 16 som
815 609 27 22 de
855 609 59 22 kost-

159 645 115 20 sammaste
298 643 128 27 åtgärderna
449 644 69 21 måste
541 644 105 27 vidtagas,
666 644 32 21 för
714 646 33 19 att
761 644 112 21 motverka
889 643 26 22 de

159 677 79 22 sociala
254 677 94 22 vådorna
363 678 21 21 af
399 678 149 27 proletariatet
563 678 41 22 och
619 678 77 21 hindra
711 679 35 21 det
759 678 56 21 onda
825 680 32 19 att
868 678 48 21 där-

159 711 53 22 ifrån
236 711 68 22 breda
326 714 24 19 ut
373 712 32 27 sig
429 712 58 22 öfver
509 713 80 21 landet.
619 713 44 21 Det
679 715 23 19 är
717 713 73 22 vidare
807 712 108 27 städerna,

159 752 45 15 som
227 745 23 22 få
272 749 95 24 upptaga
391 753 26 16 en
439 749 46 20 stor
508 747 34 22 del
558 747 22 22 af
595 747 222 28 landtbefolkningens
833 749 83 19 sämsta

159 780 93 22 element
275 781 40 21 och
339 781 78 27 dragas
440 781 48 22 med
513 782 47 21 dem
579 782 6 21 i
604 781 149 28 fattiggårdar,
769 781 90 27 sjukhus
875 781 40 22 och

159 815 86 26 häkten,
270 815 134 22 oberäknadt
427 818 32 19 att
481 816 211 27 landtbefolkningen
708 817 60 21 såväl
784 816 70 21 direkt
869 821 45 16 som

158 849 94 22 indirekt
274 850 96 21 kommer
388 851 6 20 i
414 850 125 28 åtnjutande
559 851 22 21 af
597 851 92 27 mycket,
706 857 46 16 som
768 850 147 21 hufvudsakli-

159 890 39 21 gen
222 884 56 21 varit
301 884 70 22 afsedt
393 885 33 21 för
441 885 113 22 städernas
570 886 136 21 innevånare.
737 885 46 22 Och
800 885 28 21 då
844 883 70 22 dertill

159 918 101 26 kommer,
277 921 33 19 att
326 919 63 22 dessa
405 919 120 22 sistnämda
539 921 65 20 redan
621 922 37 19 äro
670 920 25 21 så
705 921 63 26 tungt
778 919 136 24 beskattade,

159 954 32 19 att
207 959 26 14 en
248 952 122 28 förhöjning
385 953 24 22 af
422 954 148 27 uttaxeringen
586 954 33 22 för
634 954 62 22 ofvan
710 954 93 27 antydda
817 953 98 22 ändamål

158 987 48 21 icke
225 987 43 22 kan
288 987 85 22 komma
388 988 7 21 i
411 987 66 28 fråga,
494 989 24 20 så
534 989 66 21 borde
616 989 87 26 enhvar,
718 988 47 22 från
781 989 133 26 synpunkten

159 1020 21 22 af
194 1021 49 21 hela
258 1021 113 22 nationens
388 1022 87 25 välfärd,
492 1023 76 22 endast
584 1023 72 28 glädja
671 1023 33 28 sig
720 1023 27 25 åt,
766 1025 32 20 att
813 1023 102 21 städerna

157 1055 49 22 med
231 1055 47 22 sina
298 1057 138 26 oundvikliga
451 1057 79 22 härdar
544 1057 33 22 för
592 1058 81 21 sociala
688 1058 145 25 smittämnen,
849 1057 66 21 blifva

159 1095 76 21 genom
256 1091 175 27 utminuterings-
448 1092 39 21 och
508 1092 263 27 utskänkningsbolagens
787 1091 127 22 vinstmedel

158 1126 57 19 satta
231 1124 6 21 i
253 1124 83 22 tillfälle
352 1127 32 19 att
399 1125 87 27 vidtaga
502 1126 132 22 omfattande
651 1127 40 21 och
706 1127 93 27 kraftiga
815 1126 100 27 åtgärder

158 1158 30 22 till
212 1160 33 20 att
268 1159 24 21 så
314 1159 45 21 vidt
381 1160 82 27 möjligt
484 1162 73 20 utrota
572 1161 64 22 dessa
652 1162 137 21 smittämnen
805 1161 39 22 och
861 1164 54 18 mot-

158 1193 74 21 arbeta
248 1194 63 21 deras
327 1194 111 27 spridning
453 1194 59 22 öfver
527 1196 50 21 land
593 1196 39 21 och
649 1196 53 22 rike.
716 1208 21 3 —
750 1196 95 21 Landets
857 1196 57 21 kom-

157 1228 157 21 munikationer
330 1228 72 22 kunna
417 1235 42 21 nog
475 1230 28 26 på
519 1232 65 19 annat
600 1232 45 20 sätt
660 1230 92 28 främjas,
768 1232 52 20 utan
836 1232 32 20 att
881 1230 33 22 så-

158 1261 51 22 dant
224 1262 101 22 behöfver
346 1262 37 22 ske
399 1263 28 26 på
441 1264 123 21 bekostnad
580 1264 22 22 af
616 1265 24 21 så
656 1265 66 21 vitala
736 1265 115 26 intressen,
867 1270 46 16 som

158 1296 26 21 de
206 1302 50 21 nyss
279 1296 134 23 framhållna.
443 1298 42 27 Jag
503 1299 36 21 vill
556 1299 110 22 dessutom
682 1300 55 21 fästa
753 1300 161 26 uppmärksam-

158 1330 64 20 heten
243 1330 42 28 vid,
305 1333 32 19 att
356 1338 34 15 om
411 1338 26 15 en
453 1332 34 21 del
504 1332 22 22 af
539 1333 103 27 bolagens
658 1334 127 21 vinstmedel
801 1334 60 21 skola
877 1340 37 15 an-

157 1364 43 21 slås
216 1364 33 21 till
265 1365 282 29 kommunikationsfonden,
569 1368 24 21 så
613 1368 39 21 har
668 1368 67 22 saken
749 1368 70 22 blifvit
835 1374 25 16 en
877 1375 36 14 an-

157 1398 120 27 slagsfråga
300 1400 39 20 och
362 1400 40 21 bör
423 1400 28 22 då
473 1401 118 22 behandlas
614 1402 28 27 på
666 1404 44 20 sätt
729 1403 130 27 grundlagen
879 1409 34 15 om

156 1432 55 22 slika
226 1434 94 20 ärenden
335 1433 143 23 föreskrifver.

224 1472 193 19 Ekonomiutskottets
429 1474 117 18 betänkande
559 1476 37 17 N:o
608 1476 16 17 3.
