1086 1700
344 128 29 22 U.
388 128 29 22 B.
434 140 24 3 —
474 128 74 28 Prop.
563 128 42 22 N:o
621 128 35 22 11.
839 130 12 20 9

121 199 117 20 stämmans
255 197 134 27 ordförande,
406 197 109 22 hvarefter
531 198 69 21 denne
616 198 35 21 vid
665 198 216 21 kommunalstämma

121 232 106 21 inhemtar
245 232 140 22 kommunens
401 232 86 27 mening
502 232 7 21 i
526 234 78 20 ämnet.
635 232 84 22 Varder
734 232 147 26 ansökningen

122 266 85 27 ogillad,
230 265 94 22 förfaller
344 266 80 27 frågan,
441 272 49 15 men
506 266 119 28 tillstyrkes
642 266 60 22 bifall
718 266 33 21 till
765 266 116 22 ansöknin-

122 306 47 22 gen,
195 300 128 22 öfverlemne
346 300 151 27 ordföranden,
519 301 67 27 jemte
602 303 50 25 eget
668 301 106 27 yttrande,
791 300 90 22 ärendet

122 336 32 21 till
174 335 147 27 länestyrelse,
337 341 46 15 som
399 336 45 20 deri
461 335 67 21 fattar
542 336 73 21 beslut
631 336 40 21 och
688 335 67 27 gifver
771 335 36 21 det
822 335 59 21 kom-

122 370 192 22 munalnämndens
331 369 129 22 ordförande
477 370 110 21 tillkänna.

191 406 19 20 3.
242 404 139 27 Distillering,
401 404 72 22 såsom
489 405 94 21 särskild
599 405 81 26 näring,
698 404 32 22 får
747 404 18 27 ej
781 404 62 21 idkas
860 403 21 21 af

123 440 65 21 andre
211 441 27 19 än
261 439 55 26 dem,
335 445 45 15 som
401 439 68 27 enligt
488 439 7 27 $
510 442 11 23 1
541 442 36 18 äro
593 439 137 27 berättigade
746 441 33 19 att
793 438 89 22 bränvin

122 474 104 22 tillverka.
257 474 61 21 Hvad
338 474 6 20 i
361 480 82 15 samma
458 474 11 27 $
485 476 24 19 är
526 474 102 26 stadgadt
644 480 34 15 om
695 474 64 26 bolag
777 476 54 18 samt
848 473 5 21 i
870 472 10 28 $

124 510 12 20 2
153 508 111 27 angående
280 508 76 22 förbud
373 511 58 19 emot
447 508 209 27 bränvinsbränning
672 509 12 21 å
699 508 113 25 boställen,
825 508 56 20 inom

123 542 149 28 Lappmarken
288 542 39 22 och
344 542 13 21 å
372 542 107 27 lägenhet,
497 543 96 26 tillhörig
609 543 69 27 någon
695 542 23 22 af
725 542 62 27 dei$
798 544 9 19 1
817 548 56 15 mom

124 579 11 20 3
151 577 92 22 nämnde
259 583 108 21 personer,
383 577 56 26 gälle
455 578 47 26 ock,
517 577 68 28 jemte
600 577 46 22 från
659 577 67 27 sagde
737 577 78 22 förbud
823 577 58 20 med-

123 611 67 28 gifvet
205 612 114 26 undantag,
335 612 6 21 i
357 611 102 22 afseende
475 612 13 21 å
504 612 135 27 distillering.

206 652 66 21 Utesl.)

192 653 82 26 v
470 675 13 26 8
499 677 35 18 21.

195 717 17 19 1.
243 716 129 25 Distillering,
384 721 45 15 som
440 715 7 20 i
464 714 5 27 $
485 717 20 19 20
517 717 131 19 omnämnes,
660 715 35 21 mä
703 715 83 25 (utesl.)
799 713 84 22 utöfvas

124 749 47 22 från
185 749 39 22 och
236 749 47 22 med
295 749 67 22 första
376 749 90 26 helgfria
479 749 42 27 dag
533 750 6 20 i
552 749 88 22 Januari
654 749 77 21 månad
745 749 90 21 klockan
844 747 41 22 tolf

125 784 85 27 middag
226 784 32 21 till
274 784 40 21 och
330 784 48 21 med
395 784 40 21 den
452 786 25 19 31
495 784 120 21 December
632 791 82 14 samma
729 784 39 26 tid,
784 783 48 22 med
844 789 39 14 un-

125 819 79 26 dantag
229 818 46 21 frän
299 818 91 21 klockan
413 825 38 14 sex
475 818 142 27 eftermiddag
640 820 50 19 näst
706 818 45 21 före
767 819 49 20 sön-
832 817 52 22 eller

125 853 93 26 helgdag
234 853 31 21 till
280 853 91 21 klockan
387 852 42 21 fem
445 853 28 26 pä
488 859 118 20 morgonen
622 852 94 28 följande
732 851 89 28 helgfria
835 852 48 26 dag.

194 889 20 19 2.
245 887 8 21 I
278 887 101 21 afseende
402 887 13 21 ä
439 887 235 26 distilleringsredskap
693 887 64 21 lände
773 886 110 22 föreskrif-

126 923 60 20 terna
203 922 6 21 i
224 921 12 28 $
252 923 11 19 5
280 921 111 27 angående
407 921 195 28 bränneriredskap
619 921 32 21 till
668 921 152 22 efterrättelse.

477 984 10 27 &
505 986 34 19 22.

195 1025 197 26 Distilleringsverk
411 1025 34 20 mä
461 1025 48 21 icke
526 1025 90 21 inrättas
633 1025 5 20 i
655 1025 47 25 hus,
720 1024 163 27 sammanbygdt

126 1059 49 21 med
197 1059 109 26 bränneri;
334 1059 39 21 och
393 1059 33 21 får
449 1059 34 21 vid
505 1058 79 22 sådant
598 1059 51 21 verk
665 1059 90 21 bränvin
772 1058 76 21 endast
864 1057 22 22 af

126 1093 109 22 inhemskt
258 1099 106 21 ursprung
387 1093 117 27 användas,
529 1093 54 22 dock
607 1093 47 22 icke
676 1093 72 21 förrän
766 1093 119 21 detsamma

126 1127 69 23 blifvit
220 1127 23 22 af
265 1127 118 22 kontrollör
406 1127 33 21 till
457 1127 79 28 belopp
552 1127 40 22 och
609 1128 75 26 styrka
700 1127 123 22 undersökt.
854 1123 31 25 Är

126 1162 120 26 utländskt,
262 1162 106 22 förbrutet
384 1162 75 22 dömdt
472 1162 90 22 bränvin
575 1162 32 21 till
616 1162 217 27 distilieringsidkare
842 1161 42 22 för-

127 1196 63 26 säldt,
214 1198 34 20 mä
272 1197 77 21 sädant
371 1197 88 21 bränvin
481 1197 80 27 jemväl
582 1196 23 22 af
618 1197 79 21 honom
712 1197 69 21 under
797 1196 88 27 behörig

126 1231 93 21 kontroll
235 1231 34 21 vid
286 1234 50 24 eget
351 1231 194 27 distilleringsverk
560 1232 116 26 begagnas.

472 1288 11 27 8
499 1290 35 20 23.

195 1328 141 22 Innehafvare
352 1328 21 21 af
387 1328 202 27 distilleringsverk,
606 1334 46 16 som
668 1328 105 22 ästundar
788 1328 50 22 idka
854 1328 31 21 di-

127 1362 110 27 stillering,
254 1363 54 21 skall
323 1362 78 26 årligen
416 1363 65 21 minst
497 1362 79 28 fjorton
593 1363 73 27 dagar,
672 1364 77 24 förrän
763 1363 122 20 tillverknin-

125 1404 40 18 gen
184 1399 25 18 är
224 1398 76 24 afsedd
314 1400 29 17 alt
358 1397 99 26 begynna,
475 1397 40 21 hos
531 1397 149 27 länestyrelse,
694 1398 66 26 jemte
769 1397 116 27 styrkande

126 1430 23 22 af
169 1431 31 21 sin
217 1431 105 27 rättighet
338 1431 77 26 dertill,
432 1430 112 28 skrifligen
560 1432 86 21 anmäla
662 1437 34 15 om
712 1432 65 26 tiden,
794 1432 90 20 hvarun-

195 1470 193 18 Ekonomiutskottets
401 1470 118 18 betänkande
533 1472 35 16 N:o
580 1472 17 17 3.
