1086 1700
215 140 13 21 8
409 139 29 22 U.
451 139 27 22 B.
490 152 27 2 —
533 138 75 29 Prop.
624 138 46 22 N:o
685 138 37 21 14.

298 201 126 29 tryckning
447 217 4 5 .
481 218 4 5 .
518 217 4 5 .
554 217 4 4 .
590 217 4 4 .
625 216 5 5 .
661 217 4 3 .
682 200 77 24 68000
775 199 71 22 mark.

299 242 87 22 papper
410 252 4 4 .
445 251 4 5 .
481 252 4 5 .
516 252 4 4 .
552 253 4 4 .
588 252 4 5 .
625 251 4 5 »
660 251 4 5 »
696 235 62 23 6,000
803 250 11 8 5

298 270 122 21 redaktion
429 276 19 14 o.
452 269 216 28 korrekturläsning
685 269 76 24 13,500
805 284 10 12 ,

299 304 176 28 registerarbete
520 320 4 4 .
555 319 4 5 .
590 320 4 5 .
626 320 5 4 .
662 319 4 5 .
696 304 64 26 4,000
805 319 12 9 >

299 338 110 28 häftning
448 354 5 4 .
484 354 5 4 .
520 354 5 5 .
555 354 5 4 <
600 354 1 5 0
626 354 5 5 +»
663 353 4 5 R
698 338 63 24 2,500
805 353 10 11 ,

302 372 89 28 omslag
449 388 4 5 8
521 388 4 4 a
556 388 40 5 206
628 387 40 5 rr
699 372 62 24 1;000:
807 387 10 9 5

577 417 95 21 Summa
686 418 79 24 95,000
780 417 71 21 mark.

260 509 88 22 Härtill
362 509 92 22 komma
469 509 156 21 kostnaderna
639 508 37 22 för
691 508 155 29 tryckningen
862 508 25 21 af
895 515 53 21 pro-

191 543 75 21 tokoll
282 544 43 21 och
340 543 139 30 handlingar
494 543 52 21 frän
560 544 78 28 Borgä
652 543 113 28 landtdag
773 545 60 19 samt
844 542 25 22 af
875 542 72 21 hand-

191 577 78 29 lingar
290 577 52 22 frän
363 578 169 29 landtdagarne
556 579 140 21 1863—1864
720 577 41 22 och
786 579 61 25 1867,
867 576 80 21 hvilka

191 611 127 22 kostnader
340 612 27 21 af
387 613 112 20 särskilda
522 612 153 29 anledningar
695 612 51 21 icke
761 612 90 21 kunnat
866 611 26 21 af
904 611 44 21 Ut-

193 646 89 21 skottet
296 646 53 22 med
363 647 77 28 nägon
456 646 107 22 säkerhet
578 647 30 28 pä
622 646 99 21 förhand
731 646 121 21 beräknas.
867 645 81 21 Ehuru

192 680 130 29 utgifterna
344 680 36 22 för
402 681 88 21 arbetet
509 681 8 21 i
533 681 51 21 dess
600 681 79 21 helhet
694 680 97 21 sälunda
806 680 91 21 komme
913 681 36 19 att

193 715 62 28 stiga
270 714 37 22 till
322 717 34 19 ett
370 715 51 21 icke
435 715 130 28 obetydligt
575 715 91 28 belopp,
677 715 80 21 tvekar
767 714 121 22 Utskottet
897 714 53 21 icke

194 751 35 19 att
247 749 119 29 tillstyrka
381 749 50 22 dess
447 749 123 22 utförande
586 749 52 22 med
653 749 27 21 af
692 749 131 21 Ständerna
837 747 111 23 anvisade

193 783 82 22 medel.
291 783 66 22 Dock
372 783 41 22 har
429 784 39 21 det
483 786 66 26 synts
564 784 122 22 Utskottet
700 783 113 28 lämpligt,
829 785 34 19 att
872 782 78 29 tryck-

193 818 89 27 ningen
305 818 136 21 verkställes
464 818 82 21 endast
568 818 145 28 smäningom
734 817 75 22 under
830 817 80 28 loppet
925 816 29 21 af

193 851 57 22 flera
273 853 31 26 är,
328 855 59 19 samt
409 855 35 19 att
466 853 155 21 kostnaderna
642 852 78 21 därför
734 851 100 22 fördelas
849 851 31 28 pä
894 850 58 22 flera

194 886 202 29 budgetperioder,
410 887 134 28 förslagsvis
560 886 98 22 sälunda
672 888 36 19 att
722 885 35 22 för
768 885 133 22 ändamälet
911 892 39 14 an-

194 921 89 21 vändes
303 922 74 25 10,000
393 921 65 22 mark
473 929 37 14 om
526 922 54 21 året.
603 920 150 22 Beträffande
768 920 130 28 ordningen
912 919 40 21 för

194 955 185 28 handlingarnas
401 956 126 28 tryckning
548 955 44 22 och
607 955 75 28 öfriga
698 953 98 30 detaljer
811 953 26 22 af
850 953 100 22 arbetets

194 989 132 26 utförande,
342 997 66 14 anser
415 990 127 27 Utskottet,
552 991 34 20 att
594 990 24 20 ät
626 989 141 22 Ständernas
777 987 168 23 bankfullmäk-

195 1023 49 29 tige
260 1023 78 22 kunde
354 1023 152 22 öfverlemnas
522 1026 40 23 att,
572 1023 59 22 efter
645 1023 131 22 inhemtadt
789 1022 122 21 utlätande
926 1021 27 21 af

196 1057 144 22 Ständernas
355 1057 167 26 bibliotekarie,
531 1058 79 21 härom
619 1057 105 22 meddela
739 1061 105 18 närmare
854 1056 98 21 bestäm-

196 1091 92 30 ningar,
299 1093 84 20 liksom
391 1093 39 20 det
445 1092 69 22 äfven
523 1093 23 20 ät
560 1091 210 28 bankfullmäktige
779 1090 70 22 borde
855 1089 100 30 uppdra-

196 1133 42 21 gas
252 1128 36 20 att
302 1133 84 22 genom
402 1126 177 22 bibliotekarien
594 1126 56 22 eller
665 1133 76 15 annan
756 1125 98 29 lämplig
869 1131 83 22 person

198 1160 127 22 öfvervaka
340 1161 100 21 arbetets
455 1161 130 21 utförande.

267 1196 33 21 På
320 1195 76 29 grund
411 1195 26 21 af
450 1196 39 20 det
505 1194 97 22 anförda
616 1194 36 22 får
666 1194 121 22 Utskottet
803 1193 68 21 alltså
885 1192 69 22 vörd-

198 1232 61 18 samt
274 1230 95 21 föreslå:

479 1295 31 18 att
527 1292 124 21 Ständerna
666 1291 50 21 ville
722 1290 43 28 för
777 1290 140 28 tryckningen
928 1289 31 27 af

407 1327 112 21 härintills
535 1325 97 29 otryckta
644 1325 110 27 protokoll
769 1324 39 21 och
820 1324 136 27 handlingar

403 1361 60 27 från
485 1360 160 28 landtdagarne
662 1359 54 28 före
737 1359 26 20 år
779 1359 56 20 1885
851 1358 64 21 anslå
930 1364 26 14 en

407 1402 84 14 summa
513 1395 31 27 af
562 1395 80 26 30,000
664 1392 63 22 mark
743 1395 32 18 att
787 1393 114 20 användas
916 1398 42 14 un-

408 1430 38 20 der
461 1428 179 28 budgetperioden
656 1428 155 23 1892—1894;
827 1426 111 28 äfvensom

271 1471 140 19 Statsutskottets
424 1469 110 19 betänkande
545 1470 37 15 N:o
596 1468 16 17 9.
