1086 1700
228 118 27 20 88
519 119 44 23 N:o
584 120 38 22 11.

400 262 96 32 Förslag
514 262 36 25 till
563 262 141 32 förordning,
718 261 115 33 angående
846 262 105 25 tillåtelse

333 308 7 24 i
367 308 62 25 vissa
461 308 166 32 undantagsfall
654 308 37 24 för
717 308 79 24 handel
823 307 27 33 på
877 308 75 25 landet

335 354 47 25 med
403 355 130 32 spritvaror
554 355 39 24 och
612 354 159 32 maltdrycker.

270 446 76 22 Såsom
361 446 76 27 tillägg
452 446 33 21 till
496 446 56 21 hvad
562 446 7 21 i
581 446 107 21 särskilda
699 446 152 27 författningar
862 448 23 19 är
896 445 56 21 före-

196 480 90 22 skrifvet
308 480 90 22 rörande
414 480 127 28 försäljning
556 480 22 22 af
599 481 89 21 bränvin
712 483 56 19 samt
788 480 66 22 andra
869 480 84 22 brända

197 516 53 21 eller
275 515 130 21 distillerade
428 515 30 21 in-
478 515 53 21 eller
546 515 114 21 utländska
676 515 151 27 spritdrycker,
844 515 108 21 äfvensom

196 549 35 22 vin
254 550 40 21 och
317 550 151 27 maltdrycker,
491 550 77 21 varder
590 550 123 27 härigenom
736 550 134 27 förordnadt,
893 551 31 20 att
940 550 12 20 å

197 584 99 22 landsort
311 585 51 21 eller
376 585 7 20 i
398 585 87 27 köping,
503 585 38 21 der
555 586 59 19 utom
631 585 41 21 den
688 585 121 26 egentligen
820 584 85 21 bofasta
916 584 36 21 be-

197 618 125 29 folkningen
345 625 26 15 en
386 621 70 20 större
472 619 78 28 mängd
566 625 103 21 personer
684 619 33 21 för
731 619 70 27 någon
818 619 35 21 del
868 619 23 21 af
906 619 46 21 året

197 653 75 22 bosatt
288 655 37 26 sig,
342 654 105 21 Senatens
459 654 33 21 för
502 654 90 21 Finland
604 654 283 27 Ekonomie-Departement
897 659 55 21 eger,

197 690 29 25 på
242 689 120 27 ansökning
377 689 39 21 och
436 689 54 21 efter
506 689 119 21 inhemtadt
640 689 101 26 yttrande
757 688 23 21 af
793 688 160 22 vederbörande

198 723 217 22 kommunalstämma
438 723 52 21 eller
512 723 90 27 köpings
618 723 181 26 röstberättigade
815 723 139 21 medlemmar

198 760 57 19 samt
272 758 26 21 då
314 758 121 27 synnerliga
451 758 44 21 skäl
505 758 39 21 och
556 758 181 27 omständigheter
751 758 72 21 dertill
835 757 118 26 föranleda,

199 791 91 22 förunna
305 799 26 14 en
347 793 51 20 eller
413 792 64 27 högst
493 794 77 19 tvenne
586 798 101 21 personer
704 792 52 21 eller
771 792 64 27 bolag
850 791 104 27 rättighet

198 828 32 19 att
246 826 33 22 för
294 827 49 26 viss,
367 826 23 21 af
404 826 93 22 Senaten
513 827 96 21 bestämd
626 826 32 21 tid
674 826 23 21 af
711 826 45 21 året
772 829 55 18 samt
842 826 33 21 för
890 826 64 26 högst

198 861 36 21 två
250 861 24 21 år
290 861 6 21 i
312 861 87 27 gången,
415 861 33 21 till
464 861 132 27 afhemtning
612 861 89 26 försälja
718 861 72 26 dylika
807 861 96 26 drycker,
914 867 39 14 un-

199 896 37 21 der
252 896 27 21 de
295 896 68 21 vilkor
379 896 40 21 och
434 896 160 27 bestämningar
610 896 5 21 i
632 896 70 27 öfrigt,
720 902 43 15 som
780 895 32 21 för
828 895 68 21 sådan
912 895 42 20 för-

199 930 93 27 säljning
306 930 7 21 i
330 930 118 21 allmänhet
464 932 37 19 äro
517 931 99 26 gällande
632 930 40 21 och
688 930 94 21 Senaten
799 930 109 26 derjemte,
920 929 34 21 till

199 964 174 22 förekommande
389 965 23 21 af
425 965 109 21 missbruk
550 965 80 26 härvid,
646 965 42 21 kan
703 964 57 21 finna
775 965 51 26 godt
842 964 112 21 fastställa.
