1086 1700
298 106 82 22 Ständ.
397 106 37 23 Sv.
451 119 27 3 —
495 106 74 28 Prop.
584 106 46 23 N:o
646 106 35 23 16.
805 109 28 19 21

175 216 47 19 10:0
243 214 13 20 å
271 214 81 22 lärare-
370 215 40 21 och
425 214 183 27 lärarinnetjenst
623 214 39 22 vid

197 250 117 27 folkskola,
324 256 45 16 som
378 250 97 28 ätnjuter
483 251 135 26 statsanslag
626 250 36 22 till

197 285 113 22 aflönande
326 286 25 21 af
363 286 184 28 lärarepersonal,
564 286 39 22 två
613 292 49 21 pro-

197 323 51 20 cent
271 321 24 21 af
314 322 37 21 det
365 322 8 21 i
388 322 66 21 lönen
469 322 109 27 ingående
595 323 66 20 stats-

197 357 107 28 anslaget,
321 357 129 28 beräknadt,
463 358 63 22 säväl
536 358 8 21 i
555 358 50 21 stad
616 364 45 15 som

197 394 29 26 pä
244 393 81 27 landet,
340 393 35 21 för
389 394 73 21 lärare
478 394 36 21 till
529 393 133 22 ättahundra

198 429 39 21 och
248 428 35 22 för
294 429 112 21 lärarinna
416 429 35 21 till
462 430 126 21 sexhundra
598 429 63 21 mark

198 471 34 15 om
248 465 54 21 äret.

175 502 45 20 11:0
239 501 13 21 &
270 501 183 27 kyrkoväktare-,
473 501 67 21 skall-
556 501 40 21 och
611 501 49 21 bro-

197 536 75 27 fogde-
296 538 56 20 samt
375 543 71 15 annan
469 536 85 22 mindre
572 537 90 21 beställ-

198 573 54 26 ning
272 573 38 22 vid
330 573 79 27 kyrka,
426 573 82 22 socken
524 573 39 21 och
579 573 82 27 menig-

198 609 40 21 het
438 625 223 5 e.
753 610 84 19 21
816 605 24 35 —

176 646 47 20 12:0
245 645 13 20 &
281 646 85 21 embete
387 645 39 21 och
446 645 75 27 tjenst,
543 651 46 15 som
605 645 57 21 efter

199 680 73 22 derom
288 681 64 26 gjord
367 681 124 27 ansökning
507 681 101 22 erhällits
625 687 36 20 ge-

198 722 50 15 nom
263 718 113 25 transport
389 717 55 21 eller
454 717 60 27 byte,
527 717 96 22 skrifves
634 717 29 27 pä

198 752 120 27 stämpladt
331 759 82 20 papper
423 753 36 21 till
469 753 47 21 lika
526 753 79 26 belopp
617 759 46 16 som

198 787 39 22 vid
256 787 125 29 befordran,
403 789 75 21 derest
499 789 42 22 den
556 789 44 27 lön,
617 795 46 15 som

198 823 118 28 tillträdes,
334 826 25 19 är
375 826 71 20 större
462 827 29 19 än
507 825 42 21 den
560 825 60 22 förut
630 825 32 21 in-

198 859 100 27 nehafda,
320 867 49 15 men
389 862 38 19 äro
449 860 65 22 dessa
534 861 62 21 löner
617 861 46 21 lika

198 895 56 21 eller
268 895 42 22 den
320 896 115 21 tillträdda
446 897 66 21 lönen
523 897 90 27 mindre,
625 897 37 21 be-

198 937 84 21 gagnas
298 931 68 22 sädan
382 932 71 27 karta,
470 939 46 15 som
527 935 25 18 är
562 932 101 22 bestämd

198 966 35 22 för
264 967 36 21 det
326 968 153 22 embetsverks
505 969 157 26 expeditioner,

198 1003 114 21 hvarifrän
326 1003 130 22 fullmakten
468 1004 56 21 eller
535 1004 127 21 förordnan-

198 1038 38 21 det
252 1038 106 23 utfärdas.
389 1039 56 22 Sker
458 1041 142 26 transporten
610 1041 54 20 utan

199 1073 136 28 föregängen
361 1075 130 28 ansökning,
516 1082 52 21 eger
591 1076 82 27 någon
662 1069 16 38 |

199 1110 240 29 kartasigillata-afgift
454 1111 50 22 icke
520 1118 53 15 rum.

159 1144 19 28 b)
194 1146 14 20 å
222 1152 65 16 namn
303 1147 55 21 eller
374 1148 118 26 värdighet
507 1149 53 20 utan
574 1147 90 22 dermed

174 1180 92 23 förenad
281 1182 134 29 befattning:

176 1218 31 20 1:0
223 1217 35 22 för
274 1218 48 28 den,
340 1225 45 15 som
401 1221 25 19 är
440 1220 56 21 eller
507 1220 76 21 varit
571 1213 12 38 i
594 1219 68 27 civil-,

197 1254 92 21 militär-
301 1254 55 22 eller
367 1255 193 27 skolläraretjenst
570 1255 50 21 med
627 1255 37 21 lön

198 1290 28 25 på
248 1291 50 26 stat,
320 1291 105 26 stämplas
446 1290 104 22 fullmakt
570 1291 13 21 å
598 1296 66 16 namn

199 1325 55 21 eller
270 1326 117 27 värdighet
401 1327 32 21 uti
444 1327 73 27 någon
528 1327 24 21 af
561 1327 27 21 de
598 1326 8 21 i
617 1326 46 27 gäl-

198 1361 65 21 lande
278 1362 150 27 rangordning
443 1362 115 22 bestämda
570 1362 94 27 klasser,

198 1396 71 22 ehvad
290 1403 27 15 en
336 1399 87 20 namnet
447 1398 56 21 eller
519 1398 145 26 värdigheten
