1086 1700
215 139 26 21 22
421 138 23 22 U.
460 137 22 23 B.
499 150 27 4 —
542 139 61 27 Prop.
620 138 38 22 N:o
671 136 30 22 12.

186 201 85 27 besörja
286 201 26 21 de
326 201 57 21 inom
399 201 60 21 deras
474 200 102 22 områden
590 200 139 22 förefallande
744 200 118 26 auktioner,
876 200 66 22 ehuru

186 236 65 26 något
274 235 76 21 sådant
371 234 46 22 från
440 234 75 27 början
540 234 18 27 ej
574 234 56 22 varit
645 234 74 26 afsedt,
735 234 27 28 gå
777 234 26 22 de
818 234 69 22 äldsta
902 234 41 22 till-

186 270 56 20 baka
267 270 30 20 till
323 275 72 15 senare
420 269 77 21 hälften
515 268 24 22 af
551 269 216 21 sextonhundratalet.
797 269 32 21 De
844 269 99 26 tidigaste

186 303 146 27 stadgandena
356 303 72 21 härom
453 303 62 21 torde
540 303 105 27 nemligen
669 302 118 22 innehållas
809 302 32 22 uti
856 303 41 21 den
911 302 33 22 för

187 337 131 21 Stockholms
334 338 47 21 stad
397 338 39 20 den
451 338 28 20 27
495 337 103 21 Februari
614 338 55 20 1674
684 336 111 22 utfirdade
807 336 95 27 Ordning
911 336 33 22 för

187 371 109 21 auktions-
311 372 39 21 och
373 371 195 21 adresskammaren
593 371 114 21 derstädes.
738 371 80 21 Genom
834 370 108 22 resolutio-

187 412 67 14 nerna
280 406 28 26 på
334 406 108 20 städernas
470 405 74 21 besvär
560 404 24 22 af
599 406 55 20 1680
666 405 40 21 och
722 405 55 21 1723
793 404 94 28 medgafs
902 404 42 21 till-

188 439 133 27 lämpningen
336 439 61 21 deraf
410 439 60 21 äfven
485 440 7 20 i
508 439 66 27 öfriga
590 440 78 24 städer,
684 439 38 21 och
744 439 40 21 har
806 439 91 21 nämnda
912 445 32 15 re-

188 474 108 26 glemente
309 474 66 26 jemte
390 474 65 20 andra
470 474 105 20 likartade
582 473 157 21 förordnanden
750 474 120 20 sedermera
884 473 61 21 äfven

188 507 114 27 efterföljts
324 508 7 20 i
353 508 82 21 landets
457 507 68 27 öfriga
544 508 72 21 städer
631 509 59 19 utom
706 507 137 27 Helsingfors,
859 507 86 21 hvarest

188 542 41 20 den
244 542 34 20 för
293 542 222 21 auktionskammaren
531 542 107 21 derstädes
655 542 40 21 den
713 543 8 19 1
739 542 57 21 Mars
813 542 54 20 1759
877 541 68 21 utfär-

189 576 54 21 dade
266 576 127 21 instruktion
424 577 5 20 i
445 576 119 21 hufvudsak
580 578 56 19 ännu
652 578 24 19 är
691 576 103 27 gällande.
825 576 73 21 Ehuru
912 575 33 21 till

188 616 26 15 en
230 610 75 27 början
321 611 148 26 organiserade
485 610 23 21 af
521 610 96 21 enskilda
632 616 107 21 personer,
755 609 68 22 blefvo
835 609 109 22 städernas

189 645 150 20 auktionsverk
363 645 63 20 innan
451 645 49 20 kort
525 645 31 20 till
582 645 105 20 vinnande
709 644 23 21 af
745 646 68 19 större
829 643 116 22 auktoritet

188 678 70 21 stälda
274 679 66 20 under
355 678 93 27 offentlig
463 679 71 26 tillsyn
550 679 39 20 och
605 678 97 21 kontroll.
723 678 94 21 Sålunda
832 677 113 22 föreskrefs

188 714 14 19 t.
219 719 25 14 ex
267 719 75 20 genom
358 713 141 21 resolutionen
525 713 12 21 &
559 713 110 21 städernas
696 713 76 20 besvär
787 712 23 21 af
836 713 51 20 1731
914 713 31 20 att

188 748 79 19 tvenne
289 747 222 26 magis:ratspersoner
533 747 69 21 skulle
624 747 114 21 öfvervaka
757 747 39 21 den
812 746 77 27 lagliga
904 746 41 21 till-

188 780 84 27 gängen
294 781 35 20 vid
352 781 143 21 auktionerna.
527 781 115 27 Samtidigt
664 781 69 21 blefvo
753 781 100 20 städerna
869 780 75 21 ekono-

189 815 65 20 miskt
269 815 139 21 intresserade
423 815 32 21 uti
469 815 201 21 auktionsväsendet
685 821 75 20 genom
777 815 35 20 det
832 814 31 21 till
878 814 67 27 magi-

189 851 196 24 stratspersonerna
400 849 46 21 frän
462 849 174 21 auktionsverket
650 849 105 26 uigäende
771 848 174 27 aflöningsbidra-

189 885 45 24 get;
251 883 39 20 och
307 883 90 21 derefter
413 883 72 27 dröjde
502 883 35 21 det
553 883 18 27 ej
587 883 61 26 länge
664 883 63 21 innan
742 883 100 21 städerna
857 882 32 21 för
900 883 46 20 sina

189 917 241 27 auktionsinrättningar
453 917 131 22 förvärfvade
604 917 32 27 sig
651 917 100 26 monopol
766 917 13 21 å
794 917 28 21 all
837 917 107 20 auktions-

191 951 81 21 rörelse
288 951 56 21 inom
360 951 104 21 städerna.
495 951 89 27 Stränga
606 951 76 21 förbud
698 951 123 21 utfärdades
836 953 45 19 mot
896 951 50 20 auk-

189 985 82 20 tioners
294 985 97 20 hällande
414 985 108 21 derstädes
538 985 23 21 af
574 985 66 22 andra
656 987 27 19 än
698 985 110 21 städernas
825 991 53 20 egna
893 985 52 20 auk-

188 1019 116 20 tionsverk.
335 1019 38 21 Ett
387 1019 76 21 sädant
478 1019 76 21 förbud
569 1019 70 27 ingick
654 1019 54 22 först
728 1020 7 20 i
753 1019 54 21 1734
822 1019 34 21 ärs
871 1019 75 26 stadga

190 1059 35 14 om
248 1053 173 21 auktionsverket
441 1053 7 20 i
464 1053 122 22 Stockholm
602 1053 40 22 och
657 1053 132 42 upprepades
805 1053 119 21 sedermera
939 1053 6 20 i

190 1086 69 27 öfriga
274 1087 110 21 enahanda
399 1087 91 26 stadgar.

259 1120 77 22 Medan
352 1121 127 27 rättigheten
495 1123 33 19 att
542 1121 126 21 föranstalta
684 1121 112 21 auktioner
811 1121 11 21 å
831 1121 72 21 landet
911 1127 35 15 va-

189 1154 29 21 rit
233 1154 41 22 och
289 1154 128 22 fortfarande
433 1157 24 19 är
471 1155 129 27 fullkomligt
608 1150 49 37 fri,.
668 1150 61 37 något
743 1161 46 15 som
798 1155 107 21 dessutom
913 1156 33 20 ut-

188 1188 120 28 tryckligen
330 1189 149 21 tillförsäkrats
502 1190 104 26 allmogen
621 1196 77 20 genom
713 1189 143 22 resolutionen
871 1190 12 20 å
899 1189 48 21 dess

188 1222 79 22 besvär
289 1223 23 21 af
332 1223 39 21 den
397 1224 24 20 17
438 1224 116 21 December
571 1224 61 25 1734,
648 1224 39 21 har
703 1225 30 19 ett
748 1223 199 27 auktionsmonopol

190 1256 91 22 sålunda
303 1257 68 21 blifvit
393 1257 108 21 faststäldt
524 1258 33 21 för
574 1258 107 26 städerna,
697 1258 67 21 ehuru
779 1258 60 21 detta
854 1257 94 21 hvarken

189 1290 71 22 blifvit
275 1291 98 27 stadgadt
388 1291 31 21 uti
435 1292 106 21 allmänna
555 1292 62 26 lagen
632 1292 52 21 eller
698 1292 123 21 tillkommit
833 1298 75 20 genom
916 1293 32 19 ett

190 1324 24 21 af
226 1325 126 27 regeringen
365 1325 33 21 för
413 1326 100 21 städerna
528 1326 7 20 i
550 1332 74 20 gemen
639 1325 110 22 utfärdadt
764 1325 148 26 förordnande,
925 1327 22 25 ty

190 1358 26 22 de
232 1358 158 28 bestämningar
405 1365 34 15 om
455 1359 165 22 auktionssättet
634 1360 8 20 i
657 1360 55 26 stad,
729 1359 73 21 hvilka
817 1359 131 22 förekomma

189 1392 8 21 i
220 1392 57 22 1734
299 1393 34 21 års
356 1392 34 28 lag
405 1395 54 20 samt
477 1394 7 20 i
501 1394 55 21 1748
570 1394 40 21 och
627 1394 54 21 1752
698 1394 33 21 års
747 1393 148 27 förordningar
910 1400 38 14 an-

185 1425 86 27 gående
286 1426 123 28 försäljning
423 1427 23 21 af
459 1429 78 19 utmätt
553 1427 42 22 fast
607 1428 110 26 egendom,
725 1427 167 27 sammanhänga
900 1427 48 21 med

260 1464 48 24 Log-
321 1466 31 16 och
365 1466 183 18 Ekonomiutskottets
561 1466 111 18 betänkande
684 1466 37 18 N:o
733 1466 18 18 3.
