1086 1700
216 134 27 19 44
412 132 29 22 U.
456 132 28 22 B.
500 145 27 3 —
542 132 73 28 Prop.
630 132 42 22 N:o
687 132 36 22 11.

256 202 20 20 3.
306 200 40 22 Vid
368 200 139 23 utfärdandet
530 200 23 22 af
573 201 179 27 ursprungsbevis
769 201 52 22 eller
836 201 108 22 certifikat

186 234 108 27 iakttages
318 237 32 19 att
373 235 50 22 dess
446 235 94 22 innehåll
556 236 80 26 jemväl
652 236 117 21 antecknas
785 236 13 21 å
813 236 42 22 den
871 236 35 21 del
922 236 24 21 af

187 268 132 27 blanketten,
344 276 45 15 som
405 270 35 22 vid
455 270 95 22 bevisets
567 270 52 22 eller
634 270 141 22 certifikatets
792 270 127 28 afskiljande
936 271 8 20 i

186 302 71 22 häftet
272 305 147 25 qvarstannar.

255 340 19 19 4.
306 338 69 22 Dessa
397 338 74 22 häften
493 339 53 21 eller
568 339 174 21 kontrollböcker
761 338 102 22 aflemnar
878 338 64 22 brän-

186 371 171 23 vinstillverkare
372 373 35 21 vid
422 373 73 27 hvarje
506 374 35 20 års
551 374 81 26 utgång
642 373 33 21 till
686 372 180 22 öfverkontrollör
873 373 68 27 jemte

186 406 129 22 summarisk
337 406 83 28 uppgift
440 407 59 21 öfver
514 407 41 21 den
571 407 129 27 myckenhet
716 407 94 25 bränvin,
827 406 66 22 hvarå
908 413 34 14 ur-

186 440 153 26 sprungsbevis
355 441 68 21 under
438 442 47 20 året
501 440 113 23 utfärdats.

255 476 19 20 5.
304 475 34 22 De
360 476 180 24 kontrollböcker,
564 482 46 15 som
630 475 109 27 begagnas
755 475 23 21 af
792 474 150 27 distillerings-

185 508 74 22 idkare
283 509 109 22 äfvensom
408 510 23 21 af
445 510 54 26 dem,
516 510 71 21 hvilka
602 510 51 21 idka
668 510 125 26 försäljning
808 509 23 21 af
844 509 96 25 bränvin,

185 542 61 22 skola
262 542 24 22 af
300 544 62 21 desse
377 544 36 21 vid
428 545 109 26 utgängen
553 544 23 21 af
589 544 73 27 hvarje
678 544 83 27 gvartal
777 543 122 21 äterställas
909 542 32 22 till

185 577 161 23 vederbörande
368 579 126 26 kontrollör,
518 585 46 16 som
587 579 82 27 äligger
692 580 102 25 upprätta
815 578 40 21 och
872 577 69 22 öfver-

184 611 120 22 kontrollör
324 613 161 22 tillhandahålla
501 613 150 27 sammandrag
667 613 59 22 öfver
742 613 26 21 de
784 612 77 27 belopp
878 612 63 20 brän-

184 645 41 25 vin,
250 646 12 21 &
278 646 72 22 hvilka
366 648 177 26 ursprungsbevis
560 648 52 21 eller
628 647 107 22 certifikat
750 647 68 21 under
834 645 106 28 gvartalet

185 679 115 22 utfärdats.

254 717 19 19 6.
305 711 183 26 Öfverkontrollör
513 717 40 21 och
573 716 119 21 kontrollör
712 715 90 22 aflemne
818 715 123 21 sedermera

184 748 26 21 de
233 749 7 20 i
263 755 63 16 mom.
350 752 12 19 4
383 750 40 21 och
439 753 12 18 5
469 750 139 22 omförmälda
623 749 180 26 kontrollböcker,
820 749 7 21 i
843 748 48 21 stad
907 748 33 21 till

184 783 113 26 magistrat
316 784 40 21 och
372 785 13 20 å
400 784 74 22 landet
489 785 31 20 till
537 784 171 25 kronolänsman,
725 783 32 22 för
773 785 32 20 att
821 783 39 21 hos
877 783 63 20 dessa

184 817 150 28 myndigheter
349 818 68 22 under
433 819 37 20 tvä
485 819 24 20 är
524 818 104 22 förvaras.

505 880 58 19 Art.
576 880 45 19 III.

195 924 37 23 Om
248 931 85 17 ansvar
349 925 38 24 för
403 925 181 24 öfverträdelser
600 925 28 23 af
639 924 181 24 föreskrifterna
836 924 5 22 i
859 924 71 23 denna

493 960 141 28 förordning.

396 1036 3 2 N
533 1019 13 25 8
563 1021 33 18 35.

254 1053 18 19 1.
303 1052 47 21 Den
366 1058 58 15 som:

251 1086 36 21 vid
310 1086 84 26 handel,
417 1086 89 22 hvarom
529 1087 7 20 i
556 1087 27 26 $$
603 1088 12 19 2
632 1086 40 21 och
690 1088 11 19 3
718 1087 56 20 samt
789 1086 13 25 $
818 1087 13 19 4
848 1091 61 15 mom.
928 1088 9 18 1

182 1121 70 25 säges,
270 1120 65 28 säljer
350 1120 52 22 eller
417 1121 106 21 utlemnar
539 1120 81 22 mindre
636 1122 26 20 än
679 1121 37 21 det
730 1120 7 21 i
748 1119 73 27 hvarje
832 1119 36 22 fall
879 1119 60 22 med-

181 1153 58 27 gifna
254 1154 80 22 minsta
349 1155 89 27 belopp;

251 1188 134 22 Ofverträder
400 1190 37 20 det
452 1189 7 21 i
481 1190 6 26 &
508 1191 7 19 4
531 1195 62 15 mom.
610 1190 11 19 2
633 1189 106 26 stadgade
749 1188 77 22 förbud
837 1188 32 22 för
880 1189 58 21 inne-

181 1221 87 23 hafvare
285 1222 23 22 af
321 1223 202 27 utskänkningsrätt
539 1224 32 20 att
586 1223 54 27 sälja
655 1223 33 21 till
704 1222 145 26 afhemtning;

249 1260 42 16 mot
305 1258 97 24 förbudet
416 1259 7 18 i
446 1258 5 24 $
465 1258 14 19 4
494 1264 56 13 mom.
566 1258 14 19 3
592 1256 29 26 pä
636 1258 70 19 landet
723 1258 48 19 eller
787 1258 8 18 i
812 1258 75 24 köping
897 1256 42 20 häl-

180 1292 30 18 ler
225 1292 30 19 till
268 1293 44 19 salu
325 1293 136 23 lackfernissa
473 1294 47 18 eller
526 1281 81 40 politur,
612 1298 42 14 som
660 1293 84 19 tillredts
753 1292 28 24 af
788 1292 40 20 icke
837 1288 103 32 denature-

180 1326 49 19 radt
239 1327 61 25 sprit;

249 1362 45 19 mot
317 1360 55 22 hvad
395 1361 12 25 &
433 1362 26 19 14
475 1361 88 26 stadgar
578 1360 94 22 fördelar
687 1361 90 21 bränvin
793 1360 78 22 mellan
886 1360 52 22 flere

180 1393 82 27 köpare
278 1394 52 22 eller
345 1394 55 21 läter
416 1394 37 22 det
468 1395 67 26 köpta
550 1395 13 21 ä
578 1395 73 21 stället
666 1395 103 26 förtäras;

248 1430 47 19 mot
317 1428 149 27 stadgandena
488 1429 7 21 i
518 1430 26 25 $$
568 1430 11 20 2
600 1429 40 21 och
658 1431 25 19 17
700 1435 62 15 mom.
781 1430 8 20 1
808 1429 61 21 idkar
885 1429 51 21 han-

249 1466 194 19 Ekonomiutskottets
457 1468 116 17 betänkande
585 1468 36 18 N:o
634 1469 16 17 3.
