1086 1700
235 126 27 20 64
534 127 45 23 N:o
601 128 37 22 11.

552 194 14 28 &
585 196 31 20 12.

273 234 29 21 Så
316 236 61 20 snart
393 234 181 22 öfverkontrollör
589 234 69 22 blifvit
674 235 106 21 utnämnd
795 234 38 22 och
845 235 65 21 innan
921 234 42 22 han

204 269 99 26 vidtager
318 268 126 28 utöfningen
463 269 22 21 af
499 270 32 20 sin
547 269 129 27 befattning,
686 269 53 22 skall
751 269 42 21 han
805 268 56 22 inför
871 270 94 26 länesty-

203 303 56 21 relse
281 303 68 21 förete
371 304 38 20 sitt
432 303 146 22 förordnande
594 306 62 22 samt,
673 304 44 21 ifall
732 304 42 21 han
791 304 17 27 ej
825 304 58 21 förut
900 303 65 27 aflagt

204 338 113 27 tjensteed,
341 338 67 21 sådan
425 338 25 21 ed
466 338 57 21 inför
538 338 141 27 länestyrelse
696 338 88 28 aflägga.
815 338 149 27 Länestyrelse

204 372 81 27 åligger
308 372 163 22 tillhandahålla
493 373 78 21 honom
596 374 17 26 ej
632 374 84 20 mindre
731 372 160 28 förteckningar
906 372 58 21 öfver

205 406 42 22 alla
266 407 57 21 inom
339 407 58 21 länet
413 407 86 21 tillåtna
514 407 232 21 bränvinsbrännerier
762 407 38 21 och
817 407 147 21 distillations-

203 442 59 26 verk,
287 441 107 22 äfvensom
413 442 94 21 rörande
522 442 26 21 de
564 449 104 20 personer
684 442 38 21 och
737 442 70 26 bolag,
824 442 70 20 hvilka
909 442 55 20 und-

204 475 42 22 fått
262 476 103 26 rättighet
382 477 33 20 att
430 477 51 20 idka
496 476 127 28 försäljning
640 476 22 22 af
676 476 90 21 bränvin
782 476 6 21 i
800 476 75 26 minut,
887 478 26 18 än
925 476 39 21 ock

204 510 86 27 uppgift
312 511 29 26 på
363 511 26 21 de
411 511 36 21 vid
466 511 156 21 brännerierna
638 511 39 21 och
694 510 216 22 distillationsverken
927 517 37 14 an-

204 544 70 22 stälde
298 545 144 21 kontrollörer
466 546 39 20 och
528 546 62 21 deras
614 546 99 20 adresser
733 546 56 20 samt
804 546 29 26 på
849 545 52 26 dem,
918 551 44 15 som

204 579 125 22 förordnats
346 581 31 20 att
397 580 257 27 bränvinsförsäljningen
672 580 121 21 öfvervaka.
825 579 43 21 Och
885 579 79 26 åligger

204 614 37 21 det
252 613 180 22 öfverkontrollör
444 616 33 19 att
486 615 93 21 derefter
587 615 31 20 till
628 615 105 21 Handels-
743 614 38 21 och
790 614 174 27 Industri-Expe-

204 648 97 21 ditionen
324 649 6 20 i
354 648 100 27 Senaten,
478 649 32 21 till
534 649 140 27 länestyrelse
690 651 56 19 samt
763 649 31 20 till
811 648 153 21 innnehafvare

204 682 23 21 af
247 683 127 21 brännerier
399 683 39 22 och
462 683 191 28 distilleringsverk
673 684 57 21 inom
746 683 111 21 distriktet
872 683 37 21 och
926 683 38 21 der

204 717 100 22 anstälde
322 718 146 21 kontrollörer
487 718 88 21 beforda
592 718 161 21 underrättelse
769 724 33 15 om
819 718 40 21 den
876 719 39 22 ort,
933 717 31 21 dit

203 751 49 21 bref
266 752 32 21 till
314 752 77 21 honom
408 753 61 20 skola
485 753 129 21 adresseras.

552 815 14 28 8
584 818 32 19 13.

276 857 16 19 1.
322 856 43 21 Det
390 856 129 21 tillkommer
547 855 182 22 öfverkontrollör
759 857 32 19 att
817 855 145 26 omsorgsfullt

203 889 63 27 tillse,
291 891 32 20 att
345 891 260 21 bränvinsbrännerierna
628 891 39 20 och
691 890 217 27 distilleringsverken
925 891 37 20 äro

202 923 209 28 författningsenligt
433 925 110 20 inrättade
566 926 56 20 samt
646 926 32 19 att
703 925 26 20 de
751 924 34 21 vid
802 924 46 21 dem
865 924 98 21 anstälde

203 958 146 21 kontrollörer
364 959 93 27 fullgöra
473 959 46 21 sina
535 959 152 26 skyldigheter,
704 959 7 20 i
726 958 81 21 hvilket
823 958 98 21 afseende
932 958 31 21 öf-

203 993 160 21 verkontrollör
378 993 55 21 skall
449 1000 26 14 en
491 994 57 27 gäng
563 994 7 20 i
585 993 107 21 mänaden
708 993 81 21 besöka
804 993 73 26 hvarje
888 993 31 20 till
930 993 31 20 di-

202 1027 90 21 striktet
314 1027 103 27 hörande,
441 1028 6 21 i
471 1029 56 26 gäng
545 1028 95 21 varande
656 1027 205 21 bränvinsbränneri
877 1027 38 21 och
932 1027 30 21 di-

202 1061 170 28 stilleringsverk
394 1065 57 18 samt
467 1063 79 26 jemväl
562 1062 75 26 oftare,
654 1064 40 19 när
710 1062 107 21 särskilda
832 1062 130 25 omständig-

202 1095 61 22 heter
286 1097 78 21 sädant
387 1097 92 26 päkalla.
511 1096 44 22 Och
574 1097 39 21 bör
629 1096 180 21 öfverkontrollör
825 1096 35 21 vid
875 1095 66 22 besök
956 1096 6 21 i

201 1129 157 23 brännerierna
373 1131 61 21 alltid
450 1131 112 21 öfvervara
576 1131 120 27 mätnings-
712 1131 39 21 och
761 1130 201 27 profningsförrätt-

201 1164 108 28 ningarna
332 1167 55 19 samt
410 1166 123 21 undersöka
549 1166 130 27 riktigheten
697 1165 23 21 af
733 1165 124 27 begagnade
873 1165 89 21 mälkärl

202 1199 39 21 och
264 1200 162 26 instrumenter,
450 1200 33 21 för
506 1201 81 21 hvilket
605 1200 102 22 ändamäl
723 1200 239 21 normalinstrumenter

201 1239 77 21 genom
293 1234 106 21 Handels-
415 1235 39 21 och
470 1235 275 26 Industri-Expeditionens
756 1234 84 27 försorg
851 1234 111 21 öfverkon-

200 1268 106 21 trollören
326 1269 180 21 tillhandahållas.
537 1270 41 20 Vid
598 1270 62 20 dessa
675 1269 68 21 besök
759 1268 54 22 skall
829 1268 41 21 han
884 1268 77 27 jemväl

201 1303 96 25 granska
313 1303 40 21 den
364 1304 35 20 vid
409 1304 126 21 bränneriet
545 1304 63 21 förda
618 1302 236 28 tillverkningsjournal
866 1303 38 21 och
915 1302 47 22 der-

200 1337 36 20 vid
259 1340 108 24 noggrant
383 1338 83 21 öfverse
482 1338 25 21 de
524 1338 22 21 af
559 1338 174 22 kontrollörerne
748 1337 124 21 verkstälda
888 1338 74 20 uträk-

201 1371 78 26 ningar
301 1372 36 20 vid
352 1372 126 22 bränvinets
494 1373 133 26 omsättning
643 1372 32 21 till
691 1372 160 26 normalstyrka
867 1371 43 27 och,
928 1378 34 14 om

200 1404 28 22 fel
244 1405 74 21 dervid
334 1406 138 26 förekomma,
485 1407 125 21 desamma
594 1400 14 38 i
621 1406 160 22 kontrollörens
793 1408 92 18 närvaro
896 1407 65 24 rätta,

201 1439 110 22 äfvensom
326 1442 104 26 genomgä
445 1441 253 27 nederlagsjournalerna
710 1441 39 21 och
760 1440 36 21 det
806 1439 110 27 befintliga
926 1446 36 14 ne-
