1086 1700
200 144 14 20 4
388 144 29 22 U.
433 144 27 22 B.
478 157 26 2 —
522 144 75 28 Prop.
613 144 45 22 N:o
674 144 35 22 11.

173 213 26 15 en
222 206 38 22 allt
281 207 65 29 sedan
369 208 54 20 1872
438 207 21 21 af
475 207 117 21 Ständerna
607 207 52 27 följd
674 208 87 27 princip.
791 206 64 22 Detta
869 213 65 15 anser

172 241 32 27 sig
226 241 110 21 Utskottet
357 241 53 21 dock
433 241 24 21 sä
471 242 87 26 mycket
572 242 83 20 mindre
670 242 74 21 kunna
759 241 111 27 tillstyrka,
885 248 46 14 som

172 275 285 22 kommunikationsfondens
472 276 80 27 vigtiga
567 276 99 20 ändamäl
676 276 69 21 under
754 275 177 21 nästkommande

171 310 79 27 period,
274 310 69 21 säsom
365 317 25 14 ur
412 310 118 21 Utskottets
550 310 142 28 beräkningar
714 310 98 26 framgär,
832 310 42 20 kan
889 310 41 20 till-

171 344 91 27 godoses
276 344 8 20 i
300 344 40 21 den
361 344 20 21 af
397 344 118 21 Ständerna
537 344 99 21 beslutna
658 344 176 27 utsträckningen
856 344 74 20 endast

171 378 49 21 med
246 378 89 28 tillhjelp
358 379 20 20 af
401 378 26 22 de
451 378 47 21 frän
523 378 107 21 allmänna
654 378 132 22 statsfonden
811 378 119 21 öfverförda

171 412 111 27 6,500,000
297 412 60 21 mark
371 413 40 21 och
426 414 29 20 ett
472 412 35 22 län
522 412 46 21 frän
580 412 349 28 lagmanstingsgästningsfonden.

171 446 42 22 Det
228 447 122 27 öfverskott,
363 447 81 21 hvilket
458 447 276 21 kommunikationsfonden
749 446 134 28 tillfälligtvis
897 446 33 21 för

171 481 106 28 ingäende
292 482 152 27 budgetperiod
459 482 38 20 har
513 484 29 18 att
557 482 95 27 uppvisa,
670 482 40 20 och
725 488 44 14 som
786 480 93 28 uppstätt
894 487 36 21 ge-

170 522 50 14 nom
236 516 122 21 förberörda
371 516 42 27 län,
434 516 38 21 har
487 516 108 21 Utskottet
610 518 68 19 ansett
695 516 51 21 böra
762 522 120 14 reserveras
896 515 33 21 för

171 550 223 28 järnvägsbyggnader
409 551 68 20 under
492 550 168 28 nästpäföljande
675 550 160 28 budgetperiod.

242 613 107 22 Utskottet
363 613 32 21 fär
410 614 70 21 därför
494 614 108 21 vördsamt
616 614 86 21 föreslä:

446 685 33 18 att
504 682 125 21 Ständerna
654 683 51 20 ville
731 682 89 26 besluta,
846 683 34 19 att
900 689 28 13 ur

378 717 208 21 brännvinsskatten
607 717 71 20 under
700 717 53 20 åren
777 717 152 20 1892—189£4

377 752 60 21 skola
459 752 53 27 utgå
535 752 98 27 följande
655 751 78 27 anslag
748 751 10 20 i
775 751 41 20 den
833 750 96 28 ordning

377 786 41 21 här
433 787 72 20 nedan
520 788 119 26 upptages:

445 839 18 20 1.
481 837 177 28 Ersätining'till
665 839 67 19 stats-

377 872 70 21 verket
457 872 36 27 för
500 872 158 27 eftergifvande
668 872 28 27 af
700 873 35 20 det

376 906 63 28 förra
469 906 259 28 brännvinsbrännings-

376 941 101 20 arrendet
487 941 103 26 660,000
596 941 37 20 mk
640 941 92 27 ärligen,

377 975 50 20 eller
441 975 36 27 för
501 976 7 20 3
523 975 94 21 är...
636 991 95 5 .....
755 975 136 26 1,980,000:
900 986 29 3 —

446 1022 21 20 2.
486 1021 43 21 Till
541 1021 122 21 kontrollen
674 1021 61 27 öfver

377 1055 293 28 brännvinstillverkningen
698 1055 36 27 för

376 1089 26 21 är
412 1090 62 20 1892
482 1089 129 28 förslagsvis
628 1089 107 27 200,000

375 1124 42 27 mk,
433 1126 59 19 samt
505 1124 36 27 för
550 1124 100 20 nämnda
660 1123 72 21 ända-

375 1158 46 21 mål
436 1158 39 21 och
489 1158 38 28 för
541 1158 113 27 äklagares
675 1158 56 20 belö-

375 1193 73 21 nande
470 1192 36 28 för
528 1192 104 21 särskildt
646 1192 35 21 nit
696 1192 38 20 vid

376 1227 122 27 bveifrandet
520 1227 29 27 af
568 1226 165 28 öfverträdelser

375 1261 29 27 af
413 1261 318 27 brännvinsförfattningarna

374 1295 129 28 förslagsvis
520 1296 106 26 300,000
645 1295 37 21 mk
697 1294 36 28 för

374 1330 54 20 ären
447 1330 156 26 1893—1894,
627 1330 51 20 eller
696 1329 37 27 för

375 1364 48 21 hela
439 1364 179 28 budgetperioden
635 1381 4 4 .
659 1381 3 3 .
681 1380 50 4 ...
777 1363 113 27 800,000:
899 1376 27 2 —

445 1410 21 21 3.
481 1409 44 21 Till
531 1409 125 27 fördelning
664 1409 67 21 emel-

375 1444 37 21 lan
429 1444 75 20 lands-
521 1444 38 20 och
569 1444 162 20 stadskommu-

236 1484 141 17 Statsutskottets
389 1483 110 18 betänkande
512 1484 35 16 N:o
559 1484 25 16 11.
