1086 1700
309 109 82 22 Ständ.
409 109 39 22 Sv.
465 122 27 3 —
511 108 75 29 Prop.
602 108 45 23 N:o
662 108 36 23 12.
822 111 27 19 29

128 176 86 22 fördela
237 175 68 22 redan
328 176 69 20 insatt
412 181 60 20 vara,
493 175 41 21 och
549 175 69 21 ehuru
634 174 133 28 paragrafen
783 174 96 27 stadgar,

126 213 34 20 att
176 212 79 21 sådant
270 211 44 21 kan
331 211 40 21 ske
387 210 78 22 endast
481 212 45 20 mot
541 210 160 22 återställande
718 210 23 22 af
755 210 27 22 de
798 210 13 21 å
826 216 54 21 upp-

126 248 60 27 laget
210 247 86 27 utgifna
316 247 97 27 bevisen,
431 252 66 21 synes
514 246 56 22 dock
586 246 126 22 densamma
727 247 53 21 böra
796 246 83 27 förtyd-

127 284 63 26 ligas,
214 282 134 27 exempelvis
367 288 78 21 genom
461 283 33 20 att
510 282 64 21 ordet
591 299 9 10 ,
604 284 135 25 varuegare"
757 281 74 23 blefve
847 284 33 19 ut-

127 320 51 26 bytt
201 320 45 20 mot
267 318 68 21 orden
356 317 158 28 ,innehafvare
531 317 24 21 af
568 318 157 26 upplagsbevis
741 318 50 21 med
807 318 75 21 dertill

130 354 98 22 hörande
244 354 117 21 warrant".

199 395 173 22 Vidkommande
395 395 108 27 förslaget
524 395 36 21 till
575 395 135 27 kungörelse
725 395 113 27 angående
855 394 26 22 de

127 432 81 27 vilkor,
224 431 128 22 hvarunder
367 430 132 22 oförtullade
516 437 66 15 varor
597 432 35 20 må
647 431 7 21 i
672 431 91 21 allmänt
778 431 103 27 upplags-

129 467 99 27 magasin
254 467 100 27 insättas,
379 473 52 15 anse
453 466 125 22 Ständerna
599 467 34 27 sig
653 467 55 21 böra
722 467 159 26 underdånigst

128 503 124 27 framhålla,
272 504 34 20 att
324 502 107 27 förslaget
447 508 66 21 synes
529 509 54 15 vara
599 502 81 27 egnadt
696 504 33 20 att
745 503 7 21 i
768 502 114 27 synnerlig

129 538 55 28 grad
200 538 107 27 befrämja
322 538 146 26 uppkomsten
484 538 25 21 af
523 538 64 22 dessa
602 538 36 22 för
653 538 134 22 affärslifvet
797 538 25 21 så
832 539 49 26 nyt-

129 574 48 27 tiga
199 574 151 27 inrättningar
373 574 40 21 och
435 574 29 27 på
488 576 33 19 ett
541 573 209 23 tillfredsställande
770 576 45 19 sätt
837 574 44 21 till-

130 610 100 27 mötesgå
254 610 27 21 de
308 609 141 27 önskningar,
471 609 78 22 hvilka
570 610 70 21 måste
660 616 54 15 vara
737 609 145 27 förknippade

129 646 50 21 med
195 652 27 15 en
238 645 174 27 ändamålsenlig
423 645 144 27 frilagerrätt.
597 645 104 22 Framför
712 646 39 21 allt
759 645 62 22 torde
828 652 54 21 gyn-

130 687 82 16 samma
234 681 110 27 påföljder
359 687 53 15 vara
429 683 32 19 att
477 681 103 22 förvänta
596 681 68 28 deraf,
682 683 33 20 att
731 688 27 15 en
774 681 108 22 afvikelse

131 717 50 21 från
204 717 104 26 gällande
331 717 165 27 bestämningar
519 723 35 15 om
570 717 164 28 nederlagsrätt
749 718 85 21 komme
851 719 32 19 att

131 752 129 27 medgifvas.

204 793 109 28 Slutligen
337 794 73 21 tillåta
433 794 34 27 sig
491 794 125 22 Ständerna
639 795 159 27 underdänigst
817 794 66 22 fram-

131 830 60 21 hålla
206 829 162 28 behöfligheten
384 829 25 22 af
423 836 27 15 en
465 830 98 22 revision
579 830 24 21 af
617 830 41 21 den
674 830 73 22 finska
761 832 76 20 texten
848 830 36 21 till

131 865 147 22 nästberörda
293 867 81 20 tvenne
391 865 84 28 förslag
485 866 36 21 till
532 866 80 27 nädiga
623 867 152 27 kungörelser,
785 866 98 27 hvarvid,

132 901 50 21 med
197 901 91 26 hänsigt
302 901 36 21 till
353 901 160 28 terminologin,
531 901 230 23 öfverensstämmelse
777 902 48 21 med
842 901 42 22 den

132 935 25 22 af
179 936 123 22 Ständerna
326 939 95 25 antagna
441 937 72 22 finska
531 939 77 20 texten
627 938 35 21 till
677 937 158 27 förordningen
851 944 34 15 om

135 972 110 21 allmänna
261 973 194 26 upplagsmagasin
471 973 64 21 torde
550 973 99 22 befinnas
666 973 137 27 erforderlig.

204 1127 12 21 I
232 1127 157 27 sammanhang
404 1128 50 21 med
470 1128 43 22 den
528 1129 82 27 nådiga
620 1128 163 27 propositionen
791 1128 40 21 och
839 1130 46 19 sär-

135 1162 70 22 skildt
228 1162 79 28 frägan
331 1170 32 14 om
383 1165 46 19 rätt
445 1163 35 22 för
496 1164 27 21 de
540 1164 110 21 allmänna
665 1164 221 27 upplagsmagasinen

133 1199 40 26 att,
189 1198 50 21 med
254 1198 106 22 befrielse
375 1198 52 22 från
443 1200 135 27 erläggande
594 1199 24 21 af
632 1200 27 21 de
675 1200 6 20 i
691 1200 48 21 stad
751 1199 136 22 föreskrifna

133 1233 230 28 auktionsafgifterna,
379 1234 134 22 föranstalta
528 1234 133 28 försäljning
676 1235 25 21 af
707 1236 68 20 insatt
785 1241 54 16 vara
849 1241 36 20 ge-

133 1275 50 15 nom
199 1269 99 27 offentlig
314 1270 89 21 auktion
419 1270 58 22 inom
493 1271 165 27 inrättningens
669 1272 65 25 lokal,
745 1271 67 21 hafva
823 1270 63 22 Stän-

135 1304 68 21 derna
218 1305 36 21 till
270 1305 134 27 behandling
419 1306 102 27 upptagit
537 1308 33 20 ett
585 1307 57 21 inom
653 1306 188 28 Borgareständet
849 1306 38 21 vid

134 1340 72 21 denna
221 1340 106 28 landtdag
343 1341 126 22 framstäldt
486 1342 192 27 petitionsförslag
688 1349 34 15 om
732 1341 155 28 upphäfvande

137 1375 24 21 af
175 1375 38 21 det
229 1376 105 22 städerna
349 1376 168 22 tillförsäkrade
533 1378 208 26 auktionsmonopol.
