1086 1700
303 113 84 23 Ständ.
403 113 38 23 Sv.
457 127 30 3 —
503 113 75 29 Prop.
594 113 46 23 N:o
656 114 34 22 11.
815 115 28 20 49

122 179 49 22 icke
194 179 78 27 finnas,
296 179 176 22 rådhusstämma
492 180 35 20 att
546 179 94 27 besluta,
660 179 109 22 huruvida
784 179 41 22 och
839 179 36 21 till

120 215 88 22 hvilket
232 215 60 21 antal
315 215 134 27 rättigheter
471 215 37 21 till
532 214 160 28 utminutering
712 215 41 21 och
768 214 107 22 utskänk-

121 251 55 27 ning
191 250 25 22 af
230 250 154 27 spritdrycker
398 251 55 21 böra
467 250 38 22 för
520 250 200 22 nästinstundande
735 250 39 22 två
789 250 86 28 försälj-

122 286 92 28 ningsår
234 286 110 27 upplåtas,
361 286 114 22 äfvensom
491 286 8 21 i
515 286 77 22 hvilka
607 286 89 22 trakter
711 286 25 21 af
749 286 78 22 staden
842 288 34 20 ut-

124 322 156 26 minuterings-
295 322 41 21 och
351 322 248 26 utskänkningsställen
614 321 51 22 icke
681 321 23 22 få
720 321 76 22 finnas.

194 360 19 19 2.
245 357 93 22 Besluta
354 356 204 28 stadsfullmäktige
574 357 56 22 eller
644 357 183 28 rådhusstämma,
844 359 33 19 att

123 393 159 27 utminutering
303 393 56 22 eller
378 393 155 27 utskänkning
553 393 50 21 icke
619 393 59 21 skall
694 399 41 21 ega
750 400 55 21 rum,
822 393 55 22 eller

123 431 26 20 är
163 429 118 27 magistrat
296 428 50 22 med
361 428 204 28 stadsfullmäktige
576 428 56 22 eller
639 428 177 22 rådhusstämma
824 434 53 16 ense

124 464 114 28 angående
260 464 201 27 utminuteringens
478 464 57 22 eller
550 464 193 27 utskänkningens
759 464 118 28 ordnande,

124 499 70 22 blifve
210 499 78 22 dervid
303 499 116 22 beroende.
449 499 11 21 I
473 501 69 19 annat
552 498 40 22 fall
603 498 150 23 öfverlemnar
763 499 114 27 magistra-

126 537 39 20 ten
180 535 93 21 ärendet
288 535 36 21 till
340 535 169 27 länestyrelsen,
527 541 45 15 som
588 540 54 22 eger
658 535 48 21 deri
716 535 95 27 besluta;
822 535 56 22 dock

125 571 36 21 må
177 571 85 22 antalet
276 571 181 27 utminuterings-
473 571 57 21 eller
545 570 299 28 utskänkningsrättigheter
857 571 20 27 ej

125 607 134 21 bestämmas
275 607 75 27 högre,
367 608 29 19 än
412 606 204 27 stadsfullmäktige
632 606 56 22 eller
702 606 177 22 rådhusstämma

125 642 89 27 pröfvat
236 643 108 26 lämpligt.
381 642 35 21 Då
439 642 83 21 ärende
542 642 114 27 angående
675 642 133 27 försäljning
823 643 56 21 eller

125 678 153 27 utskänkning
300 677 25 22 af
346 677 94 22 bränvin
463 677 41 22 och
526 677 154 28 spritdrycker
700 677 137 28 handlägges
856 678 25 21 af

126 713 204 27 stadsfullmäktige
346 713 55 22 eller
411 713 182 27 rådhusstämma,
604 713 36 21 må
646 713 232 28 bränvinsförsäljare,

128 749 240 22 bränvinstillverkare
399 749 40 21 och
462 748 145 23 innehafvare
630 748 25 21 af
676 749 203 27 distilleringsverk

127 785 50 21 icke
192 785 8 21 i
218 784 170 27 öfverläggning
403 785 56 21 eller
475 785 75 21 beslut
566 784 97 27 deltaga;
675 785 56 21 dock
741 785 139 22 vareidetta

126 820 81 22 förbud
230 821 20 26 ej
272 820 132 27 inbegripna
425 820 104 27 delegare
544 820 8 21 i
568 820 80 21 sådant
663 820 71 28 bolag,
751 827 46 15 som
813 821 7 20 i
837 822 12 19 9
867 820 12 29 8

127 856 145 21 omförmäles.

199 893 19 20 3.
251 891 49 22 Har
315 892 28 26 pä
358 891 128 22 förberördt
502 893 46 20 sätt
563 891 153 28 utskänkning
725 891 76 23 blifvit
811 892 8 21 i
830 892 48 21 stad

126 927 89 22 tillåten
238 927 41 22 och
302 933 70 21 yppas
396 927 69 22 under
486 927 43 22 den
550 927 8 21 i
576 929 10 19 1
603 934 62 15 mom.
682 927 24 22 af
720 928 71 21 denna
807 927 12 28 &
835 933 44 16 om-

126 963 94 22 nämnda
236 963 221 27 försäljningsperiod
468 963 83 22 sädana
561 963 112 22 särskilda
683 963 195 28 omständigheter,

127 1000 33 20 att
175 999 134 26 upplätande
325 998 25 21 af
362 999 132 26 ytterligare
510 999 72 26 nägon
596 999 56 21 eller
662 999 71 26 nägra
741 999 22 21 fä
771 999 108 21 utskänk-

127 1034 202 27 ningsrättigheter
349 1033 88 22 utöfver
457 1034 37 22 det
511 1033 26 22 af
549 1034 204 27 stadsfullmäktige
769 1033 111 28 medgifna

129 1070 60 21 antal
204 1069 99 22 befinnes
320 1069 24 22 af
357 1069 106 22 behofvet
478 1070 121 27 päkalladt,
611 1070 44 21 kan
666 1070 148 26 länestyrelse
823 1069 57 22 efter

127 1105 156 27 magistratens
299 1105 96 22 hörande
412 1105 40 22 och
467 1105 50 22 med
533 1105 215 27 stadsfullmäktiges
765 1105 54 22 eller
830 1105 49 21 räd-

128 1141 147 21 husstämmas
301 1141 134 27 begifvande
457 1141 100 21 meddela
580 1141 44 21 slik
647 1140 234 28 undantagsrättighet

128 1176 59 22 intill
203 1177 113 27 utgängen
331 1176 25 22 af
368 1176 256 28 försäljningsperioden.

481 1241 48 29 78.

202 1284 17 20 1.
252 1283 54 26 Den,
318 1289 45 15 som
375 1283 82 21 önskar
468 1282 115 23 förvärfva
594 1283 35 27 sig
636 1282 181 28 utminuterings-
826 1282 56 22 eller

131 1318 274 27 utskänkningsrättighet
420 1318 8 21 i
444 1318 54 27 stad,
515 1318 83 22 ansöke
614 1318 76 22 derom
705 1318 129 27 skriftligen
841 1318 40 21 hos

132 1354 145 26 magistraten
294 1354 13 21 å
322 1354 39 28 tid,
377 1360 47 16 som
439 1354 25 21 af
477 1354 145 27 magistraten
638 1354 139 27 bestämmes,
794 1354 40 21 och
849 1353 32 21 bi-

133 1388 51 28 foge
200 1389 153 27 ansökningen
369 1389 141 27 frejdebetyg
525 1391 56 19 samt
596 1388 88 28 uppgift
699 1389 29 26 pä
743 1389 83 27 stället,
843 1388 39 22 der

799 1430 12 17 4
