1086 1700
232 143 14 21 4
449 142 23 22 U.
489 142 21 22 B.
529 154 24 4 —
570 143 61 27 Prop.
648 142 34 22 N:o
700 142 29 22 12.

276 205 32 21 De
330 205 106 21 allmänna
458 205 211 27 upplagsmagasinen
693 204 33 22 för
748 204 107 28 förvaring
870 204 22 22 af
906 204 57 22 olika

204 240 58 26 slags
278 245 63 15 varor
356 239 47 21 med
419 240 43 20 rätt
477 241 32 19 att
523 240 14 20 å
552 239 26 22 de
593 240 79 21 insatta
687 245 91 15 varorna
793 239 84 21 utfärda
892 239 70 21 indos-

205 272 62 22 sabla
283 273 194 27 depositionsbevis,
493 273 71 21 hvilka
579 273 113 22 innehafva
707 274 134 26 egenskapen
857 275 32 19 att
900 274 63 21 rätts-

206 307 39 27 ligt
268 309 147 25 representera
437 314 70 20 varan,
527 308 100 26 antingen
644 308 61 21 dessa
720 307 58 21 bevis
794 307 65 22 sedan
875 307 88 21 hänföra

205 342 33 26 sig
261 341 33 21 till
317 342 150 26 eganderätten
482 341 32 21 till
530 348 64 14 varan
611 342 53 21 eller
678 342 55 26 angå
748 343 123 25 panträtten
891 341 6 21 i
913 341 50 21 den-

203 381 89 21 samma,
308 375 62 22 hafva
392 376 67 21 under
481 376 26 21 de
530 378 84 19 senaste
636 376 127 22 årtiondena
785 376 74 21 vunnit
883 382 26 15 en
924 375 39 21 allt

204 409 154 22 vidsträcktare
381 409 132 27 utbredning.
550 410 68 21 Dessa
641 410 143 26 inrättningar
806 410 49 21 leda
877 409 33 22 väl
925 409 38 21 sitt

203 444 86 26 upphof
308 443 47 22 från
377 446 32 19 ett
430 444 127 27 föregående
580 444 141 26 århundrade,
741 450 48 15 men
806 444 35 21 det
857 444 38 21 har
910 443 53 22 först

204 478 56 21 varit
283 478 25 22 de
331 480 84 20 senaste
436 478 139 22 decennierna
594 478 48 22 med
658 479 62 21 deras
735 478 100 27 ofantligt
850 477 112 28 uppdrifna

203 512 145 22 affärsrörelse
366 512 39 22 och
421 512 135 28 oupphörligt
571 513 99 27 stegrade
685 512 134 22 konkurrens
834 512 126 22 förbehållet

202 548 35 19 att
252 546 76 27 bringa
344 546 25 22 de
385 546 105 22 allmänna
511 547 212 28 upplagsmagasinen
742 547 65 27 jemte
823 547 37 21 det
875 546 87 22 dermed

204 581 7 20 i
235 581 105 21 samband
361 583 56 20 satta
431 583 195 26 warrantsystemet
647 581 33 22 till
703 588 26 15 en
744 578 176 29 utveckling
880 574 42 39 och
936 587 26 15 en

203 615 110 27 betydelse
329 615 32 21 för
375 615 129 27 affärslifvet,
520 616 71 21 hvilka
608 616 23 21 de
642 616 46 21 icke
700 615 57 22 förut
767 615 52 22 haft.
849 616 113 21 Desamma

203 649 64 22 hafva
290 649 64 22 också
375 650 104 21 måhända
495 657 45 14 mer
555 652 27 19 än
598 651 69 26 någon
683 657 70 14 annan
768 650 7 21 i
790 650 87 21 nutiden
893 649 69 22 vidta-

202 689 41 20 gen
268 684 117 27 anordning
407 684 54 21 visat
483 684 32 27 sig
538 685 81 26 egnade
641 686 33 20 att
689 684 103 27 befrämja
807 684 98 24 handeln,
922 683 39 22 och

203 717 31 22 uti
258 717 74 22 länder
354 718 47 21 med
424 720 31 19 ett
478 719 121 21 utveckladt
622 719 39 20 och
677 718 63 21 vaket
755 717 88 22 affärslif
857 717 63 22 hafva
936 718 26 21 de

203 751 109 22 allmänna
326 751 210 28 upplagsmagasinen
552 752 71 21 derför
635 752 79 27 jemväl
729 752 102 27 gestaltat
845 752 32 27 sig
887 751 32 22 till
930 753 32 20 ett

204 787 54 20 nära
273 792 41 21 nog
330 785 104 28 oafvisligt
456 786 167 21 existensvilkor.
654 787 85 21 Sådana
754 787 108 21 desamma
877 785 31 22 uti
923 792 38 15 nu-

202 819 61 22 tiden
278 820 7 21 i
300 819 115 22 allmänhet
431 822 36 20 äro
484 821 129 26 anordnade,
629 821 89 26 erbjuda
733 821 26 20 de
774 821 66 21 redan
855 820 7 21 i
878 819 39 22 och
929 819 33 22 för

202 853 34 27 sig
252 855 60 20 stora
328 854 39 21 och
382 855 132 26 ovärderliga
529 855 93 21 fördelar
636 855 32 21 för
678 855 143 27 producenten
833 854 39 22 och
888 853 74 23 affärs-

204 894 91 15 mannen
318 890 54 19 samt
394 889 117 21 medelbart
534 889 121 27 derigenom
678 889 60 22 äfven
753 889 33 22 för
800 889 160 22 konsumenten.

203 922 51 21 Men
267 922 84 21 utöfver
371 922 61 22 dessa
447 923 93 21 fördelar
554 924 46 21 står
614 925 52 20 utan
682 923 72 22 tvifvel
769 923 40 22 den
821 925 59 20 stora
895 925 66 25 nytta,

202 955 88 22 hvilken
315 956 25 21 de
360 956 21 21 af
395 957 121 26 magasinen
531 957 112 22 utfärdade
658 957 86 22 bevisen
760 957 57 22 öfver
832 957 80 21 insatta
927 963 35 15 va-

202 996 38 15 ror
263 990 73 22 kunna
354 990 101 23 medföra.
484 991 34 21 Då
533 992 122 26 magasinen
670 993 93 25 upptaga
779 998 63 15 varor
857 993 57 20 emot
928 993 34 20 ut-

202 1023 106 23 färdande
331 1024 23 22 af
375 1025 70 27 dylika
472 1025 64 27 bevis,
559 1025 71 22 hvilka
652 1026 49 21 med
723 1025 118 28 fullkomlig
863 1026 99 27 trygghet

204 1058 126 27 möjliggöra
352 1059 156 28 öfverflyttning
530 1059 22 22 af
565 1060 45 21 dels
625 1062 61 25 pant-
702 1059 45 22 dels
763 1060 151 27 eganderätten
930 1060 32 21 till

202 1098 28 15 en
254 1099 52 15 vara
320 1095 51 19 utan
387 1095 32 19 att
435 1093 121 22 densamma
571 1094 49 27 sjelf
633 1094 102 21 behöfver
749 1093 105 28 förflyttas
869 1094 45 21 från
930 1095 32 21 sin

204 1126 64 27 plats,
291 1127 88 22 beredes
401 1127 124 28 härigenom
544 1134 26 16 en
586 1128 82 22 lättnad
684 1128 35 22 vid
734 1128 123 28 försäljning
873 1129 38 21 och
926 1129 36 21 be-

204 1161 74 27 låning
300 1161 22 22 af
344 1168 68 21 varor,
435 1168 46 16 som
504 1162 32 22 för
550 1162 92 22 handeln
658 1164 68 20 måste
741 1163 65 22 blifva
821 1163 22 21 af
857 1163 105 27 synnerlig

204 1194 52 27 vigt.
295 1196 50 21 Icke
367 1202 41 21 nog
430 1197 49 21 med
494 1198 33 20 att
542 1197 136 28 varuutbytet
693 1197 123 27 härigenom
831 1198 8 20 i
853 1198 42 27 hög
909 1198 54 27 grad

204 1228 119 28 befordras,
346 1230 40 21 den
408 1230 95 22 enskilde
526 1237 130 21 varuegaren
677 1232 43 21 kan
742 1232 77 22 derhos
843 1234 51 19 utan
910 1232 52 22 anli-

204 1263 67 21 tande
293 1264 21 20 af
336 1264 31 21 sin
391 1264 121 27 personliga
534 1265 70 21 kredit
628 1266 69 21 under
722 1266 61 26 tider,
807 1266 27 22 då
856 1266 42 22 han
916 1266 46 22 icke

200 1298 26 19 är
249 1296 9 22 i
277 1297 81 22 tillfälle
379 1300 32 19 att
426 1298 137 28 fördelaktigt
578 1299 52 27 sälja
645 1300 32 21 sin
692 1306 57 21 vara,
765 1300 49 22 med
828 1302 69 20 större
912 1300 51 22 lätt-

202 1330 38 22 het
264 1332 128 22 åtminstone
415 1332 66 22 delvis
496 1333 78 27 frigöra
590 1334 36 21 det
642 1334 45 22 deri
702 1334 87 22 bundna
803 1334 104 27 kapitalet
922 1335 40 21 och

200 1366 55 25 göra
281 1365 37 22 det
342 1366 132 22 användbart
499 1367 33 21 för
558 1368 32 21 sin
606 1368 86 26 rörelse,
708 1368 80 22 hvilket
803 1368 8 21 i
825 1368 33 22 sin
873 1369 90 27 ordning

199 1399 50 21 åter
271 1398 89 23 bereder
379 1400 79 22 honom
475 1401 109 27 möjlighet
599 1403 32 20 att
646 1402 78 22 lättare
738 1403 105 27 genomgå
858 1403 60 25 tider,
935 1403 27 22 då

198 1432 117 28 stockning
329 1433 7 21 i
352 1434 143 28 afsättningen
510 1435 39 21 och
569 1435 139 23 ekonomiska
722 1436 68 22 kriser
804 1436 91 28 inträda,
911 1440 51 19 enär

272 1472 48 23 Lag-
333 1473 32 17 och
377 1473 181 19 Ehonomiutskotteis
571 1475 111 18 betänkande
693 1475 38 18 N:o
744 1476 17 17 3.
