1086 1700
221 126 27 20 50
515 126 43 23 N:o
582 128 37 21 11.

194 194 62 20 skola
273 194 22 20 af
308 194 61 21 desse
384 194 35 21 vid
434 195 108 26 utgången
560 194 23 20 af
596 194 74 27 hvarje
687 194 84 26 qvartal
787 194 122 20 återställas
920 194 32 20 till

193 228 162 22 vederbörande
381 229 126 26 kontrollör,
531 234 45 15 som
600 229 81 27 åligger
703 230 103 25 upprätta
831 228 37 20 och
885 228 67 21 öfver-

194 262 120 22 kontrollör
330 263 162 21 tillhandahålla
507 263 153 27 sammandrag
680 262 58 21 öfver
754 263 25 20 de
795 262 77 27 helopp
888 263 64 21 brän-

194 297 42 26 vin,
254 298 12 20 å
281 297 71 21 hvilka
375 298 179 26 ursprungsbevis
573 298 51 20 eller
640 297 105 22 certifikat
761 298 69 20 under
846 298 106 26 qvartalet

193 331 116 21 utfärdats.

268 367 18 20 6.
317 362 184 26 Öfverkontrollör
525 366 36 21 och
586 366 121 22 kontrollör
723 366 88 21 aflemne
830 366 122 21 sedermera

196 400 25 21 de
236 400 7 21 i
259 407 62 15 mom.
346 402 12 20 4
382 400 38 22 och
443 402 12 20 5
475 400 139 22 omförmälda
637 401 180 23 kontrollböcker,
834 400 5 21 i
856 400 48 21 stad
921 400 31 20 till

195 435 115 25 magistrat
326 435 38 21 och
381 436 12 20 å
407 435 74 21 landet
497 436 31 20 till
547 436 175 25 kronolänsman,
739 435 33 21 för
788 437 32 19 att
836 435 38 21 hos
891 435 61 21 dessa

193 469 150 27 myndigheter
358 469 69 21 under
442 470 34 20 två
495 471 24 20 år
534 469 103 22 förvaras.

487 569 82 16 Art
588 569 71 16 ITI.

247 618 34 21 Om
298 625 74 15 ansvar
391 619 32 21 för
439 619 158 22 öfverträdelser
614 620 20 20 af
649 619 156 22 föreskrifterna
821 619 4 21 i
843 619 65 22 denna

515 654 122 27 förordning.

544 716 13 29 8
573 718 33 20 35.

270 752 16 19 1.
317 751 46 21 Den
381 757 54 15 som:

267 785 36 20 vid
326 785 83 26 handel,
433 786 87 21 hvarom
537 786 5 20 i
559 785 28 28 88
611 788 12 19 2
648 786 37 20 och
702 787 12 19 3
731 787 56 19 samt
803 785 12 28 &
832 786 12 19 4
860 791 62 14 mom.
942 787 6 18 1

195 821 69 24 säges,
288 819 63 27 säljer
374 820 49 21 eller
447 821 107 20 utlemnar
576 821 84 20 mindre
683 823 26 18 än
734 820 35 21 det
792 821 5 20 i
822 820 72 27 hvarje
916 819 35 21 fall

196 853 106 26 medgifna
319 854 80 21 minsta
413 854 87 27 belopp;

268 887 133 22 öfverträder
417 889 36 20 det
469 889 6 20 i
491 889 13 28 &
520 890 13 19 4
548 895 63 15 mom.
624 890 12 19 2
648 889 103 26 stadgade
762 888 77 21 förbud
850 888 33 21 för
893 889 59 20 inne-

194 921 89 21 hafvare
299 922 23 21 af
335 923 204 26 utskänkningsrätt
555 925 33 19 att
604 923 53 27 sälja
672 923 32 20 till
721 922 141 27 afhemtning;

268 958 44 19 mot
338 957 55 21 hvad
409 957 13 28 $
441 959 24 19 14
482 958 88 27 stadgar
592 957 94 22 fördelar
702 957 91 21 bränvin
809 957 77 20 mellan
903 957 50 20 flere

195 991 83 26 köpare
294 991 50 21 eller
360 992 55 21 låter
431 992 36 21 det
482 993 67 26 köpta
566 993 12 20 å
594 992 72 21 stället
682 992 105 23 förtäras;

268 1027 46 19 mot
336 1026 149 27 stadgandena
508 1027 5 20 i
538 1025 28 28 $&
582 1028 12 19 2
610 1027 39 20 och
667 1028 24 19 17
708 1033 63 14 mom.
790 1027 8 19 1
824 1026 63 20 idkar
901 1026 52 20 han-

196 1059 33 21 del
246 1059 48 21 med
310 1059 52 22 eller
377 1061 146 26 utskänkning
540 1060 22 21 af
575 1061 90 20 bränvin
683 1061 10 20 å
711 1062 67 19 annat
795 1062 26 19 än
837 1060 71 21 derför
919 1060 35 21 be-

196 1093 82 21 stämdt
294 1094 71 23 ställe;

269 1127 143 22 öfverskrider
435 1129 40 21 den
491 1129 7 21 i
513 1128 14 28 &
545 1130 24 20 12
588 1136 63 14 mom.
668 1130 13 20 2
696 1129 121 21 förunnade
832 1130 45 20 rätt
893 1130 33 19 att
942 1129 12 20 &

198 1162 215 27 passagerarefartyg
428 1163 109 21 utskänka
551 1163 98 26 bränvin,
666 1164 50 20 eller

270 1196 133 22 öfverträder
425 1197 111 24 förbuden,
560 1204 45 15 som
630 1200 36 19 äro
686 1198 58 27 gifna
760 1198 6 20 i
783 1198 28 28 $&
830 1199 30 25 15,
877 1198 33 26 23,
928 1199 25 19 25

198 1230 38 21 och
253 1232 37 24 26;

270 1265 51 21 böte
344 1265 68 21 första
435 1267 83 26 gången
541 1266 47 21 från
613 1267 38 20 och
671 1266 48 21 med
735 1266 116 27 sjuttiofem
869 1266 32 20 till
917 1266 37 21 och

197 1300 49 20 med
270 1300 190 21 etthundrafemtio
477 1301 60 20 mark
553 1300 38 21 och
608 1301 68 21 andra
691 1301 84 26 gången
791 1300 47 21 från
855 1300 37 21 och
909 1301 47 20 med

198 1333 191 21 etthundrafemtio
413 1334 31 20 till
469 1334 38 21 och
530 1335 46 21 med
600 1335 120 21 trehundra
743 1336 67 20 mark.
841 1335 54 26 Den,
911 1342 45 14 som

198 1367 70 26 tredje
292 1368 84 26 gången
399 1368 50 21 eller
476 1368 68 22 oftare
559 1369 101 21 beträdes
676 1370 48 21 med
740 1370 67 20 sådan
823 1369 133 27 förbrytelse,

198 1401 74 21 dömes
295 1402 33 20 till
350 1402 94 26 fängelse
467 1402 47 22 från
538 1410 36 14 sex
592 1404 103 21 månader
711 1404 32 20 till
760 1404 39 20 och
814 1404 48 20 med
878 1406 30 18 ett
926 1405 29 19 år.

198 1435 42 21 Det
256 1436 6 20 i
282 1435 231 28 försäljningsrummet
535 1437 108 27 befintliga
667 1438 90 21 bränvin
781 1444 51 14 vare
848 1438 108 21 dessutom
