1086 1700
442 124 45 22 N:o
510 124 37 22 11.
818 122 26 20 27

116 190 105 26 verkning
236 190 52 21 eller
304 190 128 27 distillering
447 190 69 21 under
532 192 47 19 sön-
595 190 53 21 eller
663 190 92 26 helgdag
766 190 57 20 inom
835 189 39 21 lof-

117 224 71 27 gifven
213 224 186 27 tillverkningstid,
425 231 50 15 vare
499 224 37 22 bot
558 224 74 26 hvarje
656 224 55 26 gång
733 224 77 21 sådant
825 224 49 20 sker

116 259 122 21 tvåhundra
253 259 68 26 mark,
337 259 120 26 hvarutom,
474 260 6 20 i
496 259 102 21 händelse
614 258 51 22 slikt
681 259 74 21 arbete
771 258 102 21 förrättas

116 293 76 21 medan
215 293 76 21 sabbat
311 292 79 27 påstår,
407 294 125 20 tillverkare
548 293 40 21 och
604 293 25 21 de
646 293 104 27 arbetare,
767 293 42 20 han
827 292 46 21 der-

116 328 35 21 vid
166 328 113 26 begagnat,
296 329 36 19 äro
349 327 98 22 förfallne
463 328 33 21 till
512 334 76 15 ansvar
604 327 66 27 enligt
686 327 130 27 strafflagen.

184 364 20 19 2.
234 362 41 21 Till
299 362 112 22 enahanda
433 369 76 15 ansvar
529 369 50 15 vare
596 362 40 21 den
651 362 106 26 förfallen,
774 368 45 15 som
834 368 39 14 un-

116 397 38 21 der
179 397 40 21 den
242 397 7 21 i
265 397 11 27 $
292 398 24 20 21
334 397 114 27 förbjudna
463 398 31 20 tid
510 398 62 21 idkar
587 398 130 26 distillering
739 396 72 22 såsom
827 398 45 19 sär-

117 432 56 21 skild
188 431 84 27 näring.

459 472 11 27 8
487 474 34 19 51.

187 514 17 18 1.
234 512 47 20 Har
297 512 238 22 bränvinstillverkare:

184 546 117 21 underlåtit
324 546 66 22 sådan
411 548 106 25 anmälan,
534 553 45 15 som
596 547 6 21 i
618 548 11 27 $
646 549 11 19 6
674 553 63 15 mom.
757 549 6 18 1
783 546 39 21 och
839 546 6 20 i
861 546 11 28 $

117 582 26 21 10
158 581 107 27 påbjuden
281 583 33 24 är;

184 618 57 19 emot
264 615 99 22 förbudet
387 617 6 20 i
417 617 10 27 &
445 617 10 20 7
473 619 51 19 utan
540 617 100 26 behörigt
656 615 100 22 tillstånd
773 615 12 22 å
801 621 70 15 annan

115 649 109 22 öfverlåtit
240 650 32 21 sin
289 650 203 27 tillverkningsrätt;

184 685 58 20 emot
267 685 147 26 stadgandena
439 686 7 20 i
469 685 12 28 $
505 686 12 20 9
541 691 63 15 mom.
622 686 9 20 1
649 685 126 21 försummat
791 686 32 19 att
838 684 34 21 för

115 719 117 21 kontrollör
256 719 89 26 uppvisa
368 719 37 21 sitt
427 719 254 27 tillverkningskontrakt
702 719 52 22 eller
769 719 102 26 företagit

114 753 241 27 bränvinstillverkning
378 754 64 20 innan
467 754 100 21 bränneri
592 754 70 21 blifvit
686 753 130 27 besigtigadt
832 753 38 21 och

114 787 117 27 godkändt,
248 787 52 21 eller

183 821 114 22 uraktlåtit
312 822 47 21 föra
375 823 25 20 de
417 823 50 26 dag-
485 823 39 21 och
540 823 186 26 materialböcker,
743 829 44 14 som
804 823 7 20 i
823 822 47 21 ord-

116 857 154 26 ningsstadgan
285 856 114 27 påbjudas;

182 891 92 26 umgälle
290 891 66 20 sådan
373 891 102 21 förseelse
490 892 49 21 med
554 892 61 21 böter
630 891 47 21 från
693 891 39 21 och
749 891 48 21 med
812 891 59 26 fyra-

114 925 31 21 tio
161 925 32 21 till
210 925 39 21 och
266 925 47 21 med
329 925 122 22 tvåhundra
467 927 67 20 mark.

184 962 18 19 2.
232 960 45 27 Lag
301 967 82 14 samma
405 967 50 15 vare
481 961 33 21 för
530 961 219 26 distilleringsidkare,
766 967 45 14 som
827 960 43 21 för-

114 1001 93 15 summar
233 997 32 18 att
288 995 86 26 erlägga
399 996 26 20 de
448 996 5 20 i
497 997 26 20 37
541 996 101 27 stadgade
659 995 85 28 afgifter
759 995 57 21 inom
833 995 37 20 der

113 1029 126 20 föreskrifne
263 1029 108 26 terminer,
395 1030 107 21 äfvensom
527 1030 32 21 för
574 1030 123 21 tillverkare
713 1030 52 21 eller
781 1029 88 21 distille-

113 1063 140 27 ringsidkare,
280 1064 83 21 hvilken
381 1065 47 20 icke
443 1065 135 21 hörsammar
593 1065 79 21 sådane
688 1065 77 20 honom
781 1065 23 20 af
818 1065 51 20 kon-

113 1097 75 21 trollör
204 1098 52 20 eller
275 1097 178 22 öfverkontrollör
467 1099 58 27 gifne
541 1099 140 27 föreskrifter,
698 1099 87 21 hvartill
801 1099 67 26 desse,

113 1132 66 26 enligt
202 1133 71 20 denna
292 1132 125 28 förordning
433 1134 40 21 och
488 1134 199 27 ordningsstadgan,
704 1136 36 19 äro
756 1133 111 27 befogade.

455 1209 12 27 8
483 1210 34 19 52.

181 1247 129 26 Apotekare,
334 1254 43 14 som
402 1249 79 26 nyttjar
499 1256 69 14 annan
586 1250 239 27 distilleringsredskap,
842 1252 26 19 än

111 1281 78 21 honom
214 1281 68 27 enligt
304 1282 12 27 $
339 1284 26 19 25
389 1283 79 21 tillåtet
484 1286 31 24 är,
531 1284 67 26 plikte
615 1284 120 22 tvåhundra
751 1285 62 21 mark
829 1285 38 21 och

111 1315 62 21 miste
188 1316 127 27 redskapen.

454 1359 11 27 $
481 1360 34 20 53.

179 1396 53 26 Den,
256 1403 44 15 som
321 1398 112 22 tillverkar
447 1399 88 21 bränvin
553 1400 27 26 på
596 1392 68 34 grund
680 1400 24 22 af
718 1401 11 27 $
751 1402 6 20 4
774 1407 63 15 mom.
854 1402 13 20 2

109 1432 52 18 utan
184 1432 33 20 att
240 1432 110 26 samtidigt
373 1432 36 21 det
429 1433 7 21 i
452 1434 194 27 ordningsstadgan
661 1435 112 21 bestämda
788 1436 79 21 minsta
