1086 1700
457 122 41 22 N:o
521 124 36 20 16.
845 122 11 20 7

200 188 153 28 Anmärkning
369 190 19 19 1.
419 189 42 21 För
485 188 77 27 bilaga,
588 195 44 15 som
653 189 72 21 består
740 190 24 20 af
777 189 50 22 flere
843 190 45 26 ark,

133 223 109 21 erfordras
265 223 64 21 karta
352 223 75 21 endast
451 224 71 20 säsom
545 222 33 22 för
597 225 31 19 ett
647 224 46 20 ark.
725 223 95 22 Skrifvas
835 224 54 21 flera

135 258 83 26 bilagor
233 258 28 26 pä
277 259 31 19 ett
324 258 44 25 ark,
386 257 104 21 beräknas
507 258 63 20 karta
585 257 33 21 för
633 258 75 26 hvarje
723 258 72 20 sädan.

202 291 154 27 Anmärkning
371 292 21 20 2.
423 292 140 26 Handlingar,
580 298 45 14 som
641 292 55 21 inför
713 292 93 21 notarius
820 292 69 27 publi-

134 332 36 14 cus
192 325 80 21 företes
296 326 6 20 i
327 325 99 21 afseende
450 325 12 21 &
481 326 40 20 den
538 326 27 26 pä
581 326 77 21 honom
675 326 155 22 ankommande
847 332 42 16 em-

136 360 130 26 betsätgärd,
282 359 91 21 behöfva
390 359 45 21 icke
452 359 32 21 för
501 360 78 21 sådant
595 360 99 21 ändamål
710 360 105 22 karteras.

208 394 152 26 Anmärkning
376 395 20 19 3.
427 394 131 20 Instrument
575 394 58 21 öfver
649 394 180 27 bouppteckning,
845 400 44 16 som

136 428 23 21 af
168 428 201 27 magistratsperson
381 428 110 27 förrättas,
503 428 101 21 behöfver
618 428 47 21 icke
677 428 138 28 ovilkorligen
827 428 62 22 skrif-

136 469 37 14 vas
189 462 27 27 pä
232 462 116 26 stämpladt
365 468 86 20 papper,
468 465 51 18 utan
537 463 40 21 kan
588 463 62 21 äfven
666 463 48 21 med
725 463 164 27 stämpelmärke

137 497 106 26 beläggas.

206 531 152 27 Anmärkning
374 532 19 20 4.
425 531 103 21 Finlands
549 532 71 20 Banks
641 532 73 20 vexlar
729 532 39 20 och
783 531 106 21 anvisnin-

138 572 38 21 gar
199 566 101 21 hänföras
325 566 44 21 icke
392 566 33 21 till
449 565 80 22 sädana
546 566 174 21 embetsverkens
736 566 152 27 expeditioner,

137 601 35 20 vid
194 601 82 20 hvilkas
296 601 127 20 utfärdande
439 601 153 20 ofvanstäende
607 601 160 26 bestämningar
782 600 107 27 angäende

137 635 182 27 stämpelpappret
336 635 60 20 skola
412 635 116 26 iakttagas.

490 697 11 27 8
518 699 19 19 5.

210 737 140 26 Domstolars,
368 737 153 22 auktoriteters
533 739 56 19 samt
603 737 141 21 embetsmäns
756 739 70 24 öppna
837 737 52 25 bref,

137 771 136 27 intyganden,
289 772 59 20 bevis
365 772 37 20 och
419 771 68 26 öfriga
503 771 153 27 expeditioner,
672 777 46 14 som
729 771 17 26 ej
759 771 70 20 kunna
839 771 51 20 hän-

137 805 59 22 föras
213 806 68 21 under
297 806 25 21 de
339 807 5 19 i
360 806 11 27 &
388 807 12 19 4
417 806 133 25 omnämnda,
566 805 60 21 skola
637 805 91 21 skrifvas
739 806 27 26 pä
775 804 116 27 stämpladt

138 846 82 20 papper
244 841 33 20 till
300 841 177 26 nedanupptagna
500 840 86 26 värden,
610 846 44 15 som
678 841 37 19 äro
731 839 112 21 bestämda
858 838 33 21 för

136 874 49 21 hela
210 875 152 26 expeditionen,
386 877 51 19 utan
461 874 97 21 afseende
579 874 12 21 å
607 874 49 21 vidd
672 874 52 21 eller
740 874 75 21 arktal.
847 873 44 21 Och

137 908 108 27 iakttages
261 909 75 20 härvid
355 909 32 20 för
408 909 64 26 öfrigt
490 911 39 24 att,
546 909 36 20 der
598 909 192 26 stämpelbeloppet
805 907 86 21 utfaller

136 942 7 21 i
159 942 76 22 sädant
259 943 36 26 tal,
320 943 66 20 hvarä
409 943 90 26 stämpel
523 943 18 26 ej
565 942 74 26 finnes,
664 943 52 20 eller
735 941 86 22 hvartill
839 941 53 21 flera

137 977 105 27 stämplar
263 979 12 20 &
291 977 81 21 mindre
393 978 79 20 värden
488 977 18 27 ej
523 977 70 21 kunna
610 977 183 26 sammanjemkas,
809 975 34 21 mä
859 975 32 21 till

139 1011 149 27 expeditionen
311 1012 106 26 begagnas
441 1012 40 21 den
505 1012 59 26 lägre
587 1012 69 25 karta,
680 1017 44 15 som
741 1013 24 18 är
780 1010 65 27 sagde
861 1010 30 21 tal

138 1047 100 20 närmast.

162 1152 74 20 Adels-
253 1151 39 21 och
309 1150 172 27 Adoptionsbref,
497 1156 22 14 se
536 1150 86 26 diplom.

163 1185 141 21 Afskedsbref
326 1185 96 21 utfärdas
445 1184 27 27 pä
495 1184 77 21 sädant
592 1184 118 26 stämpladt

191 1226 85 20 papper,
288 1226 44 14 som
344 1219 32 21 för
388 1219 168 21 embetsverkets
569 1218 67 26 öfriga
648 1224 62 20 expe-

193 1254 91 20 ditioner
301 1254 5 20 i
322 1254 12 26 8
350 1255 12 19 4
377 1253 67 21 finnes
460 1253 115 21 bestämdt.

219 1288 97 20 Erhäller
341 1288 38 20 den
403 1287 181 26 afskedstagande
608 1286 103 26 derjemte

192 1322 95 26 pension,
304 1324 68 18 större
388 1322 52 21 eller
459 1321 89 25 mindre,
564 1321 52 21 eller
632 1320 80 26 förhöj-
725 1318 1 14 |

191 1356 52 26 ning
267 1356 22 21 af
308 1356 117 26 värdighet,
443 1356 98 26 erlägges
558 1355 33 21 för
606 1354 106 21 hvardera

192 1390 68 21 sådan
277 1390 55 21 skild
348 1390 159 26 stämpelafeift,
525 1396 44 14 som
582 1389 86 26 stadgas
679 1388 33 21 för

192 1424 150 27 pensionsbref
356 1424 38 21 och
411 1424 105 20 fullmakt.
