<?xml version="1.0" encoding="UTF-8"?>
<alto xmlns="http://www.loc.gov/standards/alto/ns-v3#" xmlns:xlink="http://www.w3.org/1999/xlink" xmlns:xsi="http://www.w3.org/2001/XMLSchema-instance" xsi:schemaLocation="http://www.loc.gov/standards/alto/ns-v3# http://www.loc.gov/alto/v3/alto-3-0.xsd">
	<Description>
		<MeasurementUnit>pixel</MeasurementUnit>
		<sourceImageInformation>
			<fileName>/tmp/tess_fcdn5luf_input.PNG</fileName>
		</sourceImageInformation>
		<OCRProcessing ID="OCR_0">
			<ocrProcessingStep>
				<processingSoftware>
					<softwareName>tesseract 5.3.4</softwareName>
				</processingSoftware>
			</ocrProcessingStep>
		</OCRProcessing>
	</Description>
	<Layout>
		<Page WIDTH="1086" HEIGHT="1700" PHYSICAL_IMG_NR="0" ID="page_0">
			<PrintSpace HPOS="0" VPOS="0" WIDTH="1086" HEIGHT="1700">
				<ComposedBlock ID="cblock_0" HPOS="298" VPOS="114" WIDTH="541" HEIGHT="30">
					<TextBlock ID="block_0" HPOS="298" VPOS="114" WIDTH="541" HEIGHT="30">
						<TextLine ID="line_0" HPOS="298" VPOS="114" WIDTH="541" HEIGHT="30">
							<String ID="string_0" HPOS="298" VPOS="114" WIDTH="81" HEIGHT="25" WC="0.90" CONTENT="Ständ."/><SP WIDTH="16" VPOS="114" HPOS="379"/>
							<String ID="string_1" HPOS="395" VPOS="115" WIDTH="40" HEIGHT="23" WC="0.92" CONTENT="Sv."/><SP WIDTH="15" VPOS="115" HPOS="435"/>
							<String ID="string_2" HPOS="450" VPOS="128" WIDTH="30" HEIGHT="3" WC="0.92" CONTENT="—"/><SP WIDTH="15" VPOS="128" HPOS="480"/>
							<String ID="string_3" HPOS="495" VPOS="115" WIDTH="74" HEIGHT="29" WC="0.94" CONTENT="Prop."/><SP WIDTH="15" VPOS="115" HPOS="569"/>
							<String ID="string_4" HPOS="584" VPOS="115" WIDTH="46" HEIGHT="23" WC="0.95" CONTENT="N:o"/><SP WIDTH="15" VPOS="115" HPOS="630"/>
							<String ID="string_5" HPOS="645" VPOS="116" WIDTH="37" HEIGHT="22" WC="0.95" CONTENT="16."/><SP WIDTH="147" VPOS="116" HPOS="682"/>
							<String ID="string_6" HPOS="829" VPOS="120" WIDTH="10" HEIGHT="18" WC="0.96" CONTENT="7"/>
						</TextLine>
					</TextBlock>
				</ComposedBlock>
				<ComposedBlock ID="cblock_1" HPOS="115" VPOS="175" WIDTH="758" HEIGHT="1241">
					<TextBlock ID="block_1" HPOS="115" VPOS="175" WIDTH="758" HEIGHT="992">
						<TextLine ID="line_1" HPOS="123" VPOS="175" WIDTH="747" HEIGHT="29">
							<String ID="string_7" HPOS="123" VPOS="175" WIDTH="102" HEIGHT="27" WC="0.96" CONTENT="gällande"/><SP WIDTH="25" VPOS="175" HPOS="225"/>
							<String ID="string_8" HPOS="250" VPOS="175" WIDTH="165" HEIGHT="27" WC="0.95" CONTENT="bestämningar"/><SP WIDTH="23" VPOS="175" HPOS="415"/>
							<String ID="string_9" HPOS="438" VPOS="175" WIDTH="23" HEIGHT="22" WC="0.96" CONTENT="få"/><SP WIDTH="23" VPOS="175" HPOS="461"/>
							<String ID="string_10" HPOS="484" VPOS="176" WIDTH="70" HEIGHT="21" WC="0.95" CONTENT="under"/><SP WIDTH="16" VPOS="176" HPOS="554"/>
							<String ID="string_11" HPOS="570" VPOS="176" WIDTH="84" HEIGHT="27" WC="0.96" CONTENT="omslag"/><SP WIDTH="15" VPOS="176" HPOS="654"/>
							<String ID="string_12" HPOS="669" VPOS="176" WIDTH="36" HEIGHT="21" WC="0.93" CONTENT="till"/><SP WIDTH="13" VPOS="176" HPOS="705"/>
							<String ID="string_13" HPOS="718" VPOS="176" WIDTH="152" HEIGHT="28" WC="0.91" CONTENT="jernvägsför-"/>
						</TextLine>
						<TextLine ID="line_2" HPOS="119" VPOS="210" WIDTH="751" HEIGHT="29">
							<String ID="string_14" HPOS="119" VPOS="211" WIDTH="132" HEIGHT="27" WC="0.93" CONTENT="valtningen"/><SP WIDTH="16" VPOS="211" HPOS="251"/>
							<String ID="string_15" HPOS="267" VPOS="210" WIDTH="110" HEIGHT="23" WC="0.94" CONTENT="insändas."/><SP WIDTH="30" VPOS="210" HPOS="377"/>
							<String ID="string_16" HPOS="407" VPOS="211" WIDTH="88" HEIGHT="22" WC="0.93" CONTENT="Härvid"/><SP WIDTH="15" VPOS="211" HPOS="495"/>
							<String ID="string_17" HPOS="510" VPOS="210" WIDTH="102" HEIGHT="28" WC="0.96" CONTENT="åsyftade"/><SP WIDTH="18" VPOS="210" HPOS="612"/>
							<String ID="string_18" HPOS="630" VPOS="212" WIDTH="167" HEIGHT="27" WC="0.93" CONTENT="bestämningar"/><SP WIDTH="15" VPOS="212" HPOS="797"/>
							<String ID="string_19" HPOS="812" VPOS="213" WIDTH="58" HEIGHT="21" WC="0.92" CONTENT="äter-"/>
						</TextLine>
						<TextLine ID="line_3" HPOS="118" VPOS="246" WIDTH="751" HEIGHT="28">
							<String ID="string_20" HPOS="118" VPOS="246" WIDTH="71" HEIGHT="22" WC="0.96" CONTENT="finnas"/><SP WIDTH="24" VPOS="246" HPOS="189"/>
							<String ID="string_21" HPOS="213" VPOS="246" WIDTH="7" HEIGHT="22" WC="0.89" CONTENT="i"/><SP WIDTH="25" VPOS="246" HPOS="220"/>
							<String ID="string_22" HPOS="245" VPOS="246" WIDTH="214" HEIGHT="28" WC="0.87" CONTENT="trafikreglementet"/><SP WIDTH="14" VPOS="246" HPOS="459"/>
							<String ID="string_23" HPOS="473" VPOS="246" WIDTH="36" HEIGHT="22" WC="0.92" CONTENT="för"/><SP WIDTH="16" VPOS="246" HPOS="509"/>
							<String ID="string_24" HPOS="525" VPOS="247" WIDTH="204" HEIGHT="27" WC="0.91" CONTENT="statsjernvägarne"/><SP WIDTH="16" VPOS="247" HPOS="729"/>
							<String ID="string_25" HPOS="745" VPOS="247" WIDTH="25" HEIGHT="21" WC="0.96" CONTENT="af"/><SP WIDTH="13" VPOS="247" HPOS="770"/>
							<String ID="string_26" HPOS="783" VPOS="248" WIDTH="43" HEIGHT="22" WC="0.95" CONTENT="den"/><SP WIDTH="17" VPOS="248" HPOS="826"/>
							<String ID="string_27" HPOS="843" VPOS="250" WIDTH="26" HEIGHT="20" WC="0.95" CONTENT="15"/>
						</TextLine>
						<TextLine ID="line_4" HPOS="119" VPOS="282" WIDTH="752" HEIGHT="29">
							<String ID="string_28" HPOS="119" VPOS="282" WIDTH="99" HEIGHT="22" WC="0.96" CONTENT="Oktober"/><SP WIDTH="27" VPOS="282" HPOS="218"/>
							<String ID="string_29" HPOS="245" VPOS="284" WIDTH="63" HEIGHT="26" WC="0.96" CONTENT="1886,"/><SP WIDTH="24" VPOS="284" HPOS="308"/>
							<String ID="string_30" HPOS="332" VPOS="283" WIDTH="67" HEIGHT="22" WC="0.96" CONTENT="hvars"/><SP WIDTH="25" VPOS="283" HPOS="399"/>
							<String ID="string_31" HPOS="424" VPOS="284" WIDTH="12" HEIGHT="20" WC="0.93" CONTENT="6"/><SP WIDTH="26" VPOS="284" HPOS="436"/>
							<String ID="string_32" HPOS="462" VPOS="282" WIDTH="13" HEIGHT="29" WC="0.88" CONTENT="&amp;"/><SP WIDTH="22" VPOS="282" HPOS="475"/>
							<String ID="string_33" HPOS="497" VPOS="282" WIDTH="124" HEIGHT="28" WC="0.92" CONTENT="medgifver"/><SP WIDTH="15" VPOS="282" HPOS="621"/>
							<String ID="string_34" HPOS="636" VPOS="283" WIDTH="95" HEIGHT="21" WC="0.96" CONTENT="nämnda"/><SP WIDTH="16" VPOS="283" HPOS="731"/>
							<String ID="string_35" HPOS="747" VPOS="284" WIDTH="86" HEIGHT="22" WC="0.92" CONTENT="lättnad"/><SP WIDTH="17" VPOS="284" HPOS="833"/>
							<String ID="string_36" HPOS="850" VPOS="284" WIDTH="21" HEIGHT="26" WC="0.92" CONTENT=",i"/>
						</TextLine>
						<TextLine ID="line_5" HPOS="119" VPOS="318" WIDTH="752" HEIGHT="28">
							<String ID="string_37" HPOS="119" VPOS="318" WIDTH="44" HEIGHT="22" WC="0.96" CONTENT="alla"/><SP WIDTH="24" VPOS="318" HPOS="163"/>
							<String ID="string_38" HPOS="187" VPOS="318" WIDTH="97" HEIGHT="22" WC="0.96" CONTENT="ärenden"/><SP WIDTH="22" VPOS="318" HPOS="284"/>
							<String ID="string_39" HPOS="306" VPOS="318" WIDTH="113" HEIGHT="28" WC="0.93" CONTENT="angående"/><SP WIDTH="22" VPOS="318" HPOS="419"/>
							<String ID="string_40" HPOS="441" VPOS="318" WIDTH="210" HEIGHT="28" WC="0.91" CONTENT="jernvägstrafiken,"/><SP WIDTH="22" VPOS="318" HPOS="651"/>
							<String ID="string_41" HPOS="673" VPOS="319" WIDTH="71" HEIGHT="21" WC="0.96" CONTENT="såsom"/><SP WIDTH="16" VPOS="319" HPOS="744"/>
							<String ID="string_42" HPOS="760" VPOS="319" WIDTH="111" HEIGHT="27" WC="0.96" CONTENT="klagomål"/>
						</TextLine>
						<TextLine ID="line_6" HPOS="120" VPOS="353" WIDTH="749" HEIGHT="29">
							<String ID="string_43" HPOS="120" VPOS="353" WIDTH="62" HEIGHT="23" WC="0.93" CONTENT="öfver"/><SP WIDTH="21" VPOS="353" HPOS="182"/>
							<String ID="string_44" HPOS="203" VPOS="354" WIDTH="242" HEIGHT="27" WC="0.91" CONTENT="jernvägstjenstemän"/><SP WIDTH="24" VPOS="354" HPOS="445"/>
							<String ID="string_45" HPOS="469" VPOS="354" WIDTH="40" HEIGHT="22" WC="0.93" CONTENT="och"/><SP WIDTH="20" VPOS="354" HPOS="509"/>
							<String ID="string_46" HPOS="529" VPOS="354" WIDTH="105" HEIGHT="28" WC="0.85" CONTENT="betjente,"/><SP WIDTH="18" VPOS="354" HPOS="634"/>
							<String ID="string_47" HPOS="652" VPOS="354" WIDTH="56" HEIGHT="22" WC="0.93" CONTENT="eller"/><SP WIDTH="15" VPOS="354" HPOS="708"/>
							<String ID="string_48" HPOS="723" VPOS="354" WIDTH="146" HEIGHT="23" WC="0.92" CONTENT="öfverdebite-"/>
						</TextLine>
						<TextLine ID="line_7" HPOS="119" VPOS="389" WIDTH="751" HEIGHT="28">
							<String ID="string_49" HPOS="119" VPOS="390" WIDTH="58" HEIGHT="27" WC="0.93" CONTENT="ring,"/><SP WIDTH="25" VPOS="390" HPOS="177"/>
							<String ID="string_50" HPOS="202" VPOS="389" WIDTH="54" HEIGHT="21" WC="0.90" CONTENT="aftal"/><SP WIDTH="23" VPOS="389" HPOS="256"/>
							<String ID="string_51" HPOS="279" VPOS="396" WIDTH="34" HEIGHT="15" WC="0.96" CONTENT="om"/><SP WIDTH="22" VPOS="396" HPOS="313"/>
							<String ID="string_52" HPOS="335" VPOS="391" WIDTH="140" HEIGHT="25" WC="0.95" CONTENT="transporter"/><SP WIDTH="22" VPOS="391" HPOS="475"/>
							<String ID="string_53" HPOS="497" VPOS="389" WIDTH="24" HEIGHT="21" WC="0.96" CONTENT="af"/><SP WIDTH="18" VPOS="389" HPOS="521"/>
							<String ID="string_54" HPOS="539" VPOS="391" WIDTH="71" HEIGHT="20" WC="0.96" CONTENT="större"/><SP WIDTH="16" VPOS="391" HPOS="610"/>
							<String ID="string_55" HPOS="626" VPOS="390" WIDTH="90" HEIGHT="27" WC="0.96" CONTENT="omfång"/><SP WIDTH="15" VPOS="390" HPOS="716"/>
							<String ID="string_56" HPOS="731" VPOS="390" WIDTH="56" HEIGHT="22" WC="0.96" CONTENT="eller"/><SP WIDTH="15" VPOS="390" HPOS="787"/>
							<String ID="string_57" HPOS="802" VPOS="390" WIDTH="68" HEIGHT="22" WC="0.96" CONTENT="sådan"/>
						</TextLine>
						<TextLine ID="line_8" HPOS="123" VPOS="425" WIDTH="748" HEIGHT="28">
							<String ID="string_58" HPOS="123" VPOS="425" WIDTH="181" HEIGHT="27" WC="0.91" CONTENT="godsbefordran,"/><SP WIDTH="24" VPOS="425" HPOS="304"/>
							<String ID="string_59" HPOS="328" VPOS="432" WIDTH="46" HEIGHT="14" WC="0.96" CONTENT="som"/><SP WIDTH="22" VPOS="432" HPOS="374"/>
							<String ID="string_60" HPOS="396" VPOS="426" WIDTH="45" HEIGHT="20" WC="0.90" CONTENT="kan"/><SP WIDTH="24" VPOS="426" HPOS="441"/>
							<String ID="string_61" HPOS="465" VPOS="425" WIDTH="100" HEIGHT="22" WC="0.90" CONTENT="erfordra"/><SP WIDTH="23" VPOS="425" HPOS="565"/>
							<String ID="string_62" HPOS="588" VPOS="426" WIDTH="112" HEIGHT="21" WC="0.96" CONTENT="särskilda"/><SP WIDTH="23" VPOS="426" HPOS="700"/>
							<String ID="string_63" HPOS="723" VPOS="426" WIDTH="148" HEIGHT="27" WC="0.96" CONTENT="anordningar"/>
						</TextLine>
						<TextLine ID="line_9" HPOS="119" VPOS="460" WIDTH="754" HEIGHT="29">
							<String ID="string_64" HPOS="119" VPOS="460" WIDTH="51" HEIGHT="22" WC="0.93" CONTENT="från"/><SP WIDTH="21" VPOS="460" HPOS="170"/>
							<String ID="string_65" HPOS="191" VPOS="460" WIDTH="285" HEIGHT="28" WC="0.92" CONTENT="jernvägsförvaltningens"/><SP WIDTH="21" VPOS="460" HPOS="476"/>
							<String ID="string_66" HPOS="497" VPOS="461" WIDTH="53" HEIGHT="27" WC="0.96" CONTENT="sida,"/><SP WIDTH="18" VPOS="461" HPOS="550"/>
							<String ID="string_67" HPOS="568" VPOS="463" WIDTH="64" HEIGHT="19" WC="0.96" CONTENT="extra"/><SP WIDTH="15" VPOS="463" HPOS="632"/>
							<String ID="string_68" HPOS="647" VPOS="462" WIDTH="44" HEIGHT="26" WC="0.95" CONTENT="tåg,"/><SP WIDTH="17" VPOS="462" HPOS="691"/>
							<String ID="string_69" HPOS="708" VPOS="462" WIDTH="124" HEIGHT="27" WC="0.96" CONTENT="beviljande"/><SP WIDTH="16" VPOS="462" HPOS="832"/>
							<String ID="string_70" HPOS="848" VPOS="461" WIDTH="25" HEIGHT="22" WC="0.96" CONTENT="af"/>
						</TextLine>
						<TextLine ID="line_10" HPOS="121" VPOS="496" WIDTH="748" HEIGHT="28">
							<String ID="string_71" HPOS="121" VPOS="497" WIDTH="73" HEIGHT="27" WC="0.95" CONTENT="någon"/><SP WIDTH="23" VPOS="497" HPOS="194"/>
							<String ID="string_72" HPOS="217" VPOS="497" WIDTH="28" HEIGHT="26" WC="0.92" CONTENT="på"/><SP WIDTH="19" VPOS="497" HPOS="245"/>
							<String ID="string_73" HPOS="264" VPOS="496" WIDTH="230" HEIGHT="28" WC="0.92" CONTENT="jernvägsstyrelsens"/><SP WIDTH="16" VPOS="496" HPOS="494"/>
							<String ID="string_74" HPOS="510" VPOS="496" WIDTH="120" HEIGHT="28" WC="0.92" CONTENT="afgörande"/><SP WIDTH="16" VPOS="496" HPOS="630"/>
							<String ID="string_75" HPOS="646" VPOS="497" WIDTH="110" HEIGHT="21" WC="0.93" CONTENT="beroende"/><SP WIDTH="15" VPOS="497" HPOS="756"/>
							<String ID="string_76" HPOS="771" VPOS="497" WIDTH="98" HEIGHT="22" WC="0.91" CONTENT="nedsätt-"/>
						</TextLine>
						<TextLine ID="line_11" HPOS="121" VPOS="532" WIDTH="749" HEIGHT="28">
							<String ID="string_77" HPOS="121" VPOS="532" WIDTH="54" HEIGHT="27" WC="0.95" CONTENT="ning"/><SP WIDTH="15" VPOS="532" HPOS="175"/>
							<String ID="string_78" HPOS="190" VPOS="532" WIDTH="8" HEIGHT="21" WC="0.93" CONTENT="i"/><SP WIDTH="16" VPOS="532" HPOS="198"/>
							<String ID="string_79" HPOS="214" VPOS="532" WIDTH="136" HEIGHT="22" WC="0.92" CONTENT="föreskrifna"/><SP WIDTH="15" VPOS="532" HPOS="350"/>
							<String ID="string_80" HPOS="365" VPOS="532" WIDTH="98" HEIGHT="28" WC="0.92" CONTENT="afgifter,"/><SP WIDTH="16" VPOS="532" HPOS="463"/>
							<String ID="string_81" HPOS="479" VPOS="539" WIDTH="26" HEIGHT="15" WC="0.93" CONTENT="m."/><SP WIDTH="12" VPOS="539" HPOS="505"/>
							<String ID="string_82" HPOS="517" VPOS="533" WIDTH="39" HEIGHT="21" WC="0.92" CONTENT="m.*"/><SP WIDTH="32" VPOS="533" HPOS="556"/>
							<String ID="string_83" HPOS="588" VPOS="532" WIDTH="79" HEIGHT="27" WC="0.93" CONTENT="Enligt"/><SP WIDTH="10" VPOS="532" HPOS="667"/>
							<String ID="string_84" HPOS="677" VPOS="533" WIDTH="59" HEIGHT="21" WC="0.93" CONTENT="hvad"/><SP WIDTH="11" VPOS="533" HPOS="736"/>
							<String ID="string_85" HPOS="747" VPOS="532" WIDTH="123" HEIGHT="22" WC="0.92" CONTENT="Ständerna"/>
						</TextLine>
						<TextLine ID="line_12" HPOS="120" VPOS="567" WIDTH="749" HEIGHT="28">
							<String ID="string_86" HPOS="120" VPOS="568" WIDTH="116" HEIGHT="26" WC="0.90" CONTENT="inhemtat,"/><SP WIDTH="28" VPOS="568" HPOS="236"/>
							<String ID="string_87" HPOS="264" VPOS="569" WIDTH="41" HEIGHT="20" WC="0.89" CONTENT="har"/><SP WIDTH="25" VPOS="569" HPOS="305"/>
							<String ID="string_88" HPOS="330" VPOS="567" WIDTH="273" HEIGHT="28" WC="0.89" CONTENT="jernvägsförvaltningen"/><SP WIDTH="18" VPOS="567" HPOS="603"/>
							<String ID="string_89" HPOS="621" VPOS="569" WIDTH="51" HEIGHT="20" WC="0.92" CONTENT="lätit"/><SP WIDTH="23" VPOS="569" HPOS="672"/>
							<String ID="string_90" HPOS="695" VPOS="569" WIDTH="34" HEIGHT="26" WC="0.93" CONTENT="sig"/><SP WIDTH="23" VPOS="569" HPOS="729"/>
							<String ID="string_91" HPOS="752" VPOS="569" WIDTH="117" HEIGHT="26" WC="0.91" CONTENT="angeläget"/>
						</TextLine>
						<TextLine ID="line_13" HPOS="121" VPOS="604" WIDTH="748" HEIGHT="28">
							<String ID="string_92" HPOS="121" VPOS="610" WIDTH="60" HEIGHT="21" WC="0.96" CONTENT="vara,"/><SP WIDTH="17" VPOS="610" HPOS="181"/>
							<String ID="string_93" HPOS="198" VPOS="605" WIDTH="34" HEIGHT="20" WC="0.96" CONTENT="att"/><SP WIDTH="16" VPOS="605" HPOS="232"/>
							<String ID="string_94" HPOS="248" VPOS="604" WIDTH="23" HEIGHT="21" WC="0.96" CONTENT="ät"/><SP WIDTH="16" VPOS="604" HPOS="271"/>
							<String ID="string_95" HPOS="287" VPOS="604" WIDTH="61" HEIGHT="21" WC="0.93" CONTENT="detta"/><SP WIDTH="15" VPOS="604" HPOS="348"/>
							<String ID="string_96" HPOS="363" VPOS="604" WIDTH="122" HEIGHT="27" WC="0.95" CONTENT="stadgande"/><SP WIDTH="16" VPOS="604" HPOS="485"/>
							<String ID="string_97" HPOS="501" VPOS="604" WIDTH="61" HEIGHT="27" WC="0.96" CONTENT="gifva"/><SP WIDTH="15" VPOS="604" HPOS="562"/>
							<String ID="string_98" HPOS="577" VPOS="611" WIDTH="28" HEIGHT="15" WC="0.93" CONTENT="en"/><SP WIDTH="15" VPOS="611" HPOS="605"/>
							<String ID="string_99" HPOS="620" VPOS="604" WIDTH="126" HEIGHT="22" WC="0.96" CONTENT="vidsträckt"/><SP WIDTH="15" VPOS="604" HPOS="746"/>
							<String ID="string_100" HPOS="761" VPOS="605" WIDTH="108" HEIGHT="27" WC="0.96" CONTENT="tolkning,"/>
						</TextLine>
						<TextLine ID="line_14" HPOS="121" VPOS="639" WIDTH="748" HEIGHT="28">
							<String ID="string_101" HPOS="121" VPOS="640" WIDTH="67" HEIGHT="27" WC="0.96" CONTENT="något"/><SP WIDTH="17" VPOS="640" HPOS="188"/>
							<String ID="string_102" HPOS="205" VPOS="646" WIDTH="45" HEIGHT="15" WC="0.96" CONTENT="som"/><SP WIDTH="16" VPOS="646" HPOS="250"/>
							<String ID="string_103" HPOS="266" VPOS="641" WIDTH="25" HEIGHT="20" WC="0.96" CONTENT="är"/><SP WIDTH="17" VPOS="641" HPOS="291"/>
							<String ID="string_104" HPOS="308" VPOS="639" WIDTH="24" HEIGHT="22" WC="0.93" CONTENT="af"/><SP WIDTH="13" VPOS="639" HPOS="332"/>
							<String ID="string_105" HPOS="345" VPOS="640" WIDTH="48" HEIGHT="27" WC="0.95" CONTENT="vigt"/><SP WIDTH="11" VPOS="640" HPOS="393"/>
							<String ID="string_106" HPOS="404" VPOS="640" WIDTH="19" HEIGHT="27" WC="0.96" CONTENT="ej"/><SP WIDTH="16" VPOS="640" HPOS="423"/>
							<String ID="string_107" HPOS="439" VPOS="640" WIDTH="57" HEIGHT="21" WC="0.96" CONTENT="blott"/><SP WIDTH="16" VPOS="640" HPOS="496"/>
							<String ID="string_108" HPOS="512" VPOS="640" WIDTH="34" HEIGHT="21" WC="0.96" CONTENT="för"/><SP WIDTH="16" VPOS="640" HPOS="546"/>
							<String ID="string_109" HPOS="562" VPOS="640" WIDTH="43" HEIGHT="21" WC="0.93" CONTENT="den"/><SP WIDTH="13" VPOS="640" HPOS="605"/>
							<String ID="string_110" HPOS="618" VPOS="640" WIDTH="150" HEIGHT="21" WC="0.91" CONTENT="trafikerande"/><SP WIDTH="11" VPOS="640" HPOS="768"/>
							<String ID="string_111" HPOS="779" VPOS="641" WIDTH="90" HEIGHT="20" WC="0.92" CONTENT="allmän-"/>
						</TextLine>
						<TextLine ID="line_15" HPOS="119" VPOS="675" WIDTH="751" HEIGHT="28">
							<String ID="string_112" HPOS="119" VPOS="675" WIDTH="75" HEIGHT="28" WC="0.92" CONTENT="heten,"/><SP WIDTH="18" VPOS="675" HPOS="194"/>
							<String ID="string_113" HPOS="212" VPOS="677" WIDTH="54" HEIGHT="20" WC="0.93" CONTENT="utan"/><SP WIDTH="16" VPOS="677" HPOS="266"/>
							<String ID="string_114" HPOS="282" VPOS="675" WIDTH="73" HEIGHT="27" WC="0.92" CONTENT="äfven,"/><SP WIDTH="17" VPOS="675" HPOS="355"/>
							<String ID="string_115" HPOS="372" VPOS="675" WIDTH="135" HEIGHT="27" WC="0.96" CONTENT="exempelvis"/><SP WIDTH="16" VPOS="675" HPOS="507"/>
							<String ID="string_116" HPOS="523" VPOS="675" WIDTH="37" HEIGHT="22" WC="0.93" CONTENT="vid"/><SP WIDTH="16" VPOS="675" HPOS="560"/>
							<String ID="string_117" HPOS="576" VPOS="675" WIDTH="182" HEIGHT="28" WC="0.92" CONTENT="leveransanbud,"/><SP WIDTH="16" VPOS="675" HPOS="758"/>
							<String ID="string_118" HPOS="774" VPOS="676" WIDTH="44" HEIGHT="21" WC="0.92" CONTENT="kan"/><SP WIDTH="11" VPOS="676" HPOS="818"/>
							<String ID="string_119" HPOS="829" VPOS="682" WIDTH="41" HEIGHT="21" WC="0.92" CONTENT="ega"/>
						</TextLine>
						<TextLine ID="line_16" HPOS="119" VPOS="710" WIDTH="750" HEIGHT="29">
							<String ID="string_120" HPOS="119" VPOS="711" WIDTH="117" HEIGHT="27" WC="0.96" CONTENT="betydelse"/><SP WIDTH="24" VPOS="711" HPOS="236"/>
							<String ID="string_121" HPOS="260" VPOS="710" WIDTH="34" HEIGHT="22" WC="0.89" CONTENT="för"/><SP WIDTH="24" VPOS="710" HPOS="294"/>
							<String ID="string_122" HPOS="318" VPOS="711" WIDTH="142" HEIGHT="22" WC="0.89" CONTENT="statsverket."/><SP WIDTH="40" VPOS="711" HPOS="460"/>
							<String ID="string_123" HPOS="500" VPOS="711" WIDTH="132" HEIGHT="28" WC="0.91" CONTENT="Otvetydigt"/><SP WIDTH="23" VPOS="711" HPOS="632"/>
							<String ID="string_124" HPOS="655" VPOS="713" WIDTH="25" HEIGHT="20" WC="0.96" CONTENT="är"/><SP WIDTH="24" VPOS="713" HPOS="680"/>
							<String ID="string_125" HPOS="704" VPOS="711" WIDTH="61" HEIGHT="28" WC="0.95" CONTENT="dock,"/><SP WIDTH="22" VPOS="711" HPOS="765"/>
							<String ID="string_126" HPOS="787" VPOS="713" WIDTH="33" HEIGHT="20" WC="0.96" CONTENT="att"/><SP WIDTH="15" VPOS="713" HPOS="820"/>
							<String ID="string_127" HPOS="835" VPOS="718" WIDTH="34" HEIGHT="15" WC="0.96" CONTENT="om"/>
						</TextLine>
						<TextLine ID="line_17" HPOS="120" VPOS="746" WIDTH="749" HEIGHT="29">
							<String ID="string_128" HPOS="120" VPOS="746" WIDTH="160" HEIGHT="28" WC="0.93" CONTENT="stämpelafgift"/><SP WIDTH="24" VPOS="746" HPOS="280"/>
							<String ID="string_129" HPOS="304" VPOS="747" WIDTH="49" HEIGHT="21" WC="0.90" CONTENT="icke"/><SP WIDTH="22" VPOS="747" HPOS="353"/>
							<String ID="string_130" HPOS="375" VPOS="747" WIDTH="93" HEIGHT="28" WC="0.92" CONTENT="fordras,"/><SP WIDTH="15" VPOS="747" HPOS="468"/>
							<String ID="string_131" HPOS="483" VPOS="749" WIDTH="41" HEIGHT="20" WC="0.93" CONTENT="när"/><SP WIDTH="21" VPOS="749" HPOS="524"/>
							<String ID="string_132" HPOS="545" VPOS="747" WIDTH="133" HEIGHT="27" WC="0.90" CONTENT="handlingar"/><SP WIDTH="23" VPOS="747" HPOS="678"/>
							<String ID="string_133" HPOS="701" VPOS="747" WIDTH="70" HEIGHT="22" WC="0.93" CONTENT="under"/><SP WIDTH="15" VPOS="747" HPOS="771"/>
							<String ID="string_134" HPOS="786" VPOS="748" WIDTH="83" HEIGHT="27" WC="0.92" CONTENT="omslag"/>
						</TextLine>
						<TextLine ID="line_18" HPOS="118" VPOS="782" WIDTH="751" HEIGHT="28">
							<String ID="string_135" HPOS="118" VPOS="782" WIDTH="115" HEIGHT="27" WC="0.92" CONTENT="insändas,"/><SP WIDTH="17" VPOS="782" HPOS="233"/>
							<String ID="string_136" HPOS="250" VPOS="784" WIDTH="56" HEIGHT="25" WC="0.96" CONTENT="part,"/><SP WIDTH="16" VPOS="784" HPOS="306"/>
							<String ID="string_137" HPOS="322" VPOS="789" WIDTH="45" HEIGHT="15" WC="0.93" CONTENT="som"/><SP WIDTH="16" VPOS="789" HPOS="367"/>
							<String ID="string_138" HPOS="383" VPOS="783" WIDTH="141" HEIGHT="27" WC="0.92" CONTENT="personligen"/><SP WIDTH="16" VPOS="783" HPOS="524"/>
							<String ID="string_139" HPOS="540" VPOS="783" WIDTH="55" HEIGHT="21" WC="0.96" CONTENT="eller"/><SP WIDTH="16" VPOS="783" HPOS="595"/>
							<String ID="string_140" HPOS="611" VPOS="789" WIDTH="78" HEIGHT="20" WC="0.93" CONTENT="genom"/><SP WIDTH="11" VPOS="789" HPOS="689"/>
							<String ID="string_141" HPOS="700" VPOS="783" WIDTH="78" HEIGHT="21" WC="0.90" CONTENT="ombud"/><SP WIDTH="11" VPOS="783" HPOS="778"/>
							<String ID="string_142" HPOS="789" VPOS="782" WIDTH="34" HEIGHT="22" WC="0.96" CONTENT="för"/><SP WIDTH="12" VPOS="782" HPOS="823"/>
							<String ID="string_143" HPOS="835" VPOS="783" WIDTH="34" HEIGHT="21" WC="0.96" CONTENT="sin"/>
						</TextLine>
						<TextLine ID="line_19" HPOS="120" VPOS="818" WIDTH="749" HEIGHT="27">
							<String ID="string_144" HPOS="120" VPOS="818" WIDTH="67" HEIGHT="27" WC="0.96" CONTENT="talan,"/><SP WIDTH="25" VPOS="818" HPOS="187"/>
							<String ID="string_145" HPOS="212" VPOS="819" WIDTH="40" HEIGHT="20" WC="0.92" CONTENT="bör"/><SP WIDTH="23" VPOS="819" HPOS="252"/>
							<String ID="string_146" HPOS="275" VPOS="818" WIDTH="154" HEIGHT="27" WC="0.24" CONTENT="tillgodonjuta"/><SP WIDTH="23" VPOS="818" HPOS="429"/>
							<String ID="string_147" HPOS="452" VPOS="819" WIDTH="113" HEIGHT="21" WC="0.96" CONTENT="enahanda"/><SP WIDTH="23" VPOS="819" HPOS="565"/>
							<String ID="string_148" HPOS="588" VPOS="818" WIDTH="91" HEIGHT="21" WC="0.93" CONTENT="förmån."/><SP WIDTH="36" VPOS="818" HPOS="679"/>
							<String ID="string_149" HPOS="715" VPOS="818" WIDTH="113" HEIGHT="27" WC="0.90" CONTENT="Riktigast"/><SP WIDTH="16" VPOS="818" HPOS="828"/>
							<String ID="string_150" HPOS="844" VPOS="821" WIDTH="25" HEIGHT="19" WC="0.96" CONTENT="är"/>
						</TextLine>
						<TextLine ID="line_20" HPOS="120" VPOS="853" WIDTH="748" HEIGHT="29">
							<String ID="string_151" HPOS="120" VPOS="853" WIDTH="82" HEIGHT="28" WC="0.96" CONTENT="derför,"/><SP WIDTH="10" VPOS="853" HPOS="202"/>
							<String ID="string_152" HPOS="212" VPOS="854" WIDTH="70" HEIGHT="26" WC="0.93" CONTENT="enligt"/><SP WIDTH="16" VPOS="854" HPOS="282"/>
							<String ID="string_153" HPOS="298" VPOS="853" WIDTH="134" HEIGHT="22" WC="0.92" CONTENT="Ständernas"/><SP WIDTH="16" VPOS="853" HPOS="432"/>
							<String ID="string_154" HPOS="448" VPOS="854" WIDTH="75" HEIGHT="28" WC="0.91" CONTENT="tanke,"/><SP WIDTH="9" VPOS="854" HPOS="523"/>
							<String ID="string_155" HPOS="532" VPOS="856" WIDTH="33" HEIGHT="19" WC="0.91" CONTENT="att"/><SP WIDTH="15" VPOS="856" HPOS="565"/>
							<String ID="string_156" HPOS="580" VPOS="855" WIDTH="115" HEIGHT="20" WC="0.96" CONTENT="utsträcka"/><SP WIDTH="16" VPOS="855" HPOS="695"/>
							<String ID="string_157" HPOS="711" VPOS="853" WIDTH="96" HEIGHT="23" WC="0.95" CONTENT="friheten"/><SP WIDTH="12" VPOS="853" HPOS="807"/>
							<String ID="string_158" HPOS="819" VPOS="854" WIDTH="49" HEIGHT="22" WC="0.96" CONTENT="från"/>
						</TextLine>
						<TextLine ID="line_21" HPOS="119" VPOS="889" WIDTH="749" HEIGHT="28">
							<String ID="string_159" HPOS="119" VPOS="889" WIDTH="161" HEIGHT="27" WC="0.92" CONTENT="stämpelafgift"/><SP WIDTH="24" VPOS="889" HPOS="280"/>
							<String ID="string_160" HPOS="304" VPOS="889" WIDTH="36" HEIGHT="22" WC="0.93" CONTENT="till"/><SP WIDTH="23" VPOS="889" HPOS="340"/>
							<String ID="string_161" HPOS="363" VPOS="890" WIDTH="176" HEIGHT="21" WC="0.92" CONTENT="leveransanbud"/><SP WIDTH="19" VPOS="890" HPOS="539"/>
							<String ID="string_162" HPOS="558" VPOS="892" WIDTH="56" HEIGHT="19" WC="0.96" CONTENT="samt"/><SP WIDTH="16" VPOS="892" HPOS="614"/>
							<String ID="string_163" HPOS="630" VPOS="890" WIDTH="44" HEIGHT="21" WC="0.93" CONTENT="alla"/><SP WIDTH="16" VPOS="890" HPOS="674"/>
							<String ID="string_164" HPOS="690" VPOS="890" WIDTH="97" HEIGHT="21" WC="0.92" CONTENT="ärenden"/><SP WIDTH="16" VPOS="890" HPOS="787"/>
							<String ID="string_165" HPOS="803" VPOS="891" WIDTH="65" HEIGHT="26" WC="0.92" CONTENT="angä-"/>
						</TextLine>
						<TextLine ID="line_22" HPOS="119" VPOS="920" WIDTH="748" HEIGHT="33">
							<String ID="string_166" HPOS="119" VPOS="925" WIDTH="56" HEIGHT="22" WC="0.93" CONTENT="ende"/><SP WIDTH="22" VPOS="925" HPOS="175"/>
							<String ID="string_167" HPOS="197" VPOS="925" WIDTH="207" HEIGHT="28" WC="0.87" CONTENT="jernvägstrafiken."/><SP WIDTH="17" VPOS="925" HPOS="404"/>
							<String ID="string_168" HPOS="421" VPOS="938" WIDTH="28" HEIGHT="3" WC="0.91" CONTENT="—"/><SP WIDTH="18" VPOS="938" HPOS="449"/>
							<String ID="string_169" HPOS="467" VPOS="920" WIDTH="74" HEIGHT="27" WC="0.96" CONTENT="Äfven"/><SP WIDTH="18" VPOS="920" HPOS="541"/>
							<String ID="string_170" HPOS="559" VPOS="926" WIDTH="50" HEIGHT="21" WC="0.93" CONTENT="med"/><SP WIDTH="16" VPOS="926" HPOS="609"/>
							<String ID="string_171" HPOS="625" VPOS="925" WIDTH="104" HEIGHT="22" WC="0.93" CONTENT="afseende"/><SP WIDTH="16" VPOS="925" HPOS="729"/>
							<String ID="string_172" HPOS="745" VPOS="926" WIDTH="13" HEIGHT="21" WC="0.83" CONTENT="&amp;"/><SP WIDTH="16" VPOS="926" HPOS="758"/>
							<String ID="string_173" HPOS="774" VPOS="925" WIDTH="93" HEIGHT="27" WC="0.87" CONTENT="postför-"/>
						</TextLine>
						<TextLine ID="line_23" HPOS="118" VPOS="961" WIDTH="749" HEIGHT="28">
							<String ID="string_174" HPOS="118" VPOS="961" WIDTH="136" HEIGHT="27" WC="0.91" CONTENT="valtningen,"/><SP WIDTH="17" VPOS="961" HPOS="254"/>
							<String ID="string_175" HPOS="271" VPOS="967" WIDTH="45" HEIGHT="16" WC="0.93" CONTENT="som"/><SP WIDTH="17" VPOS="967" HPOS="316"/>
							<String ID="string_176" HPOS="333" VPOS="961" WIDTH="131" HEIGHT="28" WC="0.91" CONTENT="tillgodoser"/><SP WIDTH="16" VPOS="961" HPOS="464"/>
							<String ID="string_177" HPOS="480" VPOS="961" WIDTH="19" HEIGHT="28" WC="0.93" CONTENT="ej"/><SP WIDTH="16" VPOS="961" HPOS="499"/>
							<String ID="string_178" HPOS="515" VPOS="961" WIDTH="85" HEIGHT="22" WC="0.93" CONTENT="mindre"/><SP WIDTH="11" VPOS="961" HPOS="600"/>
							<String ID="string_179" HPOS="611" VPOS="961" WIDTH="171" HEIGHT="27" WC="0.92" CONTENT="betydelsefulla"/><SP WIDTH="10" VPOS="961" HPOS="782"/>
							<String ID="string_180" HPOS="792" VPOS="961" WIDTH="75" HEIGHT="22" WC="0.93" CONTENT="trafik-"/>
						</TextLine>
						<TextLine ID="line_24" HPOS="118" VPOS="997" WIDTH="749" HEIGHT="28">
							<String ID="string_181" HPOS="118" VPOS="997" WIDTH="119" HEIGHT="28" WC="0.92" CONTENT="intressen,"/><SP WIDTH="25" VPOS="997" HPOS="237"/>
							<String ID="string_182" HPOS="262" VPOS="1003" WIDTH="66" HEIGHT="21" WC="0.92" CONTENT="synes"/><SP WIDTH="17" VPOS="1003" HPOS="328"/>
							<String ID="string_183" HPOS="345" VPOS="997" WIDTH="112" HEIGHT="22" WC="0.92" CONTENT="enahanda"/><SP WIDTH="16" VPOS="997" HPOS="457"/>
							<String ID="string_184" HPOS="473" VPOS="997" WIDTH="86" HEIGHT="22" WC="0.91" CONTENT="lättnad"/><SP WIDTH="15" VPOS="997" HPOS="559"/>
							<String ID="string_185" HPOS="574" VPOS="998" WIDTH="54" HEIGHT="21" WC="0.92" CONTENT="böra"/><SP WIDTH="15" VPOS="998" HPOS="628"/>
							<String ID="string_186" HPOS="643" VPOS="997" WIDTH="129" HEIGHT="27" WC="0.90" CONTENT="medgifvas."/><SP WIDTH="32" VPOS="997" HPOS="772"/>
							<String ID="string_187" HPOS="804" VPOS="997" WIDTH="63" HEIGHT="21" WC="0.90" CONTENT="Stän-"/>
						</TextLine>
						<TextLine ID="line_25" HPOS="118" VPOS="1032" WIDTH="749" HEIGHT="28">
							<String ID="string_188" HPOS="118" VPOS="1033" WIDTH="69" HEIGHT="21" WC="0.92" CONTENT="derna"/><SP WIDTH="22" VPOS="1033" HPOS="187"/>
							<String ID="string_189" HPOS="209" VPOS="1033" WIDTH="67" HEIGHT="22" WC="0.91" CONTENT="hafva"/><SP WIDTH="15" VPOS="1033" HPOS="276"/>
							<String ID="string_190" HPOS="291" VPOS="1033" WIDTH="49" HEIGHT="22" WC="0.93" CONTENT="med"/><SP WIDTH="16" VPOS="1033" HPOS="340"/>
							<String ID="string_191" HPOS="356" VPOS="1033" WIDTH="104" HEIGHT="22" WC="0.92" CONTENT="afseende"/><SP WIDTH="16" VPOS="1033" HPOS="460"/>
							<String ID="string_192" HPOS="476" VPOS="1034" WIDTH="13" HEIGHT="21" WC="0.91" CONTENT="ä"/><SP WIDTH="16" VPOS="1034" HPOS="489"/>
							<String ID="string_193" HPOS="505" VPOS="1033" WIDTH="65" HEIGHT="22" WC="0.96" CONTENT="dessa"/><SP WIDTH="15" VPOS="1033" HPOS="570"/>
							<String ID="string_194" HPOS="585" VPOS="1033" WIDTH="188" HEIGHT="27" WC="0.93" CONTENT="omständigheter"/><SP WIDTH="15" VPOS="1033" HPOS="773"/>
							<String ID="string_195" HPOS="788" VPOS="1032" WIDTH="79" HEIGHT="22" WC="0.92" CONTENT="omfor-"/>
						</TextLine>
						<TextLine ID="line_26" HPOS="118" VPOS="1068" WIDTH="750" HEIGHT="27">
							<String ID="string_196" HPOS="118" VPOS="1068" WIDTH="94" HEIGHT="21" WC="0.91" CONTENT="mulerat"/><SP WIDTH="25" VPOS="1068" HPOS="212"/>
							<String ID="string_197" HPOS="237" VPOS="1070" WIDTH="25" HEIGHT="19" WC="0.92" CONTENT="13"/><SP WIDTH="25" VPOS="1070" HPOS="262"/>
							<String ID="string_198" HPOS="287" VPOS="1069" WIDTH="99" HEIGHT="26" WC="0.92" CONTENT="punkten"/><SP WIDTH="23" VPOS="1069" HPOS="386"/>
							<String ID="string_199" HPOS="409" VPOS="1069" WIDTH="8" HEIGHT="20" WC="0.96" CONTENT="i"/><SP WIDTH="24" VPOS="1069" HPOS="417"/>
							<String ID="string_200" HPOS="441" VPOS="1068" WIDTH="60" HEIGHT="27" WC="0.96" CONTENT="syfte"/><SP WIDTH="23" VPOS="1068" HPOS="501"/>
							<String ID="string_201" HPOS="524" VPOS="1070" WIDTH="32" HEIGHT="19" WC="0.93" CONTENT="att"/><SP WIDTH="23" VPOS="1070" HPOS="556"/>
							<String ID="string_202" HPOS="579" VPOS="1069" WIDTH="68" HEIGHT="26" WC="0.92" CONTENT="nägot"/><SP WIDTH="22" VPOS="1069" HPOS="647"/>
							<String ID="string_203" HPOS="669" VPOS="1069" WIDTH="90" HEIGHT="26" WC="0.95" CONTENT="utvidga"/><SP WIDTH="16" VPOS="1069" HPOS="759"/>
							<String ID="string_204" HPOS="775" VPOS="1069" WIDTH="41" HEIGHT="20" WC="0.96" CONTENT="den"/><SP WIDTH="17" VPOS="1069" HPOS="816"/>
							<String ID="string_205" HPOS="833" VPOS="1068" WIDTH="35" HEIGHT="21" WC="0.96" CONTENT="för"/>
						</TextLine>
						<TextLine ID="line_27" HPOS="115" VPOS="1104" WIDTH="752" HEIGHT="27">
							<String ID="string_206" HPOS="115" VPOS="1104" WIDTH="116" HEIGHT="27" WC="0.91" CONTENT="jernvägs-"/><SP WIDTH="24" VPOS="1104" HPOS="231"/>
							<String ID="string_207" HPOS="255" VPOS="1104" WIDTH="40" HEIGHT="21" WC="0.93" CONTENT="och"/><SP WIDTH="24" VPOS="1104" HPOS="295"/>
							<String ID="string_208" HPOS="319" VPOS="1104" WIDTH="147" HEIGHT="27" WC="0.91" CONTENT="posttrafiken"/><SP WIDTH="22" VPOS="1104" HPOS="466"/>
							<String ID="string_209" HPOS="488" VPOS="1104" WIDTH="80" HEIGHT="22" WC="0.87" CONTENT="hittills"/><SP WIDTH="24" VPOS="1104" HPOS="568"/>
							<String ID="string_210" HPOS="592" VPOS="1104" WIDTH="112" HEIGHT="27" WC="0.92" CONTENT="medgifna"/><SP WIDTH="22" VPOS="1104" HPOS="704"/>
							<String ID="string_211" HPOS="726" VPOS="1104" WIDTH="67" HEIGHT="22" WC="0.93" CONTENT="frihet"/><SP WIDTH="24" VPOS="1104" HPOS="793"/>
							<String ID="string_212" HPOS="817" VPOS="1104" WIDTH="50" HEIGHT="21" WC="0.93" CONTENT="frän"/>
						</TextLine>
						<TextLine ID="line_28" HPOS="118" VPOS="1140" WIDTH="192" HEIGHT="27">
							<String ID="string_213" HPOS="118" VPOS="1140" WIDTH="192" HEIGHT="27" WC="0.86" CONTENT="stämpelafgifter."/>
						</TextLine>
					</TextBlock>
					<TextBlock ID="block_2" HPOS="116" VPOS="1175" WIDTH="751" HEIGHT="206">
						<TextLine ID="line_29" HPOS="191" VPOS="1175" WIDTH="676" HEIGHT="28">
							<String ID="string_214" HPOS="191" VPOS="1177" WIDTH="52" HEIGHT="19" WC="0.91" CONTENT="15:0."/><SP WIDTH="33" VPOS="1177" HPOS="243"/>
							<String ID="string_215" HPOS="276" VPOS="1176" WIDTH="44" HEIGHT="21" WC="0.95" CONTENT="Till"/><SP WIDTH="16" VPOS="1176" HPOS="320"/>
							<String ID="string_216" HPOS="336" VPOS="1175" WIDTH="165" HEIGHT="28" WC="0.96" CONTENT="förebyggande"/><SP WIDTH="16" VPOS="1175" HPOS="501"/>
							<String ID="string_217" HPOS="517" VPOS="1176" WIDTH="25" HEIGHT="21" WC="0.93" CONTENT="af"/><SP WIDTH="12" VPOS="1176" HPOS="542"/>
							<String ID="string_218" HPOS="554" VPOS="1175" WIDTH="156" HEIGHT="22" WC="0.91" CONTENT="missförständ"/><SP WIDTH="15" VPOS="1175" HPOS="710"/>
							<String ID="string_219" HPOS="725" VPOS="1175" WIDTH="67" HEIGHT="22" WC="0.92" CONTENT="hafva"/><SP WIDTH="11" VPOS="1175" HPOS="792"/>
							<String ID="string_220" HPOS="803" VPOS="1175" WIDTH="64" HEIGHT="22" WC="0.91" CONTENT="Stän-"/>
						</TextLine>
						<TextLine ID="line_30" HPOS="117" VPOS="1211" WIDTH="750" HEIGHT="27">
							<String ID="string_221" HPOS="117" VPOS="1211" WIDTH="69" HEIGHT="21" WC="0.96" CONTENT="derna"/><SP WIDTH="20" VPOS="1211" HPOS="186"/>
							<String ID="string_222" HPOS="206" VPOS="1211" WIDTH="8" HEIGHT="21" WC="0.96" CONTENT="i"/><SP WIDTH="20" VPOS="1211" HPOS="214"/>
							<String ID="string_223" HPOS="234" VPOS="1211" WIDTH="71" HEIGHT="21" WC="0.93" CONTENT="denna"/><SP WIDTH="20" VPOS="1211" HPOS="305"/>
							<String ID="string_224" HPOS="325" VPOS="1212" WIDTH="71" HEIGHT="26" WC="0.95" CONTENT="punkt"/><SP WIDTH="22" VPOS="1212" HPOS="396"/>
							<String ID="string_225" HPOS="418" VPOS="1211" WIDTH="69" HEIGHT="21" WC="0.96" CONTENT="infört"/><SP WIDTH="24" VPOS="1211" HPOS="487"/>
							<String ID="string_226" HPOS="511" VPOS="1213" WIDTH="33" HEIGHT="20" WC="0.93" CONTENT="ett"/><SP WIDTH="22" VPOS="1213" HPOS="544"/>
							<String ID="string_227" HPOS="566" VPOS="1212" WIDTH="81" HEIGHT="26" WC="0.95" CONTENT="tillägg"/><SP WIDTH="23" VPOS="1212" HPOS="647"/>
							<String ID="string_228" HPOS="670" VPOS="1211" WIDTH="81" HEIGHT="27" WC="0.96" CONTENT="derom,"/><SP WIDTH="17" VPOS="1211" HPOS="751"/>
							<String ID="string_229" HPOS="768" VPOS="1213" WIDTH="32" HEIGHT="19" WC="0.96" CONTENT="att"/><SP WIDTH="17" VPOS="1213" HPOS="800"/>
							<String ID="string_230" HPOS="817" VPOS="1211" WIDTH="26" HEIGHT="21" WC="0.95" CONTENT="de"/><SP WIDTH="17" VPOS="1211" HPOS="843"/>
							<String ID="string_231" HPOS="860" VPOS="1211" WIDTH="7" HEIGHT="21" WC="0.96" CONTENT="i"/>
						</TextLine>
						<TextLine ID="line_31" HPOS="117" VPOS="1247" WIDTH="749" HEIGHT="27">
							<String ID="string_232" HPOS="117" VPOS="1247" WIDTH="100" HEIGHT="26" WC="0.96" CONTENT="punkten"/><SP WIDTH="15" VPOS="1247" HPOS="217"/>
							<String ID="string_233" HPOS="232" VPOS="1248" WIDTH="112" HEIGHT="26" WC="0.96" CONTENT="upptagna"/><SP WIDTH="17" VPOS="1248" HPOS="344"/>
							<String ID="string_234" HPOS="361" VPOS="1248" WIDTH="139" HEIGHT="20" WC="0.96" CONTENT="kommunala"/><SP WIDTH="19" VPOS="1248" HPOS="500"/>
							<String ID="string_235" HPOS="519" VPOS="1247" WIDTH="155" HEIGHT="27" WC="0.96" CONTENT="myndigheter"/><SP WIDTH="21" VPOS="1247" HPOS="674"/>
							<String ID="string_236" HPOS="695" VPOS="1247" WIDTH="40" HEIGHT="21" WC="0.93" CONTENT="och"/><SP WIDTH="15" VPOS="1247" HPOS="735"/>
							<String ID="string_237" HPOS="750" VPOS="1247" WIDTH="116" HEIGHT="21" WC="0.91" CONTENT="inrättnin-"/>
						</TextLine>
						<TextLine ID="line_32" HPOS="117" VPOS="1282" WIDTH="749" HEIGHT="28">
							<String ID="string_238" HPOS="117" VPOS="1288" WIDTH="41" HEIGHT="21" WC="0.96" CONTENT="gar"/><SP WIDTH="15" VPOS="1288" HPOS="158"/>
							<String ID="string_239" HPOS="173" VPOS="1282" WIDTH="67" HEIGHT="22" WC="0.96" CONTENT="äfven"/><SP WIDTH="15" VPOS="1282" HPOS="240"/>
							<String ID="string_240" HPOS="255" VPOS="1282" WIDTH="38" HEIGHT="22" WC="0.93" CONTENT="vid"/><SP WIDTH="16" VPOS="1282" HPOS="293"/>
							<String ID="string_241" HPOS="309" VPOS="1282" WIDTH="127" HEIGHT="28" WC="0.91" CONTENT="afgifvande"/><SP WIDTH="15" VPOS="1282" HPOS="436"/>
							<String ID="string_242" HPOS="451" VPOS="1282" WIDTH="25" HEIGHT="22" WC="0.96" CONTENT="af"/><SP WIDTH="14" VPOS="1282" HPOS="476"/>
							<String ID="string_243" HPOS="490" VPOS="1283" WIDTH="48" HEIGHT="21" WC="0.93" CONTENT="dem"/><SP WIDTH="16" VPOS="1283" HPOS="538"/>
							<String ID="string_244" HPOS="554" VPOS="1282" WIDTH="123" HEIGHT="22" WC="0.91" CONTENT="affordrade"/><SP WIDTH="10" VPOS="1282" HPOS="677"/>
							<String ID="string_245" HPOS="687" VPOS="1282" WIDTH="129" HEIGHT="22" WC="0.96" CONTENT="utlåtanden"/><SP WIDTH="10" VPOS="1282" HPOS="816"/>
							<String ID="string_246" HPOS="826" VPOS="1283" WIDTH="40" HEIGHT="21" WC="0.96" CONTENT="och"/>
						</TextLine>
						<TextLine ID="line_33" HPOS="117" VPOS="1316" WIDTH="749" HEIGHT="29">
							<String ID="string_247" HPOS="117" VPOS="1316" WIDTH="151" HEIGHT="28" WC="0.96" CONTENT="förklaringar"/><SP WIDTH="23" VPOS="1316" HPOS="268"/>
							<String ID="string_248" HPOS="291" VPOS="1318" WIDTH="7" HEIGHT="20" WC="0.89" CONTENT="i"/><SP WIDTH="24" VPOS="1318" HPOS="298"/>
							<String ID="string_249" HPOS="322" VPOS="1318" WIDTH="138" HEIGHT="22" WC="0.89" CONTENT="besvärsmål"/><SP WIDTH="19" VPOS="1318" HPOS="460"/>
							<String ID="string_250" HPOS="479" VPOS="1320" WIDTH="38" HEIGHT="20" WC="0.96" CONTENT="äro"/><SP WIDTH="20" VPOS="1320" HPOS="517"/>
							<String ID="string_251" HPOS="537" VPOS="1318" WIDTH="141" HEIGHT="27" WC="0.96" CONTENT="undantagna"/><SP WIDTH="16" VPOS="1318" HPOS="678"/>
							<String ID="string_252" HPOS="694" VPOS="1317" WIDTH="49" HEIGHT="22" WC="0.96" CONTENT="från"/><SP WIDTH="16" VPOS="1317" HPOS="743"/>
							<String ID="string_253" HPOS="759" VPOS="1318" WIDTH="58" HEIGHT="22" WC="0.95" CONTENT="hvad"/><SP WIDTH="15" VPOS="1318" HPOS="817"/>
							<String ID="string_254" HPOS="832" VPOS="1324" WIDTH="34" HEIGHT="15" WC="0.96" CONTENT="om"/>
						</TextLine>
						<TextLine ID="line_34" HPOS="116" VPOS="1352" WIDTH="455" HEIGHT="29">
							<String ID="string_255" HPOS="116" VPOS="1353" WIDTH="57" HEIGHT="21" WC="0.96" CONTENT="bruk"/><SP WIDTH="17" VPOS="1353" HPOS="173"/>
							<String ID="string_256" HPOS="190" VPOS="1352" WIDTH="25" HEIGHT="22" WC="0.93" CONTENT="af"/><SP WIDTH="13" VPOS="1352" HPOS="215"/>
							<String ID="string_257" HPOS="228" VPOS="1354" WIDTH="178" HEIGHT="26" WC="0.91" CONTENT="stämpelpapper"/><SP WIDTH="15" VPOS="1354" HPOS="406"/>
							<String ID="string_258" HPOS="421" VPOS="1356" WIDTH="26" HEIGHT="18" WC="0.93" CONTENT="är"/><SP WIDTH="16" VPOS="1356" HPOS="447"/>
							<String ID="string_259" HPOS="463" VPOS="1354" WIDTH="108" HEIGHT="27" WC="0.89" CONTENT="stadgadt."/>
						</TextLine>
					</TextBlock>
					<TextBlock ID="block_3" HPOS="190" VPOS="1388" WIDTH="676" HEIGHT="28">
						<TextLine ID="line_35" HPOS="190" VPOS="1388" WIDTH="676" HEIGHT="28">
							<String ID="string_260" HPOS="190" VPOS="1390" WIDTH="53" HEIGHT="20" WC="0.89" CONTENT="16:0."/><SP WIDTH="31" VPOS="1390" HPOS="243"/>
							<String ID="string_261" HPOS="274" VPOS="1388" WIDTH="34" HEIGHT="22" WC="0.93" CONTENT="Då"/><SP WIDTH="16" VPOS="1388" HPOS="308"/>
							<String ID="string_262" HPOS="324" VPOS="1389" WIDTH="152" HEIGHT="21" WC="0.92" CONTENT="Muonioniska"/><SP WIDTH="16" VPOS="1389" HPOS="476"/>
							<String ID="string_263" HPOS="492" VPOS="1389" WIDTH="278" HEIGHT="27" WC="0.92" CONTENT="moderkyrkoförsamling"/><SP WIDTH="10" VPOS="1389" HPOS="770"/>
							<String ID="string_264" HPOS="780" VPOS="1389" WIDTH="41" HEIGHT="21" WC="0.96" CONTENT="hör"/><SP WIDTH="10" VPOS="1389" HPOS="821"/>
							<String ID="string_265" HPOS="831" VPOS="1389" WIDTH="35" HEIGHT="21" WC="0.96" CONTENT="till"/>
						</TextLine>
					</TextBlock>
				</ComposedBlock>
				<GraphicalElement ID="cblock_2" HPOS="1078" VPOS="245" WIDTH="8" HEIGHT="1058"></GraphicalElement >
			</PrintSpace>
		</Page>
	</Layout>
</alto>
