1086 1700
243 139 25 19 16
435 136 28 23 U.
478 138 29 21 B.
522 149 30 3 —
566 137 74 27 Prop.
656 137 43 22 N:o
716 136 35 22 11.

210 203 130 27 ordningens
363 203 40 21 och
423 204 168 27 upplysningens
607 203 153 28 befrämjande.
791 203 36 27 ($$
844 204 25 20 10
885 202 39 22 och
943 204 23 20 11

207 236 40 22 för.
264 244 47 20 ang.
327 237 66 26 förs.).

280 340 147 22 Förevarande
443 341 135 27 proposition
594 341 40 21 har
650 341 113 21 bibehållit
774 341 27 21 de
810 340 158 27 bestämningar

208 375 6 21 i
240 381 29 15 nu
291 375 99 27 gällande
412 375 244 27 bränvinslagstiftning,
674 382 46 15 som
736 375 46 22 afse
798 375 134 26 användning
948 374 22 22 af

208 409 90 22 bränvin
322 410 31 20 till
376 410 67 21 andra
465 410 100 21 ändamäl
588 412 27 19 än
636 410 110 27 förtäring.
777 410 114 21 Utskottet
904 415 64 15 anser

209 444 120 21 emellertid
346 450 25 15 en
387 444 124 27 ytterligare
527 444 151 27 utsträckning
692 444 23 22 af
729 444 65 21 dessa
809 443 160 27 bestämningar

208 484 52 16 vara
290 478 23 21 af
340 479 76 21 nöden.
453 479 42 21 För
517 479 108 21 särskilda
648 479 100 21 tekniska
772 478 40 22 och
835 477 133 23 industriella

208 513 100 21 ändamål
331 516 24 18 är
377 514 54 26 sprit
454 520 26 15 en
501 514 120 26 oumbärlig
636 513 257 27 nödvändighetsartikel,
909 512 59 22 hvar-

207 548 69 27 jemte
300 548 54 27 sprit
375 548 6 21 i
405 548 99 22 utlandet
526 548 76 22 vunnit
621 548 137 28 synnerligen
774 551 46 18 stor
835 546 134 27 användning

210 582 72 21 säsom
305 582 42 27 lys-
370 583 40 21 och
434 583 137 26 brännämne,
595 582 33 22 för
644 583 71 21 hvilka
736 583 99 21 ändamäl
851 582 117 21 detsamma

209 617 61 21 säväl
286 617 6 21 i
308 617 91 22 sanitärt
419 617 125 22 hänseende
560 624 46 15 som
622 617 33 22 för
670 618 50 21 dess
737 617 82 22 mindre
835 616 134 27 eldfarlighet

210 657 52 20 eger
285 651 92 28 afgjordt
399 651 108 22 företräde
528 651 89 22 framför
632 651 88 28 fotogen
737 651 40 22 och
793 651 88 28 gasolja,
897 651 71 21 äfven-

208 691 46 16 som
271 685 71 22 säsom
359 686 197 27 rengöringsmedel
573 687 40 20 och
628 686 33 22 för
676 686 68 21 andra
760 685 168 22 hushällsbehof.
958 685 10 21 I

208 720 48 21 vårt
272 720 50 21 land
338 722 23 19 är
376 723 32 18 ett
424 721 78 21 sådant
517 721 55 21 bruk
589 721 22 20 af
624 721 88 21 bränvin
729 720 83 27 ganska
822 720 47 22 litet
880 720 88 22 utveck-

208 754 54 21 ladt.
294 754 95 22 Oaktadt
411 755 125 21 restitution
550 755 22 21 af
586 755 238 27 tillverkningsskatten
841 755 54 21 varit
909 754 59 21 med-

208 788 72 27 gifven
302 788 32 22 för
356 789 95 25 bränvin,
475 795 46 16 som
544 789 118 27 bevisligen
686 789 105 22 användts
815 789 32 21 till
870 789 98 21 tekniska

208 823 107 24 ändamål,
339 823 38 22 har
397 823 72 27 likväl,
486 824 73 21 såsom
575 825 40 20 den
632 823 33 22 för
680 824 93 21 revision
789 823 22 22 af
825 823 142 22 bränvinsför-

207 857 148 27 fattningarna
377 858 92 21 tillsatta
492 857 95 23 komitön
610 858 123 23 framhållit,
757 857 62 22 äfven
834 857 35 22 vid
884 858 84 21 landets

207 892 101 21 tekniska
331 893 40 21 och
394 893 98 21 kemiska
514 893 92 21 industri
622 892 78 22 endast
714 899 27 14 en
757 892 86 27 mycket
858 892 60 27 ringa
934 891 34 22 del

207 926 21 21 af
247 927 38 21 det
305 927 80 26 årligen
401 927 127 22 tillverkade
545 927 113 21 bränvinet
673 927 70 21 funnit
759 926 142 27 användning.
931 927 37 20 Ett

208 961 70 21 vilkor
300 961 32 22 för
355 968 25 15 en
403 961 131 23 allmännare
556 961 135 26 användning
707 960 23 22 af
744 961 88 21 bränvin
849 961 31 21 till
895 960 73 22 ofvan-

208 995 94 21 nämnda
317 996 99 21 ändamål
431 997 24 20 är
471 995 127 25 emellertid,
614 997 33 20 att
662 995 103 27 lämpliga
781 995 133 26 stadganden
930 1001 38 15 an-

209 1029 84 26 gående
316 1030 153 27 denaturering
490 1031 23 21 af
534 1030 95 24 bränvin,
645 1031 19 20 d.
681 1037 19 14 v.
717 1036 16 15 s.
751 1030 122 21 bränvinets
890 1029 77 22 försät-

208 1064 66 21 tande
297 1065 48 21 med
367 1065 133 21 främmande
521 1067 83 22 ämnen,
619 1071 46 15 som
682 1066 53 25 göra
751 1065 36 21 det
803 1065 117 21 obrukbart
936 1065 32 21 till

207 1097 110 28 förtäring,
340 1099 108 22 äfvensom
473 1100 111 26 angående
604 1099 78 22 handel
698 1099 49 21 med
764 1099 67 21 sådan
847 1105 51 15 vara
912 1099 55 22 före-

207 1132 81 26 finnas;
304 1133 39 22 och
360 1133 67 27 enligt
443 1134 54 22 hvad
513 1133 12 28 $
542 1136 26 20 28
580 1140 62 16 mom.
654 1136 12 19 2
677 1134 6 21 i
694 1133 153 27 förordningen
857 1133 111 27 angående

207 1166 127 28 försäljning
356 1168 23 21 af
398 1168 90 22 bränvin
511 1175 28 15 m.
562 1175 27 15 m.
613 1174 63 22 synes
697 1168 58 27 gifva
770 1168 35 21 vid
821 1168 91 26 banden,
929 1168 39 21 har

208 1201 111 27 Styrelsen
342 1202 61 21 äfven
424 1203 55 21 varit
495 1203 90 21 betänkt
600 1203 28 26 på
644 1202 140 22 utfärdandet
799 1202 22 21 af
834 1202 135 22 föreskrifter

208 1236 6 20 i
230 1236 80 21 sådant
325 1236 109 22 afseende.
458 1238 83 20 Endast
558 1237 154 27 denaturering
727 1237 112 27 möjliggör
855 1237 112 26 nämligen,

207 1272 33 19 att
256 1270 123 22 åtkomsten
395 1272 39 20 och
452 1272 162 26 användningen
630 1271 22 21 af
666 1272 91 20 bränvin
773 1271 33 21 för
821 1271 67 21 andra
903 1271 65 21 ända-

208 1304 42 22 mål
275 1306 27 20 än
327 1304 104 28 förtäring
454 1308 52 19 utan
529 1306 45 21 fara
594 1306 33 21 för
642 1306 109 21 missbruk
767 1306 43 20 kan
826 1305 141 25 underlättas,

208 1338 80 22 medan
304 1339 123 27 derigenom
443 1340 60 22 äfven
520 1340 6 21 i
543 1340 64 27 öfrigt
622 1340 74 22 vinnes
714 1346 26 16 en
756 1340 121 26 förenkling
893 1340 22 21 af
923 1342 45 19 sär-

208 1373 72 21 skilda
295 1374 163 22 bestämmelser
473 1375 6 20 i
496 1374 287 27 bränvinsförordningarna.
814 1374 73 22 Under
901 1374 67 22 förut-

207 1408 103 26 sättning,
327 1410 32 19 att
375 1415 25 15 en
417 1408 202 28 denatureringslag
634 1409 29 27 pä
674 1409 159 22 administrativ
842 1411 39 25 väg
892 1408 78 22 varder

277 1447 193 19 Ekonomiutskottets
483 1448 117 18 betänkande
612 1449 39 17 N:o
663 1449 16 17 3.
