1086 1700
236 132 28 20 60
534 133 44 22 N:o
600 134 38 22 11.

207 200 49 21 dess
272 200 58 22 delar
346 207 52 15 vara
413 201 35 21 vid
458 201 151 27 besigtningen
621 201 124 26 åtkomliga.
776 200 43 21 Det
830 200 136 26 omgifvande

206 234 92 27 kylfatet
321 235 53 21 skall
400 242 53 14 vara
476 237 24 19 så
523 236 118 27 uppstäldt,
666 238 32 19 att
718 236 48 20 dess
781 237 55 25 yttre
853 234 57 22 sidor
926 234 38 22 och

207 269 74 21 botten
298 270 72 20 kunna
385 270 144 21 underkastas
546 270 72 26 daglig
634 270 81 26 tillsyn.

562 333 47 27 83.

279 374 17 19 1.
327 372 123 27 Spritröret,
467 379 75 21 genom
562 373 83 21 hvilket
661 373 113 21 bränvinet
790 373 57 21 ledes
864 372 46 21 frän
927 372 38 21 im-

206 406 89 27 kylaren
319 408 32 20 till
375 407 73 27 lyktan
465 408 39 20 och
521 408 73 20 vidare
611 408 33 20 till
660 407 157 27 sprithällaren,
834 407 54 21 skall
905 406 61 22 bestå

207 440 23 21 af
252 441 138 27 försvarligen
413 442 73 26 tjockt,
503 442 97 21 omäladt
615 442 126 27 metallgods
759 444 55 19 samt
829 448 52 14 vara
896 441 68 21 antin-

206 481 41 21 gen
264 476 75 26 draget
355 476 52 21 eller
422 476 47 21 med
486 476 84 27 slaglod
585 476 117 27 längsefter
713 476 99 26 hoplödt;
824 476 94 21 börande
928 475 36 21 vid

207 510 43 20 alla
266 510 211 27 sammanfogningar
492 511 6 20 i
515 512 57 20 röret
588 511 40 21 den
645 511 65 27 högre
723 510 107 21 rörändan
842 510 48 21 med
901 510 65 21 minst

206 543 43 22 fem
266 544 125 21 centimeter
407 545 96 27 inskjuta
518 546 7 20 i
541 546 41 20 den
598 546 59 26 lägre
674 546 51 20 eller
741 547 62 19 rören
814 544 90 22 medelst
914 544 50 21 flen-

207 585 35 14 sar
258 585 51 14 vara
325 579 132 27 hopfästade.
488 580 42 21 Det
546 580 56 21 skall
618 580 6 21 i
641 580 49 21 hela
706 580 32 21 sin
750 579 146 26 utsträckning
907 579 57 26 ligga

207 613 131 27 fullkomligt
361 614 52 26 fritt,
437 614 23 21 sä
483 617 32 18 att
530 615 36 20 det
582 614 60 21 öfver
657 615 39 20 allt
712 614 47 21 med
775 614 78 21 lätthet
870 614 40 20 kan
926 619 38 15 un-

208 647 107 26 dersökas,
340 648 39 21 och
395 648 34 21 mä
444 649 47 20 icke
506 655 52 15 vara
574 649 82 21 försedt
672 649 49 21 med
736 648 66 27 nägra
818 649 79 20 kranar
913 648 52 21 eller

207 682 96 21 ventiler.
334 683 47 21 Den
399 683 47 21 från
463 683 74 27 lyktan
553 684 34 21 till
604 684 152 27 sprithällaren
773 683 88 21 ledande
877 683 87 26 rörgän-

207 723 40 20 gen
263 717 55 21 skall
334 717 64 22 hafva
414 718 63 21 minst
493 718 37 21 tvä
546 718 39 21 och
602 725 25 14 en
643 718 46 21 half
704 718 134 21 centimeters
855 717 109 26 diameter,

207 752 49 20 med
280 751 64 22 minst
367 752 30 21 tio
421 753 125 21 centimeter
565 753 95 26 inskjuta
679 753 7 20 i
706 752 40 21 den
763 752 132 21 sistnämnda
910 753 54 19 samt

208 791 52 15 vara
276 786 86 21 dermed
378 786 71 21 säkert
465 786 88 21 förenad
569 787 39 20 och
624 786 133 27 fullkomligt
773 787 85 20 ansluta
873 786 33 21 till
923 786 40 21 den

207 820 101 27 öppning,
326 821 37 20 der
378 823 58 19 röret
451 821 7 20 i
475 821 150 26 sprithällaren
642 822 118 26 inmynnar.

277 856 19 20 2.
334 851 83 26 Önskar
440 855 225 22 bränvinstillverkare
688 857 32 20 att
743 855 32 21 till
792 861 52 21 egen
865 855 99 20 säkerhet

206 889 88 27 vidtaga
310 889 105 21 särskilda
434 889 203 28 försigtighetsmätt
653 892 57 19 emot
725 890 99 21 bränvins
840 889 123 21 undansnil-

206 923 64 22 lande
293 930 77 21 genom
386 924 161 26 ledningsrören
564 924 52 21 eller
631 931 26 14 ur
673 924 157 27 sprithällaren,
847 925 24 19 är
887 923 76 21 sädant

206 957 77 22 honom
300 958 122 27 medgifvet.

560 987 12 27 8
588 989 20 19 4.

274 1021 19 26 Ä
316 1027 41 21 den
380 1027 34 21 del
437 1027 23 21 af
481 1028 117 25 spritröret,
619 1027 140 27 hvarigenom
780 1027 110 21 bränvinet
905 1026 57 21 ledes

204 1061 35 20 till
262 1061 80 26 lyktan,
359 1063 34 19 mä
409 1064 32 18 ett
457 1062 52 21 eller
524 1061 36 22 två
576 1061 77 22 luftrör
668 1061 68 21 finnas
751 1061 114 21 fastlödda.
896 1061 68 21 Dessa

205 1095 62 21 skola
283 1101 51 16 vara
350 1097 184 26 upprättstäende,
550 1097 66 20 minst
632 1095 122 28 fyratiofem
770 1095 125 22 centimeter
909 1095 55 26 höga

206 1129 39 21 och
269 1130 77 26 upptill
370 1130 148 22 helbottnade.
548 1130 58 22 Derä
621 1130 35 21 mä
672 1130 18 27 ej
707 1129 69 22 finnas
791 1129 67 21 andra
874 1129 88 27 öppnin-

204 1170 45 21 gar,
266 1166 26 19 än
308 1165 35 21 häl
360 1165 22 21 af
396 1165 63 27 högst
476 1166 35 20 tvä
527 1165 134 21 millimeters
678 1165 105 21 diameter
794 1164 32 21 för
837 1164 79 21 luftens
928 1170 34 20 ge-

204 1200 116 26 nomgäng,
337 1200 104 26 anbragta
456 1200 7 20 i
480 1200 163 26 rörledningens
658 1200 131 26 cylindriska
805 1199 53 21 eller
873 1198 91 22 koniska

205 1234 91 26 sidoyta,
312 1234 48 21 icke
375 1234 57 27 lägre
449 1236 26 19 än
491 1234 119 22 trettiofem
626 1235 127 21 centimeter
769 1234 47 20 frän
828 1235 69 19 rörets
908 1233 55 21 före-

204 1268 134 26 ningspunkt
353 1268 48 21 med
417 1268 163 28 ledningsröret.

561 1332 11 27 $
588 1334 20 20 5.

276 1373 18 19 1.
324 1372 70 26 Lykta
416 1372 39 21 bör
479 1378 51 15 vara
553 1372 23 21 af
598 1372 71 21 metall
687 1372 40 21 och
743 1371 86 21 försedd
846 1370 48 22 med
909 1372 53 25 lock,

204 1411 45 15 som
267 1406 91 21 medelst
374 1412 25 15 en
415 1406 42 21 fals
473 1408 42 20 tätt
530 1407 103 21 omsluter
648 1407 49 21 dess
714 1406 113 21 öfverkant
843 1405 39 21 och
898 1408 22 18 är
932 1406 32 20 in-

204 1440 83 21 rättadt
304 1442 32 19 att
350 1441 48 21 med
409 1441 119 21 kontrollås
539 1441 131 27 tillstängas.
701 1441 143 21 Glasrutorna
855 1440 12 20 å
877 1440 85 26 lyktans
