1086 1700
353 163 28 23 U.
397 164 27 21 B.
440 176 28 2 —
478 163 74 28 Prop.
569 163 45 22 N:o
630 163 37 21 14.
848 164 13 20 5

134 225 140 29 byggnaden
297 225 73 21 under
393 225 45 21 den
460 225 35 21 tid
517 225 133 21 densamma
672 225 51 21 icke
739 227 112 27 upptages
867 224 26 22 af

135 260 135 22 Ständerna.
283 272 24 3 —
319 259 12 21 I
342 259 237 21 öfverensstämmelse
588 259 52 21 med
649 259 39 21 det
696 259 87 29 förslag
792 260 99 21 rörande

135 294 129 22 ordnandet
279 294 26 21 af
318 293 170 22 ständerhusets
504 294 114 26 ekonomi,
634 301 50 14 som
699 294 26 21 af
738 293 153 23 Statsutskot-

135 330 34 20 tet
191 328 135 22 framställts
349 328 8 21 i
379 328 50 22 dess
451 328 148 21 betänkande
616 328 44 22 N:o
676 329 12 21 8
704 328 8 21 i
727 327 126 29 anledning
869 328 25 22 af

135 362 312 28 ständerhusdelegationens
463 362 36 21 till
515 362 130 21 Ständerna
658 362 89 28 afgifna
762 362 129 25 berättelse,

136 397 41 22 har
194 396 122 22 Utskottet
330 396 118 27 beräknat,
465 398 34 20 att
514 396 36 21 till
566 396 277 22 ständerhusekonomens
859 396 33 22 af-

138 430 100 22 lönande
261 430 61 22 skall
344 430 114 22 erfordras
475 432 62 26 1,200
553 430 66 22 mark
634 438 38 13 om
688 430 54 23 året,
759 430 54 22 eller
829 432 62 25 3,600

137 465 65 21 mark
225 464 36 22 för
283 464 53 22 hela
353 464 110 29 perioden
480 466 146 25 1892—1894,
643 464 119 22 äfvensom
778 467 34 19 att
827 472 65 14 arvo-

137 500 60 20 dena
216 499 36 21 för
270 499 156 21 vaktmästare
445 498 42 22 och
503 499 77 21 eldare
596 499 39 21 vid
651 498 161 22 ständerhuset
827 499 65 21 skola

137 534 58 28 utgå
210 533 52 21 med
279 540 58 21 resp.
356 534 61 25 1,200
433 532 43 22 och
493 534 61 26 1,000
570 533 65 21 mark
651 540 37 14 om
704 534 49 20 året
768 535 59 19 samt
842 533 50 21 där-

138 568 92 21 utöfver
250 575 58 21 resp.
334 569 39 20 100
397 567 43 22 och
456 569 26 20 80
498 568 65 21 mark
578 567 8 22 i
602 568 114 21 månaden
730 568 73 21 under
818 567 75 22 landt-

143 602 129 29 dagstiden,
298 601 56 22 eller
375 601 98 22 sålunda
495 602 171 28 sammanlagdt
689 602 52 21 med
763 604 63 24 4,000
850 601 42 22 och

140 637 62 24 3,320
221 636 65 21 mark
301 635 73 22 under
388 636 156 21 instundande
560 636 174 29 budgetperiod.
763 636 36 21 Då
814 636 80 21 härtill

139 670 137 29 ytterligare
301 671 92 20 komma
415 670 129 28 aflöningar
567 671 24 20 åt
614 670 120 29 gårdskarl
757 670 42 21 och
821 670 73 21 under

140 704 189 29 landtdagstiden
353 704 110 28 behöfligt
485 704 166 22 eldarebiträde
674 707 60 18 samt
748 704 96 29 utgifter
858 703 37 22 för

141 739 123 21 underhåll
287 738 26 21 af
333 738 243 28 ständerhusskvären,
592 739 152 28 snösläpning
767 739 42 21 och
829 741 66 26 gatu-

142 773 154 28 renhållning,
322 773 42 21 har
388 773 121 22 Utskottet
531 773 37 21 för
590 773 127 28 betjening,
740 773 155 28 gaturenhäll-

144 807 56 28 ning
216 815 28 14 m.
261 815 28 13 m.
306 807 72 21 under
393 807 110 28 perioden
521 809 140 20 1892—1894
676 807 109 28 upptagit
797 814 28 13 en
836 807 59 21 rund

143 849 88 14 summa
254 841 26 21 af
301 843 76 25 12,000
395 842 72 21 mark.
490 855 27 2 —
538 842 47 21 För
600 841 173 22 ständerhusets
789 848 105 15 assurans

143 875 74 22 under
238 875 177 29 ifrågavarande
439 876 24 21 år
485 876 42 21 har
547 876 124 21 beräknats
688 877 62 25 3,300
766 875 71 26 mark,
852 875 43 21 och

144 910 42 21 har
202 910 122 21 Utskottet
346 910 76 21 tillika
444 910 63 21 velat
529 910 36 21 för
588 910 130 21 Ständerna
741 909 97 26 anmäla,
861 911 34 19 att

143 944 68 21 huset
228 944 53 21 med
304 944 78 21 därtill
404 944 102 21 hörande
529 944 141 21 inventarier
686 944 44 21 den
747 945 25 21 15
791 943 105 22 sistlidne

143 978 60 28 april
219 986 84 21 genom
320 979 188 21 Statsutskottets
524 978 185 22 föranstaltande
724 978 79 21 blifvit
818 977 35 22 för
865 979 34 19 ett

145 1013 26 20 år
185 1012 85 22 framåt
286 1015 62 19 emot
362 1013 147 21 brandskada
524 1013 132 21 försäkradt
679 1013 37 21 till
738 1015 33 19 ett
789 1012 71 21 värde
875 1011 26 22 af

147 1048 111 26 1,100,000
280 1047 72 27 mark,
375 1049 59 19 samt
457 1049 34 19 att
511 1048 104 27 premien
635 1047 78 21 därför
731 1047 89 28 utgjort
837 1047 62 26 1,100

147 1081 70 21 mark.
241 1094 24 2 —
281 1081 46 22 Till
343 1081 172 22 ständerhusets
541 1083 91 20 remont
654 1081 42 21 och
717 1081 88 21 diverse
826 1080 73 28 utgif-

145 1118 36 18 ter
203 1115 41 22 har
268 1115 121 23 Utskottet
415 1116 110 28 slutligen
550 1118 59 19 trott
636 1115 35 29 sig
687 1115 55 22 böra
764 1115 133 27 förslagsvis

145 1152 103 26 upptaga
277 1158 28 13 en
327 1158 87 14 summa
441 1150 26 22 af
494 1152 73 26 10,000
591 1150 64 21 mark
679 1150 36 21 för
737 1152 66 19 nästa
826 1150 72 20 treärs

149 1184 86 28 period.

216 1218 46 22 För
285 1219 88 21 värden
394 1218 25 22 af
433 1218 142 22 Ständernas
591 1218 66 22 arkiv
672 1218 44 22 och
731 1218 112 22 bibliotek
857 1217 42 22 har

146 1252 177 22 bibliotekarien
345 1253 70 21 sedan
438 1254 55 21 1888
516 1254 36 20 års
573 1252 113 29 landtdag
707 1252 94 29 ätnjutit
817 1254 33 19 ett
865 1259 34 14 ar-

145 1286 60 21 vode
228 1286 26 22 af
276 1288 60 26 1,000
357 1289 65 19 mark
437 1294 38 14 om
491 1287 49 21 året
555 1289 59 19 samt
630 1286 133 22 därutöfver
780 1288 39 20 100
835 1286 65 21 mark

145 1320 9 21 i
170 1320 114 22 mänaden
299 1321 73 21 under
388 1321 44 21 den
447 1321 35 21 tid
497 1321 143 29 landtdagen
656 1328 73 18 varar,
745 1321 43 21 och
803 1321 42 21 har
859 1320 39 22 Ut-

147 1354 87 22 skottet
253 1355 74 28 enligt
345 1362 86 14 samma
446 1355 101 29 grunder
563 1355 119 25 beräknat,
698 1357 35 19 att
747 1354 80 22 härtill
842 1354 59 21 skall

146 1388 36 22 för
208 1388 157 22 instundande
389 1389 169 29 budgetperiod
584 1389 114 21 erfordras
729 1390 81 20 inalles
838 1389 63 26 3,500

146 1423 72 21 mark.
249 1423 44 21 Till
316 1424 181 28 komplettering
520 1424 26 21 af
566 1424 141 21 Ständernas
729 1423 119 26 bibliotek,
867 1422 34 21 in-

147 1458 114 28 bindning
284 1458 43 22 och
349 1465 112 21 expenser
484 1458 125 28 beviljades
628 1457 40 22 vid
684 1460 89 19 senaste
790 1456 111 29 landtdag

216 1498 140 18 Ktatsutskottets
369 1498 109 17 betänkande
491 1499 36 16 N:o
541 1498 16 17 9.
