1086 1700
399 138 23 22 U.
439 138 22 22 B.
478 148 29 6 —
522 137 60 29 Prop.
600 137 37 23 N:o
654 137 28 23 12.
857 138 26 20 39

600 200 16 27 $
632 200 38 21 30.

433 240 65 26 Vara,
514 246 47 14 som
573 241 27 19 är
610 240 11 20 i
633 240 96 20 allmänt
737 239 172 28 upplagsmaga-

359 274 37 21 sin
417 274 72 21 insatt
511 276 46 19 mot
576 274 154 27 upplagsbevis
751 273 38 21 och
804 275 106 25 warrant,

360 315 51 14 vare
425 308 20 27 ej
459 308 149 20 underkastad
622 307 129 27 utmätning
766 307 51 21 eller
831 314 78 21 gvar-

360 342 63 21 stad.
441 342 103 21 Deremot
554 342 38 20 mä
602 341 154 28 upplagsbevis
764 342 39 20 och
811 343 101 19 warrant

360 376 35 28 för
417 376 175 27 innehafvarens
611 376 132 28 förbindelse
761 376 10 20 i
788 377 47 19 mät
850 377 61 25 tagas

360 410 39 21 och
413 410 50 21 med
477 410 104 28 gvarstad
596 410 105 28 beläggas.

602 473 16 27 $
634 473 32 21 31.

429 512 142 22 Förkommer
583 512 153 28 upplagsbevis
746 513 51 20 eller
805 514 105 26 warrant,

361 554 47 21 eger
431 547 48 27 den,
500 554 48 14 som
564 547 78 21 beviset
656 547 99 27 förlorat,
771 547 74 21 derom
858 549 54 25 göra

361 581 110 21 anmälan
486 581 38 21 hos
539 581 224 28 upplagsmagasinet,
779 581 81 21 hvilket
873 588 37 21 ge-

361 622 52 14 nom
429 615 125 28 kungörelse
570 615 10 20 i
594 615 24 21 de
634 615 118 21 allmänna
767 615 146 28 tidningarna

359 649 32 28 på
413 650 122 20 sökandens
557 649 117 22 bekostnad
693 649 54 21 låter
761 649 104 28 efterlysa
879 650 35 20 det

361 684 116 27 förlorade.
513 684 109 21 Anmälas
644 683 46 22 icke
712 683 142 28 motanspråk
875 684 38 21 hos

361 718 219 27 upplagsmagasinet
601 718 63 21 inom
687 719 31 19 tre
735 717 107 21 månader
859 717 55 28 efter

361 752 36 21 det
418 752 143 27 kungörelsen
580 752 60 21 varit
658 752 10 20 i
687 752 146 27 tidningarna
848 752 65 27 tredje

360 786 87 27 gången
461 786 78 27 införd
553 787 51 20 eller
619 786 78 21 varder
712 786 101 21 anmäldt
823 787 88 20 motan-

361 820 67 27 språk
442 820 45 21 icke
502 820 29 27 af
542 821 92 20 domstol
648 820 110 27 godkändt
768 827 78 20 genom
856 820 56 27 dom,

361 861 48 14 som
430 854 45 27 fått
497 854 71 21 vinna
590 855 50 26 laga
660 854 65 27 kraft,
743 854 56 21 skall
816 854 35 21 det
865 854 47 27 för-

364 888 72 21 lorade
452 888 80 21 beviset
546 889 66 20 dödas
626 890 60 19 samt
699 890 51 26 nytt
763 888 151 27 upplagsbevis

363 922 52 21 eller
428 929 32 21 ny
475 924 107 25 warrant,
598 923 50 20 med
661 923 130 27 påteckning
803 922 111 27 angående

363 956 90 27 utbytet,
470 957 36 20 till
520 957 111 20 sökanden
645 957 104 27 utgifvas.

437 990 110 27 Warrant,
564 991 87 21 hvilken
666 991 59 20 varit
739 991 128 20 indosserad
875 991 37 21 så-

363 1031 47 14 som
425 1025 99 20 säkerhet
537 1025 36 27 för
584 1025 282 28 penningeförsträckning,
877 1025 37 27 får

363 1059 52 20 dock
437 1059 20 27 ej
478 1059 50 21 med
549 1066 32 21 ny
601 1061 93 18 ersättas
712 1059 74 21 innan
805 1059 47 26 den,
868 1066 47 14 som

363 1093 130 21 densamma
515 1093 99 28 förlorat,
638 1093 38 21 hos
698 1093 217 28 upplagsmagasinet

363 1127 70 28 styrkt
448 1129 33 19 att
496 1127 46 21 han
554 1135 36 14 om
599 1127 109 28 förlusten
718 1127 139 22 underrättat
865 1127 47 27 för-

363 1164 30 18 ste
415 1162 147 27 öfverlåtaren
582 1162 39 21 och
638 1162 97 27 följande
750 1162 72 20 kända
837 1161 75 21 indos-

363 1197 82 19 santer.

435 1226 86 24 Önskar
542 1230 48 27 den,
613 1237 48 14 som
681 1230 58 27 gjort
753 1230 109 20 anmälan
879 1236 36 14 om

363 1264 81 27 förlust
459 1264 30 27 af
499 1264 159 28 upplagsbevis,
670 1264 138 21 utbekomma
815 1264 42 20 den
865 1264 47 20 der-

363 1300 57 18 emot
435 1299 108 20 svarande
558 1305 76 21 varan,
648 1298 74 21 innan
737 1298 42 21 den
793 1298 68 27 ofvan
871 1304 42 14 an-

361 1332 67 27 gifna
444 1332 61 21 tiden
519 1332 28 28 af
558 1334 32 19 tre
602 1332 107 21 månader
718 1332 103 28 förflutit,
832 1331 37 21 må
877 1332 36 20 så-

363 1366 56 21 dant
427 1366 155 28 medgifvas,
595 1367 38 21 der
643 1366 46 21 han
697 1366 38 21 hos
742 1366 172 28 upplagsmaga-

363 1400 58 21 sinet
442 1400 122 28 deponerar
581 1401 35 21 det
631 1400 81 28 belopp,
727 1400 37 28 för
779 1400 81 21 hvilket
874 1406 39 14 va-

200 1449 3 4 E
363 1441 43 14 ran
427 1434 77 28 häftar
523 1435 35 21 till
572 1435 270 27 warrantinnehafvaren,
858 1436 58 19 samt

226 1473 49 23 Lag-
288 1473 32 17 och
332 1473 183 18 Ekonomiutskottets
527 1474 111 18 betänkande
650 1475 36 16 N:o
699 1474 17 17 3.
