1086 1700
343 126 30 23 U.
388 128 28 22 B.
431 140 29 3 —
475 128 73 28 Prop.
564 128 42 23 N:o
622 128 35 22 11.
824 129 27 23 75

192 192 29 21 Af
235 198 82 16 samma
332 194 71 24 orsak,
419 200 46 15 som
478 194 38 27 jag
531 194 111 28 föreslagit
658 196 32 21 ett
703 195 75 28 tillägg
787 196 32 21 till
829 195 13 29 8
853 198 26 20 73

125 226 8 21 i
148 226 219 28 tillverkningslagen,
383 227 126 23 hemställer
521 228 38 28 jag

332 292 31 20 att
378 290 31 22 till
423 290 16 28 $
456 292 30 20 62
500 291 9 21 i
523 292 69 22 denna
606 292 125 28 förordning
743 294 66 21 måtte
817 295 64 26 göras

262 330 82 16 samma
359 325 72 27 tillägg
446 332 45 15 som
501 326 40 27 jag
556 329 69 19 ansett
640 328 50 21 böra
703 330 64 25 göras
783 328 31 22 till
823 327 16 29 $
852 329 30 20 73

263 358 9 20 i
288 358 151 29 förordningen
459 367 32 14 om
511 360 132 28 tillverkning
662 362 36 21 och
718 362 125 28 distillering
859 362 27 27 af

264 392 96 22 bränvin.

195 523 105 27 Slutligen
319 524 32 22 fär
366 525 38 27 jag
424 526 69 22 under
511 526 137 28 äberopande
666 527 23 22 af
708 527 56 22 hvad
777 528 38 27 jag
830 528 51 21 tidi-

128 564 51 21 gare
194 558 70 22 anfört
279 558 133 24 beträffande
428 561 13 26 $
457 562 27 20 74
499 561 7 21 i
522 561 211 28 tillverkningslagen
749 562 80 23 föreslå

333 625 30 19 att
377 624 14 25 $
408 625 29 20 63
452 625 65 20 måtte
530 625 126 26 godkännas
671 625 64 28 enligt
749 625 40 22 den
801 625 81 27 nådiga

262 657 163 26 propositionen.

587 711 75 22 Ernst
676 710 137 23 Rönnbäck.

196 817 11 21 I
229 816 154 23 ofvanstäende
405 819 133 21 reservation
560 819 86 21 förenar
666 819 38 27 jag
726 819 43 28 mig
786 819 7 21 i
812 819 70 27 öfrigt,

128 854 60 20 utom
207 852 57 22 hvad
282 853 101 22 beträffar
402 853 11 27 $
428 854 14 21 4
457 854 7 21 i
479 854 157 27 tillverknings-
652 854 40 21 och
708 854 12 27 8
737 856 25 19 16
777 854 7 21 i
799 853 84 28 försälj-

129 887 130 26 ningslagen,
279 887 71 22 hvilka
369 887 22 28 $$
408 888 38 27 jag
461 888 125 27 godkänner
601 889 67 26 enligt
682 888 153 27 betänkandet,
852 887 31 22 äf-

127 927 88 16 vensom
236 922 11 25 S
270 923 24 20 11
314 922 6 21 i
341 922 132 22 sistnämnda
495 923 41 27 lag,
553 923 23 21 åt
590 922 87 23 hvilken
690 923 37 27 jag
742 923 33 22 för
790 923 43 21 min
849 923 34 21 del

129 956 95 22 önskade
240 955 56 28 gifva
311 955 92 28 följande
419 957 91 27 lydelse:

332 1019 35 22 De
386 1019 63 28 enligt
463 1021 17 24 $
494 1021 29 20 10
539 1020 75 21 mellan
628 1020 70 21 stads-
714 1020 35 21 och
765 1019 118 22 landskom-

265 1060 73 15 muner
360 1054 106 26 fördelade
487 1054 80 21 medlen
590 1054 58 22 skola
671 1054 110 22 användas
800 1054 32 21 till
847 1053 37 22 all-

265 1090 61 19 mänt
344 1089 82 26 nyttiga
444 1089 108 26 ändamäl,
572 1089 79 26 främst
666 1089 97 26 afseende
777 1088 107 28 nykterhe-

266 1124 51 26 tens,
342 1123 127 27 ordningens
489 1123 37 22 och
547 1123 168 28 upplysningens
734 1122 149 28 befrämjande.

656 1186 27 22 L.
698 1185 117 23 Lindelöf.

197 1294 37 22 Uti
254 1294 137 22 förestående
413 1294 22 22 af
453 1295 56 21 Herr
528 1295 119 21 Rönnbäck
666 1294 103 22 affattade
788 1300 97 16 reserva-

130 1328 51 27 tion,
206 1328 2 21 i
228 1328 56 22 hvad
306 1329 40 21 den
365 1329 66 27 angår
451 1330 27 26 $$
494 1331 19 25 2,
531 1331 11 19 3
559 1329 39 22 och
616 1331 26 19 74
658 1328 6 22 i
680 1328 153 27 förordningen
849 1334 36 23 an-

131 1363 82 26 gående
233 1363 136 27 tillverkning
388 1363 23 21 af
425 1363 89 22 bränvin
530 1366 55 18 samt
600 1364 27 26 $$
644 1366 19 24 4,
680 1364 25 20 21
723 1363 40 21 och
779 1364 26 20 63
822 1362 7 22 i
844 1362 41 21 för-

130 1397 117 27 ordningen
263 1398 112 26 angående
390 1397 126 27 försäljning
532 1397 22 22 af
567 1398 96 26 bränvin,
684 1396 109 23 äfvensom
809 1403 34 15 om
859 1397 27 25 $$

129 1433 19 25 9,
167 1433 24 19 10
208 1432 40 21 och
266 1434 22 18 11
306 1432 7 21 i
329 1432 133 21 sistnämnda
480 1432 131 27 förordning,
630 1432 72 21 såvidt
720 1432 26 21 de
761 1431 48 22 icke
824 1431 63 21 berö-

197 1470 194 20 Ekonomiutskottets
403 1471 118 18 betänkande
533 1472 37 17 N:o
582 1472 16 17 3.
