1086 1700
217 108 12 19 6
364 106 82 23 Ständ.
463 106 38 22 Sv.
518 120 29 3 —
562 106 75 29 Prop.
653 106 45 22 N:o
714 106 36 22 12.

186 172 79 27 ringen
284 172 84 27 jemväl
389 179 52 16 vara
463 173 73 27 något,
553 173 91 22 hvarom
660 178 139 22 varuegaren
815 172 54 28 sjelf
881 173 56 21 både

186 208 40 21 bör
242 208 40 21 och
298 208 45 22 kan
358 208 65 22 träffa
438 208 142 28 lämpligaste
595 209 89 21 anstalt.
715 208 50 22 Han
775 209 104 21 bedömer
887 209 51 21 bäst

186 244 58 21 huru
259 244 40 21 och
315 244 56 22 hvar
386 244 156 28 försäkringen
558 245 171 27 fördelaktigast
745 245 58 21 skall
817 247 69 25 tagas,
898 245 40 21 och

187 279 128 22 underlåter
338 280 43 22 han
404 282 32 20 att
459 281 90 27 vidtaga
572 281 81 27 åtgärd
674 281 80 27 derom,
776 281 71 21 måste
862 281 38 21 det
914 280 24 22 få

186 314 71 23 blifva
280 316 55 21 hans
359 316 74 22 ensak.
465 316 77 28 Någon
566 317 115 27 svårighet
705 316 34 22 för
763 322 122 21 varuegare
905 318 33 19 att

186 351 175 22 brandförsäkra
383 358 71 22 varor,
479 359 45 15 som
546 353 71 21 under
636 352 129 22 omnämnda
780 352 110 22 förbehåll
905 352 32 21 in-

186 387 68 27 tagits
270 387 8 21 i
294 388 91 21 allmänt
401 388 200 28 upplagsmagasin,
613 388 147 22 förekommer
770 388 19 27 ej
798 388 77 28 heller,
885 390 53 19 enär

187 422 128 28 försäkring
332 423 25 27 ju
373 424 91 22 allmänt
479 424 93 27 beviljas
589 424 35 21 för
640 424 115 22 bestämda
770 424 166 26 varumängder,

187 457 67 23 äfven
277 464 34 16 om
334 459 109 22 desamma
462 460 75 22 blifvit
553 459 107 27 hopförda
675 460 50 21 med
741 460 68 21 andra
825 459 113 22 enahanda

187 500 71 16 varor.

258 530 52 22 Med
334 530 70 22 första
419 538 61 15 mom.
497 532 8 20 i
522 534 11 18 7
552 532 34 28 (9)
603 532 12 28 $
632 532 40 21 har
688 532 107 26 vidtagits
811 538 28 15 en
854 531 84 22 mindre

186 565 266 30 redaktionsförändring,
475 574 45 15 som
535 568 64 21 torde
615 575 53 15 vara
684 568 72 27 egnad
771 569 33 20 att
819 567 120 28 förtydliga

188 601 124 22 innehållet
327 603 25 21 af
365 609 80 15 samma
461 606 101 19 moment.

261 638 84 22 Genom
368 639 27 21 de
418 639 49 22 med
492 641 33 26 11,
550 641 25 20 12
595 640 40 21 och
653 641 25 20 15
697 641 43 26 (13,
759 641 27 19 14
802 639 39 21 och
859 638 36 28 17)
912 638 26 29 $$

187 674 106 28 vidtagna
315 675 120 28 ändringar
450 676 41 26 har
506 676 162 27 författningen
684 677 86 20 ansetts
785 675 68 22 vinna
867 675 8 21 i
890 675 48 26 tyd-

188 710 75 27 lighet.
295 711 35 21 Då
352 711 110 28 nemligen
483 712 8 21 i
507 711 153 22 förstnämnda
676 711 107 27 paragraf
796 711 7 21 i
819 711 119 21 allmänhet

188 746 90 27 stadgas
295 747 56 21 huru
366 747 142 22 öfverlåtelse
525 747 24 22 af
562 747 159 28 upplagsbevis
737 747 40 21 och
792 748 97 20 warrant
900 747 40 20 bör

188 782 47 27 ske,
253 788 66 21 synes
336 783 74 21 dertill
426 783 50 21 från
492 789 79 16 senare
587 785 119 20 momentet
722 782 24 21 af
756 783 26 20 15
795 782 9 29 &
816 783 53 20 böra
877 782 61 27 fogas

189 817 42 22 den
247 818 111 21 allmänna
373 819 144 27 bestämning,
535 821 33 19 att
576 819 218 27 upplagsmagasinet
805 818 49 21 icke
863 820 24 19 är
895 817 43 22 för-

188 853 84 22 bundet
295 856 33 19 att
351 854 77 27 pröfva
451 861 33 15 om
505 854 186 23 öfverlåtelserna
710 856 37 19 äro
764 854 59 27 äkta,
839 854 40 21 och
895 859 45 16 som

189 889 71 21 denna
279 889 85 22 förmån
380 890 49 21 med
445 891 114 20 enahanda
575 891 50 21 skäl
640 891 45 20 kan
701 891 107 25 åberopas
824 889 66 22 äfven
906 889 34 21 för

189 925 85 21 enhvar
290 931 77 22 annan,
383 926 92 21 hvilken
491 927 72 26 någon
580 926 140 27 förpligtelse
732 925 87 27 åligger
829 925 28 26 på
869 925 71 27 grund

190 960 24 21 af
235 961 157 27 upplagsbevis
415 962 55 21 eller
494 964 104 25 warrant,
618 963 40 20 har
680 963 119 20 momentet
815 961 28 26 på
859 967 81 15 samma

190 996 60 27 gång
265 997 158 27 omredigerats
439 998 7 21 i
463 999 71 21 denna
549 998 107 27 riktning.
672 1011 30 2 —
718 997 39 22 Uti
775 999 25 19 12
817 997 46 28 (14)
880 997 12 28 &
908 997 32 21 in-

190 1032 40 27 går
246 1033 50 21 åter
312 1033 121 28 stadgande
449 1034 81 27 derom,
547 1037 33 18 att
596 1034 48 27 den,
662 1040 46 15 som
717 1033 93 22 innehar
820 1033 56 21 både
887 1039 52 20 upp-

190 1068 112 27 lagsbevis
327 1070 39 21 och
389 1069 75 22 dertill
487 1070 97 21 hörande
604 1071 106 26 warrant,
727 1071 26 19 är
768 1069 124 26 berättigad
908 1070 33 20 att

190 1103 88 28 förfoga
293 1105 63 22 öfver
371 1106 42 21 den
429 1113 59 20 vara,
506 1107 69 21 hvarå
590 1106 93 21 bevisen
693 1105 58 27 lyda.
774 1105 35 21 Då
820 1105 41 20 här
868 1104 73 22 tillika

191 1140 128 28 lämpligast
340 1148 66 20 synes
422 1142 74 22 kunna
512 1142 108 27 angifvas,
637 1142 67 21 hvem
720 1147 45 15 som
781 1143 26 19 är
822 1142 33 20 att
870 1140 71 22 såsom

190 1178 47 20 rätt
259 1177 144 22 innehafvare
426 1178 24 21 af
469 1178 76 28 dylika
568 1178 62 22 bevis
654 1184 72 20 anses,
751 1177 40 21 har
810 1176 131 27 paragrafen

191 1212 50 21 med
264 1213 87 27 hänsyn
373 1214 75 21 härtill
473 1214 74 22 blifvit
570 1214 90 21 ändrad.
694 1213 69 21 Detta
779 1212 162 27 förtydligande

191 1248 64 22 torde
276 1249 83 26 jemväl
379 1256 54 15 vara
449 1250 24 21 så
489 1250 89 27 mycket
593 1256 61 15 mera
669 1249 29 27 på
714 1249 35 21 sin
765 1248 65 27 plats,
848 1254 45 15 som
908 1249 33 20 ut-

190 1284 96 26 trycken
309 1285 32 21 uti
361 1284 153 28 efterföljande
531 1284 129 28 paragrafer
678 1284 157 26 ,innehafvare
851 1283 25 21 af
889 1290 52 20 upp-

191 1318 126 28 lagsbevis*
335 1321 39 21 och
392 1321 156 27 ,innehafvare
564 1320 25 22 af
602 1321 112 21 warrant*
727 1320 54 27 eljes
792 1319 73 21 kunde
873 1318 69 22 blifva

191 1354 151 24 vilseledande
363 1357 39 21 och
423 1356 114 23 föranleda
552 1356 172 27 förvecklingar,
741 1356 59 20 helst
813 1355 82 27 jemväl
910 1354 32 22 uti

192 1392 176 26 propositionens
391 1392 132 28 motivering
544 1395 109 19 warrants
668 1391 122 22 betecknas
807 1391 71 21 såsom
896 1390 47 26 ,till
