1086 1700
429 122 46 22 N:o
497 122 37 22 16.

197 234 115 26 folkskola,
330 240 43 15 som
390 234 94 26 åtnjuter
500 234 130 26 statsanslag
646 233 33 21 till

198 268 110 22 aflönande
323 268 22 20 af
357 268 176 26 lärarepersonal,
544 268 36 21 två
590 270 90 24 procent
694 264 1 26 |

198 302 23 22 af
240 303 36 21 det
296 303 6 20 i
322 303 61 20 lönen
400 302 103 27 ingående
519 302 160 26 statsanslaget,
694 322 2 3 .

198 337 126 25 beräknadt,
340 336 58 21 såväl
415 337 5 20 i
437 336 48 21 stad
502 342 46 15 som
562 337 27 25 på
600 336 79 21 landet.
694 334 1 3 '

198 371 33 21 för
245 371 70 21 lärare
332 371 31 21 till
380 370 129 21 åttahundra
525 371 38 21 och
579 370 33 21 för
624 371 56 20 lära-
695 369 1 28 ;

199 406 61 20 rinna
276 406 33 20 till
326 405 119 21 sexhundra
461 405 62 21 mark
539 412 33 14 om
589 405 52 21 året.
661 396 11 41 —
695 400 1 4 |

173 441 45 20 11:0
236 440 12 20 &
258 440 173 26 kyrkoväktare-,
443 440 64 20 skall-
519 440 36 20 och
568 439 112 27 brofogde-
695 435 1 26 .

200 476 55 19 samt
285 480 68 14 annan
383 474 82 20 mindre
491 474 129 24 beställning
646 474 35 20 vid
695 478 1 3 :

200 508 74 28 kyrka,
291 508 77 21 socken
385 508 39 21 och
440 508 107 26 menighet
568 525 4 3 .

174 544 46 20 12:0
236 542 12 22 ä
259 543 84 21 embete
355 543 38 21 och
405 542 70 27 tjenst,
488 549 43 14 som
544 542 55 21 efter
608 542 70 21 derom
695 555 1 11 ;

202 578 61 27 gjord
280 577 119 27 ansökning
415 577 97 21 erhällits
524 583 75 20 genom
611 580 69 18 trans-

200 614 50 25 port
265 612 52 21 eller
333 612 56 27 byte,
413 611 90 22 skrifves
519 613 27 25 pä
562 611 118 27 stämpladt

202 653 81 20 papper
298 646 33 21 till
348 646 43 21 lika
406 647 77 26 belopp
500 652 45 15 som
561 646 35 20 vid
612 645 68 22 befor-

202 681 59 26 dran,
286 681 72 20 derest
381 681 39 20 den
443 681 42 24 lön,
507 687 44 14 som
568 680 112 27 tillträdes,

202 717 24 18 är
242 717 69 18 större
328 717 25 18 än
371 715 39 20 den
426 714 59 21 förut
501 715 120 26 innehafda,
633 721 47 14 men

191 760 4 4 +
203 751 37 19 äro
256 749 60 21 dessa
328 749 60 21 löner
399 749 44 21 lika
455 749 51 21 eller
517 750 40 20 den
569 749 113 21 tiliträdda

202 784 62 20 lönen
288 783 87 26 mindre,
399 784 106 26 begagnas
526 783 65 21 sädan
612 783 69 27 karta,

204 824 44 15 som
271 820 24 19 är
319 818 97 21 bestämd
435 817 33 22 för
485 818 36 21 det
536 817 145 22 embetsverks

204 853 153 26 expeditioner,
373 853 107 20 hvarifrån
492 853 126 20 fullmakten
630 853 52 20 eller
697 853 1 3 |

204 887 156 21 förordnandet
375 887 105 21 utfärdas.
504 887 54 21 Sker
573 889 109 24 transpor-
697 889 1 3 |

204 924 36 19 ten
262 924 53 19 utan
339 922 130 27 föregängen
491 922 126 27 ansökning,
634 928 50 20 eger

204 957 70 26 nägon
290 956 229 27 kartasigillata-afgift
535 956 46 21 icke
597 963 53 14 rum.

161 990 21 27 0)
206 990 12 21 &
241 991 89 25 embete,
352 991 63 26 tjenst
439 991 52 20 eller
514 990 119 27 befattning
648 990 51 21 vid
688 986 14 36 :

190 1025 68 20 finska
270 1025 113 26 militären,
395 1025 25 21 de
432 1025 94 21 militära
538 1025 145 21 domstolarne
698 1021 1 26 |

192 1059 38 21 och
246 1059 68 21 finska
331 1059 148 21 kadettkären.
698 1052 1 33 |

180 1095 30 19 1:o
227 1093 13 21 å
252 1094 89 26 embete,
350 1094 65 26 tjenst
427 1094 52 21 eller
488 1093 125 27 befattning,
623 1094 61 20 hvar-
698 1087 1 45 |

205 1128 49 21 med
277 1128 108 21 ordinarie
408 1128 35 21 lön
467 1130 24 19 är
507 1128 94 27 förenad,
617 1127 82 30 utfär-
691 1123 11 39 |

207 1163 38 20 das
272 1162 11 21 &
313 1162 116 27 stämpladt
457 1169 87 20 papper,
564 1162 120 21 beräknadt
698 1173 2 19 .

206 1197 54 21 efter
283 1198 12 20 2
319 1200 88 24 procent
431 1198 12 20 &
466 1197 49 21 hela
535 1197 100 21 ärslönen
651 1194 49 28 för
688 1190 16 38 !

207 1232 47 26 den,
272 1238 44 14 som
332 1232 47 20 icke
395 1231 58 21 förut
469 1231 97 21 invehaft
577 1232 107 20 ordinarie
699 1226 1 29 |

206 1266 72 26 tjenst,
298 1272 47 14 men
365 1266 35 20 vid
419 1266 115 21 befordran
550 1266 47 20 frän
614 1272 69 14 annan
699 1263 1 35 |

207 1300 108 21 ordinarie
332 1300 78 21 allmän
426 1300 118 27 befattning
560 1301 57 20 inom
634 1300 50 21 eller
699 1313 1 13 ;

206 1337 60 18 utom
282 1335 107 21 militären
405 1334 54 21 efter
475 1336 12 20 2
504 1337 89 24 procent
608 1335 77 21 endast
699 1329 1 35 |

207 1369 13 21 å
242 1369 118 26 skilnaden,
385 1369 101 21 hvarmed
509 1369 40 21 den
572 1369 128 21 tillträdda
689 1365 14 34 |

207 1404 63 20 lönen
288 1404 142 26 öfverskjuter
441 1403 40 21 den
493 1403 58 21 förut
562 1402 122 22 innehafda.

208 1438 151 20 Förordnande
382 1438 13 20 å
417 1437 213 26 fänriksbeställning
650 1436 34 22 vid
700 1439 1 23 ;
