1086 1700
228 135 27 20 64
427 132 28 22 U.
471 132 28 22 B.
515 144 27 4 —
558 132 73 28 Prop.
647 132 41 22 N:o
704 131 34 22 11.

194 198 107 22 nedrifves
320 204 76 22 genom
416 198 67 27 öfriga
501 198 163 26 bestämningar
681 198 7 21 i
708 197 70 22 denna
797 197 40 21 och
859 196 93 28 följande

194 232 107 28 paragraf,
320 233 6 21 i
342 232 37 22 det
395 232 64 22 dessa
474 232 70 21 skulle
560 232 86 21 komma
661 233 33 19 att
708 232 111 21 bestämdt
834 231 117 26 motverka,

195 266 55 22 hvad
267 272 77 21 genom
360 266 124 22 förenämda
499 272 63 16 mom.
579 266 97 28 åsyftats.

264 301 114 21 Utskottet
400 301 106 21 erkänner
528 300 179 27 utminuterings-
728 299 39 22 och
785 299 167 26 utskänknings-

193 335 104 27 bolagens
320 335 133 27 synnerligen
470 334 116 27 gagneliga
601 334 144 26 verksamhet,
761 334 62 21 äfven
839 334 6 21 i
857 334 40 21 den
908 340 44 14 om-

193 369 93 27 fattning
306 370 26 21 de
355 369 76 21 hittills
455 368 52 27 haft,
528 370 56 20 samt
600 370 82 26 öppnar
698 368 138 27 möjligheten
851 368 34 21 för
899 367 53 22 infö-

192 404 78 20 randet
288 403 22 21 af
328 404 35 21 det
381 403 140 27 fullständiga
541 410 15 14 s.
573 403 20 21 k.
611 402 151 27 Göteborgska
781 402 124 27 systemet
895 397 13 38 i
922 401 30 21 af-

192 438 81 21 seende
294 438 13 21 å
326 438 206 26 spritvaruhandeln,
554 444 49 14 men
626 437 27 27 på
672 443 80 15 samma
768 436 57 27 gång
840 436 64 21 fattar
920 438 32 19 ut-

193 472 84 21 skottet
296 472 77 24 beslut,
393 478 46 15 som
457 472 72 21 direkt
544 478 64 20 synas
624 470 90 22 afsedda
729 473 33 19 att
778 471 120 21 motarbeta
914 470 38 22 bo-

193 506 75 26 lagens
287 506 132 22 fortfarande
437 506 190 27 upprätthållande
644 506 39 21 och
700 508 26 18 än
741 512 46 14 mer
802 505 63 21 deras
881 504 70 22 utvid-

195 540 70 26 gande
282 540 54 22 efter
351 541 128 26 nyssnämdt
493 542 102 20 mönster.
626 540 118 21 Städernas
763 540 94 20 intresse
871 538 33 22 för
919 545 32 15 sa-

192 574 49 26 ken,
258 575 81 21 hvilket
360 577 23 19 är
402 575 37 21 det
455 575 55 21 enda
525 581 46 14 som
588 576 125 25 garanterar
729 573 222 28 bränvinsförsäljnin-

193 615 53 19 gens
271 609 182 27 ändamälsenliga
477 609 110 21 ordnande
603 614 76 21 genom
695 608 33 21 väl
745 608 151 26 organiserade
912 608 38 21 och

192 642 162 22 kontrollerade
377 643 64 26 bolag
464 643 22 21 af
510 643 162 26 ifrägavarande
696 644 39 25 art,
760 643 64 20 söker
846 642 106 21 utskottet

193 676 55 22 efter
270 677 64 21 bästa
356 677 95 26 förmäga
473 677 91 21 förlama
584 677 48 21 icke
655 677 55 21 blott
725 683 76 20 genom
818 678 32 19 att
865 676 87 22 beröfva

193 711 104 21 städerna
320 714 32 19 tre
370 711 129 27 fjerdedelar
517 711 22 21 af
553 711 102 26 bolagens
671 710 134 26 vinstmedel,
822 713 51 18 utan
890 710 61 21 äfven

193 751 77 20 genom
294 746 66 21 andra
381 745 44 21 lika
440 745 150 26 oberättigade
606 745 40 21 och
662 744 32 22 för
710 745 102 21 städerna
828 745 122 21 kränkande

193 779 161 27 bestämningar
377 781 55 19 samt
454 785 77 21 genom
547 779 121 26 smäaktiga
685 779 165 26 anmärkningar
866 779 48 21 med
930 782 21 24 ty

194 813 118 27 åtföljande
335 813 117 27 smäaktigt
474 814 201 26 reglementerande
698 813 135 22 beträffande
849 813 101 26 bolagens

194 847 130 27 förvaltning
346 848 39 21 och
410 848 151 21 användandet
576 847 23 22 af
613 847 63 22 deras
693 847 134 21 vinstmedel.
857 847 43 21 Det
915 847 37 27 lig-

193 887 39 21 ger
247 882 77 21 bakom
346 882 119 21 utskottets
481 882 72 21 beslut
568 882 6 20 i
591 882 69 21 denna
676 881 34 22 del
727 888 26 15 en
769 881 124 27 oförklarlig
908 882 43 21 ani-

192 916 90 21 mositet
305 918 57 19 emot
384 916 92 27 bolagen
500 916 40 21 och
557 916 222 21 stadskommunerna.
809 913 142 24 Erkännande

193 952 33 19 att
242 950 26 21 de
286 950 170 27 anmärkningar,
473 956 46 15 som
530 950 134 21 förnummits
675 950 91 21 rörande
779 950 101 26 bolagens
892 950 59 21 verk-

193 985 92 25 samhet,
302 985 54 20 varit
379 985 82 21 mindre
481 985 125 26 väsentliga,
631 984 122 21 framhäller
772 984 108 21 utskottet
896 984 54 21 dock

194 1018 50 27 sjelf
258 1019 70 20 såsom
345 1035 4 10 ,
352 1019 222 25 missförhållanden"
591 1019 69 26 några
676 1019 190 26 omständigheter,
881 1018 71 21 hvilka

193 1052 137 27 sannerligen
353 1053 48 20 icke
423 1053 68 20 heller
514 1053 72 20 kunna
609 1053 117 20 betecknas
751 1052 72 21 såsom
843 1054 66 19 annat
924 1055 27 18 än

193 1102 5 9 ,
201 1086 90 25 Mindre
314 1087 133 26 väsentliga"
471 1087 40 21 och
536 1087 70 20 hvilka
621 1087 110 20 dessutom
747 1086 32 21 till
795 1093 26 14 en
838 1086 34 21 del
888 1092 62 21 synas

193 1120 43 27 mig
256 1120 89 22 alldeles
364 1121 124 26 grundlösa,
510 1121 72 21 såsom
598 1122 62 20 t.ex.
678 1119 225 27 ,missförhällandet'
919 1122 33 20 att

193 1154 246 27 utskänkningsbolaget
457 1155 8 21 i
484 1154 134 27 Helsingfors
640 1155 39 21 har
699 1155 66 26 något
785 1154 59 22 öfver
859 1156 92 24 200,000

192 1188 62 21 mark
278 1188 22 22 af
320 1189 47 21 sina
383 1189 115 27 tillgängar
514 1189 106 27 nedlagda
636 1190 5 20 i
658 1189 141 26 stadsgärdar
816 1191 56 19 samt
887 1189 65 27 bygg-

193 1223 67 21 nader
281 1223 12 21 &
311 1224 134 26 Högholmen
465 1224 40 21 och
523 1224 93 21 Fölisön.
648 1224 39 21 Om
706 1224 87 26 bolaget
809 1223 22 21 af
845 1223 106 27 svärighe-

193 1259 36 19 ten
251 1259 33 19 att
303 1258 7 20 i
329 1258 56 20 vissa
401 1258 60 20 delar
477 1257 22 21 af
514 1258 75 21 staden
606 1258 72 21 kunna
693 1258 98 26 upphyra
805 1257 101 27 lämpliga
921 1257 30 21 lo-

192 1291 62 21 kaler
276 1291 33 21 för
332 1292 32 20 sin
387 1292 93 21 rörelses
504 1292 138 21 bedrifvande
665 1292 119 21 föranledts
801 1291 32 21 till
849 1291 65 27 inköp
931 1291 22 22 af

192 1324 136 27 fastigheter,
349 1326 66 21 borde
437 1326 74 21 derom
526 1326 144 26 förnuftigtvis
687 1326 48 21 icke
750 1326 73 20 kunna
839 1326 112 21 anmärkas

192 1359 74 27 nägot,
284 1360 125 20 aldraminst
425 1360 24 20 af
463 1360 53 24 dem,
533 1366 45 15 som
594 1360 86 22 förorda
697 1360 37 22 det
750 1360 151 26 Göteborgska
917 1366 34 21 sy-

192 1395 87 25 stemet,
300 1393 82 21 hvilket
397 1394 72 21 säsom
491 1396 32 19 ett
538 1394 93 21 conditio
648 1394 46 22 sine
710 1400 41 21 gva
766 1400 42 15 non
825 1394 125 26 uppställer,

191 1429 35 19 att
249 1428 269 26 utskänkningslokalerna
541 1428 61 22 skola
625 1435 51 15 vara
691 1428 62 27 ljusa,
770 1428 96 26 rymliga,
883 1428 69 21 sunda

263 1466 193 18 Ekonomiutskottets
469 1467 115 17 betänkande
598 1468 35 17 N:o
646 1468 16 17 3.
