1086 1700
227 107 14 19 4
380 104 83 22 Ständ.
481 104 38 22 Sv.
535 118 29 2 —-
580 104 74 28 Prop.
671 104 45 22 N:o
732 104 34 22 11.

270 171 49 22 Den
334 170 139 28 befogenhet,
494 176 46 16 som
551 170 8 22 i
570 170 105 22 afseende
686 170 14 22 å
712 170 135 28 distillering
858 170 40 22 och
908 170 44 22 för-

198 206 98 28 säljning
314 206 24 22 af
356 206 153 28 spritdrycker
525 206 135 22 tillkommer
676 206 172 28 stadskommun,
865 206 87 22 utöfvas

197 242 35 21 för
248 242 139 22 närvarande
402 242 8 20 i
426 242 56 27 stad,
499 242 40 21 der
555 241 204 28 stadsfullmäktige
773 242 78 27 finnas,
863 241 24 22 af
895 242 57 21 ordi-

198 278 62 21 narie
277 277 208 27 stadsfullmäktige.
516 277 56 21 Häri
587 276 97 23 föreslår
700 277 43 22 den
759 277 81 27 nådiga
855 277 97 27 proposi-

198 313 77 22 tionen
292 313 67 22 sådan
377 313 100 27 ändring,
495 315 32 19 att
543 313 197 27 handläggningen
751 312 25 22 af
785 312 79 28 frågan
875 319 33 15 om
919 315 33 19 ut-

197 349 157 27 minuterings-
370 349 40 21 och
426 349 274 27 utskänkningsställenas
716 349 61 21 antal
788 349 40 21 och
839 348 114 28 placering

198 384 74 22 skulle
286 384 138 28 öfverflyttas
436 384 13 22 å
459 384 124 22 förstärkte
594 384 210 28 stadsfullmäktige.
829 384 123 22 Ständerna

197 420 68 21 hafva
286 420 55 22 dock
362 420 35 22 för
421 420 34 22 sin
476 420 36 22 del
531 420 49 22 icke
596 420 86 22 kunnat
698 420 77 22 förena
791 420 36 27 sig
842 426 33 16 om
891 420 61 22 detta

197 456 92 27 förslag,
313 456 87 22 hvilket
423 456 50 22 icke
496 456 95 22 allenast
613 456 73 22 skulle
708 456 107 22 innebära
835 462 28 16 en
879 455 72 22 förän-

198 492 65 26 dring
284 491 24 22 af
327 493 27 20 25
376 491 13 29 &
410 492 7 20 i
444 492 81 26 nådiga
547 491 160 28 förordningen
731 492 43 22 den
799 494 13 18 8
831 492 121 21 December

199 529 56 20 1873
282 528 113 27 angående
418 527 263 28 kommunalförvaltning
699 528 8 20 i
726 528 55 26 stad,
800 528 40 21 och
867 527 85 21 tilldela

196 562 125 23 förstärkte
337 563 202 28 stadsfullmäktige
556 565 33 20 ett
604 563 35 22 för
656 564 65 21 deras
737 563 114 28 egentliga
864 562 88 28 uppgift

197 599 136 22 främmande
352 599 125 28 åliggande,
493 602 53 19 utan
562 599 42 22 ock
620 600 86 21 komme
722 601 33 20 att
772 599 98 22 medföra
885 598 65 27 prak-

196 635 61 21 tiska
282 635 146 28 svårigheter,
452 637 53 19 utan
529 637 33 20 att
586 635 92 28 erbjuda
698 637 73 20 större
791 635 105 22 säkerhet
916 634 36 21 för

196 671 96 21 nämnda
313 670 87 28 frågors
419 670 121 27 afgörande
556 671 7 21 i
580 671 231 22 öfverensstämmelse
827 671 49 21 med
893 670 58 22 hvad

196 706 162 27 nykterhetens
382 706 151 27 befrämjande
554 707 40 21 och
614 707 92 22 stadens
722 707 102 26 verkliga
840 707 110 21 intressen

196 742 96 27 påkalla.

269 814 49 21 Den
339 814 81 27 nådiga
441 814 164 27 propositionen
626 814 40 21 har
685 813 135 22 oförändrad
835 813 116 22 bibehållit

197 849 43 22 den
256 850 239 22 bränvinstillverkare
506 850 40 21 och
557 849 146 22 innehafvare
714 849 25 22 af
747 849 203 27 distilleringsverk

196 885 36 22 för
253 885 139 22 närvarande
413 885 165 22 tillkommande
601 887 47 20 rätt
664 887 34 20 att
714 885 123 22 oberoende
853 884 24 22 af
891 885 59 21 kom-

196 927 93 16 munens
305 920 132 28 begifvande
452 921 36 21 till
505 923 32 20 ett
554 921 164 26 minimibelopp
735 921 24 21 af
770 920 115 22 sextiofem
899 920 51 21 liter

196 956 37 22 vid
250 956 103 21 fabriken
368 956 92 27 försälja
476 957 34 21 sin
524 963 58 16 vara.
607 957 34 20 Då
656 956 124 22 emellertid
792 962 28 16 en
830 956 119 27 husbonde,

196 992 34 21 för
242 994 34 19 att
286 993 97 27 lagligen
394 992 23 21 få
428 992 120 22 innehafva
559 993 24 21 så
594 994 47 20 stor
650 993 111 26 qvantitet
770 992 101 27 bränvin,
881 993 69 20 måste

194 1027 70 22 hafva
280 1030 33 19 ett
328 1028 88 21 hushåll
430 1027 25 22 af
467 1028 60 22 elfva
537 1034 113 21 personer,
662 1034 46 15 som
720 1027 43 28 fylt
774 1028 97 27 tjuguett
881 1028 31 27 år,
925 1029 25 20 är

196 1063 38 22 det
249 1063 37 22 för
301 1064 42 21 den
358 1063 101 22 enskilde
477 1064 7 21 i
499 1063 26 22 de
536 1063 64 22 flesta
611 1063 40 22 fall
662 1064 97 27 ogörligt
770 1065 33 20 att
815 1063 136 22 annorlunda

195 1101 29 19 än
240 1105 80 21 genom
336 1099 133 27 förmedling
485 1099 24 21 af
522 1099 134 27 lönkrögare
673 1099 56 22 eller
746 1099 83 21 medels
843 1105 16 15 s.
875 1099 20 21 k.
907 1099 43 21 sal-

196 1134 55 28 ning
270 1135 50 21 från
335 1135 106 21 bränneri
457 1135 56 21 eller
529 1135 204 27 distilleringsverk
750 1135 85 21 erhålla
851 1135 99 22 bränvin.

194 1170 176 28 Ifrågavarande
385 1171 109 27 rättighet
510 1173 25 19 är
551 1171 99 28 sålunda,
667 1170 66 23 äfven
745 1177 34 15 om
792 1171 158 27 minimibelop-

194 1208 39 25 pet
256 1207 108 27 utjemnas
384 1207 35 21 till
435 1206 75 22 femtio
527 1207 57 27 liter,
602 1207 80 22 endast
698 1207 71 27 egnad
785 1208 33 20 att
833 1206 117 22 framkalla

194 1242 221 28 lagöfverträdelser,
436 1243 59 21 helst
512 1243 160 21 brännerierna
688 1242 47 22 ofta
751 1244 38 20 äro
805 1242 92 27 aflägset
913 1242 36 21 be-

194 1278 74 28 lägna,
290 1279 25 21 så
334 1280 33 20 att
382 1278 197 28 ordningsmakten
594 1278 20 28 ej
631 1279 44 21 kan
693 1278 77 22 utöfva
785 1278 104 22 verksam
904 1278 46 21 till-

194 1320 43 20 syn
254 1313 64 23 öfver
335 1314 54 22 dem.
421 1314 49 22 Den
485 1314 71 27 utsigt
570 1314 36 21 till
622 1316 73 20 större
711 1314 66 27 vinst,
790 1320 46 15 som
847 1314 102 27 erbjudes

194 1355 80 20 genom
290 1350 142 27 möjligheten
447 1351 34 20 att
496 1350 58 26 köpa
569 1356 69 16 varan
654 1350 36 21 för
705 1350 111 27 betydligt
829 1350 62 26 lägre
903 1350 46 26 pris

194 1386 28 20 än
243 1385 41 21 hos
299 1385 166 27 återförsäljare
486 1386 7 20 i
509 1386 56 27 stad,
582 1387 66 26 utgör
664 1386 111 22 dessutom
791 1391 28 16 en
835 1385 115 27 synnerlig
