1086 1700
312 117 82 22 Ständ.
412 118 38 21 Sv.
467 130 29 2 —
512 116 74 28 Prop.
602 116 44 22 N:o
663 117 37 22 16.
839 119 26 19 53

146 177 49 22 med
219 177 150 22 försummelse
393 178 56 21 eller
464 177 62 22 visar
541 177 43 21 han
600 177 97 27 ogenhet
713 177 56 21 eller
784 177 63 21 beter
863 177 34 27 sig

146 212 147 28 otillständigt
317 215 56 20 emot
395 213 155 27 allmänheten,
568 213 68 21 varde
652 215 79 25 genast
747 213 50 21 från
818 212 79 22 befatt-

146 248 82 28 ningen
244 248 58 22 skild
318 249 40 21 och
374 255 71 15 annan
461 248 196 28 försäljningsman
674 249 7 21 i
702 250 55 20 hans
774 249 65 21 ställe
855 248 42 22 till-

146 284 124 22 förordnad.

491 351 28 20 34
535 350 17 28 8.

218 391 26 27 Ej
262 391 34 21 mä
312 391 192 27 försäljningsman
521 391 24 21 af
558 392 83 26 köpare
652 392 75 21 fordra
737 398 66 21 mera,
816 393 28 19 än
855 391 42 22 den

147 433 89 20 summa,
253 427 69 21 hvarä
337 428 109 26 stämpeln
462 427 73 27 lyder;
552 428 52 21 sker
620 428 80 21 sädant
715 428 77 26 likväl,
804 433 93 15 ansvare

147 463 42 21 han
213 462 75 22 derför
312 463 70 21 säsom
406 463 34 21 för
464 464 65 26 olaga
552 463 100 27 uppbörd
676 464 40 20 och
739 470 53 15 vare
808 462 67 22 äfven
890 462 7 21 i

147 498 61 22 detta
224 498 40 22 fall
280 500 78 25 genast
373 498 50 22 frän
439 498 154 28 befattningen
610 499 65 21 skild.

493 566 27 20 35
538 564 18 29 $.

220 605 42 22 Vid
285 606 110 27 utgången
419 607 25 20 af
465 607 77 27 hvarje
567 607 57 21 halft
647 607 26 21 är
692 607 58 21 skall
770 607 40 20 allt
825 606 73 21 osäldt

147 641 141 22 kartaförräd
304 642 38 21 hos
359 643 26 20 de
401 644 95 26 antagne
513 643 238 27 försäljningsmännen
762 643 135 26 inventeras,

148 677 58 22 efter
230 677 146 28 förteckning,
401 685 45 15 som
471 678 49 21 dem
544 679 86 26 äligger
651 679 60 20 förut
726 679 22 20 in
766 678 64 26 duplo
846 684 51 20 upp-

147 715 65 26 rätta,
230 716 56 19 samt
302 714 57 21 hvad
375 714 64 21 deraf
453 715 39 20 hos
509 714 49 21 dem
574 716 26 19 är
615 715 7 20 i
633 714 75 21 behåll
722 714 36 21 till
769 715 64 20 nästa
843 713 54 21 half-

147 749 37 22 ärs
200 749 142 27 redovisning
357 751 158 20 utbalanseras.

216 785 66 22 Efter
292 786 100 21 anmälan
403 785 25 22 af
436 785 241 28 försäljningsmannen
689 785 106 22 förrättas
803 785 95 22 nämnda

150 821 140 27 inventering
314 822 12 20 &
346 821 109 28 tjenstens
480 823 84 26 vägnar
588 821 129 28 afgiftsfritt
739 821 26 21 af
778 821 38 22 tvä
832 820 65 27 magi-

149 858 175 25 stratspersoner
345 857 8 21 i
377 857 48 22 stad
448 859 57 20 samt
521 857 23 22 af
558 857 137 28 kronofogde
712 857 55 22 eller
783 857 54 21 hans
854 856 42 21 till-

149 892 130 23 förordnade
296 893 76 22 ombud
389 894 12 21 å
417 894 82 27 landet,
517 893 81 27 hvilka,
616 893 28 21 dä
660 893 27 21 de
703 893 40 21 allt
759 893 81 26 riktigt
851 892 46 22 fun-

149 929 38 26 nit,
204 929 29 26 pä
249 929 168 27 förteckningen
429 930 55 21 eller
495 929 312 27 inventeringsinstrumentet
818 928 79 21 sädant

149 965 112 26 bestyrka.
293 965 45 21 Och
362 965 56 22 skall
442 965 95 22 berörda
552 965 140 27 instrument,
710 965 72 21 säsom
797 963 100 23 verifika-

149 1000 46 21 tion
211 1000 35 22 för
263 1001 161 28 behällningen,
439 1001 68 28 jemte
524 1001 123 26 gvittanser
664 1001 12 21 ä
692 1000 152 23 inlevererade
855 1006 41 15 me-

149 1035 35 22 del
199 1035 86 28 bifogas
301 1036 250 28 försäljningsmannens
567 1037 149 26 redovisning,
737 1035 65 23 deraf
815 1037 82 20 tvenne

148 1071 120 28 exemplar,
293 1072 37 21 det
354 1078 41 15 ena
415 1072 34 22 för
473 1074 34 20 att
530 1073 7 20 i
554 1072 169 22 landskontoret
739 1071 101 22 förvaras
857 1071 40 21 och

148 1107 37 21 det
201 1107 69 21 andra
286 1109 34 20 att
334 1107 86 29 bifogas
436 1108 179 22 landskontorets
631 1108 97 27 räkning
743 1107 64 22 öfver
822 1107 75 21 karta-

149 1142 189 27 sigillatamedlen,
362 1144 67 22 innan
450 1144 43 22 den
519 1146 25 19 15
560 1144 127 28 päföljande
702 1144 47 21 Juli
761 1144 39 21 och
819 1144 24 20 15
861 1143 35 21 Ja-

148 1178 63 22 nuari
227 1179 35 21 till
278 1179 167 23 landskontoret
462 1180 109 22 afsändas.
602 1180 11 21 I
629 1186 72 16 annan
717 1180 112 26 händelse,
842 1179 55 21 eller

149 1214 39 22 der
211 1214 195 28 försäljningsman
429 1216 125 22 uraktläter
577 1219 33 19 att
630 1216 105 27 antingen
757 1215 141 27 inventering

147 1250 83 27 begära
246 1251 55 21 eller
322 1253 33 20 att
370 1252 57 21 inom
443 1254 70 20 utsatt
528 1252 33 21 tid
576 1252 143 27 redovisning
729 1251 98 27 insända,
839 1250 58 22 skall

148 1286 79 22 sädant
250 1293 65 15 anses
339 1288 71 21 säsom
432 1288 55 21 hade
509 1288 42 20 han
568 1287 80 22 försält
666 1288 40 21 allt
722 1288 37 21 det
775 1286 122 27 stämplade

148 1328 89 22 papper,
260 1322 42 22 han
326 1324 119 27 emottagit,
471 1325 57 20 samt
543 1324 113 26 betalning
673 1323 74 22 derför
763 1323 40 21 hos
819 1322 78 22 honom

147 1359 96 22 utsökas.
