1086 1700
246 116 27 20 36
416 113 83 23 Ständ.
516 113 38 22 Sv.
572 126 27 2 —
615 112 75 28 Prop.
708 112 45 22 N:o
770 112 36 22 16.

216 182 2 16 I

230 221 111 27 Räkning,
362 227 45 16 som
428 220 35 22 för
479 221 93 21 domstol
588 221 56 21 eller
660 221 39 21 hos
716 226 62 23 exe-
769 216 12 37 |

260 257 67 21 kutor
342 257 111 27 uppvisas,
469 257 103 22 karteras
582 256 36 22 till
629 257 46 21 lika
686 256 81 26 belopp
776 251 1 4 |

260 299 45 15 som
321 292 153 28 förskrifning.

228 328 137 28 Skuldsedel,
383 335 24 15 se
422 328 152 28 förskrifning.

230 364 142 22 Testamente
393 364 49 22 med
463 364 113 28 undantag
596 363 26 22 af
642 364 26 22 de
684 364 8 21 i
711 365 26 20 14
754 363 13 29 8

260 402 27 20 23
304 400 99 27 punkten
418 399 143 23 omförmälda
577 400 48 22 fall:

288 436 22 26 a)
334 436 14 21 å
374 436 105 27 egendom
503 436 49 22 med
576 436 41 22 full
634 436 133 27 eganderätt

319 472 41 21 och
375 472 28 21 då
418 472 46 21 viss
481 478 83 15 summa
579 472 7 21 i
602 472 124 27 penningar
741 473 26 19 är

320 510 76 26 utsatt,
419 508 102 22 karteras
546 508 47 21 lika
620 514 46 15 som
688 507 77 27 gåfvo-

215 553 2 16 |
318 543 59 28 bref;
399 550 49 16 men
469 546 25 19 är
510 544 19 27 ej
546 544 47 22 viss
610 550 83 16 summa
709 543 57 22 eller

318 581 58 21 visst
385 580 69 22 värde
465 581 76 26 utsatt,
552 580 133 21 bestämmes
697 581 68 20 stäm-

318 615 143 28 pelafgiftens
477 616 87 27 belopp,
581 615 58 22 efter
655 615 59 22 hvad
727 615 37 22 do-

316 657 82 22 maren,
418 651 49 22 med
487 651 105 22 afseende
607 652 14 21 ä
637 651 43 22 den
695 653 69 20 testa-

318 687 129 22 menterade
459 687 147 28 egendomens
616 687 76 27 värde,
704 686 60 27 pröf-

316 729 41 16 var
380 723 83 27 skäligt
486 723 60 22 ifrän
570 725 13 20 5
599 723 36 22 till
658 723 39 22 och
714 723 50 22 med

315 760 43 20 500
374 759 73 26 mark;
772 773 2 10 !

284 795 18 25 0)
329 795 13 21 &
365 795 105 27 egendom
493 795 71 21 under
587 795 78 21 endast
680 794 83 27 nyttjo-

315 832 52 26 rätt,
389 831 106 26 belägges
516 830 108 21 likaledes
646 831 58 21 efter
725 830 37 21 do-

213 866 2 24 |
316 873 87 14 marens
424 865 104 28 pröfning
548 866 50 21 med
614 866 148 27 stämpelpap-

213 916 2 11 |
317 908 40 20 per
372 901 50 22 frän
438 903 13 19 2
467 901 36 22 till
522 903 40 20 100
579 901 69 28 mark,
665 903 54 20 utan
729 900 32 22 af-

314 937 81 22 seende
412 937 59 27 derä,
489 943 34 16 om
538 937 57 22 visst
610 937 69 22 värde
689 937 8 21 i
708 943 53 20 pen-

213 971 1 29 |
315 973 79 27 ningar
415 975 26 19 är
455 975 70 19 utsatt
541 973 56 22 eller
612 973 55 22 icke.
698 972 64 21 Dock

317 1009 102 21 karteras
449 1008 210 22 fideikommissbref
690 1008 71 27 enligt

315 1044 186 27 nästföregäende
517 1044 71 27 punkt
603 1050 19 15 a.
770 1045 2 32 |

224 1079 132 27 Transport-
373 1081 55 20 eller
443 1079 196 23 öfverlätelsebref
652 1080 13 21 ä
681 1079 80 22 krono-

252 1115 104 27 rusthäll,
378 1116 170 21 kronohemman
569 1115 40 21 och
625 1115 69 21 andra
709 1115 51 21 kro-

254 1151 159 27 nolägenheter
423 1151 26 21 af
460 1151 59 22 hvad
535 1158 65 14 namn
616 1151 26 21 de
653 1156 54 17 vara
718 1150 43 28 mä,

252 1186 47 21 lika
314 1186 50 22 med
379 1186 112 28 köpebref.

211 1231 1 7 |
222 1222 78 26 Vexel,
317 1228 23 15 se
356 1221 152 28 förskrifning.

223 1252 228 34 Äktenskapsförord,
467 1258 29 21 dä
511 1258 46 22 viss
574 1264 82 16 summa
680 1259 8 21 i
705 1265 54 21 pen-

251 1293 80 27 ningar
353 1295 26 19 är
399 1294 106 27 bestämd,
528 1294 102 22 karteras
646 1294 47 22 lika
709 1294 51 22 med

253 1328 124 28 gäfvobref,
393 1335 50 15 men
457 1329 8 21 i
481 1331 67 19 annat
563 1329 41 21 fall

221 1358 206 34 Öfverlätelsebref,
443 1371 24 15 se
484 1365 168 27 transportbref.
