<?xml version="1.0" encoding="UTF-8"?>
<alto xmlns="http://www.loc.gov/standards/alto/ns-v3#" xmlns:xlink="http://www.w3.org/1999/xlink" xmlns:xsi="http://www.w3.org/2001/XMLSchema-instance" xsi:schemaLocation="http://www.loc.gov/standards/alto/ns-v3# http://www.loc.gov/alto/v3/alto-3-0.xsd">
	<Description>
		<MeasurementUnit>pixel</MeasurementUnit>
		<sourceImageInformation>
			<fileName>/tmp/tess_pcgwac4h_input.PNG</fileName>
		</sourceImageInformation>
		<OCRProcessing ID="OCR_0">
			<ocrProcessingStep>
				<processingSoftware>
					<softwareName>tesseract 5.3.4</softwareName>
				</processingSoftware>
			</ocrProcessingStep>
		</OCRProcessing>
	</Description>
	<Layout>
		<Page WIDTH="1086" HEIGHT="1700" PHYSICAL_IMG_NR="0" ID="page_0">
			<PrintSpace HPOS="0" VPOS="0" WIDTH="1086" HEIGHT="1700">
				<GraphicalElement ID="cblock_0" HPOS="0" VPOS="297" WIDTH="5" HEIGHT="567"></GraphicalElement >
				<ComposedBlock ID="cblock_1" HPOS="208" VPOS="133" WIDTH="509" HEIGHT="28">
					<TextBlock ID="block_0" HPOS="208" VPOS="133" WIDTH="509" HEIGHT="28">
						<TextLine ID="line_0" HPOS="208" VPOS="133" WIDTH="509" HEIGHT="28">
							<String ID="string_0" HPOS="208" VPOS="136" WIDTH="14" HEIGHT="19" WC="0.96" CONTENT="4"/><SP WIDTH="179" VPOS="136" HPOS="222"/>
							<String ID="string_1" HPOS="401" VPOS="133" WIDTH="30" HEIGHT="23" WC="0.91" CONTENT="U."/><SP WIDTH="16" VPOS="133" HPOS="431"/>
							<String ID="string_2" HPOS="447" VPOS="134" WIDTH="28" HEIGHT="22" WC="0.90" CONTENT="B."/><SP WIDTH="15" VPOS="134" HPOS="475"/>
							<String ID="string_3" HPOS="490" VPOS="146" WIDTH="29" HEIGHT="3" WC="0.91" CONTENT="—"/><SP WIDTH="14" VPOS="146" HPOS="519"/>
							<String ID="string_4" HPOS="533" VPOS="134" WIDTH="74" HEIGHT="27" WC="0.95" CONTENT="Prop."/><SP WIDTH="16" VPOS="134" HPOS="607"/>
							<String ID="string_5" HPOS="623" VPOS="134" WIDTH="44" HEIGHT="22" WC="0.96" CONTENT="N:o"/><SP WIDTH="15" VPOS="134" HPOS="667"/>
							<String ID="string_6" HPOS="682" VPOS="133" WIDTH="35" HEIGHT="22" WC="0.95" CONTENT="11."/>
						</TextLine>
					</TextBlock>
				</ComposedBlock>
				<ComposedBlock ID="cblock_2" HPOS="175" VPOS="198" WIDTH="765" HEIGHT="1024">
					<TextBlock ID="block_1" HPOS="177" VPOS="198" WIDTH="763" HEIGHT="546">
						<TextLine ID="line_1" HPOS="180" VPOS="198" WIDTH="758" HEIGHT="29">
							<String ID="string_7" HPOS="180" VPOS="200" WIDTH="46" HEIGHT="26" WC="0.96" CONTENT="slag"/><SP WIDTH="26" VPOS="200" HPOS="226"/>
							<String ID="string_8" HPOS="252" VPOS="200" WIDTH="42" HEIGHT="21" WC="0.96" CONTENT="den"/><SP WIDTH="24" VPOS="200" HPOS="294"/>
							<String ID="string_9" HPOS="318" VPOS="200" WIDTH="77" HEIGHT="21" WC="0.95" CONTENT="hittills"/><SP WIDTH="23" VPOS="200" HPOS="395"/>
							<String ID="string_10" HPOS="418" VPOS="200" WIDTH="99" HEIGHT="26" WC="0.96" CONTENT="gällande"/><SP WIDTH="24" VPOS="200" HPOS="517"/>
							<String ID="string_11" HPOS="541" VPOS="200" WIDTH="117" HEIGHT="27" WC="0.96" CONTENT="ordningen"/><SP WIDTH="21" VPOS="200" HPOS="658"/>
							<String ID="string_12" HPOS="679" VPOS="200" WIDTH="5" HEIGHT="20" WC="0.96" CONTENT="i"/><SP WIDTH="17" VPOS="200" HPOS="684"/>
							<String ID="string_13" HPOS="701" VPOS="198" WIDTH="61" HEIGHT="28" WC="0.96" CONTENT="fråga"/><SP WIDTH="16" VPOS="198" HPOS="762"/>
							<String ID="string_14" HPOS="778" VPOS="205" WIDTH="34" HEIGHT="15" WC="0.93" CONTENT="om"/><SP WIDTH="17" VPOS="205" HPOS="812"/>
							<String ID="string_15" HPOS="829" VPOS="199" WIDTH="109" HEIGHT="21" WC="0.91" CONTENT="bränvins-"/>
						</TextLine>
						<TextLine ID="line_2" HPOS="182" VPOS="233" WIDTH="756" HEIGHT="28">
							<String ID="string_16" HPOS="182" VPOS="234" WIDTH="156" HEIGHT="27" WC="0.91" CONTENT="handteringen"/><SP WIDTH="15" VPOS="234" HPOS="338"/>
							<String ID="string_17" HPOS="353" VPOS="234" WIDTH="70" HEIGHT="22" WC="0.93" CONTENT="blifvit"/><SP WIDTH="12" VPOS="234" HPOS="423"/>
							<String ID="string_18" HPOS="435" VPOS="234" WIDTH="7" HEIGHT="21" WC="0.96" CONTENT="i"/><SP WIDTH="16" VPOS="234" HPOS="442"/>
							<String ID="string_19" HPOS="458" VPOS="235" WIDTH="46" HEIGHT="21" WC="0.93" CONTENT="sina"/><SP WIDTH="11" VPOS="235" HPOS="504"/>
							<String ID="string_20" HPOS="515" VPOS="233" WIDTH="137" HEIGHT="28" WC="0.91" CONTENT="hufvuddrag"/><SP WIDTH="9" VPOS="233" HPOS="652"/>
							<String ID="string_21" HPOS="661" VPOS="234" WIDTH="132" HEIGHT="25" WC="0.96" CONTENT="bibehållen;"/><SP WIDTH="10" VPOS="234" HPOS="793"/>
							<String ID="string_22" HPOS="803" VPOS="234" WIDTH="26" HEIGHT="21" WC="0.97" CONTENT="de"/><SP WIDTH="8" VPOS="234" HPOS="829"/>
							<String ID="string_23" HPOS="837" VPOS="233" WIDTH="101" HEIGHT="27" WC="0.96" CONTENT="vidtagna"/>
						</TextLine>
						<TextLine ID="line_3" HPOS="180" VPOS="267" WIDTH="760" HEIGHT="29">
							<String ID="string_24" HPOS="180" VPOS="268" WIDTH="178" HEIGHT="28" WC="0.96" CONTENT="förändringarna"/><SP WIDTH="23" VPOS="268" HPOS="358"/>
							<String ID="string_25" HPOS="381" VPOS="268" WIDTH="69" HEIGHT="28" WC="0.96" CONTENT="åsyfta"/><SP WIDTH="21" VPOS="268" HPOS="450"/>
							<String ID="string_26" HPOS="471" VPOS="269" WIDTH="7" HEIGHT="21" WC="0.96" CONTENT="i"/><SP WIDTH="23" VPOS="269" HPOS="478"/>
							<String ID="string_27" HPOS="501" VPOS="268" WIDTH="117" HEIGHT="22" WC="0.74" CONTENT="allmänhet"/><SP WIDTH="21" VPOS="268" HPOS="618"/>
							<String ID="string_28" HPOS="639" VPOS="268" WIDTH="79" HEIGHT="22" WC="0.95" CONTENT="endast"/><SP WIDTH="20" VPOS="268" HPOS="718"/>
							<String ID="string_29" HPOS="738" VPOS="274" WIDTH="25" HEIGHT="16" WC="0.96" CONTENT="en"/><SP WIDTH="16" VPOS="274" HPOS="763"/>
							<String ID="string_30" HPOS="779" VPOS="268" WIDTH="124" HEIGHT="26" WC="0.95" CONTENT="utveckling"/><SP WIDTH="15" VPOS="268" HPOS="903"/>
							<String ID="string_31" HPOS="918" VPOS="267" WIDTH="22" HEIGHT="21" WC="0.96" CONTENT="af"/>
						</TextLine>
						<TextLine ID="line_4" HPOS="180" VPOS="302" WIDTH="758" HEIGHT="28">
							<String ID="string_32" HPOS="180" VPOS="303" WIDTH="26" HEIGHT="21" WC="0.96" CONTENT="de"/><SP WIDTH="16" VPOS="303" HPOS="206"/>
							<String ID="string_33" HPOS="222" VPOS="303" WIDTH="114" HEIGHT="27" WC="0.96" CONTENT="principer,"/><SP WIDTH="16" VPOS="303" HPOS="336"/>
							<String ID="string_34" HPOS="352" VPOS="310" WIDTH="46" HEIGHT="15" WC="0.96" CONTENT="som"/><SP WIDTH="15" VPOS="310" HPOS="398"/>
							<String ID="string_35" HPOS="413" VPOS="303" WIDTH="70" HEIGHT="22" WC="0.96" CONTENT="funnit"/><SP WIDTH="16" VPOS="303" HPOS="483"/>
							<String ID="string_36" HPOS="499" VPOS="304" WIDTH="31" HEIGHT="21" WC="0.96" CONTENT="sin"/><SP WIDTH="17" VPOS="304" HPOS="530"/>
							<String ID="string_37" HPOS="547" VPOS="303" WIDTH="138" HEIGHT="27" WC="0.96" CONTENT="tillämpning"/><SP WIDTH="11" VPOS="303" HPOS="685"/>
							<String ID="string_38" HPOS="696" VPOS="303" WIDTH="6" HEIGHT="21" WC="0.96" CONTENT="i"/><SP WIDTH="12" VPOS="303" HPOS="702"/>
							<String ID="string_39" HPOS="714" VPOS="304" WIDTH="53" HEIGHT="20" WC="0.96" CONTENT="1886"/><SP WIDTH="10" VPOS="304" HPOS="767"/>
							<String ID="string_40" HPOS="777" VPOS="303" WIDTH="34" HEIGHT="21" WC="0.93" CONTENT="års"/><SP WIDTH="7" VPOS="303" HPOS="811"/>
							<String ID="string_41" HPOS="818" VPOS="302" WIDTH="120" HEIGHT="22" WC="0.66" CONTENT="förordnin-"/>
						</TextLine>
						<TextLine ID="line_5" HPOS="180" VPOS="336" WIDTH="757" HEIGHT="29">
							<String ID="string_42" HPOS="180" VPOS="344" WIDTH="45" HEIGHT="20" WC="0.96" CONTENT="gar,"/><SP WIDTH="22" VPOS="344" HPOS="225"/>
							<String ID="string_43" HPOS="247" VPOS="338" WIDTH="89" HEIGHT="21" WC="0.96" CONTENT="hvarvid"/><SP WIDTH="15" VPOS="338" HPOS="336"/>
							<String ID="string_44" HPOS="351" VPOS="338" WIDTH="125" HEIGHT="27" WC="0.95" CONTENT="ytterligare"/><SP WIDTH="15" VPOS="338" HPOS="476"/>
							<String ID="string_45" HPOS="491" VPOS="338" WIDTH="151" HEIGHT="22" WC="0.96" CONTENT="restriktioner"/><SP WIDTH="15" VPOS="338" HPOS="642"/>
							<String ID="string_46" HPOS="657" VPOS="337" WIDTH="23" HEIGHT="22" WC="0.96" CONTENT="af"/><SP WIDTH="14" VPOS="337" HPOS="680"/>
							<String ID="string_47" HPOS="694" VPOS="338" WIDTH="70" HEIGHT="20" WC="0.96" CONTENT="större"/><SP WIDTH="15" VPOS="338" HPOS="764"/>
							<String ID="string_48" HPOS="779" VPOS="336" WIDTH="112" HEIGHT="28" WC="0.93" CONTENT="betydelse"/><SP WIDTH="16" VPOS="336" HPOS="891"/>
							<String ID="string_49" HPOS="907" VPOS="336" WIDTH="30" HEIGHT="22" WC="0.92" CONTENT="öf-"/>
						</TextLine>
						<TextLine ID="line_6" HPOS="179" VPOS="371" WIDTH="758" HEIGHT="23">
							<String ID="string_50" HPOS="179" VPOS="372" WIDTH="119" HEIGHT="22" WC="0.92" CONTENT="verbufvud"/><SP WIDTH="20" VPOS="372" HPOS="298"/>
							<String ID="string_51" HPOS="318" VPOS="372" WIDTH="115" HEIGHT="22" WC="0.92" CONTENT="undvikits."/><SP WIDTH="30" VPOS="372" HPOS="433"/>
							<String ID="string_52" HPOS="463" VPOS="373" WIDTH="72" HEIGHT="21" WC="0.92" CONTENT="Jemte"/><SP WIDTH="18" VPOS="373" HPOS="535"/>
							<String ID="string_53" HPOS="553" VPOS="373" WIDTH="37" HEIGHT="21" WC="0.96" CONTENT="det"/><SP WIDTH="15" VPOS="373" HPOS="590"/>
							<String ID="string_54" HPOS="605" VPOS="372" WIDTH="110" HEIGHT="22" WC="0.96" CONTENT="utskottet"/><SP WIDTH="15" VPOS="372" HPOS="715"/>
							<String ID="string_55" HPOS="730" VPOS="371" WIDTH="62" HEIGHT="22" WC="0.96" CONTENT="äfven"/><SP WIDTH="15" VPOS="371" HPOS="792"/>
							<String ID="string_56" HPOS="807" VPOS="371" WIDTH="33" HEIGHT="22" WC="0.96" CONTENT="för"/><SP WIDTH="15" VPOS="371" HPOS="840"/>
							<String ID="string_57" HPOS="855" VPOS="372" WIDTH="34" HEIGHT="21" WC="0.96" CONTENT="sin"/><SP WIDTH="15" VPOS="372" HPOS="889"/>
							<String ID="string_58" HPOS="904" VPOS="371" WIDTH="33" HEIGHT="21" WC="0.96" CONTENT="del"/>
						</TextLine>
						<TextLine ID="line_7" HPOS="181" VPOS="406" WIDTH="754" HEIGHT="28">
							<String ID="string_59" HPOS="181" VPOS="412" WIDTH="65" HEIGHT="16" WC="0.95" CONTENT="anser"/><SP WIDTH="22" VPOS="412" HPOS="246"/>
							<String ID="string_60" HPOS="268" VPOS="407" WIDTH="66" HEIGHT="27" WC="0.95" CONTENT="något"/><SP WIDTH="20" VPOS="407" HPOS="334"/>
							<String ID="string_61" HPOS="354" VPOS="406" WIDTH="101" HEIGHT="22" WC="0.96" CONTENT="afseende"/><SP WIDTH="15" VPOS="406" HPOS="455"/>
							<String ID="string_62" HPOS="470" VPOS="407" WIDTH="33" HEIGHT="21" WC="0.96" CONTENT="för"/><SP WIDTH="14" VPOS="407" HPOS="503"/>
							<String ID="string_63" HPOS="517" VPOS="407" WIDTH="135" HEIGHT="21" WC="0.96" CONTENT="närvarande"/><SP WIDTH="16" VPOS="407" HPOS="652"/>
							<String ID="string_64" HPOS="668" VPOS="407" WIDTH="48" HEIGHT="21" WC="0.96" CONTENT="icke"/><SP WIDTH="15" VPOS="407" HPOS="716"/>
							<String ID="string_65" HPOS="731" VPOS="406" WIDTH="73" HEIGHT="21" WC="0.96" CONTENT="kunna"/><SP WIDTH="15" VPOS="406" HPOS="804"/>
							<String ID="string_66" HPOS="819" VPOS="406" WIDTH="68" HEIGHT="21" WC="0.96" CONTENT="fästas"/><SP WIDTH="15" VPOS="406" HPOS="887"/>
							<String ID="string_67" HPOS="902" VPOS="406" WIDTH="33" HEIGHT="20" WC="0.96" CONTENT="vid"/>
						</TextLine>
						<TextLine ID="line_8" HPOS="179" VPOS="440" WIDTH="759" HEIGHT="28">
							<String ID="string_68" HPOS="179" VPOS="442" WIDTH="25" HEIGHT="20" WC="0.93" CONTENT="de"/><SP WIDTH="14" VPOS="442" HPOS="204"/>
							<String ID="string_69" HPOS="218" VPOS="441" WIDTH="82" HEIGHT="27" WC="0.93" CONTENT="jemväl"/><SP WIDTH="15" VPOS="441" HPOS="300"/>
							<String ID="string_70" HPOS="315" VPOS="442" WIDTH="68" HEIGHT="21" WC="0.96" CONTENT="under"/><SP WIDTH="14" VPOS="442" HPOS="383"/>
							<String ID="string_71" HPOS="397" VPOS="442" WIDTH="144" HEIGHT="21" WC="0.93" CONTENT="innevarande"/><SP WIDTH="16" VPOS="442" HPOS="541"/>
							<String ID="string_72" HPOS="557" VPOS="441" WIDTH="103" HEIGHT="27" WC="0.91" CONTENT="landtdag"/><SP WIDTH="11" VPOS="441" HPOS="660"/>
							<String ID="string_73" HPOS="671" VPOS="440" WIDTH="135" HEIGHT="22" WC="0.96" CONTENT="framställda"/><SP WIDTH="9" VPOS="440" HPOS="806"/>
							<String ID="string_74" HPOS="815" VPOS="440" WIDTH="123" HEIGHT="28" WC="0.95" CONTENT="yrkandena"/>
						</TextLine>
						<TextLine ID="line_9" HPOS="177" VPOS="475" WIDTH="760" HEIGHT="28">
							<String ID="string_75" HPOS="177" VPOS="476" WIDTH="32" HEIGHT="26" WC="0.96" CONTENT="på"/><SP WIDTH="22" VPOS="476" HPOS="209"/>
							<String ID="string_76" HPOS="231" VPOS="475" WIDTH="112" HEIGHT="22" WC="0.95" CONTENT="införande"/><SP WIDTH="22" VPOS="475" HPOS="343"/>
							<String ID="string_77" HPOS="365" VPOS="476" WIDTH="23" HEIGHT="22" WC="0.95" CONTENT="af"/><SP WIDTH="21" VPOS="476" HPOS="388"/>
							<String ID="string_78" HPOS="409" VPOS="482" WIDTH="26" HEIGHT="16" WC="0.95" CONTENT="en"/><SP WIDTH="20" VPOS="482" HPOS="435"/>
							<String ID="string_79" HPOS="455" VPOS="476" WIDTH="126" HEIGHT="27" WC="0.92" CONTENT="fullständig"/><SP WIDTH="19" VPOS="476" HPOS="581"/>
							<String ID="string_80" HPOS="600" VPOS="475" WIDTH="131" HEIGHT="27" WC="0.91" CONTENT="förbudslag,"/><SP WIDTH="16" VPOS="475" HPOS="731"/>
							<String ID="string_81" HPOS="747" VPOS="475" WIDTH="68" HEIGHT="21" WC="0.95" CONTENT="håller"/><SP WIDTH="15" VPOS="475" HPOS="815"/>
							<String ID="string_82" HPOS="830" VPOS="475" WIDTH="107" HEIGHT="21" WC="0.96" CONTENT="utskottet"/>
						</TextLine>
						<TextLine ID="line_10" HPOS="178" VPOS="509" WIDTH="759" HEIGHT="28">
							<String ID="string_83" HPOS="178" VPOS="510" WIDTH="64" HEIGHT="22" WC="0.95" CONTENT="likväl"/><SP WIDTH="24" VPOS="510" HPOS="242"/>
							<String ID="string_84" HPOS="266" VPOS="510" WIDTH="52" HEIGHT="27" WC="0.95" CONTENT="före,"/><SP WIDTH="21" VPOS="510" HPOS="318"/>
							<String ID="string_85" HPOS="339" VPOS="512" WIDTH="33" HEIGHT="20" WC="0.96" CONTENT="att"/><SP WIDTH="16" VPOS="512" HPOS="372"/>
							<String ID="string_86" HPOS="388" VPOS="511" WIDTH="26" HEIGHT="21" WC="0.96" CONTENT="de"/><SP WIDTH="16" VPOS="511" HPOS="414"/>
							<String ID="string_87" HPOS="430" VPOS="510" WIDTH="95" HEIGHT="22" WC="0.96" CONTENT="faktiska"/><SP WIDTH="15" VPOS="510" HPOS="525"/>
							<String ID="string_88" HPOS="540" VPOS="510" WIDTH="163" HEIGHT="22" WC="0.96" CONTENT="förhållandena"/><SP WIDTH="15" VPOS="510" HPOS="703"/>
							<String ID="string_89" HPOS="718" VPOS="510" WIDTH="41" HEIGHT="21" WC="0.96" CONTENT="och"/><SP WIDTH="16" VPOS="510" HPOS="759"/>
							<String ID="string_90" HPOS="775" VPOS="510" WIDTH="40" HEIGHT="21" WC="0.96" CONTENT="den"/><SP WIDTH="17" VPOS="510" HPOS="815"/>
							<String ID="string_91" HPOS="832" VPOS="509" WIDTH="105" HEIGHT="21" WC="0.96" CONTENT="allmänna"/>
						</TextLine>
						<TextLine ID="line_11" HPOS="177" VPOS="544" WIDTH="760" HEIGHT="28">
							<String ID="string_92" HPOS="177" VPOS="545" WIDTH="114" HEIGHT="26" WC="0.95" CONTENT="meningen"/><SP WIDTH="15" VPOS="545" HPOS="291"/>
							<String ID="string_93" HPOS="306" VPOS="546" WIDTH="8" HEIGHT="20" WC="0.96" CONTENT="i"/><SP WIDTH="15" VPOS="546" HPOS="314"/>
							<String ID="string_94" HPOS="329" VPOS="545" WIDTH="74" HEIGHT="21" WC="0.96" CONTENT="landet"/><SP WIDTH="14" VPOS="545" HPOS="403"/>
							<String ID="string_95" HPOS="417" VPOS="546" WIDTH="31" HEIGHT="20" WC="0.96" CONTENT="uti"/><SP WIDTH="16" VPOS="546" HPOS="448"/>
							<String ID="string_96" HPOS="464" VPOS="545" WIDTH="57" HEIGHT="21" WC="0.90" CONTENT="vissa"/><SP WIDTH="16" VPOS="545" HPOS="521"/>
							<String ID="string_97" HPOS="537" VPOS="545" WIDTH="116" HEIGHT="21" WC="0.90" CONTENT="afseenden"/><SP WIDTH="17" VPOS="545" HPOS="653"/>
							<String ID="string_98" HPOS="670" VPOS="545" WIDTH="18" HEIGHT="27" WC="0.93" CONTENT="ej"/><SP WIDTH="16" VPOS="545" HPOS="688"/>
							<String ID="string_99" HPOS="704" VPOS="544" WIDTH="93" HEIGHT="22" WC="0.91" CONTENT="allenast"/><SP WIDTH="14" VPOS="544" HPOS="797"/>
							<String ID="string_100" HPOS="811" VPOS="544" WIDTH="126" HEIGHT="27" WC="0.96" CONTENT="möjliggöra"/>
						</TextLine>
						<TextLine ID="line_12" HPOS="178" VPOS="578" WIDTH="760" HEIGHT="29">
							<String ID="string_101" HPOS="178" VPOS="581" WIDTH="52" HEIGHT="20" WC="0.95" CONTENT="utan"/><SP WIDTH="23" VPOS="581" HPOS="230"/>
							<String ID="string_102" HPOS="253" VPOS="579" WIDTH="62" HEIGHT="22" WC="0.96" CONTENT="äfven"/><SP WIDTH="23" VPOS="579" HPOS="315"/>
							<String ID="string_103" HPOS="338" VPOS="580" WIDTH="87" HEIGHT="27" WC="0.96" CONTENT="påkalla"/><SP WIDTH="22" VPOS="580" HPOS="425"/>
							<String ID="string_104" HPOS="447" VPOS="580" WIDTH="65" HEIGHT="27" WC="0.96" CONTENT="något"/><SP WIDTH="20" VPOS="580" HPOS="512"/>
							<String ID="string_105" HPOS="532" VPOS="580" WIDTH="74" HEIGHT="27" WC="0.96" CONTENT="längre"/><SP WIDTH="16" VPOS="580" HPOS="606"/>
							<String ID="string_106" HPOS="622" VPOS="580" WIDTH="82" HEIGHT="27" WC="0.96" CONTENT="gående"/><SP WIDTH="17" VPOS="580" HPOS="704"/>
							<String ID="string_107" HPOS="721" VPOS="579" WIDTH="102" HEIGHT="27" WC="0.96" CONTENT="åtgärder"/><SP WIDTH="14" VPOS="579" HPOS="823"/>
							<String ID="string_108" HPOS="837" VPOS="579" WIDTH="7" HEIGHT="20" WC="0.96" CONTENT="i"/><SP WIDTH="17" VPOS="579" HPOS="844"/>
							<String ID="string_109" HPOS="861" VPOS="579" WIDTH="40" HEIGHT="21" WC="0.96" CONTENT="den"/><SP WIDTH="15" VPOS="579" HPOS="901"/>
							<String ID="string_110" HPOS="916" VPOS="578" WIDTH="22" HEIGHT="21" WC="0.96" CONTENT="af"/>
						</TextLine>
						<TextLine ID="line_13" HPOS="178" VPOS="613" WIDTH="757" HEIGHT="28">
							<String ID="string_111" HPOS="178" VPOS="613" WIDTH="162" HEIGHT="28" WC="0.96" CONTENT="lagstiftningen"/><SP WIDTH="16" VPOS="613" HPOS="340"/>
							<String ID="string_112" HPOS="356" VPOS="614" WIDTH="98" HEIGHT="27" WC="0.96" CONTENT="inslagna"/><SP WIDTH="15" VPOS="614" HPOS="454"/>
							<String ID="string_113" HPOS="469" VPOS="615" WIDTH="121" HEIGHT="26" WC="0.96" CONTENT="riktningen"/><SP WIDTH="13" VPOS="615" HPOS="590"/>
							<String ID="string_114" HPOS="603" VPOS="614" WIDTH="31" HEIGHT="21" WC="0.93" CONTENT="till"/><SP WIDTH="11" VPOS="614" HPOS="634"/>
							<String ID="string_115" HPOS="645" VPOS="614" WIDTH="154" HEIGHT="27" WC="0.91" CONTENT="nykterhetens"/><SP WIDTH="12" VPOS="614" HPOS="799"/>
							<String ID="string_116" HPOS="811" VPOS="613" WIDTH="124" HEIGHT="28" WC="0.96" CONTENT="främjande,"/>
						</TextLine>
						<TextLine ID="line_14" HPOS="178" VPOS="647" WIDTH="758" HEIGHT="29">
							<String ID="string_117" HPOS="178" VPOS="651" WIDTH="26" HEIGHT="18" WC="0.96" CONTENT="än"/><SP WIDTH="16" VPOS="651" HPOS="204"/>
							<String ID="string_118" HPOS="220" VPOS="648" WIDTH="57" HEIGHT="21" WC="0.95" CONTENT="hvad"/><SP WIDTH="15" VPOS="648" HPOS="277"/>
							<String ID="string_119" HPOS="292" VPOS="649" WIDTH="6" HEIGHT="20" WC="0.95" CONTENT="i"/><SP WIDTH="15" VPOS="649" HPOS="298"/>
							<String ID="string_120" HPOS="313" VPOS="649" WIDTH="162" HEIGHT="27" WC="0.96" CONTENT="propositionen"/><SP WIDTH="14" VPOS="649" HPOS="475"/>
							<String ID="string_121" HPOS="489" VPOS="649" WIDTH="129" HEIGHT="26" WC="0.93" CONTENT="föreslagits,"/><SP WIDTH="18" VPOS="649" HPOS="618"/>
							<String ID="string_122" HPOS="636" VPOS="648" WIDTH="99" HEIGHT="22" WC="0.91" CONTENT="hvarföre"/><SP WIDTH="15" VPOS="648" HPOS="735"/>
							<String ID="string_123" HPOS="750" VPOS="648" WIDTH="57" HEIGHT="21" WC="0.93" CONTENT="vissa"/><SP WIDTH="10" VPOS="648" HPOS="807"/>
							<String ID="string_124" HPOS="817" VPOS="647" WIDTH="119" HEIGHT="22" WC="0.91" CONTENT="förändrin-"/>
						</TextLine>
						<TextLine ID="line_15" HPOS="177" VPOS="682" WIDTH="761" HEIGHT="29">
							<String ID="string_125" HPOS="177" VPOS="689" WIDTH="39" HEIGHT="20" WC="0.96" CONTENT="gar"/><SP WIDTH="20" VPOS="689" HPOS="216"/>
							<String ID="string_126" HPOS="236" VPOS="682" WIDTH="23" HEIGHT="22" WC="0.93" CONTENT="af"/><SP WIDTH="18" VPOS="682" HPOS="259"/>
							<String ID="string_127" HPOS="277" VPOS="683" WIDTH="172" HEIGHT="27" WC="0.91" CONTENT="propositionens"/><SP WIDTH="22" VPOS="683" HPOS="449"/>
							<String ID="string_128" HPOS="471" VPOS="683" WIDTH="161" HEIGHT="28" WC="0.96" CONTENT="bestämningar"/><SP WIDTH="16" VPOS="683" HPOS="632"/>
							<String ID="string_129" HPOS="648" VPOS="683" WIDTH="6" HEIGHT="21" WC="0.96" CONTENT="i"/><SP WIDTH="16" VPOS="683" HPOS="654"/>
							<String ID="string_130" HPOS="670" VPOS="683" WIDTH="78" HEIGHT="21" WC="0.96" CONTENT="sådant"/><SP WIDTH="15" VPOS="683" HPOS="748"/>
							<String ID="string_131" HPOS="763" VPOS="682" WIDTH="54" HEIGHT="28" WC="0.96" CONTENT="syfte"/><SP WIDTH="17" VPOS="682" HPOS="817"/>
							<String ID="string_132" HPOS="834" VPOS="682" WIDTH="67" HEIGHT="22" WC="0.96" CONTENT="blifvit"/><SP WIDTH="15" VPOS="682" HPOS="901"/>
							<String ID="string_133" HPOS="916" VPOS="682" WIDTH="22" HEIGHT="21" WC="0.96" CONTENT="af"/>
						</TextLine>
						<TextLine ID="line_16" HPOS="177" VPOS="717" WIDTH="230" HEIGHT="27">
							<String ID="string_134" HPOS="177" VPOS="717" WIDTH="109" HEIGHT="22" WC="0.96" CONTENT="utskottet"/><SP WIDTH="14" VPOS="717" HPOS="286"/>
							<String ID="string_135" HPOS="300" VPOS="718" WIDTH="107" HEIGHT="26" WC="0.96" CONTENT="vidtagna."/>
						</TextLine>
					</TextBlock>
					<TextBlock ID="block_2" HPOS="175" VPOS="747" WIDTH="761" HEIGHT="475">
						<TextLine ID="line_17" HPOS="245" VPOS="747" WIDTH="690" HEIGHT="26">
							<String ID="string_136" HPOS="245" VPOS="747" WIDTH="68" HEIGHT="26" WC="0.96" CONTENT="Äfven"/><SP WIDTH="24" VPOS="747" HPOS="313"/>
							<String ID="string_137" HPOS="337" VPOS="753" WIDTH="6" HEIGHT="20" WC="0.96" CONTENT="i"/><SP WIDTH="22" VPOS="753" HPOS="343"/>
							<String ID="string_138" HPOS="365" VPOS="752" WIDTH="107" HEIGHT="21" WC="0.96" CONTENT="särskilda"/><SP WIDTH="20" VPOS="752" HPOS="472"/>
							<String ID="string_139" HPOS="492" VPOS="753" WIDTH="67" HEIGHT="20" WC="0.93" CONTENT="andra"/><SP WIDTH="15" VPOS="753" HPOS="559"/>
							<String ID="string_140" HPOS="574" VPOS="751" WIDTH="117" HEIGHT="22" WC="0.92" CONTENT="afseenden"/><SP WIDTH="17" VPOS="751" HPOS="691"/>
							<String ID="string_141" HPOS="708" VPOS="758" WIDTH="63" HEIGHT="15" WC="0.96" CONTENT="anser"/><SP WIDTH="15" VPOS="758" HPOS="771"/>
							<String ID="string_142" HPOS="786" VPOS="752" WIDTH="108" HEIGHT="21" WC="0.96" CONTENT="utskottet"/><SP WIDTH="15" VPOS="752" HPOS="894"/>
							<String ID="string_143" HPOS="909" VPOS="751" WIDTH="26" HEIGHT="22" WC="0.96" CONTENT="de"/>
						</TextLine>
						<TextLine ID="line_18" HPOS="178" VPOS="785" WIDTH="757" HEIGHT="28">
							<String ID="string_144" HPOS="178" VPOS="785" WIDTH="148" HEIGHT="28" WC="0.96" CONTENT="föreliggande"/><SP WIDTH="16" VPOS="785" HPOS="326"/>
							<String ID="string_145" HPOS="342" VPOS="785" WIDTH="141" HEIGHT="28" WC="0.96" CONTENT="lagförslagen"/><SP WIDTH="17" VPOS="785" HPOS="483"/>
							<String ID="string_146" HPOS="500" VPOS="787" WIDTH="47" HEIGHT="21" WC="0.96" CONTENT="icke"/><SP WIDTH="16" VPOS="787" HPOS="547"/>
							<String ID="string_147" HPOS="563" VPOS="787" WIDTH="53" HEIGHT="21" WC="0.96" CONTENT="böra"/><SP WIDTH="16" VPOS="787" HPOS="616"/>
							<String ID="string_148" HPOS="632" VPOS="786" WIDTH="22" HEIGHT="22" WC="0.93" CONTENT="af"/><SP WIDTH="10" VPOS="786" HPOS="654"/>
							<String ID="string_149" HPOS="664" VPOS="786" WIDTH="121" HEIGHT="22" WC="0.91" CONTENT="Ständerna"/><SP WIDTH="9" VPOS="786" HPOS="785"/>
							<String ID="string_150" HPOS="794" VPOS="786" WIDTH="141" HEIGHT="21" WC="0.96" CONTENT="oförändrade"/>
						</TextLine>
						<TextLine ID="line_19" HPOS="179" VPOS="820" WIDTH="756" HEIGHT="27">
							<String ID="string_151" HPOS="179" VPOS="821" WIDTH="99" HEIGHT="26" WC="0.90" CONTENT="antagas."/><SP WIDTH="22" VPOS="821" HPOS="278"/>
							<String ID="string_152" HPOS="300" VPOS="821" WIDTH="33" HEIGHT="21" WC="0.96" CONTENT="De"/><SP WIDTH="16" VPOS="821" HPOS="333"/>
							<String ID="string_153" HPOS="349" VPOS="820" WIDTH="155" HEIGHT="27" WC="0.96" CONTENT="förändringar,"/><SP WIDTH="16" VPOS="820" HPOS="504"/>
							<String ID="string_154" HPOS="520" VPOS="821" WIDTH="73" HEIGHT="21" WC="0.96" CONTENT="hvilka"/><SP WIDTH="15" VPOS="821" HPOS="593"/>
							<String ID="string_155" HPOS="608" VPOS="821" WIDTH="90" HEIGHT="22" WC="0.96" CONTENT="sålunda"/><SP WIDTH="12" VPOS="821" HPOS="698"/>
							<String ID="string_156" HPOS="710" VPOS="821" WIDTH="129" HEIGHT="26" WC="0.96" CONTENT="föreslagits,"/><SP WIDTH="9" VPOS="821" HPOS="839"/>
							<String ID="string_157" HPOS="848" VPOS="820" WIDTH="87" HEIGHT="22" WC="0.96" CONTENT="hänföra"/>
						</TextLine>
						<TextLine ID="line_20" HPOS="177" VPOS="855" WIDTH="758" HEIGHT="28">
							<String ID="string_158" HPOS="177" VPOS="855" WIDTH="34" HEIGHT="27" WC="0.96" CONTENT="sig"/><SP WIDTH="18" VPOS="855" HPOS="211"/>
							<String ID="string_159" HPOS="229" VPOS="855" WIDTH="179" HEIGHT="26" WC="0.96" CONTENT="hufvudsakligen"/><SP WIDTH="17" VPOS="855" HPOS="408"/>
							<String ID="string_160" HPOS="425" VPOS="855" WIDTH="32" HEIGHT="22" WC="0.96" CONTENT="till"/><SP WIDTH="16" VPOS="855" HPOS="457"/>
							<String ID="string_161" HPOS="473" VPOS="855" WIDTH="93" HEIGHT="28" WC="0.96" CONTENT="följande"/><SP WIDTH="16" VPOS="855" HPOS="566"/>
							<String ID="string_162" HPOS="582" VPOS="855" WIDTH="81" HEIGHT="27" WC="0.93" CONTENT="frågor:"/><SP WIDTH="17" VPOS="855" HPOS="663"/>
							<String ID="string_163" HPOS="680" VPOS="855" WIDTH="130" HEIGHT="27" WC="0.92" CONTENT="utvidgande"/><SP WIDTH="16" VPOS="855" HPOS="810"/>
							<String ID="string_164" HPOS="826" VPOS="855" WIDTH="23" HEIGHT="21" WC="0.93" CONTENT="af"/><SP WIDTH="13" VPOS="855" HPOS="849"/>
							<String ID="string_165" HPOS="862" VPOS="855" WIDTH="73" HEIGHT="21" WC="0.92" CONTENT="veder-"/>
						</TextLine>
						<TextLine ID="line_21" HPOS="178" VPOS="889" WIDTH="758" HEIGHT="23">
							<String ID="string_166" HPOS="178" VPOS="889" WIDTH="96" HEIGHT="22" WC="0.91" CONTENT="börande"/><SP WIDTH="20" VPOS="889" HPOS="274"/>
							<String ID="string_167" HPOS="294" VPOS="890" WIDTH="137" HEIGHT="21" WC="0.96" CONTENT="kommuners"/><SP WIDTH="15" VPOS="890" HPOS="431"/>
							<String ID="string_168" HPOS="446" VPOS="892" WIDTH="45" HEIGHT="19" WC="0.96" CONTENT="rätt"/><SP WIDTH="15" VPOS="892" HPOS="491"/>
							<String ID="string_169" HPOS="506" VPOS="892" WIDTH="33" HEIGHT="19" WC="0.96" CONTENT="att"/><SP WIDTH="15" VPOS="892" HPOS="539"/>
							<String ID="string_170" HPOS="554" VPOS="890" WIDTH="120" HEIGHT="22" WC="0.96" CONTENT="bestämma"/><SP WIDTH="15" VPOS="890" HPOS="674"/>
							<String ID="string_171" HPOS="689" VPOS="896" WIDTH="34" HEIGHT="15" WC="0.93" CONTENT="om"/><SP WIDTH="16" VPOS="896" HPOS="723"/>
							<String ID="string_172" HPOS="739" VPOS="890" WIDTH="197" HEIGHT="21" WC="0.92" CONTENT="bränvinstillverk-"/>
						</TextLine>
						<TextLine ID="line_22" HPOS="177" VPOS="921" WIDTH="758" HEIGHT="31">
							<String ID="string_173" HPOS="177" VPOS="924" WIDTH="51" HEIGHT="27" WC="0.96" CONTENT="ning"/><SP WIDTH="15" VPOS="924" HPOS="228"/>
							<String ID="string_174" HPOS="243" VPOS="925" WIDTH="40" HEIGHT="21" WC="0.96" CONTENT="och"/><SP WIDTH="16" VPOS="925" HPOS="283"/>
							<String ID="string_175" HPOS="299" VPOS="924" WIDTH="125" HEIGHT="28" WC="0.96" CONTENT="försäljning"/><SP WIDTH="16" VPOS="924" HPOS="424"/>
							<String ID="string_176" HPOS="440" VPOS="925" WIDTH="56" HEIGHT="22" WC="0.96" CONTENT="inom"/><SP WIDTH="15" VPOS="925" HPOS="496"/>
							<String ID="string_177" HPOS="511" VPOS="921" WIDTH="140" HEIGHT="26" WC="0.96" CONTENT="kommunens"/><SP WIDTH="18" VPOS="921" HPOS="651"/>
							<String ID="string_178" HPOS="669" VPOS="925" WIDTH="97" HEIGHT="26" WC="0.96" CONTENT="område;"/><SP WIDTH="16" VPOS="925" HPOS="766"/>
							<String ID="string_179" HPOS="782" VPOS="925" WIDTH="153" HEIGHT="26" WC="0.96" CONTENT="inskränkning"/>
						</TextLine>
						<TextLine ID="line_23" HPOS="176" VPOS="959" WIDTH="758" HEIGHT="27">
							<String ID="string_180" HPOS="176" VPOS="959" WIDTH="6" HEIGHT="20" WC="0.92" CONTENT="i"/><SP WIDTH="25" VPOS="959" HPOS="182"/>
							<String ID="string_181" HPOS="207" VPOS="959" WIDTH="236" HEIGHT="22" WC="0.90" CONTENT="bränvinstillverkares"/><SP WIDTH="24" VPOS="959" HPOS="443"/>
							<String ID="string_182" HPOS="467" VPOS="960" WIDTH="40" HEIGHT="21" WC="0.90" CONTENT="och"/><SP WIDTH="22" VPOS="960" HPOS="507"/>
							<String ID="string_183" HPOS="529" VPOS="959" WIDTH="150" HEIGHT="22" WC="0.90" CONTENT="innehafvares"/><SP WIDTH="24" VPOS="959" HPOS="679"/>
							<String ID="string_184" HPOS="703" VPOS="959" WIDTH="22" HEIGHT="22" WC="0.91" CONTENT="af"/><SP WIDTH="18" VPOS="959" HPOS="725"/>
							<String ID="string_185" HPOS="743" VPOS="959" WIDTH="191" HEIGHT="27" WC="0.91" CONTENT="distilleringsverk"/>
						</TextLine>
						<TextLine ID="line_24" HPOS="176" VPOS="993" WIDTH="757" HEIGHT="28">
							<String ID="string_186" HPOS="176" VPOS="995" WIDTH="45" HEIGHT="19" WC="0.96" CONTENT="rätt"/><SP WIDTH="23" VPOS="995" HPOS="221"/>
							<String ID="string_187" HPOS="244" VPOS="996" WIDTH="33" HEIGHT="18" WC="0.96" CONTENT="att"/><SP WIDTH="22" VPOS="996" HPOS="277"/>
							<String ID="string_188" HPOS="299" VPOS="993" WIDTH="51" HEIGHT="22" WC="0.96" CONTENT="idka"/><SP WIDTH="20" VPOS="993" HPOS="350"/>
							<String ID="string_189" HPOS="370" VPOS="994" WIDTH="78" HEIGHT="21" WC="0.96" CONTENT="handel"/><SP WIDTH="16" VPOS="994" HPOS="448"/>
							<String ID="string_190" HPOS="464" VPOS="994" WIDTH="48" HEIGHT="21" WC="0.96" CONTENT="med"/><SP WIDTH="17" VPOS="994" HPOS="512"/>
							<String ID="string_191" HPOS="529" VPOS="994" WIDTH="98" HEIGHT="27" WC="0.96" CONTENT="bränvin;"/><SP WIDTH="17" VPOS="994" HPOS="627"/>
							<String ID="string_192" HPOS="644" VPOS="994" WIDTH="123" HEIGHT="27" WC="0.96" CONTENT="utveckling"/><SP WIDTH="16" VPOS="994" HPOS="767"/>
							<String ID="string_193" HPOS="783" VPOS="993" WIDTH="22" HEIGHT="22" WC="0.93" CONTENT="af"/><SP WIDTH="14" VPOS="993" HPOS="805"/>
							<String ID="string_194" HPOS="819" VPOS="994" WIDTH="114" HEIGHT="21" WC="0.92" CONTENT="utminute-"/>
						</TextLine>
						<TextLine ID="line_25" HPOS="176" VPOS="1027" WIDTH="758" HEIGHT="28">
							<String ID="string_195" HPOS="176" VPOS="1027" WIDTH="69" HEIGHT="27" WC="0.93" CONTENT="rings-"/><SP WIDTH="17" VPOS="1027" HPOS="245"/>
							<String ID="string_196" HPOS="262" VPOS="1027" WIDTH="41" HEIGHT="22" WC="0.93" CONTENT="och"/><SP WIDTH="16" VPOS="1027" HPOS="303"/>
							<String ID="string_197" HPOS="319" VPOS="1028" WIDTH="261" HEIGHT="27" WC="0.91" CONTENT="utskänkningsbolagens"/><SP WIDTH="16" VPOS="1028" HPOS="580"/>
							<String ID="string_198" HPOS="596" VPOS="1029" WIDTH="155" HEIGHT="26" WC="0.93" CONTENT="organisation;"/><SP WIDTH="16" VPOS="1029" HPOS="751"/>
							<String ID="string_199" HPOS="767" VPOS="1028" WIDTH="94" HEIGHT="21" WC="0.96" CONTENT="kontroll"/><SP WIDTH="16" VPOS="1028" HPOS="861"/>
							<String ID="string_200" HPOS="877" VPOS="1027" WIDTH="57" HEIGHT="22" WC="0.96" CONTENT="öfver"/>
						</TextLine>
						<TextLine ID="line_26" HPOS="177" VPOS="1061" WIDTH="757" HEIGHT="28">
							<String ID="string_201" HPOS="177" VPOS="1061" WIDTH="104" HEIGHT="27" WC="0.96" CONTENT="bolagens"/><SP WIDTH="24" VPOS="1061" HPOS="281"/>
							<String ID="string_202" HPOS="305" VPOS="1062" WIDTH="137" HEIGHT="22" WC="0.96" CONTENT="verksamhet"/><SP WIDTH="19" VPOS="1062" HPOS="442"/>
							<String ID="string_203" HPOS="461" VPOS="1065" WIDTH="57" HEIGHT="19" WC="0.96" CONTENT="samt"/><SP WIDTH="19" VPOS="1065" HPOS="518"/>
							<String ID="string_204" HPOS="537" VPOS="1063" WIDTH="128" HEIGHT="26" WC="0.96" CONTENT="disposition"/><SP WIDTH="16" VPOS="1063" HPOS="665"/>
							<String ID="string_205" HPOS="681" VPOS="1062" WIDTH="23" HEIGHT="22" WC="0.96" CONTENT="af"/><SP WIDTH="14" VPOS="1062" HPOS="704"/>
							<String ID="string_206" HPOS="718" VPOS="1062" WIDTH="63" HEIGHT="21" WC="0.93" CONTENT="deras"/><SP WIDTH="17" VPOS="1062" HPOS="781"/>
							<String ID="string_207" HPOS="798" VPOS="1062" WIDTH="136" HEIGHT="26" WC="0.90" CONTENT="vinstmedel;"/>
						</TextLine>
						<TextLine ID="line_27" HPOS="178" VPOS="1096" WIDTH="756" HEIGHT="27">
							<String ID="string_208" HPOS="178" VPOS="1096" WIDTH="136" HEIGHT="27" WC="0.96" CONTENT="användning"/><SP WIDTH="20" VPOS="1096" HPOS="314"/>
							<String ID="string_209" HPOS="334" VPOS="1096" WIDTH="23" HEIGHT="21" WC="0.93" CONTENT="af"/><SP WIDTH="17" VPOS="1096" HPOS="357"/>
							<String ID="string_210" HPOS="374" VPOS="1096" WIDTH="155" HEIGHT="22" WC="0.91" CONTENT="denatureradt"/><SP WIDTH="17" VPOS="1096" HPOS="529"/>
							<String ID="string_211" HPOS="546" VPOS="1097" WIDTH="100" HEIGHT="26" WC="0.96" CONTENT="bränvin;"/><SP WIDTH="16" VPOS="1097" HPOS="646"/>
							<String ID="string_212" HPOS="662" VPOS="1097" WIDTH="153" HEIGHT="22" WC="0.95" CONTENT="förhindrande"/><SP WIDTH="15" VPOS="1097" HPOS="815"/>
							<String ID="string_213" HPOS="830" VPOS="1096" WIDTH="23" HEIGHT="22" WC="0.93" CONTENT="af"/><SP WIDTH="14" VPOS="1096" HPOS="853"/>
							<String ID="string_214" HPOS="867" VPOS="1097" WIDTH="67" HEIGHT="20" WC="0.92" CONTENT="tekni-"/>
						</TextLine>
						<TextLine ID="line_28" HPOS="177" VPOS="1130" WIDTH="757" HEIGHT="28">
							<String ID="string_215" HPOS="177" VPOS="1130" WIDTH="39" HEIGHT="22" WC="0.93" CONTENT="ska"/><SP WIDTH="15" VPOS="1130" HPOS="216"/>
							<String ID="string_216" HPOS="231" VPOS="1130" WIDTH="105" HEIGHT="22" WC="0.91" CONTENT="fabrikats"/><SP WIDTH="16" VPOS="1130" HPOS="336"/>
							<String ID="string_217" HPOS="352" VPOS="1131" WIDTH="39" HEIGHT="21" WC="0.93" CONTENT="och"/><SP WIDTH="16" VPOS="1131" HPOS="391"/>
							<String ID="string_218" HPOS="407" VPOS="1131" WIDTH="166" HEIGHT="27" WC="0.92" CONTENT="apoteksvarors"/><SP WIDTH="9" VPOS="1131" HPOS="573"/>
							<String ID="string_219" HPOS="582" VPOS="1131" WIDTH="165" HEIGHT="22" WC="0.95" CONTENT="missbrukande"/><SP WIDTH="9" VPOS="1131" HPOS="747"/>
							<String ID="string_220" HPOS="756" VPOS="1131" WIDTH="32" HEIGHT="21" WC="0.93" CONTENT="till"/><SP WIDTH="9" VPOS="1131" HPOS="788"/>
							<String ID="string_221" HPOS="797" VPOS="1131" WIDTH="137" HEIGHT="27" WC="0.91" CONTENT="berusnings-"/>
						</TextLine>
						<TextLine ID="line_29" HPOS="177" VPOS="1165" WIDTH="756" HEIGHT="28">
							<String ID="string_222" HPOS="177" VPOS="1165" WIDTH="75" HEIGHT="25" WC="0.95" CONTENT="medel,"/><SP WIDTH="26" VPOS="1165" HPOS="252"/>
							<String ID="string_223" HPOS="278" VPOS="1165" WIDTH="108" HEIGHT="22" WC="0.96" CONTENT="äfvensom"/><SP WIDTH="24" VPOS="1165" HPOS="386"/>
							<String ID="string_224" HPOS="410" VPOS="1166" WIDTH="93" HEIGHT="22" WC="0.96" CONTENT="revision"/><SP WIDTH="24" VPOS="1166" HPOS="503"/>
							<String ID="string_225" HPOS="527" VPOS="1166" WIDTH="22" HEIGHT="22" WC="0.96" CONTENT="af"/><SP WIDTH="18" VPOS="1166" HPOS="549"/>
							<String ID="string_226" HPOS="567" VPOS="1167" WIDTH="26" HEIGHT="21" WC="0.96" CONTENT="de"/><SP WIDTH="20" VPOS="1167" HPOS="593"/>
							<String ID="string_227" HPOS="613" VPOS="1166" WIDTH="7" HEIGHT="21" WC="0.96" CONTENT="i"/><SP WIDTH="16" VPOS="1166" HPOS="620"/>
							<String ID="string_228" HPOS="636" VPOS="1166" WIDTH="178" HEIGHT="27" WC="0.92" CONTENT="förordningarna"/><SP WIDTH="14" VPOS="1166" HPOS="814"/>
							<String ID="string_229" HPOS="828" VPOS="1166" WIDTH="105" HEIGHT="22" WC="0.92" CONTENT="förekom-"/>
						</TextLine>
						<TextLine ID="line_30" HPOS="175" VPOS="1199" WIDTH="381" HEIGHT="23">
							<String ID="string_230" HPOS="175" VPOS="1199" WIDTH="78" HEIGHT="21" WC="0.93" CONTENT="mande"/><SP WIDTH="17" VPOS="1199" HPOS="253"/>
							<String ID="string_231" HPOS="270" VPOS="1200" WIDTH="286" HEIGHT="22" WC="0.91" CONTENT="ansvarsbestämmelserna."/>
						</TextLine>
					</TextBlock>
				</ComposedBlock>
				<ComposedBlock ID="cblock_3" HPOS="176" VPOS="1302" WIDTH="758" HEIGHT="162">
					<TextBlock ID="block_3" HPOS="176" VPOS="1302" WIDTH="758" HEIGHT="132">
						<TextLine ID="line_31" HPOS="244" VPOS="1302" WIDTH="689" HEIGHT="28">
							<String ID="string_232" HPOS="244" VPOS="1302" WIDTH="61" HEIGHT="22" WC="0.96" CONTENT="Efter"/><SP WIDTH="20" VPOS="1302" HPOS="305"/>
							<String ID="string_233" HPOS="325" VPOS="1303" WIDTH="36" HEIGHT="21" WC="0.93" CONTENT="det"/><SP WIDTH="20" VPOS="1303" HPOS="361"/>
							<String ID="string_234" HPOS="381" VPOS="1304" WIDTH="268" HEIGHT="26" WC="0.91" CONTENT="bränvinstillverkningen"/><SP WIDTH="16" VPOS="1304" HPOS="649"/>
							<String ID="string_235" HPOS="665" VPOS="1304" WIDTH="33" HEIGHT="21" WC="0.96" CONTENT="för"/><SP WIDTH="16" VPOS="1304" HPOS="698"/>
							<String ID="string_236" HPOS="714" VPOS="1305" WIDTH="32" HEIGHT="20" WC="0.92" CONTENT="ett"/><SP WIDTH="15" VPOS="1305" HPOS="746"/>
							<String ID="string_237" HPOS="761" VPOS="1304" WIDTH="122" HEIGHT="26" WC="0.92" CONTENT="qvartsekel"/><SP WIDTH="17" VPOS="1304" HPOS="883"/>
							<String ID="string_238" HPOS="900" VPOS="1310" WIDTH="33" HEIGHT="15" WC="0.92" CONTENT="se-"/>
						</TextLine>
						<TextLine ID="line_32" HPOS="177" VPOS="1336" WIDTH="756" HEIGHT="29">
							<String ID="string_239" HPOS="177" VPOS="1336" WIDTH="40" HEIGHT="22" WC="0.96" CONTENT="dan"/><SP WIDTH="16" VPOS="1336" HPOS="217"/>
							<String ID="string_240" HPOS="233" VPOS="1336" WIDTH="151" HEIGHT="23" WC="0.96" CONTENT="förvandlades"/><SP WIDTH="16" VPOS="1336" HPOS="384"/>
							<String ID="string_241" HPOS="400" VPOS="1338" WIDTH="32" HEIGHT="21" WC="0.93" CONTENT="till"/><SP WIDTH="15" VPOS="1338" HPOS="432"/>
							<String ID="string_242" HPOS="447" VPOS="1338" WIDTH="166" HEIGHT="27" WC="0.90" CONTENT="fabriksnäring,"/><SP WIDTH="17" VPOS="1338" HPOS="613"/>
							<String ID="string_243" HPOS="630" VPOS="1338" WIDTH="64" HEIGHT="22" WC="0.96" CONTENT="hafva"/><SP WIDTH="14" VPOS="1338" HPOS="694"/>
							<String ID="string_244" HPOS="708" VPOS="1338" WIDTH="155" HEIGHT="21" WC="0.93" CONTENT="kommunerna"/><SP WIDTH="14" VPOS="1338" HPOS="863"/>
							<String ID="string_245" HPOS="877" VPOS="1338" WIDTH="56" HEIGHT="22" WC="0.91" CONTENT="små-"/>
						</TextLine>
						<TextLine ID="line_33" HPOS="176" VPOS="1371" WIDTH="756" HEIGHT="29">
							<String ID="string_246" HPOS="176" VPOS="1371" WIDTH="87" HEIGHT="27" WC="0.92" CONTENT="ningom"/><SP WIDTH="19" VPOS="1371" HPOS="263"/>
							<String ID="string_247" HPOS="282" VPOS="1372" WIDTH="85" HEIGHT="21" WC="0.94" CONTENT="erhållit"/><SP WIDTH="16" VPOS="1372" HPOS="367"/>
							<String ID="string_248" HPOS="383" VPOS="1378" WIDTH="25" HEIGHT="16" WC="0.96" CONTENT="en"/><SP WIDTH="17" VPOS="1378" HPOS="408"/>
							<String ID="string_249" HPOS="425" VPOS="1372" WIDTH="39" HEIGHT="22" WC="0.96" CONTENT="allt"/><SP WIDTH="15" VPOS="1372" HPOS="464"/>
							<String ID="string_250" HPOS="479" VPOS="1374" WIDTH="70" HEIGHT="20" WC="0.96" CONTENT="större"/><SP WIDTH="15" VPOS="1374" HPOS="549"/>
							<String ID="string_251" HPOS="564" VPOS="1372" WIDTH="134" HEIGHT="28" WC="0.96" CONTENT="befogenhet"/><SP WIDTH="15" VPOS="1372" HPOS="698"/>
							<String ID="string_252" HPOS="713" VPOS="1372" WIDTH="7" HEIGHT="22" WC="0.96" CONTENT="i"/><SP WIDTH="15" VPOS="1372" HPOS="720"/>
							<String ID="string_253" HPOS="735" VPOS="1372" WIDTH="71" HEIGHT="27" WC="0.96" CONTENT="frågor"/><SP WIDTH="15" VPOS="1372" HPOS="806"/>
							<String ID="string_254" HPOS="821" VPOS="1378" WIDTH="34" HEIGHT="16" WC="0.92" CONTENT="om"/><SP WIDTH="16" VPOS="1378" HPOS="855"/>
							<String ID="string_255" HPOS="871" VPOS="1372" WIDTH="61" HEIGHT="22" WC="0.92" CONTENT="brän-"/>
						</TextLine>
						<TextLine ID="line_34" HPOS="176" VPOS="1405" WIDTH="758" HEIGHT="29">
							<String ID="string_256" HPOS="176" VPOS="1405" WIDTH="215" HEIGHT="28" WC="0.92" CONTENT="vinshandteringens"/><SP WIDTH="17" VPOS="1405" HPOS="391"/>
							<String ID="string_257" HPOS="408" VPOS="1406" WIDTH="121" HEIGHT="22" WC="0.91" CONTENT="utöfvande."/><SP WIDTH="24" VPOS="1406" HPOS="529"/>
							<String ID="string_258" HPOS="553" VPOS="1407" WIDTH="64" HEIGHT="21" WC="0.95" CONTENT="Såväl"/><SP WIDTH="15" VPOS="1407" HPOS="617"/>
							<String ID="string_259" HPOS="632" VPOS="1407" WIDTH="68" HEIGHT="27" WC="0.96" CONTENT="enligt"/><SP WIDTH="8" VPOS="1407" HPOS="700"/>
							<String ID="string_260" HPOS="708" VPOS="1407" WIDTH="99" HEIGHT="27" WC="0.93" CONTENT="gällande"/><SP WIDTH="8" VPOS="1407" HPOS="807"/>
							<String ID="string_261" HPOS="815" VPOS="1406" WIDTH="119" HEIGHT="23" WC="0.93" CONTENT="författnin-"/>
						</TextLine>
					</TextBlock>
					<TextBlock ID="block_4" HPOS="245" VPOS="1444" WIDTH="401" HEIGHT="20">
						<TextLine ID="line_35" HPOS="245" VPOS="1444" WIDTH="401" HEIGHT="20">
							<String ID="string_262" HPOS="245" VPOS="1444" WIDTH="194" HEIGHT="20" WC="0.81" CONTENT="Ekonomiutskottets"/><SP WIDTH="12" VPOS="1444" HPOS="439"/>
							<String ID="string_263" HPOS="451" VPOS="1446" WIDTH="118" HEIGHT="18" WC="0.96" CONTENT="betänkande"/><SP WIDTH="12" VPOS="1446" HPOS="569"/>
							<String ID="string_264" HPOS="581" VPOS="1447" WIDTH="36" HEIGHT="17" WC="0.96" CONTENT="N:o"/><SP WIDTH="13" VPOS="1447" HPOS="617"/>
							<String ID="string_265" HPOS="630" VPOS="1448" WIDTH="16" HEIGHT="16" WC="0.96" CONTENT="3."/>
						</TextLine>
					</TextBlock>
				</ComposedBlock>
			</PrintSpace>
		</Page>
	</Layout>
</alto>
