1086 1700
426 122 42 23 N:o
490 124 38 21 16.

195 235 95 21 däckadt
311 252 4 4 .

194 269 106 21 odäckadt
311 286 4 4 .

123 303 128 22 Patentbref
264 304 98 20 karteras
377 303 27 27 på
419 306 44 18 sätt
476 310 33 14 om
520 304 157 26 privilegiibref
690 328 1 3 |

153 338 6 21 i
175 344 63 15 mom.
257 339 8 19 1
285 340 24 18 är
324 338 109 26 stadgadt.

123 372 159 22 Pensionsbref:

169 408 31 20 1:o
224 408 13 19 å
259 406 86 27 pension
365 413 25 14 ur
408 407 101 26 kronans,
529 406 72 27 någon
617 407 74 21 stads
681 402 12 36 |

195 441 53 21 eller
270 447 70 14 annan
362 441 77 21 allmän
459 441 70 25 kassa,
548 440 36 21 vid
600 440 91 22 afsked
681 436 14 34 ;

195 474 48 22 från
255 475 82 21 embete
348 475 52 21 eller
411 475 71 27 tjenst,
494 482 26 14 en
531 474 47 22 half
587 477 89 25 procent
690 480 1 5 |

196 509 23 21 af
232 509 199 27 pensionsbeloppet
447 509 34 21 för
497 511 31 19 ett
544 509 34 27 år;

167 545 34 20 2:0
224 544 13 20 &
256 544 77 27 gratial
351 544 33 21 till
403 544 139 27 lotsbetjente
564 550 25 15 ur
608 544 83 27 krigs-
682 540 12 36 |

196 578 181 21 manshuskassan
395 581 55 18 samt
468 579 88 26 pension
572 578 34 21 för
621 579 55 20 enka

196 613 39 21 och
251 613 53 20 barn
320 612 53 21 efter
388 613 90 21 embets-
493 613 41 20 och
547 613 129 26 tjensteman

195 647 35 21 vid
246 647 85 21 landets
347 647 94 26 militär-,
462 647 58 21 civil-
536 649 55 19 samt
607 647 69 21 eckle-

196 682 86 21 siastik-
298 681 39 21 och
352 681 121 26 skolstater,
482 681 108 22 äfvensom
602 683 13 19 &
626 688 50 20 pen-

196 716 54 26 sion,
273 721 46 15 som
341 716 56 20 enka
419 716 40 21 och
478 716 55 21 barn
552 715 81 22 erhälla
650 722 26 15 ur

198 751 26 20 de
243 749 23 22 af
282 750 154 27 borgerskapet
456 750 6 21 i
481 750 58 21 vissa
557 750 73 21 städer
645 750 31 21 in-

197 784 85 21 rättade
297 784 210 26 understödskassor,
519 786 38 19 äro
568 784 33 21 för
611 786 65 19 stäm-

196 819 63 26 pladt
280 825 81 20 papper
383 818 48 26 fria,
459 819 65 26 enligt
547 819 11 27 &
584 819 25 20 14
632 825 44 14 mo-

198 855 81 19 mentet
297 853 35 25 19;

169 889 33 20 3:0
219 887 13 21 å
247 889 60 19 extra
323 887 112 26 pensioner
447 887 40 20 och
498 887 68 21 andra
576 893 26 14 ur
613 889 63 19 stats-

198 921 82 22 medlen
304 921 105 27 utgäende
433 921 204 27 understödsanslag
656 921 21 21 ät

198 956 114 21 afskedade
328 956 133 27 tjenstemän,
481 955 110 22 äfvensom
596 951 15 36 &
634 956 43 21 till-

198 991 57 20 skott
278 990 13 21 å
313 991 7 20 i
338 990 181 27 författningarna
537 990 139 21 föreskrifven

198 1025 95 27 pension,
316 1027 38 18 när
377 1025 95 27 anslaget
496 1024 124 27 öfverstiger
636 1026 57 20 200
684 1020 13 37 |

197 1059 62 21 mark
278 1059 33 21 för
330 1060 52 26 äret,
403 1061 12 18 4
435 1061 89 24 procent
540 1059 23 21 af
578 1059 47 21 dess
641 1059 36 21 be-
691 1072 2 14 ;

198 1095 57 26 lopp;

169 1130 33 20 4:0
219 1129 13 20 &
247 1129 44 20 alla
306 1127 68 27 öfriga
384 1128 119 27 pensioner,
515 1127 23 22 af
547 1127 55 21 hvad
613 1133 64 16 namn

199 1164 26 20 de
250 1169 52 15 vara
326 1162 41 26 mä,
391 1166 54 17 samt
468 1162 68 22 ehvad
560 1162 117 27 pensionen

197 1198 64 26 utgär
283 1204 25 14 ur
331 1198 99 24 kronans,
453 1198 71 25 nägon
547 1197 59 21 stads
626 1197 48 21 eller
685 1204 8 27 |

198 1238 71 14 annan
295 1232 78 20 allmän
399 1232 68 25 kassa,
500 1234 39 18 när
563 1232 115 26 pensionen

198 1267 52 20 eller
266 1266 139 21 understödet
421 1266 127 27 öfverstiger
566 1268 40 19 200
618 1266 60 20 mark
692 1284 1 10 |

198 1301 33 21 för
246 1301 53 27 äret,
315 1302 13 20 4
344 1303 87 25 procent
447 1300 23 21 af
485 1301 48 21 dess
550 1301 84 26 belopp.

125 1335 160 27 Privilegiibref
300 1336 38 20 och
354 1335 231 26 tillständsresolution,
602 1341 44 15 som
658 1335 20 20 at
693 1340 1 21 ;

155 1370 93 21 Senaten
266 1370 51 21 eller
333 1370 158 21 vederbörande
507 1370 123 26 myndighet
645 1371 33 19 ut-

155 1404 81 21 färdas:

171 1440 32 20 1:o
225 1438 32 21 till
280 1439 133 26 anläggande
437 1438 22 20 af
480 1438 112 26 bergverk,
608 1438 70 21 fabrik
