1086 1700
235 108 12 20 2
389 106 83 23 Ständ.
489 106 38 23 Sv.
544 121 27 2 —
587 107 74 29 Prop.
677 106 46 23 N:o
739 107 33 22 12.

205 172 53 28 ning
282 178 34 16 om
339 173 109 21 allmänna
471 174 193 27 upplagsmagasin
687 173 50 21 med
755 175 47 20 rätt
820 175 33 19 att
868 173 85 28 utgifva

204 210 118 25 warrants;
338 209 41 21 och
390 211 33 19 2:o
435 208 84 28 förslag
527 209 34 21 till
569 209 136 28 förordning,
714 209 153 22 innefattande
874 210 80 27 tillägg

203 244 35 21 till
263 246 11 19 7
297 244 12 28 $
324 244 8 21 i
348 245 80 27 nådiga
443 245 157 27 förordningen
617 246 42 22 den
676 247 12 19 9
706 245 123 22 November
847 247 56 19 1868
919 252 34 15 om

203 280 148 26 borgenärers
373 282 47 20 rätt
442 281 40 21 och
507 280 111 23 företräde
638 281 34 21 för
693 281 125 22 hvarandra
833 281 36 21 till
883 282 69 20 betal-

203 315 54 28 ning
272 322 27 15 ur
314 316 112 28 egendom,
443 323 46 15 som
504 316 76 23 blifvit
595 317 35 21 till
646 317 99 21 konkurs
754 316 93 22 afträdd.
871 317 82 21 Tillika

202 352 68 22 hafva
286 352 123 22 Ständerna
425 352 91 22 försatts
531 353 8 21 i
554 352 90 22 tillfälle
660 355 34 19 att
709 353 70 21 uttala
795 353 34 27 sig
839 352 114 28 angäende

204 388 26 21 de
247 388 35 21 för
298 388 168 27 ifrägavarande
477 388 234 28 lagstiftningsätgärd
722 388 163 28 nödigansedda
893 388 59 22 stad-

203 424 94 26 ganden,
319 424 75 22 hvilka
410 430 52 16 vore
478 424 92 22 afsedda
586 426 32 20 att
634 425 31 21 uti
682 425 163 21 administrativ
860 426 43 25 väg
917 427 34 19 ut-

202 459 76 22 färdas
302 460 39 21 och
363 460 77 22 hvilka
463 460 74 23 blifvit
556 460 182 22 sammanfattade
757 460 32 22 uti
808 463 81 19 tvenne
905 462 46 19 sär-

203 496 73 21 skilda
298 495 85 28 förslag
401 497 34 21 till
451 497 152 27 kungörelser,
620 497 38 21 det
673 503 42 15 ena
731 496 155 22 innehällande
902 498 49 19 när-

202 538 60 15 mare
281 532 142 22 föreskrifter
438 533 114 27 angäende
568 533 109 21 allmänna
694 532 192 28 upplagsmagasin
902 532 49 21 med

202 569 46 20 rätt
264 569 34 20 att
313 568 85 27 utgifva
413 571 116 25 warrants,
546 569 39 21 och
603 569 37 22 det
656 569 69 21 andra
739 569 113 27 angäende
869 568 26 21 de
910 568 40 21 vil-

201 603 47 28 kor,
272 604 125 22 hvarunder
419 605 131 22 oförtullade
573 611 65 16 varor
661 605 35 21 mä
719 605 7 21 i
743 605 90 21 allmänt
849 604 101 27 upplags-

201 640 100 26 magasin
317 641 99 21 insättas.

272 676 12 21 I
300 676 119 22 allmänhet
434 677 67 22 hafva
517 677 26 21 de
559 677 6 20 i
582 677 164 26 propositionen
757 677 126 26 föreslagna
892 676 58 21 stad-

201 712 101 27 gandena
318 715 62 24 synts
397 712 123 22 Ständerna
536 719 53 16 vara
605 713 83 27 egnade
706 714 32 20 att
754 713 129 27 möjliggöra
897 718 53 21 upp-

201 747 101 22 komsten
321 748 24 21 af
358 748 186 27 ändamälsenliga
560 749 194 27 upplagsmagasin
765 749 40 21 och
816 751 33 19 ett
857 749 38 22 väl
902 750 48 21 ord-

200 783 54 22 nadt
272 785 187 26 warrantsystem.
491 785 72 21 Eders
586 784 128 27 Kejserliga
731 784 105 27 Majestät
854 785 40 21 har
912 785 37 21 nä-

201 819 60 27 digst
282 819 94 22 utlofvat
395 822 32 19 att
443 821 35 20 till
493 821 193 21 ästadkommande
704 820 24 21 af
742 821 76 26 dylika
833 821 116 21 inrättnin-

200 861 40 21 gar
256 856 72 21 lemna
344 855 78 22 sådant
437 856 113 21 verksamt
566 856 127 27 understöd,
710 856 92 22 hvartill
818 856 131 27 omständig-

200 890 94 22 heterna
313 891 73 22 kunna
407 891 60 27 gifva
486 892 126 27 anledning,
631 892 39 21 och
690 891 37 22 det
743 892 44 21 kan
803 894 98 25 antagas,
917 894 33 19 att

198 927 83 26 jemväl
300 927 155 22 kommunerna
471 928 32 21 uti
519 934 27 15 en
563 928 55 21 eller
634 934 72 15 annan
722 927 55 22 form
794 928 62 21 skola
871 928 78 21 under-

200 963 64 20 stöda
279 962 87 28 företag
381 962 25 22 af
418 963 169 28 ifrägavarande
599 964 53 27 slag.
676 963 124 22 Ständerna
811 964 55 27 hysa
875 963 75 22 derför

200 998 42 21 den
258 998 153 28 förhoppning,
429 1001 33 19 att
473 999 109 22 allmänna
591 999 193 27 upplagsmagasin
795 999 58 22 inom
864 1005 27 16 en
898 1006 52 15 snar

199 1033 91 22 framtid
306 1034 65 22 äfven
387 1035 8 20 i
410 1034 96 22 Finland
522 1035 63 21 skola
600 1035 70 22 blifva
686 1041 28 15 en
730 1035 132 26 verklighet.

273 1070 42 21 Vid
330 1070 193 28 handläggningen
535 1070 25 21 af
568 1071 42 22 den
621 1071 81 27 nädiga
710 1071 163 26 propositionen
884 1071 66 22 hafva

200 1105 124 22 Ständerna
340 1106 122 21 emellertid
478 1106 72 21 funnit
561 1107 118 26 anledning
690 1106 135 21 förekomma
835 1106 35 21 till
880 1107 69 26 nägra

199 1140 162 29 förändringar,
377 1142 76 21 hvilka
469 1142 123 22 Ständerna
608 1142 161 27 underdänigst
777 1142 89 28 utbedja
875 1143 33 27 sig
916 1145 33 19 att

198 1177 41 21 här
255 1177 78 27 nedan,
350 1177 69 21 skildt
427 1177 34 22 för
473 1178 76 27 hvarje
559 1178 237 28 författningsförslag,
805 1178 23 22 få
836 1179 111 21 motivera.

270 1212 77 28 Enligt
370 1212 135 23 Ständernas
529 1214 67 21 tanke
619 1216 66 24 utgör
709 1214 37 22 det
767 1220 27 15 en
815 1214 79 21 bristi
912 1214 37 22 det

198 1248 71 21 första
294 1248 258 28 författningsförslaget,
578 1251 33 20 att
627 1250 47 21 deri
696 1250 50 21 icke
761 1250 53 26 ingä
829 1250 70 26 nägra
913 1250 36 20 be-

198 1284 137 26 stämningar
356 1284 95 22 rörande
475 1284 125 28 Styrelsens
627 1285 140 28 befogenhet,
789 1285 73 22 sävidt
880 1286 69 26 angår

197 1319 144 22 meddelande
358 1320 23 21 af
394 1320 101 22 tillstånd
511 1321 34 21 till
562 1321 126 21 inrättande
705 1321 24 21 af
743 1321 92 22 allmänt
846 1322 102 26 upplags-

197 1355 105 27 magasin.
333 1355 140 28 Stadganden
488 1357 77 21 härom
580 1363 67 21 synas
663 1363 55 16 vara
733 1356 25 22 af
767 1357 42 21 den
820 1357 128 27 principiela

196 1390 55 28 vigt,
269 1392 33 20 att
318 1391 109 22 desamma
443 1392 70 22 måste
529 1399 65 15 anses
610 1392 54 22 falla
679 1393 59 21 inom
755 1393 25 21 de
792 1393 12 21 å
813 1392 135 22 Ständernas
