1086 1700
300 124 80 22 Ständ.
400 124 39 22 Sv.
455 137 29 3 —
500 124 74 28 Prop.
590 124 45 22 N:o
651 124 35 22 11.
813 125 28 20 21

119 190 62 28 fatta,
205 190 91 22 hvilken
317 190 136 22 sistnämnda
474 190 56 21 dock
546 190 20 27 ej
583 190 35 21 må
634 190 72 22 öfver-
722 190 55 21 eller
793 189 79 22 under-

120 226 59 27 stiga
196 226 58 21 hvad
273 226 7 21 i
296 227 13 19 8
326 225 12 29 &
354 228 102 19 närmare
472 226 139 21 bestämmes.
643 226 141 22 Tillverkare
799 224 74 28 bifoge

120 261 35 21 sin
178 261 100 21 anmälan
302 261 176 22 tillständsbevis
502 262 40 20 och
566 262 67 21 ställe
653 260 42 22 full
717 261 106 21 säkerhet
838 260 35 22 för

120 296 149 28 fullgörandet
290 297 24 21 af
330 297 27 22 de
372 296 51 23 utaf
436 297 176 27 tillverkningen
627 296 138 28 härflytande
781 296 91 27 förplig-

120 334 75 21 telser.
227 332 32 22 Af
275 333 64 27 bolag
358 333 62 27 gjord
437 333 102 21 anmälan
554 340 34 14 om
604 333 147 27 tillverkning
767 332 58 22 skall
840 332 32 21 åt-

121 368 64 28 följas
208 368 25 22 af
253 368 93 28 uppgift,
368 369 75 27 styrkt
463 369 24 21 af
501 369 93 27 behörig
609 368 220 28 embetsmyndighet,
845 368 28 26 på

121 404 131 28 delegarene
267 405 8 21 i
290 405 93 27 bolaget.
415 405 86 21 Finner
516 405 149 27 länestyrelse
676 404 79 22 hinder
763 404 35 22 för
806 404 67 21 hand-

121 440 113 28 teringens
253 440 118 22 utöfvande
391 440 50 22 icke
461 442 66 26 möta,
544 446 53 16 vare
612 440 108 22 kontrakt
735 441 74 21 derom
825 439 48 21 med

121 476 131 22 tillverkare
268 475 110 22 afslutadt.

194 514 18 19 2.
244 506 88 27 Önskar
347 512 131 22 tillverkare
495 512 81 21 afsluta
591 513 51 26 nytt
658 511 107 22 kontrakt
776 517 33 15 om
820 510 53 22 fort-

123 547 101 22 sättande
248 547 24 22 af
290 547 255 28 bränvinstillverkning
560 548 70 21 under
646 553 82 16 samma
743 546 130 27 brännings-

121 583 87 28 termin,
226 584 67 21 sedan
309 583 58 22 förut
382 583 161 22 kontraheradt
558 584 79 26 belopp
653 583 76 22 blifvit
736 582 137 27 tillverkadt,

123 621 54 26 göre
192 619 74 22 derom
282 619 100 22 anmälan
397 620 40 21 hos
454 620 165 27 länestyrelsen
630 621 76 20 senast
716 619 81 27 fjorton
806 619 68 26 dagar

123 655 77 22 förrän
223 661 29 21 ny
273 655 146 27 tillverkning
440 657 25 20 är
481 655 78 22 afsedd
575 657 33 20 att
623 656 108 26 begynna,
749 656 56 20 samt
820 660 53 21 upp-

123 690 61 27 gifve
199 691 261 26 tillverkningsbeloppet
476 691 41 22 och
528 691 65 22 ställe
604 691 112 27 säkerhet,
729 691 71 21 såsom
809 689 64 22 ofvan

124 727 64 26 sagdt
204 729 30 19 är.

471 774 51 29 78.

196 822 138 22 Tillverkare
350 828 94 16 ansvare
459 821 36 22 för
511 821 121 22 utöfvande
648 821 24 22 af
686 821 42 22 den
744 821 77 21 honom
837 826 36 21 ge-

124 863 49 16 nom
194 857 106 22 kontrakt
320 857 112 28 medgifna
446 858 111 27 rättighet
572 858 40 21 och
628 864 41 21 ege
685 857 19 28 ej
722 857 124 22 densamma
861 856 13 21 å

124 899 71 16 annan
212 893 114 28 öfverlåta,
343 893 67 22 innan
425 893 104 22 tillstånd
545 893 81 28 dertill,
643 893 29 27 på
688 893 70 22 skedd
769 892 104 27 ansökan,

124 929 25 21 af
162 929 162 27 länestyrelsen
340 929 108 28 beviljats.

474 1002 13 19 8
505 1000 18 29 &.

197 1044 17 19 1.
246 1042 76 22 Under
338 1042 41 21 den
394 1043 8 20 i
418 1043 14 20 4
449 1041 12 30 $
480 1044 10 19 1
508 1049 62 15 mom.
581 1042 35 22 för
626 1042 145 27 tillverkning
780 1041 24 22 af
809 1042 64 21 brän-

125 1077 37 22 vin
184 1077 114 22 bestämda
320 1077 33 22 tid
376 1078 35 21 må
434 1078 264 27 tillverkningsbeloppet
719 1078 19 27 ej
755 1077 37 22 vid
808 1077 67 27 något

123 1113 105 22 bränneri
244 1113 121 27 öfverstiga
380 1114 162 27 sammanlagdt
558 1114 201 27 fyrahundratusen
775 1113 52 22 liter
835 1113 39 21 och

124 1149 19 27 ej
168 1150 128 26 understiga
315 1150 128 26 tjugutusen
463 1150 54 21 liter
533 1152 56 20 samt
604 1150 81 22 minsta
700 1150 175 26 tillverkningen

123 1184 36 22 för
174 1185 76 27 hvarje
266 1185 219 27 tillverkningsdygn
501 1187 80 25 utgöra
596 1186 8 20 i
620 1186 103 21 medeltal
739 1185 134 22 sexhundra-

124 1219 74 22 femtio
222 1220 58 28 liter,
303 1221 40 21 allt
365 1220 25 22 af
408 1221 172 27 normalstyrka,
600 1221 105 22 hvarmed
720 1221 8 21 i
744 1221 71 21 denna
831 1220 43 22 för-

124 1255 96 28 fattning
235 1255 82 23 förstås
334 1256 77 22 sådant
427 1257 102 27 bränvin,
547 1263 45 15 som
608 1257 123 21 innehåller
746 1256 75 22 femtio
838 1262 35 16 vo-

123 1291 147 27 lym-procent
285 1292 87 22 alkohol
387 1292 38 22 vid
441 1293 28 26 +
488 1294 26 20 15
532 1292 80 28 grader
628 1293 12 21 ä
652 1292 66 22 Celsii
728 1293 146 21 termometer.

196 1328 19 20 2.
245 1327 47 22 Der
307 1327 133 22 fabrikation
457 1328 24 21 af
494 1328 110 27 pressjäst
618 1328 112 21 bedrifves
750 1328 3 20 i
770 1333 104 15 samman-

123 1362 60 28 hang
198 1362 49 22 med
262 1364 217 26 bränvinsbränning
495 1364 57 21 eller
568 1364 27 20 dä
610 1364 95 22 bränvin
715 1363 117 22 tillverkas
840 1362 35 22 för

125 1400 77 25 export
226 1398 54 22 eller
301 1405 79 15 annars
401 1399 50 21 skäl
468 1399 148 22 förekommer
632 1399 35 22 till
683 1398 154 28 medgifvande
853 1397 24 22 af
