1086 1700
224 112 26 19 56
390 109 82 23 Ständ.
490 109 37 23 Sv.
549 123 1 2 —
589 110 74 28 Prop.
679 110 44 22 N:o
740 110 37 22 16.

192 170 105 22 afseende
313 171 13 21 ä
342 170 68 22 sädan
426 170 71 28 karta,
515 177 46 15 som
578 171 122 27 begagnats
718 171 33 21 till
763 170 179 28 rättegängsfull-

193 206 66 27 makt,
276 206 80 28 inlaga,
372 206 63 22 bevis
451 207 56 21 eller
522 212 72 16 annan
612 206 67 22 skrift
695 206 25 21 af
731 207 116 21 enahanda
857 207 85 21 beskaf-

192 242 82 28 fenhet,
291 242 67 28 nägot
374 243 77 27 utbyte
467 243 50 21 icke
533 242 90 22 tillätas.

262 279 47 21 Den
334 279 131 27 delegarene
488 280 7 20 i
511 279 109 21 Finlands
636 279 215 28 hypoteksförening
865 286 76 21 genom

192 315 81 27 nädiga
289 315 187 22 cirkulärbrefvet
491 314 26 22 af
530 315 42 22 den
591 317 25 19 19
633 316 54 21 Juni
706 316 56 20 1860
782 316 93 27 tillagda
890 318 51 25 rätt,

192 352 39 26 att,
248 351 29 21 dä
292 351 35 21 till
343 350 132 28 föreningen
491 351 59 21 stäld
562 351 135 27 skuldsedel,
710 351 35 22 för
755 352 93 22 hvilken
859 351 82 22 inteck-

192 387 54 27 ning
261 386 75 22 blifvit
351 387 120 27 meddelad,
489 387 25 21 af
528 393 27 15 en
571 387 56 21 eller
646 393 72 15 annan
734 387 67 22 orsak
817 387 124 22 sedermera

191 423 49 21 icke
264 423 97 21 kommer
385 424 33 20 att
440 423 119 27 begagnas,
580 422 127 28 utgifvaren
727 425 25 19 är
768 422 126 28 berättigad
909 424 33 20 att

192 459 73 22 äterfä
281 459 43 22 den
340 459 89 27 erlagda
446 458 267 28 kartasigillataafgiften,
725 459 98 22 kommer
835 458 34 22 för
879 458 62 22 fram-

191 494 61 22 tiden
268 496 33 20 att
316 495 129 27 bibehällas,
464 495 69 27 jemte
549 494 38 22 det
602 494 115 22 enahanda
733 494 86 22 förmän
829 495 112 21 tillerkän-

191 536 39 16 nes
246 530 136 22 länsökande
398 531 7 21 i
421 530 108 22 Finlands
545 530 64 22 Bank
625 531 39 21 och
680 530 109 22 Finlands
801 530 140 22 Statskontor

191 568 57 20 samt
263 566 69 22 andra
345 567 110 21 allmänna
470 567 85 27 kassor,
573 566 28 22 dä
617 566 37 23 det
670 566 44 28 län,
731 567 69 22 hvarä
814 566 126 23 skuldsede!

190 601 118 28 utfärdats,
325 603 125 21 sedermera
466 602 25 22 af
505 609 27 15 en
548 603 54 21 eller
619 609 72 15 annan
707 603 126 27 anledning,
850 603 90 21 oaktadt

191 638 130 27 inteckning
344 638 75 22 derför
438 638 76 22 blifvit
537 638 123 28 meddelad,
684 639 71 21 likväl
773 639 50 22 icke
839 639 99 27 beviljas;

190 674 98 21 börande
312 674 55 22 dock
391 674 148 22 förhällandet
555 674 37 22 vid
608 675 77 27 hvarje
701 674 90 22 tillfälle
808 681 52 15 vara
875 675 65 21 behö-

190 709 65 28 rigen
278 710 105 27 bestyrkt
398 712 56 19 samt
470 710 93 22 ärendet
578 710 35 21 till
630 710 167 22 vederbörande
813 710 127 23 Guvernörs

190 745 121 27 afgörande
327 746 152 22 öfverlemnas.

534 812 27 21 41
579 811 18 29 8.

260 853 179 22 Landskontoret
454 854 7 21 i
478 854 76 27 hvarje
571 854 37 21 län
624 860 53 21 eger
694 860 34 15 om
738 854 96 21 kronans
845 856 45 19 rätt
901 853 39 22 och

191 890 65 21 bästa
279 890 133 21 härutinnan
435 889 68 22 hafva
518 896 114 21 noggrann
649 889 39 22 och
704 890 156 26 uppmärksam
876 889 62 26 värd;

192 926 41 21 och
248 926 88 27 äligger
351 926 103 21 kontoret
469 925 60 27 förty
548 927 33 20 att
597 925 49 22 föra
661 925 112 27 ordentlig
789 925 150 27 antecknings-

191 961 44 22 bok
259 961 19 28 ej
304 961 84 22 mindre
412 961 49 22 med
485 961 171 22 landtränteriet
679 960 64 23 öfver
766 961 39 21 der
832 961 109 27 befintligt

191 997 124 27 stämpladt.
327 1003 82 21 papper
425 997 40 22 och
481 997 193 27 stämpelmärken,
690 999 30 19 än
730 997 50 21 med
790 996 150 28 försäljnings-

190 1036 94 19 männen
302 1033 62 22 öfver
379 1033 58 22 hvad
453 1033 27 22 de
495 1033 36 21 till
546 1032 134 28 försäljning
696 1032 68 22 utfätt
775 1033 39 20 och
826 1032 48 22 med
885 1032 53 27 dem,

191 1076 46 15 som
253 1070 83 21 sädana
351 1070 28 26 pä
395 1069 74 22 kredit
485 1069 97 27 erhällit,
599 1070 57 20 samt
671 1069 59 21 hvad
745 1068 26 21 af
784 1069 49 21 dem
849 1069 7 20 i
872 1069 67 21 betal-

190 1106 54 27 ning
267 1105 88 27 influtit,
379 1105 72 22 säsom
473 1105 40 21 ock
529 1106 33 20 att
578 1106 110 25 emottaga
704 1104 40 21 och
759 1103 89 23 förvara
864 1103 74 22 veder-

190 1141 110 22 börandes
324 1140 119 22 aflemnade
466 1140 174 27 borgesskrifter
663 1140 40 21 och
727 1139 156 27 förbindelser;
901 1139 39 22 och

190 1177 58 22 skall
264 1177 207 22 landskamreraren
487 1182 94 16 ansvara
596 1175 36 22 för
648 1176 42 21 den
706 1176 82 21 förlust
801 1175 84 22 kronan
896 1175 44 21 kan

190 1213 136 27 tillskyndas
350 1212 125 28 derigenom
495 1214 33 19 att
544 1212 50 26 han,
611 1212 7 20 i
634 1211 107 22 händelse
757 1210 25 22 af
794 1210 145 22 vederböran-

190 1248 39 22 des
252 1248 153 22 försummelse
428 1249 33 20 att
484 1248 114 26 betalning
621 1248 8 20 i
652 1247 93 27 behörig
761 1246 33 22 tid
809 1246 129 27 inleverera,

190 1284 142 28 inventering
348 1284 95 22 anställa
459 1284 56 21 eller
530 1283 143 27 redovisning
689 1282 92 27 afgifva,
797 1282 49 22 icke
862 1285 78 24 genast

190 1319 130 28 skriftligen
343 1319 167 27 handräckning
526 1320 39 20 hos
582 1318 163 28 länestyrelsen
761 1318 57 27 sökt,
836 1317 54 22 eller
905 1323 34 15 om

190 1356 43 21 han
257 1355 120 22 anförtrott
398 1354 194 28 försäljningsman
616 1356 74 19 större
713 1354 79 26 belopp
815 1355 34 25 än,
870 1353 69 27 enligt

190 1391 58 21 hvad
272 1392 41 20 här
336 1391 65 22 ofvan
425 1390 104 28 stadgadt
552 1392 31 25 är,
608 1390 34 21 till
667 1390 72 21 denne
759 1389 50 21 bort
825 1388 113 22 utlemnas.
