1086 1700
238 124 25 20 10

208 206 1 10 |

208 217 1 11 I

208 234 1 36 |
260 237 123 21 derutöfver
401 238 24 20 10
444 237 63 27 penni
523 236 33 22 för
571 236 73 28 hvarje
662 238 40 20 100
719 236 60 21 mark
794 237 1 4 |

533 124 45 23 N:o
599 125 38 22 16.

290 271 24 21 af
328 271 195 27 egendomsvärdet.

289 306 106 20 Domaren
411 307 24 19 är
450 305 85 27 skyldig
550 307 33 19 att
594 306 6 20 i
611 306 74 26 hvarje
696 305 44 26 fall,
752 305 27 21 dä

208 350 1 7 i
260 340 79 27 lagfart
355 346 32 15 om
408 340 104 21 afslutadt
533 340 41 27 köp
591 340 11 20 ä
618 339 42 22 fast
676 339 103 27 egendom

259 374 70 21 blifvit
345 374 114 26 fulländad,
477 374 38 21 och
533 374 69 27 öfriga
614 374 5 21 i
631 374 35 27 lag
677 374 102 26 stadgade

260 409 69 21 vilkor
352 408 121 27 fullgjorda,
498 408 51 22 derå
567 408 87 22 utfärda
670 408 109 26 fastebref,

260 442 69 22 ehvad
346 442 76 22 sådant
437 443 90 27 begäres
543 443 51 21 eller
610 443 26 27 ej.

231 476 85 22 Fribref
332 477 32 21 för
379 476 76 28 fartyg,
467 478 124 20 oberoende
600 478 23 20 af
630 478 150 26 drägtigheten

209 511 1 22 .
230 511 153 26 Friherrebref,
401 518 22 14 se
438 512 87 26 diplom.

230 545 96 21 Frisedel
344 546 31 21 till
392 552 73 14 varors
481 546 96 27 lossning
594 546 39 20 och
649 546 91 27 lastning

231 580 115 26 Fullmakt,
358 580 148 27 embetsintyg,
519 580 167 27 konstitutorial,
698 580 81 21 förord-

260 615 76 26 nande,
353 615 98 21 kallelse-
463 615 38 21 och
513 615 182 26 antagningsbref,
707 617 72 24 proto-

260 649 141 27 kollsutdrag,
427 656 27 14 m.
477 656 34 18 m.,
533 649 137 27 hvarigenom
690 649 106 26 embete,
786 645 13 35 |

261 683 65 27 tjenst
349 684 51 21 eller
420 683 121 27 befattning
556 684 96 21 besättes
667 684 39 21 och
722 684 58 21 bort-
795 680 1 10 |

262 717 74 28 gifves,
353 718 52 21 eller
421 718 39 21 ock
476 724 63 15 namn
550 718 52 21 eller
613 718 114 27 värdighet
737 717 42 22 för-

261 759 75 20 unnas,
354 753 47 21 med
417 753 25 20 de
459 753 114 26 undantag,
585 758 45 15 som
641 753 7 20 i
660 753 68 20 denna
738 752 42 21 för-

210 796 1 7 |
238 783 12 35 =
262 787 90 27 ordning
367 787 66 21 finnas
450 787 102 21 särskildt
568 787 136 21 omnämnda:

261 822 23 26 a)
301 821 12 21 &
336 821 89 26 embete,
449 822 65 26 tjenst
539 822 51 20 eller
609 821 121 26 befattning
745 821 51 21 vid
788 817 12 36 !

290 856 64 26 civil-,
370 855 146 22 ecklesiastik-
532 856 38 21 och
588 856 124 21 skolstaten.

278 892 31 19 1:0
326 891 12 20 å
355 890 88 26 embete,
461 890 72 27 tjenst,
550 891 66 26 syssla
630 891 52 20 eller
693 890 86 21 beställ-

305 925 49 26 ning
369 931 45 14 som
431 925 22 20 af
467 925 60 20 Hans
544 925 120 26 Kejserliga
680 924 100 27 Majestät

305 959 52 21 eller
368 959 160 21 vederbörande
539 959 123 26 myndighet
670 959 109 25 tillsättes,

306 994 88 21 skrifves
410 994 12 21 &
433 993 117 27 stämpladt
564 1000 87 20 papper,
663 993 118 21 beräknadt

307 1027 55 22 efter
385 1029 12 19 4
419 1030 89 25 procent
532 1027 22 21 af
568 1028 114 26 penninge-
698 1027 39 21 och
755 1028 25 20 12

305 1064 88 25 procent
409 1062 23 21 af
446 1062 67 21 indelt
529 1062 35 21 lön
579 1062 33 21 för
628 1062 45 21 äret
688 1062 33 21 för
732 1062 48 27 den,

305 1097 85 20 hvilken
411 1096 67 21 första
494 1096 82 27 gängen
593 1097 107 20 tillträder
715 1097 66 25 tjenst

306 1131 47 21 med
369 1131 35 21 lön
420 1132 27 26 pä
463 1131 101 25 kronans,
580 1130 70 27 nägon
662 1131 58 21 stads
729 1130 52 21 eller

306 1166 78 20 allmän
400 1166 129 26 inrättnings
546 1167 53 23 stat;
616 1165 39 21 och
666 1164 54 22 skall
731 1171 50 15 ena-

305 1200 72 21 handa
392 1200 198 26 beräkningsgrund
606 1200 107 26 tillämpas
727 1200 54 26 jem-

304 1234 42 26 väl,
363 1234 28 21 dä
406 1240 83 20 person,
507 1240 46 14 som
570 1234 66 20 sädan
647 1234 64 26 tjenst
723 1233 58 21 förut

306 1268 101 28 innehaft,
425 1275 46 15 men
489 1268 93 22 derifrän
601 1268 83 21 undfätt
698 1268 82 25 afsked,
795 1266 1 11 |

306 1302 53 28 ånyo
382 1303 107 21 tillträder
513 1303 66 26 tjenst
602 1302 23 21 af
639 1301 142 22 omförmälda

304 1337 153 21 beskaffenhet.
488 1337 48 21 Men
559 1338 35 20 vid
613 1337 115 21 befordran
748 1336 33 22 till

305 1378 69 14 annan
397 1372 66 26 tjenst
486 1372 106 20 beräknas
611 1372 76 20 kartan
704 1371 77 21 endast

305 1405 55 22 efter
375 1406 117 27 skilnaden,
503 1406 103 21 hvarmed
618 1406 40 21 den
667 1405 114 21 tillträdda

306 1440 62 21 lönen
384 1440 141 27 öfverskjuter
541 1440 39 21 den
591 1440 57 21 förut
657 1440 123 21 innehafda.

903 552 1 10 '
920 548 22 20 25
960 541 2 35 |
