1086 1700
287 104 82 22 Ständ.
385 104 39 23 Sv.
439 117 30 3 —
484 104 74 28 Prop.
574 104 45 22 N:o
635 104 37 22 16.

152 212 124 22 Gåfvobref
288 212 101 22 karteras
399 212 47 21 lika
456 212 50 22 med
516 212 114 27 köpebref,
642 212 40 22 och

178 248 58 22 skall
261 247 92 27 gåfvans
379 248 68 22 värde
473 248 8 21 i
506 248 124 27 penningar
650 248 33 21 uti

180 283 155 28 gåfvobrefvet
353 285 96 20 utsättas
466 284 56 21 eller
537 284 8 20 i
560 285 68 19 annat
643 283 40 21 fall

179 320 96 26 lagligen
299 320 95 26 utredas,
417 320 29 26 på
462 319 38 21 det
515 319 168 27 stämpelbelop-

179 358 43 24 pet
236 355 36 21 må
287 355 74 21 kunna
376 355 99 21 derefter
489 356 139 20 bestämmas.

149 392 175 21 Konnässement
339 391 55 21 eller
409 390 125 22 fraktsedel
548 391 14 21 å
578 390 60 28 gods,
651 390 31 21 af-

182 426 84 28 gående
281 426 35 22 till
332 428 34 20 ort
380 429 60 19 utom
455 426 104 22 Finland:

212 462 49 22 med
276 462 69 22 finskt
360 462 55 22 eller
429 462 67 27 ryskt
511 462 74 57 IE

232 515 10 10 »
274 498 115 21 utländskt

151 534 118 27 Kontrakt,
286 533 117 27 skriftligt:

211 572 31 19 1:o
263 576 34 15 om
320 569 98 27 arrende,
441 570 62 27 hyra,
531 570 55 27 lega,
611 569 73 28 städja

239 605 54 22 eller
320 611 71 15 annan
414 605 75 27 afgäld
513 605 34 22 för
569 605 113 27 egendom,

242 641 48 27 hus,
306 647 54 21 rum,
375 641 50 28 bod,
441 641 93 28 källare,
550 643 61 25 tomt,
622 641 61 21 träd-

239 677 61 27 gård,
310 683 74 21 qvarn,
393 676 81 29 fabrik,
485 677 65 28 bruk,
559 677 61 27 åker,
632 679 50 25 äng,

238 712 125 28 beteshage,
385 713 61 27 skog,
468 712 77 22 fiskeri
565 719 27 15 m.
608 719 33 21 m.,
659 713 25 20 sä

238 749 8 20 i
267 748 49 21 stad
336 754 45 15 som
402 749 29 26 på
451 748 82 28 landet,
550 748 64 27 skall,
631 749 53 20 utan

239 783 103 22 afseende
362 784 13 21 å
395 784 38 21 det
451 786 52 25 sätt,
525 784 84 27 hvarpä
629 784 64 30 kon-|

242 819 84 22 traktet
346 821 24 20 är
389 820 136 27 upprättadt,
546 819 72 22 förses
634 816 59 30 med
681 812 16 39 |

239 855 69 27 karta,
324 855 113 21 beräknad
453 855 58 22 efter
527 855 42 22 den
580 843 93 45 arrende-
688 847 5 37 |

243 897 87 21 summa,
346 891 57 27 hyra
418 891 55 22 eller
489 891 81 27 afgäld,
588 897 45 16 som
649 891 35 21 för

243 927 46 21 helt
304 927 26 21 är
346 927 33 26 sig
394 927 98 27 belöper,
509 927 99 22 sälunda:

274 962 28 21 dä
317 962 71 27 hyran
403 962 35 22 för
453 963 50 21 äret
519 965 65 25 utgör
598 963 35 21 till
644 963 49 27 och|

299 998 50 21 med
367 1000 41 19 100
424 999 79 21 mark.
570 1017 4 4 N

272 1035 54 20 samt
342 1034 128 22 derutöfver
486 1035 35 21 för
537 1013 77 53 hvarje
629 1015 55 41 falla

301 1070 41 20 100
358 1070 63 21 mark

210 1099 33 27 Är
266 1105 72 26 någon
358 1105 35 22 del
417 1105 25 22 af
458 1087 116 46 afgälden
582 1089 36 39 för
636 1087 48 40 året

182 1136 88 36 gulden,
291 1128 116 45 beräknas,
423 1142 8 20 i
447 1142 99 27 enlighet
562 1142 49 22 med
626 1142 58 22 hvad

180 1183 38 15 om
233 1176 146 28 förskrifning
395 1178 104 26 stadgadt
509 1180 32 26 är,
552 1178 131 27 stämpelbe-

180 1213 76 26 loppet
276 1212 78 22 endast
373 1213 58 21 efter
447 1214 59 21 hvad
522 1214 24 21 af
559 1214 125 22 densamma

181 1248 107 27 återstår,
305 1248 91 22 såframt
411 1249 131 22 kontraktet
552 1250 50 21 icke
612 1252 26 19 är
647 1250 36 21 be-

182 1284 85 21 stämdt
287 1286 33 19 att
340 1284 137 22 fortfarande
493 1285 59 27 gälla
567 1286 70 21 under
652 1287 32 20 ett

181 1320 55 21 eller
250 1320 54 21 flera
319 1320 96 26 följande
431 1320 30 22 år.

196 1355 67 27 Ingår
284 1355 8 21 i
312 1355 135 27 kontraktet,
464 1357 61 20 utom
539 1356 47 22 viss
602 1363 82 15 summa

225 1390 7 21 i
246 1390 127 28 penningar,
389 1391 78 27 beting
477 1398 35 14 om
528 1391 85 22 förmån
629 1392 55 22 eller

776 502 10 18 -

827 109 27 19 33

834 466 27 20 50
