1086 1700
226 113 27 20 24
524 115 44 23 N:o
591 116 37 22 11.

195 180 90 22 verkadt
300 180 53 22 eller
369 181 129 22 distilleradt
513 182 97 26 bränvin,
626 184 26 19 än
668 182 35 21 vid
714 182 144 27 beredningen
869 183 82 21 använd

195 214 100 28 redskap.

265 250 19 20 2.
315 250 92 21 Innehar
429 250 34 21 till
486 250 238 27 bränvinstillverkning
747 250 54 22 eller
823 251 129 27 distillering

195 284 136 27 oberättigad
354 291 77 20 person
454 286 36 20 vid
505 287 64 19 annat
584 284 92 27 tillfälle,
693 287 26 19 än
735 285 63 21 ofvan
815 285 136 22 omförmäldt

194 320 30 25 är,
248 318 34 21 för
304 318 77 22 sådant
403 320 101 20 ändamål
527 320 77 26 tjenlig
620 319 92 27 redskap
728 320 53 20 eller
797 326 36 15 sur
848 320 103 21 tillmäsk-

194 353 56 27 ning,
274 353 80 21 beredd
376 354 49 20 med
447 354 53 21 malt
524 354 39 21 och
577 354 50 26 jäst,
644 354 53 21 eller
712 354 129 22 annorledes
857 355 94 21 brukbar

194 388 34 20 för
251 388 238 27 bränvinstillverkning
513 389 51 21 eller
588 389 133 27 distillering,
737 396 50 14 vare
803 389 41 21 slik
860 390 91 26 redskap

195 422 39 22 och
250 423 60 21 mäsk
326 422 110 23 förbruten
455 426 56 19 samt
527 424 36 21 bot
579 424 69 21 första
663 430 63 15 resan
743 424 72 21 femtio
831 425 68 25 mark,
916 431 35 14 an-

195 457 39 21 dra
258 458 82 26 gången
357 458 88 21 dubbelt
461 458 39 21 och
515 458 73 27 hvarje
603 459 57 26 gång
675 458 168 22 öfverträdelsen
859 458 93 22 derefter

193 497 107 21 upprepas
316 492 121 21 tvåhundra
453 492 69 22 mark.

264 528 19 20 3.
313 527 138 27 Förfärdigas
468 528 51 20 eller
535 528 139 20 iståndsättes
691 528 180 26 bränvinsreskap
883 528 21 21 åt
915 534 36 15 an-

193 567 49 22 nan,
272 563 27 19 än
324 562 35 21 till
384 561 135 22 densammas
542 562 157 21 innehafvande
722 562 122 27 berättigad
867 569 83 20 person,

193 596 68 27 plikte
284 596 40 21 den
348 597 47 20 med
419 597 51 21 slikt
490 597 74 20 arbete
579 597 100 21 beträdes
695 597 47 21 från
759 597 39 20 och
813 597 48 21 med
877 597 73 21 femtio

193 631 33 20 till
242 631 41 20 och
298 631 49 21 med
363 631 116 21 etthundra
495 631 74 21 femtio
585 631 61 21 mark
662 631 39 21 och
717 631 120 27 redskapen
848 638 50 15 vare
908 631 42 22 för-

193 665 89 21 verkad.
313 666 121 27 Apparater
444 667 33 20 till
489 667 124 20 brännerier
622 667 39 20 och
670 666 198 27 distilleringsverk,
878 667 72 20 hvilka

194 699 80 22 drifvas
297 701 48 20 med
368 700 60 27 ånga,
452 701 34 20 må
510 701 52 21 dock
586 701 22 21 af
622 701 46 26 den,
685 707 44 15 som
746 701 111 21 tillverkar
873 701 77 27 dylika,

194 733 136 22 ansvarsfritt
345 734 132 22 innehafvas.

538 793 10 26 s
565 793 34 20 42.

264 839 18 20 1.
312 838 10 21 I
338 837 38 22 fall
392 838 47 25 den,
455 844 45 15 som
517 838 90 21 innebar
622 839 103 26 rättighet
736 840 33 19 att
778 838 100 21 tillverka
889 838 61 21 brän-

192 873 43 26 vin,
258 873 85 21 utöfvar
359 873 52 21 eller
427 872 55 21 låter
497 872 73 21 utöfva
587 873 125 21 densamma
728 873 12 20 å
756 874 67 19 annat
838 873 69 26 ställe,
924 875 26 18 än

192 907 126 22 kontraktet
340 907 137 28 bestämmer,
501 908 51 20 eller
574 907 68 21 under
657 908 38 26 tid,
712 908 27 20 då
754 907 196 22 bränvinstillverk-

193 942 50 27 ning
259 942 19 27 ej
295 944 23 19 är
334 941 90 27 tillåten,
440 949 50 14 vare
507 942 36 21 det
558 942 94 27 bränvin,
666 948 47 15 som
723 941 90 22 sålunda
824 942 125 25 tillverkats,

192 977 40 20 och
256 977 29 20 all
308 976 74 21 dervid
408 976 111 27 begagnad
542 977 92 26 redskap
648 977 67 26 jemte
731 976 87 21 tillredd
834 976 61 21 mäsk
910 977 39 20 och

192 1011 143 21 drankförräd
360 1011 121 25 förbrutna;
508 1011 40 21 och
574 1011 61 26 gälde
659 1011 40 20 den
716 1011 112 26 brottslige
844 1011 58 20 skatt
917 1011 33 20 för

192 1045 74 27 hvarje
291 1045 49 21 liter
365 1045 24 21 af
412 1046 95 21 nämnda
529 1045 96 26 bränvin,
649 1045 119 21 beräknadt
784 1045 32 21 till
833 1045 39 20 den
889 1045 5 20 i
910 1046 10 27 $
936 1047 12 19 8

192 1086 64 15 mom.
274 1081 9 20 1
302 1082 82 19 utsatta
403 1080 81 27 styrka,
501 1080 39 21 och
554 1080 68 26 plikte
638 1080 108 21 dessutom
762 1079 33 21 för
811 1079 138 27 lönbränning

192 1116 31 20 ett
245 1115 50 21 med
317 1115 65 27 sagde
405 1115 59 21 skatt
481 1115 43 21 lika
539 1115 84 27 belopp.
654 1115 53 25 Den,
724 1120 46 15 som
786 1114 67 21 andra
868 1113 82 28 gången

191 1149 49 21 med
256 1149 67 21 sådan
340 1149 126 27 förbrytelse
481 1150 109 25 beträdes,
607 1156 50 14 vare
672 1149 100 21 förfallen
787 1151 38 24 att,
836 1150 60 20 utom
907 1148 42 22 för-

190 1184 44 21 lust
257 1183 23 21 af
302 1184 93 25 bränvin,
419 1184 100 26 redskap,
539 1184 61 20 mäsk
620 1184 40 20 och
676 1183 68 21 drank
760 1185 55 19 samt
829 1183 120 27 skyldighet

191 1220 33 19 att
246 1218 88 27 erlägga
358 1218 141 21 omförmälda
515 1218 64 26 skatt,
596 1218 50 20 böta
662 1218 89 21 dubbelt
768 1217 39 21 och
823 1217 64 21 hafve
903 1218 45 20 der-

188 1252 67 27 jemte
272 1252 111 22 förverkat
398 1253 104 27 rättighet
519 1255 31 19 att
566 1253 90 21 bränvin
672 1252 107 22 tillverka.

260 1288 20 20 2.
312 1286 73 22 Skulle
401 1288 36 20 det
453 1287 98 27 olofligen
568 1287 128 21 tillverkade
711 1287 124 21 bränvinets
850 1286 99 27 mycken-

190 1322 38 21 het
242 1322 20 26 ej
279 1322 72 20 kunna
367 1324 95 25 utrönas,
479 1322 52 21 eller
547 1322 81 27 uppgår
645 1322 124 21 densamma
785 1322 18 26 ej
820 1322 33 21 till
864 1323 83 19 ettusen

190 1356 118 21 trehundra
330 1356 55 27 liter,
409 1363 50 15 vare
475 1357 37 21 bot
528 1357 64 21 likväl
608 1356 67 22 första
690 1358 84 26 gången
791 1358 82 20 ettusen
889 1356 59 21 mark

190 1390 41 22 och
254 1390 67 22 andra
336 1396 63 16 resan
416 1392 95 26 dubbelt,
528 1398 46 14 men
589 1392 33 20 för
639 1392 62 20 dessa
717 1391 113 21 händelser
846 1397 50 20 eger
911 1392 37 20 nå-

189 1427 38 25 got
242 1425 120 23 ådömande
379 1426 23 21 af
417 1426 206 27 tillverkningsskatt
640 1426 45 21 icke
701 1432 54 15 rum.
