1086 1700
258 118 28 20 20
409 115 83 23 Ständ.
509 115 37 22 Sv.
563 128 29 3 —
608 115 76 28 Prop.
700 114 45 22 N:o
760 114 37 22 16.

785 181 1 17 |

306 224 122 26 pastoratet
444 225 25 19 är
486 223 117 27 imperielt,
619 222 154 22 konaistorielt
785 199 1 25 |

306 259 56 22 eller
377 259 117 27 patronelt,
511 259 35 21 för
561 259 79 27 hvarje
656 259 52 21 fullt
719 258 55 21 hun-

310 295 40 21 dra
365 295 24 21 af
398 295 170 27 församlingens
579 294 146 28 invänaretal,
737 294 38 21 be-
784 297 2 13 |

310 331 96 21 räknadt
431 330 58 22 efter
512 332 89 20 senaste
624 325 162 32 folkmängds-
776 321 14 40 |

310 367 69 21 tabell
411 383 2 4 <
588 382 150 6 n
771 363 15 39 I]

286 404 32 20 6:0
339 402 13 21 &
373 402 131 26 kapellans-,
526 402 173 22 komministers-
719 401 67 22 eller!

311 438 401 27 domkyrkosysslomansbeställning,
747 437 39 21 däi

311 474 66 21 lönen
399 476 26 19 är
445 474 35 21 till
501 474 58 22 visst
581 474 79 26 belopp
687 474 7 21 i
722 479 52 21 pen-

311 510 80 26 ningar
407 510 104 26 bestämd,
528 511 13 19 4
557 511 93 25 procent
665 509 24 22 af
702 510 73 21 lönen.

326 545 46 21 För
388 545 143 27 kapellanens
548 545 127 22 obestämda
690 545 84 21 inkom-

312 584 46 19 ster
382 581 24 21 af
427 581 158 27 församlingen
608 582 110 21 beräknas
740 581 35 22 för

311 617 77 27 hvarje
405 617 50 21 fullt
471 617 85 21 hundra
572 617 24 21 af
605 617 170 28 församlingens

309 649 139 36 invänaretal
589 669 76 5 H&M
698 671 3 4 i
734 671 3 4 &
770 671 4 4 3

286 691 32 19 7:0
334 689 13 21 &
363 689 262 27 sockneadjunktstjenst,
642 689 28 22 dä
679 689 96 22 boställe

310 724 95 27 ätföljer,
427 724 35 21 för
480 724 78 27 hvarje
579 724 52 22 fullt
650 725 86 22 hundra
752 725 25 21 af

311 760 168 27 församlingens
496 760 139 22 invänaretal

310 802 50 15 men
376 803 33 14 om
425 796 94 21 boställe
536 796 19 27 ej
572 795 77 28 finnes,
666 796 79 21 endast

286 833 34 20 8:0
342 832 12 21 &
375 832 241 27 adjunktsbeställning
632 832 55 21 eller
703 838 72 15 annan

310 868 121 27 presterlig
446 867 132 28 befattning,
595 867 35 22 för
640 868 93 21 hvilken
743 868 32 21 af-

311 903 104 27 löningen
425 904 66 21 beror
501 903 25 22 af
535 903 98 22 enskildt
644 903 54 22 aftal
710 904 65 21 emel-
784 900 2 15 |

311 939 37 22 lan
364 939 42 22 den
422 939 130 22 förordnade
568 939 40 21 och
624 939 54 22 hans
694 939 92 27 princi-|

310 975 43 26 pal,
371 975 12 21 å
400 975 67 21 sådan
483 975 71 27 karta,
568 981 45 15 som
623 974 35 22 för
669 975 26 21 de
716 974 70 22 ifrån;

312 1010 149 27 domkapitlen
472 1011 110 26 utgäende
591 1011 151 26 expeditioner
751 1013 26 18 är
785 1014 1 21 |

310 1046 157 22 föreskrifven.

287 1082 33 21 9:0
344 1082 12 21 &
379 1082 114 21 klockare-
515 1082 55 21 eller
591 1082 184 27 orgelnisttjenst,

312 1117 34 22 för
361 1118 91 21 hvilken
468 1118 65 22 lönen
548 1119 26 20 är
589 1118 36 21 till
635 1118 46 22 viss
693 1124 84 16 summa

312 1154 6 20 i
343 1154 120 26 penningar
486 1154 107 27 bestämd,
615 1153 49 27 fyra
684 1156 93 24 procent

312 1189 69 27 deraf,
402 1195 49 15 men
470 1189 39 22 der
525 1190 65 21 lönen
607 1190 19 27 ej
643 1192 25 19 är
684 1190 93 21 sålunda

312 1226 77 26 utsatt,
410 1225 8 21 i
438 1225 195 27 landsförsamling
652 1225 57 22 efter
725 1232 51 14 ena-

312 1260 71 22 handa
395 1261 71 27 grund
477 1261 38 21 och
527 1261 35 21 till
574 1261 46 21 lika
630 1261 86 27 belopp,
730 1267 47 15 som

311 1296 13 21 å
340 1296 261 28 sockneadjunktstjenst,
619 1299 56 19 samt
685 1297 8 21 i
704 1296 72 22 stads-

312 1331 129 28 församling
461 1332 49 22 med
526 1338 27 16 en
568 1332 112 22 tiondedel
696 1331 26 23 af
734 1332 43 22 den

311 1367 36 22 för
366 1368 219 26 pastorsfullmakten
605 1368 8 21 i
634 1374 82 16 samma
732 1368 45 21 för-

317 1404 94 26 samling
426 1404 113 22 bestämda
554 1404 70 22 karta.
785 1404 2 24 |
