1086 1700
227 113 29 21 44
407 112 83 22 Ständ.
506 112 39 22 Sv.
564 125 30 3 —
609 112 75 28 Prop.
700 112 45 22 N:o
760 112 37 22 16.

270 174 53 20 24:0.
354 172 51 22 Alla
421 172 251 23 arfskiftesinstrument
687 173 40 21 och
743 173 108 22 likaledes
867 174 80 26 boupp-

197 208 258 28 teckningsinstrument,
477 208 28 22 dä
525 209 63 21 boets
609 209 104 21 behällna
729 215 83 15 summa
827 209 20 27 ej
863 211 85 25 uppgär

197 244 35 22 till
248 244 131 22 femhundra
394 245 71 26 mark;

270 281 54 20 25:0.
355 280 116 28 Donation,
487 286 46 16 som
548 280 7 22 i
571 280 123 28 penningar
705 281 55 21 eller
770 281 69 21 värde
848 281 19 27 ej
877 280 70 22 öfver-

198 316 71 28 stiger
284 317 125 22 tvähundra
424 317 72 27 mark;

270 354 53 20 26:0.
354 353 109 27 Resepass
480 352 35 22 för
531 352 72 22 finska
618 353 145 27 medborgare
777 352 36 22 till
824 354 59 20 orter
891 353 57 21 inom

197 388 107 28 Finland;

270 426 53 20 27:0.
355 425 160 27 Läkarebevis;

270 462 54 20 28:0.
356 461 242 27 Förtullningsinlagor
618 460 68 28 jemte
708 460 75 22 dertill
803 460 98 22 hörande
915 460 31 22 bi-

197 497 63 27 lagor
282 497 36 21 till
341 497 160 21 tullkamrarne
522 497 39 21 och
582 496 225 27 tullexpeditionerna
821 497 8 20 i
845 496 101 28 Finland,

198 532 94 22 skrifter
312 533 40 21 och
368 532 137 28 handlingar,
522 539 46 15 som
584 532 35 22 till
634 532 198 27 tullexpeditionen
847 532 7 21 i
866 532 32 22 S:t
907 532 40 21 Pe-

196 569 106 27 tersburg
317 569 97 28 ingifvas
430 569 55 22 eller
501 568 99 23 derifrän
615 568 109 27 utfärdas;
741 568 113 23 äfvensom
869 568 78 21 ansök-

197 606 80 27 ningar
293 611 35 16 om
344 605 127 22 erhållande
483 605 24 21 af
515 604 93 22 frisedel
619 605 35 21 till
665 605 100 27 lossning
776 605 55 21 eller
841 604 105 27 lastning;

270 643 54 21 29:0.
355 641 67 24 Bevis
439 641 62 22 öfver
516 641 154 21 hinderlöshet
684 641 37 21 till
736 641 133 26 äktenskap;

270 679 54 20 30:0.
355 677 114 22 Fullmakt
490 677 35 21 till
544 679 60 24 post-
625 677 41 21 och
678 676 270 28 jernvägsförsändelsers

198 713 120 28 uttagande
338 715 55 20 samt
412 715 33 19 att
463 713 13 21 &
494 713 148 21 landtränteri
658 713 56 22 eller
728 712 51 22 frän
795 718 72 15 annan
882 712 66 21 kassa

197 749 58 28 lyfta
270 750 37 21 lön
324 751 56 20 samt
395 749 61 22 läne-
472 749 56 22 eller
544 749 68 21 andra
628 749 82 26 medel;

270 787 54 20 31:0.
354 785 184 22 Poliskammares
556 785 189 27 tillständsbiljett
764 784 35 21 för
817 784 57 21 finsk
889 783 58 22 med-

197 822 95 27 borgare
308 823 34 20 att
357 821 70 22 vistas
442 821 8 21 i
466 821 86 26 staden;

270 859 54 20 32:0.
354 857 233 26 Embetsskrifvelser;

271 895 55 20 33:0.
357 893 153 27 Tjenstemans
534 893 124 26 ansökning
679 899 34 14 om
733 891 167 27 handräckning
915 892 32 20 att

198 929 48 22 utfä
261 929 79 22 honom
356 929 24 21 af
393 929 112 27 menighet
520 928 166 22 tillkommande
702 927 103 28 aflöning;

270 967 55 20 34:0.
357 965 72 21 Skrift
451 965 40 21 och
513 965 81 27 bilaga,
618 971 46 15 som
688 964 107 21 inlemnas
819 963 24 21 af
861 968 86 21 person,

197 1001 68 22 hvars
284 1001 116 27 fattigdom
416 1003 25 19 är
457 1001 105 27 antingen
578 1001 92 21 allmänt
684 1000 60 21 känd
760 1000 55 21 eller
831 999 116 22 vederbör-

197 1037 61 26 ligen
273 1037 99 27 intygad,
389 1037 25 21 sä
429 1037 41 21 ock
486 1037 132 27 expedition,
636 1043 45 14 som
698 1036 35 21 till
744 1035 68 22 sädan
823 1041 80 20 person
913 1035 33 20 ut-

198 1072 75 22 färdas
294 1073 41 21 och
355 1072 35 22 för
410 1073 91 22 hvilken
518 1073 19 27 ej
554 1073 71 21 heller
640 1073 63 20 lösen
719 1078 53 21 eger
787 1078 54 21 rum,
858 1071 89 22 hvarom

197 1109 73 27 tydlig
286 1109 135 27 anteckning
436 1109 13 20 å
465 1108 155 28 expeditionen
635 1108 41 21 bör
692 1107 48 27 ske;

270 1146 53 20 35:0.
361 1144 86 28 Utslag,
471 1144 127 27 resolution,
622 1144 76 21 ordres
722 1145 57 20 samt
798 1142 148 22 löftesförbin-

198 1180 80 28 delser,
295 1180 208 28 vederhäftighets-,
520 1180 151 27 inteeknings-
688 1180 40 21 och
743 1180 68 20 annat
820 1178 69 27 bevis,
901 1184 45 15 som

197 1216 13 21 å
231 1215 61 22 förut
307 1216 122 27 behörigen
444 1216 105 22 karterad
565 1216 74 26 inlaga
655 1216 55 21 eller
725 1215 107 26 handling
847 1214 98 26 tecknas;

270 1254 53 19 36:0.
353 1252 53 21 Alla
420 1252 187 27 undersöknings-
618 1252 40 21 och
669 1250 277 28 besigtningsinstrument,

197 1287 200 29 kostnadsförslag,
420 1288 156 28 beräkningar,
601 1288 77 21 kartor
700 1288 40 20 och
761 1287 77 26 planer
853 1285 94 22 rörande

198 1323 136 28 sjöfällning,
355 1324 216 27 vattenuttappning,
593 1324 75 26 odling
690 1322 24 22 af
731 1322 55 22 kärr
802 1322 40 21 och
857 1327 89 20 mossar,

198 1361 56 19 samt
270 1366 34 14 om
320 1360 135 27 anläggning
470 1360 25 21 af
508 1360 72 27 kanal,
598 1360 64 27 sluss,
680 1359 80 21 allmän
775 1358 114 27 landsväg,
901 1358 45 26 bro,

194 1394 97 28 jernväg
306 1396 50 21 med
371 1402 61 15 mera
447 1396 80 26 dylikt;
