1086 1700
244 106 29 21 24
395 104 82 24 Ständ.
493 105 39 23 Sv.
548 119 29 3 —
592 106 74 28 Prop.
681 104 45 23 N:o
742 105 35 22 11.

557 191 27 20 14
600 190 18 28 8.

283 242 242 23 Bränvinstillverkare
546 250 54 15 vare
621 243 127 28 berättigad
771 244 33 21 att
825 249 78 22 genom
925 243 36 22 till

211 278 171 23 landtränteriet
396 278 143 23 förskottsvis
549 279 99 22 inbetald
658 279 227 28 tillverkningsskatt,
894 279 8 21 i
910 280 51 21 mån

212 314 24 22 af
248 314 187 28 tillverkningens
449 314 111 29 fortgång,
577 315 50 22 fritt
642 315 87 27 förfoga
745 314 63 23 öfver
823 322 28 15 en
864 317 44 19 mot
918 315 43 22 den

212 350 90 28 erlagda
325 350 89 22 skatten
437 351 108 21 svarande
567 351 133 27 myckenhet
722 351 101 28 bränvin,
845 351 55 22 eller
920 351 41 21 ock

210 386 112 27 upplägga
340 386 38 22 det
392 386 134 23 tillverkade
541 387 119 22 bränvinet
674 387 29 27 på
718 387 107 27 nederlag
841 389 56 20 samt
912 387 46 23 det-

211 428 82 16 samma
307 422 51 22 från
373 422 128 28 nederlaget
517 424 76 26 uttaga
608 423 7 21 i
632 423 42 22 den
689 423 51 21 mån
756 423 61 21 skatt
833 422 75 23 derför
923 429 37 16 en-

210 458 42 27 ligt
270 460 25 19 13
312 458 13 28 &
342 458 106 28 erlägges.

556 544 26 20 15
599 542 19 29 8.

284 597 17 19 1.
332 595 139 22 Tillverkadt
485 596 96 23 bränvin
596 596 59 22 skall
670 595 25 22 af
708 596 123 21 kontrollör
845 597 115 26 uppmätas

210 630 40 22 och
264 630 91 27 profvas
370 633 63 26 samt,
449 632 73 22 sävidt
538 632 61 21 skatt
614 632 35 21 för
665 632 121 22 detsamma
801 632 51 21 icke
869 631 89 28 erlagts,

209 666 95 22 insättas
319 667 29 26 pä
362 667 105 28 nederlag
483 667 70 22 under
568 667 100 28 offentlig
683 668 86 27 tillsyn.

282 704 19 19 2.
331 702 100 27 Magasin
447 703 56 22 eller
517 710 48 15 rum
581 703 35 22 för
631 704 108 27 nederlag
754 703 25 22 af
791 703 95 22 bränvin
902 703 58 22 skall

209 744 54 16 vara
285 738 89 27 beläget
393 739 9 20 i
417 739 108 22 närheten
541 739 24 22 af
578 740 128 21 bränneriet
722 739 40 22 och
778 739 24 22 af
815 739 145 22 tillverkaren

208 774 141 21 uteslutande
364 774 35 21 för
414 775 125 22 ändamälet
554 776 101 26 upplätet
670 777 57 20 samt
743 775 25 22 sä
783 775 114 27 inrättadt,
914 781 46 15 som

208 809 200 28 ordningsstadgan
423 810 153 23 föreskrifver.
608 811 82 22 Sädant
706 811 99 27 magasin
816 811 55 22 eller
881 811 77 22 neder-

208 845 104 28 lagsrum,
336 845 87 22 hvilket
443 847 51 21 icke
516 847 35 21 får
572 847 117 28 begagnas,
706 847 68 21 innan
789 847 38 21 det
841 847 119 26 undergätt

208 881 115 21 enahanda
337 881 132 28 besigtning,
487 889 46 15 som
548 883 8 20 i
572 885 12 19 9
596 882 12 29 &
619 883 70 21 finnes
704 883 8 21 i
720 882 105 22 afseende
833 883 13 21 ä
854 883 105 21 bränneri

207 916 157 28 föreskrifven,
381 917 58 22 skall
454 917 72 23 förses
542 919 48 21 med
606 919 38 22 tvä
660 919 60 21 olika
735 919 41 27 läs,
791 918 88 22 hvilkas
891 918 67 27 nyck-

206 952 35 21 lar
264 952 64 21 skola
348 952 107 29 förvaras,
476 954 43 21 den
538 960 41 15 ena
594 955 39 21 hos
649 954 254 22 bränvinstillverkaren
918 954 40 21 och

207 987 43 22 den
276 988 69 21 andra
367 989 40 21 hos
430 989 151 22 kontrollören
601 991 56 21 eller
675 996 80 21 annan,
772 996 46 15 som
833 990 14 21 å
862 989 96 22 kronans

206 1025 86 25 vägnar
306 1024 42 21 har
362 1025 90 26 uppsigt
468 1025 63 22 öfver
546 1026 137 27 nederlaget.

280 1061 19 20 3.
329 1059 33 22 Pä
381 1060 105 28 nederlag
505 1061 69 22 insatt
589 1061 95 22 bränvin
700 1063 66 25 utgör
781 1061 125 26 underpant
922 1061 35 21 för

206 1095 96 21 skatten.
333 1095 134 22 Underläter
482 1097 131 22 tillverkare
629 1099 33 19 att
676 1097 59 21 inom
751 1097 39 22 tvä
805 1097 26 21 är
847 1096 58 22 efter
920 1097 38 21 det

206 1136 70 16 varan
291 1130 75 23 blifvit
380 1131 14 21 &
408 1132 107 28 nederlag
529 1133 69 21 insatt
612 1133 74 21 betala
697 1133 96 27 skatten,
806 1139 40 21 ege
857 1133 96 27 länesty-

205 1166 61 22 relse
281 1167 90 27 vidtaga
385 1167 50 27 laga
451 1168 80 27 ätgärd
546 1175 34 15 om
594 1170 94 25 pantens
704 1168 138 28 försäljning.

278 1204 20 20 4.
328 1203 129 22 Kontrollör
477 1204 86 27 äligger
582 1206 34 20 att
634 1204 48 22 föra
694 1204 90 28 journal
799 1204 63 22 öfver
877 1204 77 22 neder-

205 1238 62 27 laget
282 1238 70 27 enligt
367 1238 170 23 föreskrifterna
552 1240 8 21 i
576 1240 207 27 ordningsstadgan.

278 1275 20 21 5.
328 1266 21 28 Ä
370 1274 107 22 Senatens
493 1275 274 27 Ekonomiedepartement
781 1276 126 21 ankommer
922 1277 34 20 att

205 1308 122 22 bestämma
342 1316 34 16 om
392 1310 39 22 och
447 1311 28 26 pä
490 1311 77 22 hvilka
582 1312 74 22 vilkor
665 1311 96 22 bränvin
772 1312 35 20 mä
817 1311 50 21 frän
878 1311 77 22 neder-

205 1344 38 28 lag
258 1344 35 22 till
309 1347 35 19 ort
358 1347 59 20 utom
431 1346 77 22 landet
523 1346 89 28 utföras,
628 1348 53 20 utan
692 1349 33 19 att
735 1347 221 27 tillverkningsskatt

206 1379 76 23 derför
298 1381 107 27 erlägges.
