1086 1700
314 118 82 22 Ständ.
413 118 38 22 Sv.
468 131 27 3 —
512 118 75 27 Prop.
603 117 45 23 N:o
663 118 35 21 11.
825 119 28 20 53

203 186 19 20 3.
253 184 66 22 Hvad
338 184 66 27 bolag
425 183 94 22 sålunda
537 184 40 21 bör
600 183 65 28 afstä,
682 183 59 22 skall
756 182 35 22 för
807 182 77 28 hvarje

131 220 26 22 år
178 220 57 21 inom
256 220 66 26 April
337 220 79 21 månad
432 219 38 22 det
485 218 98 28 följande
598 219 50 21 året
663 218 26 22 af
701 218 89 28 bolaget
806 218 77 22 afleve-

130 262 62 16 reras
208 256 36 21 till
259 255 141 28 vederbörlig
416 256 40 20 ort.

475 328 26 19 11
519 326 18 28 8.

203 380 169 22 Stadskommun
392 380 70 27 enligt
479 382 26 19 10
523 379 13 29 &
551 379 167 22 tillkommande
733 378 72 22 medel
821 378 62 22 skola

131 416 113 23 användas
265 416 35 22 till
322 416 91 22 allmänt
428 416 89 27 nyttiga
533 416 107 27 ändamål,
658 415 56 21 dock
729 415 50 21 icke
795 414 88 27 sådana,

131 452 77 22 hvilka
231 452 158 22 kommunerna
409 451 82 28 sjelfva
511 454 38 19 äro
568 450 134 28 förpligtade
719 452 32 20 att
766 450 118 28 tillgodose

131 494 79 21 genom
225 488 145 26 beskattning
385 487 25 21 af
424 487 49 22 sina
488 488 148 21 medlemmar.

477 573 26 20 12
521 571 18 29 8.

204 627 16 19 1.
252 625 44 21 Vid
312 625 68 22 sådan
395 625 136 22 helsobrunn
547 626 55 21 eller
613 625 85 28 badort,
710 625 39 22 der
757 625 78 21 läkare
843 624 39 21 fin-

130 667 40 16 nes
186 661 94 27 anstäld,
298 661 55 22 eller
368 661 13 21 å
397 663 41 26 ort,
455 661 40 22 der
505 661 197 22 värdshusrörelse
713 661 44 21 kan
768 660 35 22 för
811 661 71 26 någon

130 697 33 21 tid
186 696 25 22 af
232 697 50 22 året
304 703 54 16 vara
377 697 25 21 af
418 697 218 28 omständigheterna
655 697 110 27 påkallad,
782 697 35 21 må
833 695 49 22 med

130 732 215 27 stadsfullmäktiges
356 733 55 21 eller
422 733 231 22 kommunalstämmas
661 732 134 27 begifvande
803 731 79 27 rättig-

130 768 39 22 het
184 768 35 21 till
235 769 262 26 bränvinsutskänkning
512 769 36 21 för
562 769 48 22 viss
626 770 71 20 utsatt
712 769 33 21 tid
759 769 30 26 på
803 767 78 23 veder-

129 804 109 21 börandes
261 805 99 26 begäran
382 805 112 21 meddelas
518 804 24 22 af
563 805 123 27 magistrat,
708 804 49 21 ifall
775 803 106 22 utskänk-

129 839 83 28 ningen
234 841 26 20 är
283 839 78 22 afsedd
383 841 34 20 att
440 846 41 21 ega
501 847 49 15 rum
571 841 29 26 på
615 841 61 21 stads
693 839 95 28 område,
804 839 40 22 och
859 838 26 22 af

129 875 154 28 länestyrelse,
300 881 34 16 om
350 875 42 22 den
408 876 59 21 skall
482 876 64 21 idkas
562 877 29 26 på
606 876 82 21 landet.

201 919 19 20 2.
251 917 54 22 Rätt
320 917 35 22 till
372 918 153 27 utskänkning
540 917 25 22 af
577 918 95 22 bränvin
683 918 13 21 ä
707 918 66 27 hotel,
786 923 45 16 som
847 917 34 21 för

129 953 105 21 resandes
258 953 120 27 (turisters)
402 953 69 22 behof
491 954 29 26 pä
543 954 76 21 landet
634 954 112 26 inrättats,
771 953 35 21 mä
825 952 57 22 efter

129 988 229 22 kommunalstämmas
381 989 98 22 hörande
503 989 25 22 af
548 989 164 27 länestyrelsen
731 988 94 27 beviljas
846 987 35 22 för

130 1025 33 20 ett
178 1024 25 21 är
220 1024 55 21 eller
290 1025 72 26 nägon
378 1025 36 21 del
431 1025 69 21 deraf.

201 1067 18 20 3.
251 1065 116 28 Rättighet
382 1068 33 20 att
431 1067 13 21 &
460 1067 222 27 passagerarefartyg
693 1067 112 21 utskänka
815 1067 65 20 brän-

128 1101 38 22 vin
182 1101 24 22 ät
220 1102 95 21 resande
330 1103 35 20 mä
381 1103 41 20 ock
438 1102 124 28 medgifvas
578 1103 26 21 af
611 1103 148 27 länestyrelse
769 1103 8 20 i
788 1103 38 21 det
836 1103 44 26 län,

129 1137 40 21 der
190 1136 112 28 fartygets
324 1138 75 22 rederi
422 1139 41 21 har
484 1139 40 21 sitt
539 1138 142 28 hufvudsäte;
698 1139 39 21 och
753 1138 35 22 mä
803 1138 78 22 dervid

128 1172 74 22 tillika
217 1172 148 24 föreskrifvas
381 1174 27 22 de
424 1174 197 28 inskränkningar,
637 1174 79 22 hvilka
725 1174 75 21 kunna
810 1173 70 22 finnas

128 1208 85 28 nödiga.

199 1251 20 20 4.
250 1250 44 22 Vid
310 1251 122 27 lägermöte
448 1252 55 22 eller
519 1252 40 22 der
574 1254 66 25 trupp
657 1254 26 20 är
698 1252 35 22 för
746 1252 55 22 flere
812 1252 68 27 dagar

129 1286 186 28 sammandragen,
340 1287 35 21 mä
393 1288 110 26 rättighet
521 1288 36 21 till
576 1288 68 21 sädan
662 1288 153 27 utskänkning
830 1288 50 21 icke

128 1320 129 28 medgifvas,
282 1322 91 21 säframt
395 1322 51 22 icke
466 1323 167 22 vederbörande
654 1322 149 29 militärbefäl,
824 1325 56 20 samt

127 1356 50 21 icke
192 1356 72 22 heller
280 1357 13 21 &
306 1357 198 29 jernvägsstation,
529 1359 77 22 såvida
628 1360 19 26 ej
660 1359 219 27 jernvägsstyrelsen

128 1392 68 21 sådan
212 1392 110 28 rättighet
336 1394 117 27 tillstyrkt.
