1086 1700
238 124 26 19 10
430 121 30 23 U.
476 122 28 21 B.
519 134 29 2 —
563 121 74 28 Prop.
653 121 43 22 N:o
712 120 34 22 11.

278 188 42 21 Det
335 188 170 21 verksammaste
520 187 82 22 medlet
617 188 31 21 till
664 187 159 27 förebyggande
834 186 23 22 af
865 187 58 21 såväl
936 186 30 22 of-

210 228 39 15 van
274 222 91 22 berörda
388 228 46 15 som
457 222 66 21 andra
547 222 202 22 missförhållanden
770 222 61 21 torde
848 222 117 21 emellertid

208 262 51 16 vara
282 263 25 15 en
331 256 86 28 lämplig
439 256 95 22 kontroll
553 256 59 22 öfver
628 256 101 28 bolagens
746 256 143 22 verksamhet.
919 256 46 22 Den

207 290 101 27 kontroll,
332 297 45 15 som
393 292 7 20 i
419 291 163 27 propositionen
599 291 98 26 föreslås,
713 291 106 26 nämligen
836 290 129 27 granskning

208 325 22 21 af
250 326 98 27 bolagets
369 326 147 27 räkenskaper
532 326 39 21 och
589 326 129 26 förvaltning
733 325 23 21 af
770 328 32 18 tre
818 325 110 26 revisorer,
944 324 23 22 af

206 360 74 21 hvilka
295 360 88 27 bolaget
398 362 60 19 utser
474 367 31 18 en,
522 360 198 26 stadsfullmäktige
731 360 52 21 eller
793 360 172 21 rådhusstämma

207 401 26 15 en
250 395 40 21 och
306 395 155 27 länestyrelsen
477 395 41 21 den
534 394 77 28 tredje,
629 401 63 21 synes
708 394 47 22 icke
771 401 51 15 vara
832 394 133 27 tillfyllesgö-

208 430 66 20 rande
294 430 65 20 redan
375 430 28 26 på
419 429 40 21 den
475 430 75 26 grund,
567 432 33 18 att
617 430 37 20 det
669 429 71 21 kunde
755 436 52 14 vara
822 429 59 21 svårt
896 430 32 20 att
943 428 22 21 få

208 464 68 21 under
296 464 48 21 året
359 464 113 26 begångna
487 464 40 21 och
544 463 53 22 först
616 464 34 21 vid
667 464 118 21 revisionen
803 463 161 27 uppmärksam-

206 498 64 21 made
292 498 28 22 fel
340 498 93 22 rättade.
463 498 99 22 Nämnda
582 498 93 22 kontroll
692 504 62 15 anser
770 498 108 21 utskottet
894 497 70 22 derför

207 532 53 22 böra
283 533 156 27 kompletteras
461 533 96 27 sålunda,
574 534 33 20 att
623 540 26 14 en
665 532 133 22 kontrollant
813 533 102 21 tillsättes
932 534 32 19 att

208 566 47 23 året
270 574 34 15 om
320 568 55 21 vaka
390 567 59 22 öfver
464 568 98 26 bolagets
580 567 139 22 verksamhet
735 570 62 23 samt,
813 568 5 21 i
835 566 35 23 fall
886 566 22 22 af
921 566 41 27 fog,

207 601 97 22 deremot
319 602 118 21 framställa
453 603 47 20 sina
515 602 173 27 anmärkningar.
714 602 8 21 I
738 601 135 27 Helsingfors
889 602 38 21 har
937 607 26 16 en

207 636 58 27 dylik
287 637 138 25 kontrollant,
448 637 77 21 tillsatt
549 637 23 21 af
591 637 203 26 stadsfullmäktige,
811 636 67 22 under
893 636 70 26 någon

207 671 30 20 tid
254 671 86 26 funnits,
356 672 40 21 och
412 672 70 21 denna
497 671 121 27 anordning
633 671 39 21 har
686 671 66 22 redan
769 671 56 21 visat
839 671 32 26 sig
882 671 82 26 ganska

206 705 137 26 välgörande.
375 705 90 22 Oafsedt
487 708 33 19 att
539 708 72 19 staten
628 712 77 20 genom
720 706 94 21 kronans
830 705 134 26 delaktighet

205 739 7 21 i
228 740 141 21 vinstmedlen
385 740 32 21 för
432 740 114 21 framtiden
562 741 86 20 komme
664 742 32 19 att
712 739 62 22 hafva
791 740 70 21 direkt
872 740 91 21 intresse

206 773 22 22 af
250 774 36 21 det
310 776 52 24 sätt,
385 775 80 26 hvarpå
489 775 91 25 bolagen
600 775 109 26 förvaltas,
725 781 62 20 synes
804 775 37 20 det
856 774 107 21 utskottet

206 808 62 21 äfven
287 809 6 20 i
311 808 64 27 öfrigt
390 809 129 27 lämpligast,
537 811 33 19 att
586 809 158 21 kontrollanten
761 811 60 19 utses
837 809 22 20 af
873 809 90 26 länesty-

205 843 72 21 relsen
293 845 57 19 samt
365 843 80 22 aflönas
461 843 22 21 af
497 844 27 21 de
539 843 77 27 medel,
633 849 46 15 som
695 850 25 14 ur
731 843 189 21 bränvinsskatten
930 842 32 22 för

205 877 121 22 kontrollen
350 877 110 27 anslagits.
491 878 34 21 Då
544 878 158 21 kontrollanten
723 879 70 20 måste
809 884 51 15 vara
875 877 88 22 berätti-

205 911 43 26 gad
271 914 32 19 att
324 911 61 22 äfven
406 912 34 21 vid
457 913 119 21 revisionen
593 914 97 25 närvara,
707 918 62 21 synes
785 912 68 27 någon
871 911 91 22 särskild

205 946 83 21 revisor
310 946 19 27 ej
353 946 90 22 behöfva
462 948 60 20 utses
539 947 12 20 å
567 947 93 21 kronans
676 949 86 24 vägnar,
777 949 51 18 utan
845 947 75 20 endast
936 952 26 15 en

204 979 33 22 för
252 980 88 27 bolaget
356 981 38 21 och
411 987 26 15 en
453 987 69 15 annan
539 981 33 21 för
587 981 200 27 stadsfullmäktige.
805 981 19 27 ($
841 983 10 19 9
863 980 38 22 för.
913 987 47 20 ang.

204 1013 68 28 förs.).
397 1011 2 2 |

274 1083 138 22 Beträffande
435 1083 157 28 dispositionen
614 1084 22 21 af
649 1085 27 20 de
693 1084 133 25 vinstmedel,
843 1084 71 21 hvilka
930 1086 32 19 ut-

205 1117 150 27 minuterings-
370 1118 40 22 och
426 1118 251 27 utskänkningsbolagen
688 1119 76 24 lemna,
772 1118 63 22 hafva
844 1118 57 22 olika
908 1119 54 27 åsig-

205 1154 33 18 ter
254 1152 99 21 uttalats.
378 1152 97 22 Sålunda
490 1153 39 21 har
543 1153 110 27 påyrkats,
670 1153 46 21 dels
732 1155 33 19 att
779 1153 84 21 vinsten
878 1152 84 22 oafkor-

205 1185 36 21 tad
264 1186 67 22 borde
352 1187 83 21 tillfalla
455 1187 40 21 den
512 1188 56 26 stad,
586 1188 38 21 der
639 1188 98 26 bolagets
753 1188 138 20 verksamhet
905 1187 55 21 utöf-

205 1226 45 20 vas,
268 1220 46 22 dels
330 1223 32 19 att
377 1221 49 21 hela
441 1222 84 21 vinsten
542 1222 69 21 skulle
627 1221 116 22 införlifvas
755 1222 49 20 med
816 1222 146 21 kommunika-

204 1254 145 27 tionsfonden,
365 1256 76 20 medan
457 1256 13 20 å
486 1262 69 15 annan
572 1256 47 21 sida
635 1262 27 15 en
676 1256 121 26 fördelning
812 1258 83 19 ansetts
909 1256 53 21 böra

205 1294 40 21 ega
262 1295 54 21 rum,
332 1290 87 21 hvarvid
434 1290 93 21 förutom
544 1290 77 22 staden
638 1290 39 22 och
688 1290 273 22 kommunikationsfonden

201 1322 81 27 jemväl
304 1323 91 27 bolaget,
414 1324 70 22 länets
500 1324 138 22 landtbruks-
654 1325 41 21 och
710 1324 250 28 hushållningssällskap,

203 1356 217 23 landskommunerna
436 1361 57 19 samt
508 1359 251 27 nykterhetssällskapen
771 1359 70 21 skulle
851 1359 110 27 ihågkom-

204 1397 46 15 mas
266 1391 49 22 med
331 1393 69 21 större
416 1392 53 22 eller
484 1392 82 23 mindre
582 1393 93 22 andelar.

274 1430 192 19 Ekonomiutskottets
479 1432 116 18 betänkande
608 1433 38 17 N:o
658 1434 16 16 3.
