1086 1700
222 114 26 20 46
520 114 43 24 N:o
585 116 37 22 16.

194 183 32 19 att
249 182 105 26 medgifva
377 182 75 27 utbyte
468 182 23 21 af
504 182 75 20 kartor
598 182 31 21 till
649 182 82 21 sådana
749 182 153 26 expeditioner,
918 182 34 21 för

192 216 73 21 hvilka
285 216 118 27 afgifterne,
422 217 6 21 i
448 216 106 22 anseende
570 216 31 21 till
617 216 114 27 fattigdom
748 217 51 21 eller
815 223 71 14 annan
902 216 49 27 laga

193 251 71 25 orsak,
282 251 16 26 ej
315 251 84 21 kunnat
415 251 38 21 hos
469 252 117 24 sakegaren
603 251 64 21 utfås.

539 314 13 28 8
568 316 34 19 40.

262 354 116 22 Förefaller
393 354 157 28 missskrifning
565 355 35 21 vid
616 355 90 21 kartans
722 354 142 22 användande
880 354 22 21 af
914 360 36 14 en-

192 388 55 21 skild
264 394 78 21 person
359 389 50 21 eller
424 389 39 21 har
479 389 69 27 någon
566 389 22 21 af
602 389 122 27 uppenbart
739 389 90 27 misstag
843 389 107 26 begagnat

192 422 66 27 högre
282 424 69 23 karta,
372 425 27 19 än
415 423 135 22 föreskrifvet
566 425 30 24 är,
612 424 35 20 må
663 424 97 21 tillstånd
776 423 32 21 till
824 424 47 20 dess
888 423 62 26 utby-

192 457 67 21 tande
282 458 63 20 sökas
363 458 39 20 hos
422 458 138 21 Guvernören
577 458 6 20 i
599 458 65 26 länet,
682 459 11 20 å
708 458 65 21 hvars
788 457 162 22 bestämmande

193 492 79 21 sådant
288 492 6 21 i
309 492 72 28 hvarje
397 492 36 22 fall
449 493 132 23 ankommer;
599 493 53 21 dock
668 494 35 20 må
718 493 6 21 i
741 492 99 22 afseende
857 493 11 20 å
882 492 66 21 sådan

192 526 70 26 karta,
288 533 43 15 som
355 527 118 27 begagnats
494 527 30 21 till
544 527 233 27 rättegångsfullmakt,
797 527 78 26 inlaga,
891 526 58 21 bevis

192 560 51 22 eller
267 567 70 16 annan
363 561 61 22 skrift
442 562 22 21 af
477 562 113 21 enahanda
612 561 154 23 beskaffenhet,
790 562 66 26 något
875 561 75 26 utbyte

191 595 47 21 icke
254 596 88 21 tillåtas.

261 630 46 21 Den
324 631 126 27 delegarene
466 632 5 20 i
487 631 102 21 Finlands
605 631 205 26 hypoteksförening
825 637 76 20 genom
912 630 37 20 nå-

192 664 49 27 diga
257 665 177 22 cirkulärbrefvet
453 665 22 21 af
492 666 41 21 den
554 667 24 20 19
597 666 52 21 Juni
667 666 54 20 1860
737 665 89 26 tillagda
841 666 52 24 rätt,
909 665 39 25 att,

192 699 28 20 då
242 699 33 21 till
297 699 125 28 föreningen
445 700 56 21 stäld
525 700 128 26 skuldsedel,
672 699 34 21 för
724 699 85 21 hvilken
825 699 124 26 inteckning

191 733 69 21 blifvit
283 734 118 26 meddelad,
422 735 22 20 af
458 741 24 14 en
504 735 50 20 eller
577 740 72 15 annan
673 734 63 21 orsak
760 733 121 21 sedermera
903 733 46 20 icke

191 768 97 21 kommer
311 770 32 19 att
366 769 114 27 begagnas,
503 769 120 27 utgifvaren
644 771 24 18 är
686 768 123 27 berättigad
828 769 33 19 att
881 767 68 21 återfå

191 802 41 21 den
249 803 88 26 erlagda
356 803 253 28 kartasigillataafgiften,
626 804 96 20 kommer
737 802 34 21 för
785 801 114 22 framtiden
917 804 31 18 att

189 837 125 27 bibehållas,
336 838 66 27 jemte
427 838 36 21 det
486 838 112 21 enahanda
618 837 83 22 förmån
722 837 140 21 tillerkännes
877 836 72 21 lånsö-

189 871 72 21 kande
277 872 6 21 i
298 872 103 21 Finlands
417 872 62 21 Bank
495 872 38 21 och
548 872 103 21 Finlands
662 871 141 22 Statskontor
814 873 56 19 samt
881 870 67 21 andra

190 906 109 21 allmänna
309 907 82 26 kassor,
403 907 28 20 då
441 907 36 21 det
487 907 42 26 lån,
541 906 66 21 hvarå
618 905 120 22 skuldsedel
751 905 114 25 utfärdats,
877 904 71 21 seder-

188 946 60 15 mera
264 941 24 20 af
301 947 25 15 en
343 941 51 21 eller
409 947 71 15 annan
497 941 121 26 anledning,
635 940 90 21 oaktadt
740 939 126 26 inteckning
877 937 71 22 derför

188 974 70 21 blifvit
274 976 117 25 meddelad,
408 976 64 21 likväl
487 976 46 21 icke
546 975 98 27 beviljas;
660 974 97 22 börande
768 974 54 21 dock
833 973 114 21 förhållan-

189 1009 36 21 det
240 1009 36 21 vid
292 1010 73 27 hvarje
381 1009 81 22 tillfälle
477 1016 52 15 vara
543 1009 115 27 behörigen
674 1009 99 26 bestyrkt
789 1009 56 19 samt
859 1007 89 21 ärendet

188 1044 33 21 till
236 1045 162 20 vederbörande
414 1044 123 22 Guvernörs
553 1043 117 28 afgörande
686 1043 148 20 öfverlemnas.

536 1107 13 27 &
565 1108 33 20 41.

256 1148 175 21 Landskontoret
447 1148 6 21 i
468 1148 73 27 hvarje
559 1148 34 20 län
615 1153 50 21 eger
685 1153 34 14 om
735 1147 95 20 kronans
846 1146 46 20 rätt
907 1144 38 21 och

186 1181 64 21 bästa
273 1182 132 21 härutinnan
428 1182 62 21 hafva
513 1188 111 20 noggrann
648 1181 38 21 och
710 1180 154 27 uppmärksam
884 1178 62 26 vård;

187 1216 39 21 och
242 1216 81 28 åligger
338 1217 101 21 kontoret
455 1216 56 26 förty
527 1218 33 19 att
575 1216 48 20 föra
639 1215 107 26 ordentlig
761 1213 184 27 anteckningsbok

186 1251 17 27 ej
220 1251 84 21 mindre
320 1252 48 20 med
387 1251 167 21 landtränteriet
577 1250 59 21 öfver
652 1250 38 21 der
705 1248 107 27 befintligt
827 1247 119 27 stämpladt

185 1291 85 21 papper
286 1286 39 20 och
340 1286 187 26 stämpelmärken,
545 1287 26 19 än
586 1285 48 21 med
644 1284 231 26 försäljningsmännen
888 1281 58 21 öfver

184 1319 57 21 hvad
258 1320 26 21 de
300 1320 32 21 till
347 1320 126 27 försäljning
487 1320 67 21 utfått
570 1320 39 20 och
625 1319 49 21 med
690 1318 53 26 dem,
760 1324 46 14 som
822 1317 82 21 sådana
917 1316 29 26 på

184 1354 74 21 kredit
273 1354 91 27 erhållit,
381 1357 56 19 samt
452 1354 54 22 hvad
523 1354 23 21 af
559 1354 47 21 dem
622 1354 8 20 i
644 1353 111 25 betalning
770 1350 87 27 influtit,
874 1351 70 21 såsom

184 1389 40 20 ock
240 1390 35 20 att
290 1391 109 25 emottaga
415 1390 39 20 och
469 1389 86 21 förvara
572 1387 174 22 vederbörandes
763 1385 118 22 aflemnade
895 1385 49 21 bor-

184 1423 127 25 gesskrifter
334 1424 38 20 och
395 1423 149 24 förbindelser;
564 1422 38 22 och
618 1422 54 21 skall
687 1421 202 21 landskamreraren
906 1424 38 15 an-
