1086 1700
242 103 27 19 20
392 100 82 22 Ständ.
491 100 38 23 Sv.
545 114 29 2 —
590 101 74 28 Prop.
680 100 45 22 N:o
740 100 35 22 11.

211 167 40 21 och
267 167 42 21 den
325 166 68 22 andra
409 166 49 22 frän
474 167 40 21 och
529 167 51 21 med
590 167 43 21 den
646 168 25 20 15
683 166 130 28 September
824 166 55 22 eller
890 166 70 22 första

210 202 97 28 helgfria
322 202 43 28 dag
381 202 103 28 derefter,
501 202 95 22 klockan
612 202 44 22 tolf
668 202 95 28 middag,
780 202 35 21 till
831 208 81 16 samma
926 201 34 22 tid

211 238 42 21 den
269 238 27 21 31
313 238 126 22 December.
469 238 224 28 Bränvinsbränning
708 238 57 22 eller
775 238 185 26 mäskberedning

210 274 36 20 mä
268 273 56 22 dock
347 273 20 27 ej
391 274 104 21 anställas
517 274 50 21 frän
582 274 95 22 klockan
693 280 39 16 sex
748 273 147 27 eftermiddag
909 274 52 20 näst

210 309 48 22 före
282 311 48 19 sön-
354 309 55 22 eller
431 310 96 27 helgdag
548 310 35 21 till
605 310 94 21 klockan
721 309 44 22 fem
780 309 48 22 före
843 309 117 27 middagen

210 346 64 20 nästa
294 344 95 28 helgfria
408 345 47 27 dag.
485 346 175 27 Jästberedning
676 348 25 19 är
717 345 49 22 icke
782 345 8 21 i
805 345 61 22 detta
881 344 79 22 förbud

209 381 137 27 inbegripen.

281 419 19 19 2.
331 417 76 21 Under
422 417 61 21 tiden
499 416 50 22 frän
565 417 43 22 den
626 419 10 19 1
652 418 55 21 Juni
722 417 36 21 till
769 417 42 22 den
824 418 25 20 15
862 416 97 28 Septem-

209 453 40 21 ber
272 453 36 21 mä
330 453 70 22 likväl
423 453 253 28 bränvinstillverkning
699 454 8 20 i
731 453 158 27 sammanhang
911 452 49 22 med

209 488 232 28 pressjästberedning
456 489 25 21 af
490 488 107 23 Senatens
612 489 276 27 Ekonomiedepartement
901 488 58 22 med-

209 524 79 27 gifvas,
313 526 57 20 emot
393 525 78 27 vilkor,
496 532 46 14 som
566 526 46 21 dels
633 526 8 20 i
662 526 72 21 denna
753 524 129 28 förordning
897 525 63 21 och
945 520 19 37 i

209 560 200 28 ordningsstadgan
425 562 38 20 äro
478 561 8 21 i
502 560 104 23 afseende
617 562 13 21 ä
640 560 255 27 bränvinstillverkning
902 560 57 22 före-

209 595 92 28 skrifna,
326 596 47 22 dels
395 596 40 22 ock
456 596 25 22 af
499 597 100 22 bemälde
615 597 153 27 departement
784 596 90 27 pröfvas
889 597 69 26 ytter-

208 631 71 27 ligare
295 632 84 27 nödiga.

281 670 20 19 3.
332 668 34 21 Dä
386 669 231 27 pressjästberedning
638 669 52 22 sker
710 669 71 21 under
797 675 71 14 annan
883 668 32 21 tid
931 669 29 20 än

208 703 8 21 i
232 705 13 20 2
262 710 61 15 mom.
340 706 71 26 säges,
427 705 127 22 ankommer
570 705 38 21 det
620 705 83 27 jemväl
720 705 13 21 ä
749 704 108 22 Senatens
873 704 85 21 Ekono-

207 739 196 27 miedepartement
425 742 34 20 att
480 740 136 23 beträffande
635 741 127 21 kontrollen
778 740 37 22 vid
831 740 68 21 sädan
914 739 44 22 till-

207 775 112 28 verkning
334 775 109 22 förordna.

281 812 18 20 6.
331 811 42 21 Sur
387 811 161 28 tillmäskning,
564 812 84 21 beredd
662 812 51 21 med
729 812 54 21 malt
793 811 39 22 och
841 811 52 27 jäst,
904 811 54 21 eller

208 847 131 21 annorledes
355 847 142 27 tjenliggjord
513 847 35 22 för
563 847 147 28 tillverkning
721 847 25 22 af
754 847 101 27 bränvin,
867 847 34 20 mä
909 847 49 21 icke

206 881 72 22 finnas
301 882 39 22 hos
364 882 48 28 den,
436 889 45 15 som
502 883 206 28 tillverkningsrätt
725 889 60 21 eger,
802 882 70 22 under
887 888 71 15 annan

206 917 39 26 tid,
269 919 28 20 än
321 918 28 21 dä
371 919 253 27 bränvinstillverkning
644 919 76 27 pägär,
743 919 40 21 och
799 918 34 21 fär
849 917 25 22 af
887 924 71 15 annan

207 953 92 22 alldeles
314 953 49 22 icke
379 954 134 22 innehafvas.

556 1016 12 19 5
585 1014 19 29 8.

278 1054 46 22 För
339 1054 146 28 tillverkning
500 1055 25 22 af
538 1056 93 21 bränvin
647 1055 35 22 fär
698 1056 112 27 begagnas
826 1055 96 26 redskap
935 1055 25 21 af

206 1089 91 22 hvilken
321 1090 152 23 beskaffenhet
496 1097 46 16 som
564 1091 64 27 helst,
652 1091 50 22 med
723 1091 28 21 de
770 1090 188 28 inskränkningar

206 1125 102 28 allenast,
325 1131 45 16 som
385 1125 36 23 för
435 1126 138 22 kontrollens
589 1126 172 23 handhafvande
777 1128 38 20 äro
826 1126 56 22 eller
890 1126 67 22 varda

205 1160 142 23 föreskrifna.

556 1200 13 19 6
586 1198 18 29 8.

278 1239 19 21 1.
328 1238 78 22 Senast
421 1239 81 27 fjorton
518 1240 68 27 dagar
596 1239 48 23 före
652 1240 50 27 den,
712 1240 29 20 dä
749 1239 207 22 bränvinstillverk-

204 1272 55 28 ning
280 1275 25 20 är
324 1273 76 23 afsedd
415 1276 34 20 att
463 1276 108 27 begynna,
589 1276 58 21 skall
663 1276 76 21 derom
755 1275 39 21 hos
810 1275 147 27 länestyrelse

204 1308 129 28 skriftligen
356 1310 97 22 anmälas
472 1310 49 22 med
542 1310 87 28 uppgift
644 1311 14 21 &
673 1310 79 22 stället
767 1310 35 22 för
817 1310 139 22 tillverknin-

204 1350 56 20 gens
275 1344 150 30 bedrifvande,
443 1346 77 28 dagen,
537 1346 28 22 dä
580 1346 126 22 densamma
722 1346 58 22 skall
791 1346 97 28 vidtaga,
901 1348 55 20 samt

204 1379 44 22 den
270 1380 132 28 myckenhet
424 1382 101 28 bränvin,
549 1382 177 28 tillverkningen
745 1382 99 22 kommer
864 1384 33 20 att
912 1388 43 16 om-
