1086 1700
361 132 30 23 U.
406 132 29 22 B.
449 144 30 4 —
493 131 73 29 Prop.
582 132 44 22 N:o
642 131 36 23 11.
847 132 26 22 71

350 199 33 20 att
398 204 63 16 mom.
478 199 13 20 4
506 197 56 28 finge
578 197 94 28 följande
682 197 92 27 lydelse:
791 213 10 12 ,
803 197 101 27 Bolagets

281 231 128 23 verksamhet
432 232 122 27 öfvervakas
577 232 27 27 af
621 239 26 15 en
670 232 27 26 af
710 232 194 27 stadsfullmäktige

280 266 50 22 eller
350 266 176 22 rädhusstämma
542 266 75 22 tillsatt
631 266 135 25 kontrollant,
782 266 81 22 hvilken
878 267 26 20 är

281 300 119 28 berättigad
419 301 19 27 ej
457 301 83 21 mindre
553 312 30 4 —
600 312 24 4 —
640 312 30 4 —
685 300 69 28 öfriga
769 300 134 28 handlingar.

282 335 176 22 Kontrollantens
481 336 99 27 aflöning,
604 335 63 22 hvars
690 335 74 28 belopp
781 334 123 22 bestämmes

284 370 26 26 af
320 369 197 28 stadsfullmäktige,
535 370 94 27 erlägges
645 370 27 27 af
683 368 98 29 bolaget";

352 435 30 19 att
396 433 9 20 i
419 432 64 22 slutet
498 433 27 27 af
535 439 62 15 mom.
614 434 14 20 5
642 432 34 27 (3)
692 432 59 22 ordet
768 432 135 28 ,länestyrel-

282 467 50 21 sen"
348 467 84 27 utbytes
446 469 43 20 mot
506 468 176 27 ,magistraten*;

351 531 32 20 att
398 530 13 26 $
429 532 25 19 10
469 530 69 22 måtte
553 530 163 22 omformuleras
732 530 101 22 sålunda:

420 579 18 19 1.
468 576 49 22 Den
539 577 114 21 nettovinst
672 577 15 21 å
707 576 91 27 bolagets
818 575 83 27 rörelse,

349 610 86 22 hvarom
452 611 9 21 i
477 610 16 28 $
509 613 14 19 9
538 612 68 26 säges,
626 611 54 22 skall
694 610 94 22 sålunda
802 610 100 27 fördelas,

350 647 31 20 att
399 646 29 25 3/,
447 645 84 27 tillfalla
554 645 40 22 den
610 645 56 27 stad,
683 645 40 22 där
738 645 92 28 bolagets
845 645 57 21 verk-

350 679 80 22 samhet
451 680 90 27 utöfvas,
565 682 56 20 samt
636 679 28 28 1/,
680 675 90 26 tilldelas
785 679 118 22 landskom-

349 721 102 14 munerna
469 715 10 20 i
497 714 34 22 det
549 714 43 25 län,
613 714 41 21 där
675 714 75 22 staden
770 715 26 20 är
811 714 90 27 belägen.

418 778 20 20 2.
468 779 63 22 (Detta
546 781 81 16 moment
642 782 20 16 är
672 781 141 22 sammanslaget
823 780 40 18 med
874 782 28 16 ut-

351 814 79 18 skottets
445 820 54 13 mom.
517 813 28 24 3).
573 811 48 22 Den
637 812 61 21 andel
712 812 27 27 af
750 811 26 22 de
789 812 10 21 i
811 818 63 15 mom.
889 813 14 20 1

350 846 113 21 omnämda
486 846 72 27 medel,
581 853 46 15 som
646 846 123 22 tillkommer
783 846 119 22 stadskom-

350 887 56 18 mun,
425 880 54 21 skall
496 880 35 27 för
548 880 70 28 hvarje
636 881 26 21 år
680 881 58 22 inom
753 880 55 28 april
822 881 81 21 månad

350 914 34 21 det
398 914 93 27 följande
507 915 46 21 året
568 915 27 26 af
605 915 82 27 bolaget
701 915 101 22 levereras
817 914 31 22 till
859 917 43 20 sta-

350 948 51 21 dens
419 949 191 22 drätselkammare.
640 948 62 23 Inom
720 956 81 15 samma
819 949 33 22 tid
866 949 36 22 bör

350 983 225 23 landskommunernas
590 984 62 22 andel
666 984 102 22 inbetalas
787 983 32 22 till
833 983 69 22 länets

347 1018 88 26 ränteri,
447 1018 34 26 för
492 1021 33 19 att
535 1019 64 27 enligt
609 1025 81 15 samma
700 1019 73 27 grund
781 1025 44 15 som
837 1018 64 22 brän-

349 1052 128 21 vinsskatten
500 1053 76 22 mellan
598 1053 68 28 sagda
688 1053 120 22 kommuner
825 1059 74 21 genom

349 1085 162 29 länestyrelsens
525 1087 84 28 försorg
623 1088 104 27 fördelas;

143 1121 56 19 samt

348 1157 32 19 att
398 1156 13 26 &
432 1158 23 19 11
477 1156 93 22 erhåller
584 1156 94 28 följande
693 1157 92 28 lydelse:
805 1157 48 28 ,De
867 1164 34 15 en-

280 1188 38 28 ligt
332 1189 16 27 $
362 1191 30 19 10
406 1190 77 22 mellan
498 1191 70 21 stads-
585 1191 36 21 och
636 1191 183 23 landskommuner
831 1192 68 27 förde-

280 1222 46 22 lade
347 1224 80 22 medlen
450 1224 59 22 skola
532 1225 111 22 användas
662 1226 31 21 till
711 1226 89 22 allmänt
817 1227 83 27 nyttiga

279 1258 107 26 ändamål,
410 1258 51 22 dock
483 1259 43 21 icke
548 1260 90 26 sådana,
661 1260 68 22 hvilka
749 1260 152 22 kommunerna

279 1292 75 26 sjelfva
369 1294 38 20 äro
422 1293 127 27 förpliktade
564 1296 32 20 att
607 1294 108 28 tillgodose
723 1302 76 20 genom
810 1295 90 21 beskatt-

278 1326 52 27 ning
346 1326 26 27 af
382 1327 49 21 sina
446 1327 140 23 medlemmar.

208 1471 195 20 Ekonomiutskottets
415 1473 119 19 betänkande
546 1475 36 18 N:o
594 1476 16 16 3.
