1086 1700
313 127 79 23 Ständ.
409 127 38 23 Sv.
463 141 30 2 —
507 128 75 28 Prop.
597 128 45 22 N:o
658 128 34 22 11.
824 130 28 20 43

477 195 28 19 64
521 194 18 28 &.

206 236 18 20 1
254 234 34 22 De
303 235 8 21 i
328 236 26 20 63
371 234 12 29 &
400 234 143 22 omförmälda
559 241 113 22 personer,
689 236 76 21 hvilka
781 236 38 21 det
829 236 54 26 ålig-

134 276 40 21 ger
196 270 60 22 åtala
276 270 147 28 förbrytelser
443 272 45 20 mot
503 271 72 22 denna
590 270 141 28 författning,
748 277 41 21 ega
801 272 83 26 jemväl

135 307 32 20 att
190 306 95 22 anställa
307 306 167 28 undersökning
497 313 33 15 om
552 307 76 27 dylika
645 306 148 28 förbrytelser
808 306 75 23 äfven-

135 348 46 16 som
196 344 33 19 att
244 342 123 22 verkställa
383 342 82 28 beslag.

207 380 19 19 2.
257 378 55 27 Den,
334 384 45 16 som
396 378 108 22 förrättar
520 378 202 28 undersökningen,
739 379 46 27 bör,
803 378 34 22 för
853 380 33 20 att

135 413 153 28 tillgodonjuta
304 414 37 21 det
356 414 79 27 skydd,
451 414 80 22 honom
547 414 78 22 dervid
636 414 98 28 lagligen
745 415 140 27 tillkommer,

135 449 38 22 vid
196 449 162 27 förrättningen
381 450 28 26 på
433 450 35 27 sig
487 451 93 26 synbart
601 451 55 21 bära
675 450 105 27 påbjudet
795 450 90 28 tjenste-

135 485 80 21 tecken
239 485 61 27 eller,
323 485 66 21 innan
409 484 165 29 förrättningen
594 486 119 27 företages,
729 486 93 27 uppvisa
838 486 47 22 full-

136 521 61 21 makt
212 521 56 21 eller
283 521 152 21 förordnande.
466 521 12 21 I
493 523 63 20 orten
572 522 85 21 boende
673 521 60 22 känd
744 522 77 21 krono-
831 522 56 21 eller

137 556 146 29 stadsbetjent
298 563 53 16 vare
366 557 71 22 likväl
453 557 106 22 frikallad
574 558 51 21 från
641 558 157 27 skyldigheten
809 559 33 20 att
853 558 34 21 så-

136 593 67 21 lunda
218 593 78 27 styrka
312 593 34 21 sin
361 593 137 27 behörighet.

479 666 27 20 65
525 665 17 28 &.

210 708 18 20 1.
259 706 171 27 Undersökning
453 706 36 21 må
505 707 43 21 alla
564 707 58 21 tider
638 707 28 26 på
683 707 82 27 dygnet
781 707 106 21 anställas

137 743 7 20 i
160 743 112 26 bränneri,
288 743 51 26 kök,
354 743 81 26 brygg-
452 742 40 21 och
508 743 141 27 bagarstuga,
662 743 25 21 så
698 743 41 21 ock
749 743 8 20 i
765 744 66 19 annat
839 749 48 14 rum

138 778 54 22 eller
207 778 110 27 byggnad,
334 785 45 14 som
395 778 44 21 kan
455 779 113 26 begagnas
583 778 35 21 för
633 778 255 27 bränvinstillverkning

138 814 55 21 eller
209 814 139 27 distillering.

210 851 18 20 2.
259 849 35 22 Då
316 850 37 21 vid
373 849 168 28 undersökning
561 850 73 27 någon
650 849 135 28 förbrytelse
801 849 19 28 ej
836 855 53 20 upp-

138 886 84 27 täckes,
239 891 53 16 vare
308 885 34 22 för
357 885 209 28 undersökningens
582 885 140 22 anställande
732 885 156 27 förrättnings-

139 927 93 16 mannen
247 921 49 22 icke
312 921 149 22 underkastad
478 928 86 20 ansvar,
581 921 77 22 såvida
666 921 20 27 ej
696 921 193 27 undersökningen

138 956 76 23 blifvit
229 957 115 27 företagen
359 957 7 21 i
383 957 98 22 enskildt
497 957 143 27 boningsrum
657 957 56 22 eller
729 957 92 22 emellan
830 957 59 21 kloc-

139 993 45 21 kan
199 993 35 21 nio
251 999 34 15 om
300 992 89 22 aftonen
405 993 40 21 och
460 993 97 21 klockan
573 993 42 21 fem
633 999 34 15 om
683 999 124 21 morgonen.
830 992 11 21 I
857 992 32 21 så-

139 1028 53 21 dant
208 1028 40 21 fall
264 1029 72 27 gänge
352 1035 45 15 som
413 1029 7 20 i
437 1030 27 19 58
482 1028 12 28 &
512 1029 65 26 sagdt
593 1031 30 19 är.

483 1101 28 19 66
529 1099 18 29 8.

211 1142 82 27 Beslag
314 1142 57 22 skall
387 1142 137 22 verkställas
540 1142 8 20 i
564 1142 38 21 två
617 1142 99 21 vittnens
732 1143 102 24 närvaro;
851 1141 40 21 och

140 1178 41 21 bör
199 1178 84 28 dervid,
300 1178 25 21 så
340 1178 48 22 vidt
403 1178 87 27 möjligt
506 1180 32 24 är,
555 1178 118 26 iakttagas,
691 1178 33 20 att
740 1183 81 21 egaren
837 1177 55 21 eller

140 1213 161 23 innehafvaren
317 1214 24 21 af
354 1214 77 26 beslag
446 1213 153 22 underkastad
614 1213 113 27 egendom,
745 1213 55 21 eller
815 1212 8 22 i
836 1212 55 22 hans

141 1248 103 23 frånvaro
263 1250 55 21 hans
337 1249 78 21 ombud
434 1249 29 27 på
479 1250 79 21 stället
573 1249 55 22 eller
644 1249 72 27 någon
732 1248 25 22 af
770 1248 55 22 hans
841 1248 50 21 hus-

141 1284 53 28 folk,
211 1285 115 22 tillkallas.

488 1333 28 21 67
535 1331 17 30 8.

212 1374 35 21 Då
267 1374 77 28 beslag
364 1374 53 21 sker
433 1374 39 21 hos
489 1374 51 27 den,
556 1380 46 15 som
618 1375 26 19 är
658 1372 126 27 berättigad
800 1373 33 20 att
847 1372 45 21 till-

141 1410 70 22 verka
234 1410 94 22 bränvin
351 1410 40 21 och
414 1410 34 26 sig
471 1409 78 22 dertill
569 1409 121 27 behörigen
711 1408 89 27 anmält,
823 1408 34 20 må
873 1407 19 27 ej
