1086 1700
307 107 82 23 Ständ.
405 107 39 22 Sv.
460 120 29 3 —
506 107 75 28 Prop.
596 107 45 22 N:o
657 108 35 22 11.
815 109 28 19 29

441 180 40 24 IV
499 180 61 25 Art.

182 239 34 22 Om
234 238 109 22 kontrollen
359 239 30 21 vid
407 239 217 27 bränvinstillverkning
642 239 38 21 och
696 239 121 27 distillering.

470 300 27 20 27
515 298 19 29 8.

199 348 17 19 1.
247 345 44 22 Vid
306 345 76 28 hvarje
398 346 106 21 bränneri
521 346 64 28 skall,
598 346 27 22 då
635 346 95 22 bränvin
741 346 39 22 der
790 346 85 22 tillver-

126 382 41 22 kas
183 382 55 22 eller
254 381 127 28 distilleras,
398 388 54 15 vara
468 382 88 22 anstäld
572 388 28 16 en
616 382 129 28 kontrollör,
757 382 40 22 der
807 382 20 27 ej
838 382 39 22 två

127 418 130 22 brännerier
279 417 75 21 kunna
373 418 71 21 under
465 418 91 27 uppsigt
576 418 25 21 af
614 424 125 21 gemensam
755 418 122 22 kontrollör

127 454 83 22 ställas.
240 454 129 21 Kontrollör
385 455 91 25 antages
492 453 36 22 för
544 455 33 21 ett
592 454 26 21 år
633 454 6 21 i
657 454 80 22 sender
748 454 24 21 af
780 454 96 26 länesty-

127 490 81 27 relsen,
225 489 68 22 sedan
309 488 186 22 öfverkontrollör
511 490 94 21 lemnats
621 490 91 21 tillfälle
727 491 33 20 att
773 491 60 25 yttra
843 490 35 26 sig

128 526 63 22 öfver
206 526 27 21 de
249 531 113 21 personer,
373 525 77 22 hvilka
461 526 35 20 till
508 526 129 21 erhållande
648 525 25 21 af
682 526 195 26 kontrollörssyss-

127 562 38 21 lan
185 561 34 28 sig
237 561 89 27 anmält,
348 562 56 21 samt
420 561 97 22 erhåller
534 562 70 21 under
619 561 221 28 tjenstgöringstiden
856 561 25 22 af

128 597 84 22 kronan
228 597 81 22 arvode
325 597 35 21 till
375 597 97 27 följande
488 597 87 27 belopp,
591 597 120 27 nemligen:

199 633 38 22 vid
252 633 78 26 tillsyn
346 633 13 20 å
375 635 32 19 ett
430 633 105 22 bränneri
584 635 25 19 12
626 633 63 21 mark
704 633 8 21 i
728 633 88 28 dygnet,

216 686 10 10 N
289 685 10 10 »
346 669 14 20 å
375 669 39 21 två
430 669 132 22 brännerier
580 671 26 19 16
652 686 10 10 »
702 686 10 10 »
767 686 9 10 5

200 707 19 18 2.
250 704 129 21 Kontrollör
397 705 98 26 ätnjuter
512 705 74 21 tillika
601 704 25 22 af
640 705 91 27 kronan,
749 705 69 26 enligt
833 704 46 27 gäl-

128 740 65 21 lande
204 740 191 27 ordningsstadga,
407 740 126 27 ersättning
544 740 34 21 för
590 740 72 27 skjuts
674 741 39 20 och
725 740 154 27 traktamente,

129 775 113 22 äfvensom
261 775 35 22 för
312 775 66 22 skrif-
395 776 40 21 och
451 775 146 28 förseglings-
614 776 55 21 eller
684 775 193 28 plomberingsma-

128 811 99 22 terialier
243 813 57 20 samt
315 813 118 25 postporto.

200 849 19 20 3.
250 847 34 21 Af
296 847 130 22 tillverkare
443 847 98 22 erhäller
557 847 123 22 kontrollör
691 849 52 20 utan
755 847 124 27 ersättning

129 883 105 27 enskildt,
250 883 129 27 anständigt
393 883 124 22 möhbleradt
534 889 48 16 rum
596 883 49 22 med
661 885 81 24 värme,
753 883 124 28 belysning,

129 919 136 26 uppassning
282 919 41 21 och
342 919 79 27 nödiga
436 919 107 21 tillbehör
558 919 14 21 &
588 919 37 21 det
641 919 73 28 ställe,
730 919 39 22 der
785 919 93 22 bränne-

129 954 44 21 riet
195 956 25 19 är
242 955 96 27 beläget,
363 957 56 19 samt
439 955 119 27 dessutom,
575 954 58 22 efter
649 956 51 25 eget
715 955 42 27 val,
774 954 105 27 antingen

129 989 52 22 kost
195 990 55 21 eller
266 990 50 27 fyra
332 991 62 20 mark
410 997 34 14 om
461 991 72 26 dagen
549 991 7 20 i
572 991 185 26 kostpenningar;
773 990 56 21 dock
844 991 35 20 mä

129 1025 154 28 länestyrelse,
300 1025 28 22 dä
344 1025 164 28 framställning
525 1027 74 21 derom
615 1029 71 25 göres,
702 1032 41 21 ega
753 1028 33 19 att
795 1026 84 21 beträf-

129 1061 66 22 fande
210 1061 118 22 bostadens
344 1061 50 28 läge
410 1061 113 28 medgifva
539 1063 27 21 de
580 1063 84 21 mindre
675 1062 128 27 afvikelser,
814 1062 65 21 hvar-

129 1097 37 21 till
180 1097 50 22 skäl
246 1097 124 22 förefinnas.

200 1134 20 20 4.
250 1133 98 22 Innehar
367 1133 124 22 kontrollör
512 1134 79 27 tillsyn
610 1133 63 23 öfver
689 1134 38 22 tvä
742 1133 137 27 brännerier,

129 1169 85 27 ätnjute
229 1169 43 21 han
288 1169 113 27 samtidigt
417 1170 143 27 boningsrum
577 1172 56 19 samt
648 1170 52 21 kost
710 1170 55 21 eller
775 1170 104 26 kostpen-

129 1204 79 28 ningar
224 1205 78 21 endast
317 1206 13 20 ä
346 1207 32 19 ett
394 1205 25 21 af
432 1205 75 27 dessa;
523 1206 40 21 och
580 1212 46 20 ege,
641 1206 8 20 i
665 1205 55 27 följd
734 1204 69 28 häraf,
819 1205 60 21 inne-

129 1240 91 22 hafvare
242 1240 25 21 af
280 1240 82 22 sädana
377 1241 132 21 brännerier
525 1243 40 25 att,
582 1241 58 21 efter
656 1240 223 22 öfverenskommelse

129 1276 50 21 med
197 1276 130 28 kontrollör,
349 1277 34 27 sig
401 1277 95 21 emellan
512 1277 87 21 fördela
615 1277 156 27 skyldigheten
787 1278 32 20 att
835 1276 45 21 till-

129 1311 131 22 handahälla
276 1312 78 22 honom
369 1312 94 22 nämnda
479 1312 119 22 förmåner.

201 1349 19 19 5.
250 1348 112 27 Nederlag
377 1348 38 22 vid
431 1348 113 28 bränneri,
561 1348 39 22 der
616 1348 146 27 tillverkning
773 1348 19 26 ej
803 1347 76 27 pågår,

130 1382 58 22 skall
213 1383 77 21 ställas
312 1383 69 22 under
408 1384 91 26 uppsigt
520 1384 26 21 af
564 1383 248 27 nederlagskontrollör,
835 1389 45 15 som
