1086 1700
226 102 28 20 62
378 100 82 22 Ständ.
478 100 38 23 Sv.
533 114 27 3 —
577 101 75 28 Prop.
668 100 46 23 N:o
730 101 34 22 11.

538 168 28 20 30
583 166 18 29 &.

270 216 17 19 1.
318 214 193 27 Ursprungsbevis
537 214 101 22 utfärdas
662 214 26 21 af
709 214 240 23 bränvinstillverkare

196 250 40 20 och
260 250 226 27 distilleringsidkare
510 250 80 22 endast
612 251 13 21 å
642 256 56 22 egen
722 250 149 28 tillverkning
893 253 56 19 samt

196 285 49 21 icke
262 286 13 20 å
291 286 84 21 mindre
390 286 87 27 belopp,
494 288 29 19 än
539 286 66 21 dessa
621 292 41 21 ega
676 288 49 20 rätt
740 288 33 20 att
788 286 97 28 försälja.

267 323 19 19 2.
317 321 116 21 Certifikat
447 321 99 27 utgifves
562 322 99 21 deremot
677 321 25 22 af
716 322 55 27 dem,
787 322 78 22 hvilka
881 322 69 27 enligt

197 358 19 26 3,
235 358 11 19 7
264 357 40 21 och
320 359 12 19 9
350 356 26 29 $$
392 357 120 22 innehafva
528 358 109 26 rättighet
652 360 34 19 att
704 358 91 27 försälja
809 358 100 27 bränvin,
921 358 28 21 då

196 392 110 28 beloppet,
324 398 45 16 som
386 392 101 28 afyttras,
505 393 135 27 öfverstiger
656 394 30 21 tio
703 394 58 21 liter.

544 470 57 28 31
585 458 19 45 &

273 519 17 19 1
321 517 48 22 Den
385 518 8 20 i
409 520 28 18 29
454 518 13 28 &
484 520 11 19 3
508 518 62 22 om.
581 518 95 21 nämnda
687 517 143 28 förpassning
840 517 108 22 utfärdas:

267 553 23 25 a)
321 553 28 22 dä
364 553 123 28 forslingen
503 554 53 21 sker
572 554 75 21 utmed
662 554 110 27 landsväg
785 554 54 21 eller
847 553 101 28 jernväg,

196 589 14 20 å
225 589 65 27 insjö,
307 589 33 22 elf
354 589 55 22 eller
431 591 68 20 annat
521 590 140 27 vattendrag,
686 590 29 26 pä
739 590 75 21 landet
835 589 24 22 af
872 589 76 22 veder-

197 625 99 21 börande
311 625 128 26 kontrollör,
455 625 137 27 kronofogde
603 626 56 21 eller
673 625 101 22 länsman
785 625 8 21 i
803 627 70 25 orten,
885 625 63 22 hvar-

197 659 59 22 ifrån
283 660 173 28 försändningen
483 661 69 27 afgär,
578 661 39 21 och
640 661 8 21 i
664 661 51 21 stad
739 661 25 21 af
784 661 166 22 vederbörande

198 696 136 27 stadsfiskal;
351 697 39 20 och

268 731 20 28 0)
320 739 33 14 om
369 731 122 28 forslingen
515 732 135 22 verkställes
666 733 14 20 å
696 732 84 27 saltsjö,
805 733 56 20 eller
879 732 71 22 delvis

198 768 13 21 å
227 768 77 27 saltsjö
320 768 40 21 och
376 767 71 22 delvis
463 769 14 20 å
492 774 73 15 annan
581 770 44 25 väg
640 768 58 21 inom
715 768 81 26 landet,
815 767 24 22 af
847 767 102 22 tullkam-

198 809 67 21 mare,
289 803 92 22 hvilken
405 803 58 22 efter
486 804 72 21 skedd
581 803 168 27 undersökning
769 803 24 21 af
806 803 144 22 innehället
938 799 15 36 i

198 838 80 22 kärlen
294 840 56 20 samt
365 839 13 20 ä
395 839 70 27 dessa,
483 839 48 21 ifall
548 839 50 21 skäl
614 839 36 21 till
665 841 86 24 vägran
766 839 19 27 ej
797 838 153 27 förekommer,

198 874 117 21 verkstäld
334 874 129 27 försegling,
487 874 113 21 meddelar
623 873 200 28 varuförpassning
838 876 33 19 att
885 874 65 21 brän-

198 909 63 22 vinet
276 909 83 28 åtfölja.
390 909 63 22 Dock
469 910 40 25 mä,
526 909 40 22 der
586 909 94 27 forsling
697 909 25 22 af
735 909 95 22 bränvin
845 910 14 20 &
875 909 75 27 saltsjö

199 945 53 21 sker
269 944 50 22 från
335 945 105 21 bränneri
456 945 56 21 eller
528 945 204 27 distilleringsverk
744 945 13 21 å
768 945 81 27 landet,
861 945 91 21 hvarest

199 980 155 22 tullkammare
377 981 50 21 icke
450 980 77 27 finnes,
553 981 35 20 till
611 981 136 26 närbelägen
772 980 50 21 stad
838 980 48 21 med
902 986 48 20 pas-

199 1016 187 27 sagerarefartyg,
403 1023 46 14 som
465 1017 114 26 begagnas
595 1016 35 21 till
646 1016 153 27 regelbundna
813 1018 62 19 turer
885 1015 65 22 emel-

198 1052 37 21 lan
251 1052 86 21 inrikes
354 1053 66 26 orter,
435 1051 144 28 förpassning
589 1052 14 21 ä
614 1051 69 22 sädan
695 1051 146 27 försändning
851 1051 99 21 utfärdas

199 1087 25 21 af
244 1087 131 27 kontrollör,
400 1087 137 27 kronofogde
560 1087 57 21 eller
639 1087 102 21 länsman
757 1087 8 20 i
781 1087 42 21 den
847 1089 40 24 ort,
912 1086 39 21 der

199 1123 130 21 bränneriet
344 1123 55 21 eller
415 1123 229 27 distilleringsverket
660 1124 26 20 är
701 1122 94 27 beläget.

271 1161 19 19 2.
320 1158 46 22 För
381 1158 144 22 utfärdandet
541 1158 25 21 af
579 1158 143 27 förpassning
737 1158 25 21 af
775 1157 95 22 bränvin
882 1157 70 27 enligt

198 1194 187 27 nästföregäende
407 1196 96 20 moment
527 1194 57 21 skall
608 1193 193 27 ursprungsbevis,
818 1192 96 28 utgifvet
929 1192 25 22 af

199 1230 138 26 tillverkare,
362 1230 56 20 eller
441 1229 111 22 certifikat
568 1229 25 21 af
606 1229 168 27 äterförsäljare
799 1228 102 22 aflemnas
916 1228 36 21 till

200 1265 43 22 den
259 1265 172 27 förpassningen
453 1264 103 22 utfärdar
575 1265 39 21 och
630 1264 25 22 af
667 1265 80 21 honom
770 1264 107 21 förvaras.
907 1263 46 21 För

200 1300 70 22 sädan
285 1300 142 27 förpassning
443 1300 34 22 mä
493 1300 8 21 i
517 1300 63 22 lösen
595 1300 111 26 uppbäras
723 1306 27 15 en
766 1299 69 21 mark.

273 1338 19 19 3.
324 1336 42 21 Vid
382 1336 95 27 forsling
492 1335 26 22 af
531 1335 111 22 förbrutet
662 1335 76 21 dömdt
753 1335 40 21 och
809 1334 70 27 enligt
895 1336 27 19 28
939 1333 13 29 &

200 1371 96 21 försäldt
311 1372 95 21 bränvin
422 1371 51 21 frän
489 1378 28 14 en
533 1371 36 21 till
584 1377 72 15 annan
672 1372 36 20 ort
723 1371 59 21 inom
798 1369 81 27 landet,
895 1369 58 21 skall
