1086 1700
214 215 150 27 Förskrifning
387 216 52 21 eller
463 215 131 26 skuldsedel,
618 216 66 26 vexel,
706 218 59 24 post-

220 101 27 19 24
518 102 46 23 N:o
586 103 37 22 16.

244 250 144 26 remissvexel,
407 250 111 27 anvisning
539 250 39 20 och
595 250 132 26 assignation
743 250 24 21 af

244 284 43 20 alla
302 284 46 27 slag
363 285 98 20 karteras
477 284 55 21 efter
547 284 194 27 kapitulbeloppet:

273 318 33 21 till
322 319 39 21 och
377 318 48 21 med
441 320 40 20 200
500 318 61 21 mark
587 335 1 5 .
619 335 3 4 .
655 336 3 3 .
690 336 2 2 .
725 336 2 3 .
761 336 2 2 .

273 355 56 19 samt
352 353 122 21 derutöfver
497 353 33 21 för
553 353 73 26 hvarje
650 353 52 21 fulla
723 354 42 20 200

302 388 60 20 mark
378 388 33 20 till
427 388 40 20 och
482 388 49 20 med
550 388 59 26 1,000
626 388 61 20 mark
760 405 4 3 E

273 422 85 21 utöfver
375 423 61 25 1,000
452 422 61 21 mark
529 422 33 20 för
576 422 72 26 hvarje
660 422 52 21 fulla
725 423 40 20 100

302 456 61 21 mark
379 456 24 21 af
412 456 48 21 hela
471 456 36 21 det
518 456 168 27 kapitalbelopp,
698 456 65 22 hvarä

302 490 166 28 förskrifningen
485 497 26 14 m.
529 497 27 14 m.
572 490 60 27 lyder
653 507 3 4 .
760 507 4 4 p

273 525 77 21 Derest
378 524 131 28 afbetalning
536 526 12 20 å
573 525 104 26 kapitalet
708 525 57 21 förut

244 560 64 25 skett,
336 560 104 21 beräknas
471 560 192 27 stämpelbeloppet
690 560 75 21 endast

245 594 55 21 efter
318 594 57 21 hvad
393 594 6 21 i
415 595 82 26 kapital
513 594 100 21 återstår.

273 628 146 27 Förskrifning
442 635 28 14 m.
490 635 34 20 m.,
543 635 45 14 som
604 629 31 20 uti
652 629 89 26 original
758 629 5 20 i

244 663 107 28 konkurs-
374 663 53 20 eller
457 663 191 26 årsproklamamål
674 663 31 21 till
729 663 35 21 be-

244 697 92 27 vakning
351 697 86 26 företes,
453 697 99 21 karteras
569 699 71 19 såsom
657 697 78 26 bilaga.

274 731 146 27 Förskrifning
443 732 40 21 och
506 738 70 14 annan
600 731 128 21 förbindelse
751 730 29 24 aj

244 767 36 20 lån
300 765 54 27 från
379 766 89 26 kronan,
494 766 102 21 Finlands
620 766 160 27 Statskontor,
771 761 12 36 |

244 800 303 27 Alexanders-Universitetet,
564 801 61 20 enke-
638 801 37 20 och
688 801 76 26 pupill-
779 822 1 9 |

243 835 107 21 kassorna
366 837 55 19 samt
436 835 68 21 andra
519 835 109 20 allmänna
638 835 76 20 fonder
725 835 39 20 och
778 841 2 17 |

244 869 83 27 kassor,
351 869 48 21 med
421 870 110 26 undantag
551 869 76 21 endast
643 869 23 21 af
680 870 26 20 de
722 870 42 20 för-
779 866 1 32 |

244 904 115 26 bindelser,
380 910 45 14 som
445 904 30 21 uti
491 904 10 27 $
520 905 25 19 14
561 906 115 19 momentet
693 905 11 20 6
721 906 43 19 sär-

244 938 67 21 skildt
327 940 130 24 omnämnas,
473 938 98 21 karteras
587 938 70 21 såsom
674 939 90 26 bilagor.
779 941 1 22 i

273 972 49 21 Men
341 973 19 26 ej
376 972 83 21 mindre
474 972 134 21 såbeskaffad
624 972 140 27 förskrifning
779 984 1 8 |

244 1009 27 18 än
294 1007 128 21 förbindelse
445 1007 32 20 till
500 1007 103 21 Finlands
623 1007 59 21 Bank
702 1007 61 25 skall,

243 1043 40 19 när
307 1041 124 22 densamma
454 1042 7 20 i
484 1041 104 21 afseende"
607 1041 12 21 å
638 1041 125 27 inteckning,

244 1076 118 27 utsökning
377 1076 51 21 eller
444 1082 69 15 annan
529 1076 82 26 åtgärd,
622 1076 49 21 med
682 1076 81 21 undan-

244 1113 38 24 tag
297 1110 23 21 af
333 1111 121 26 bevakning
473 1111 7 20 i
499 1110 95 21 konkurs
612 1111 52 20 eller
680 1110 84 28 årspro-

244 1145 79 26 klama,
346 1145 90 27 ingifves
457 1145 52 21 eller
525 1147 76 25 upptes
617 1145 39 21 hos
672 1145 92 21 domstol
779 1168 1 3 |

244 1180 54 20 eller
314 1180 109 26 exekutor,
444 1179 27 27 pä
487 1179 141 27 gäldenärens
644 1180 121 20 bekostnad

244 1214 102 26 beläggas
365 1214 48 20 med
433 1214 74 20 sädant
523 1214 179 26 stämpelpapper,
720 1220 43 14 som

244 1248 35 21 för
306 1248 36 21 det
369 1249 123 21 resterande
522 1248 182 27 kapitalbeloppet
731 1255 33 14 er-

244 1278 94 36 fordras.
778 1285 1 29 |

214 1317 196 27 Försäkringsbref,
435 1317 163 27 assuranspolis,
623 1318 58 20 bevis
706 1315 73 29 öfver!

244 1351 90 27 förnyad
350 1352 52 20 eller
417 1352 108 21 öfverförd
543 1352 126 26 försäkring,
686 1358 43 15 som
743 1351 23 21 af
778 1345 1 45 |

242 1385 217 27 försäkringsgifvare
485 1388 59 19 utom
569 1386 92 21 Finland
686 1392 72 21 genom
778 1391 1 55 |
