1086 1700
446 120 45 23 N:o
514 122 38 21 11.
822 120 25 20 79

115 187 74 27 hvarje
204 188 57 26 gång
276 186 80 22 skrifva
372 187 39 21 sitt
427 194 65 14 namn
509 188 39 20 och
564 194 33 14 om
609 187 143 22 förhållandet
764 188 35 20 vid
810 187 67 21 öfver-

116 221 160 22 kontrollörens
291 221 66 21 besök
374 222 12 20 å
401 222 127 20 bränneriet
544 222 39 20 hos
600 222 70 21 denne
686 222 91 21 anmäla.

465 285 14 28 &
496 288 33 19 38.

189 328 16 18 1.
236 326 46 20 Den
308 327 8 19 1
342 326 38 20 och
402 327 24 19 15
443 326 5 20 i
469 326 74 28 hvarje
559 326 86 26 månad,
662 326 57 26 eller,
739 332 33 15 om
788 326 91 26 helgdag

119 360 27 21 då
161 360 105 26 inträffar,
283 360 12 20 å
310 360 146 27 nästföljande
467 360 89 27 helgfria
570 361 41 27 dag
622 361 54 21 skall
687 360 126 26 kontrollör,
825 360 54 21 efter

118 395 72 21 slutad
205 395 119 26 mätnings-
341 395 39 20 och
395 395 269 27 graderingsförrättning,
685 395 22 21 af
721 395 158 27 tillverknings-

115 430 115 27 journalen
254 431 51 25 taga
328 431 78 19 tvenne
429 430 88 26 utdrag,
534 430 134 21 omfattande
688 432 73 19 senast
777 429 102 21 förflutna

118 464 71 21 halfva
212 464 79 21 månad
314 464 56 26 eller,
395 470 33 15 om
445 464 166 27 tillverkningen
629 464 17 27 ej
664 465 24 21 sä
703 464 63 27 länge
781 464 98 27 fortgätt,

119 499 41 21 den
184 499 26 21 dä
233 499 158 26 tilländalupna
414 499 218 27 tillverkningstiden,
657 499 70 21 hvilka
746 499 85 27 utdrag,
847 498 33 21 till

119 534 129 26 riktigheten
272 534 110 26 hestyrkte
406 533 23 21 af
449 534 123 21 kontrollör
596 534 37 21 och
657 534 74 26 vittne,
756 534 61 20 skola
832 533 48 21 med

119 568 159 27 förstafgäende
293 570 50 25 post
359 569 110 26 insändas,
487 569 36 21 det
540 575 40 15 ena
596 569 31 21 till
644 569 139 26 länestyrelse
795 569 37 21 och
844 569 36 20 det

120 604 68 21 andra
211 603 32 22 till
259 602 181 22 öfverkontrollör
457 604 69 26 jemte
542 603 109 22 afskrifter
668 603 22 21 af
704 603 68 21 under
788 603 92 21 nämnde

120 638 31 21 tid
167 639 102 20 inkomna
285 638 204 26 ränterigvittenser
505 637 59 22 öfver
580 638 74 27 erlagd
664 638 215 27 tillverkningsskatt.

190 674 19 19 2.
226 672 126 21 Kontrollör
367 672 39 21 bör
422 672 105 27 derjemte
543 673 40 20 den
602 672 112 27 1ihvarje
730 672 78 21 månad
824 672 56 26 eller,

121 713 33 14 om
170 707 90 26 helgdag
277 707 26 20 dä
322 706 105 26 inträffar,
444 707 13 20 ä
473 709 66 19 nästa
558 707 90 27 helgfria
664 707 42 26 dag
721 707 31 21 till
769 706 111 21 öfverkon-

120 741 76 21 trollör
219 741 91 21 aflemna
333 747 24 15 en
382 741 103 27 öfversigt
509 741 24 21 af
552 741 268 27 bränvinstillverkningen
842 741 39 21 och

120 775 84 28 uppgift
228 775 58 22 öfver
309 776 135 27 nederlagets
467 776 101 21 tillstånd
584 778 56 19 samt
656 777 32 20 ett
704 776 79 27 utdrag
798 782 26 15 ur
840 776 40 21 den

120 811 35 20 vid
177 811 125 20 bränneriet
324 810 61 21 förda
408 811 263 27 inmäskningsjournalen
696 811 33 20 för
753 810 128 27 föregäende

120 845 78 21 mänad
215 845 66 27 enligt
297 845 22 21 af
333 845 209 22 öfverkontrollören
560 845 116 22 faststälda
690 845 109 22 formulär.
825 845 56 20 Ena-

120 880 72 21 handa
214 881 92 25 rapport
329 880 93 21 rörande
438 880 133 27 nederlaget,
592 880 40 21 bör
648 879 233 27 nederlagskontrollör

121 915 35 20 vid
171 921 82 14 samma
269 914 30 21 tid
315 915 32 20 till
363 914 183 21 öfverkontrollör
562 915 98 21 insända.

191 950 19 19 3.
241 949 114 20 Dessutom
380 949 80 27 äligger
483 949 123 21 kontrollör
622 949 139 26 omedelbart,
778 947 53 22 efter
847 949 34 20 ut-

121 984 83 27 gängen
221 983 22 21 af
256 984 74 27 hvarje
340 983 230 27 tillverkningstermin
582 984 32 21 till
625 983 153 27 länestyrelsen
790 982 92 21 insända

121 1017 157 22 ofvanberörda
293 1018 237 27 tillverkningsjourna]
541 1019 6 20 i
558 1018 146 21 hufvudskrift
716 1020 55 19 samt
782 1017 31 21 till
824 1017 58 20 läne-

121 1052 89 27 styrelse
234 1052 38 21 och
295 1052 180 22 öfverkontrollör
501 1053 86 26 styrkta
604 1052 108 21 afskrifter
731 1052 22 21 af
767 1051 58 22 såväl
841 1051 40 21 den

123 1087 50 26 dag-
196 1087 50 20 eller
269 1087 148 25 materialbok,
441 1087 260 21 bränneriinnehafvaren
718 1086 48 27 fört,
784 1092 45 15 som
845 1092 36 15 ne-

123 1121 196 28 derlagsjournalen
333 1122 66 27 jemte
415 1121 87 28 uppgift
519 1121 59 22 öfver
594 1121 135 27 nederlagets
745 1121 105 21 tillständ.

469 1185 14 28 8
500 1187 35 19 39.

190 1225 34 21 Då
239 1225 243 27 bränvinstillverkning
497 1226 7 20 i
521 1226 103 20 bränneri
636 1225 96 26 afslutas,
744 1225 88 20 hvarom
844 1230 37 14 an-

121 1260 101 26 teckning
238 1260 5 20 i
260 1260 264 26 tillverkningsjournalen
542 1260 22 21 af
578 1260 120 21 kontrollör
714 1261 75 25 genast
803 1258 79 21 införes

122 1294 38 20 och
176 1294 46 21 med
239 1294 79 21 vittnes
335 1294 134 21 underskrift
479 1294 122 27 bestyrkes,
614 1294 53 21 skall
679 1294 125 25 kontrollör,
816 1293 66 21 innan

121 1328 42 21 han
186 1328 48 21 frän
258 1328 72 21 stället
354 1328 86 26 afreser,
456 1328 7 21 i
480 1330 95 20 närvaro
592 1328 22 21 af
627 1328 69 21 vittne
712 1328 24 20 sä
751 1327 131 26 tillförlitligt

121 1362 49 21 med
192 1363 72 26 plomb
288 1363 50 21 eller
361 1362 117 26 försegling
502 1362 58 22 förse
584 1362 133 22 dervarande
733 1362 99 26 redskap,
849 1362 34 20 att

122 1397 124 21 densamma
268 1397 33 21 för
324 1396 80 28 olofiigt
428 1397 104 21 ändamäl
546 1398 47 20 icke
608 1398 42 20 kan
667 1399 53 19 utan
739 1396 108 26 rubbning
863 1394 22 22 af

123 1432 91 26 anbragt
237 1432 71 26 plomb
332 1431 51 21 eller
405 1431 120 27 försegling
545 1432 116 26 begagnas.
692 1430 99 22 Derefter
806 1430 77 26 ligge
872 1426 15 36 i
