1086 1700
216 125 27 19 24
412 123 30 23 U.
457 124 28 22 B.
500 136 29 4 —
544 124 72 28 Prop.
632 124 43 22 N:o
691 124 35 22 11.

187 188 41 22 och
248 188 146 29 Björneborgs
415 190 36 22 län
468 190 31 22 till
518 192 9 19 1
544 190 56 22 liter.
629 190 101 22 Komitön
746 190 39 22 har
799 190 49 28 gått
863 197 26 15 en
904 197 42 15 me-

187 223 77 27 delväg
284 224 78 22 mellan
377 224 27 22 de
419 227 104 20 motsatta
537 224 125 27 yrkandena
678 225 40 21 och
734 224 112 28 föreslagit
861 227 32 20 ett
908 226 37 21 mi-

186 258 130 28 nimibelopp
332 258 23 22 af
369 260 11 19 2
396 259 55 27 liter,
468 259 85 21 hvilken
569 259 138 27 bestämning
715 254 93 37 jemväli
820 260 38 22 den
868 260 78 27 nådiga

186 292 163 28 propositionen
364 292 43 22 fätt
422 294 56 27 ingä.

254 327 11 21 I
281 327 70 22 denna
365 327 60 28 fräga
440 328 65 22 hafva
520 328 57 22 inom
593 328 109 22 utskottet
717 331 106 19 motsatta
835 328 111 26 ändrings-

186 360 81 28 förslag
282 362 69 22 blifvit
365 362 138 25 framställda,
519 362 84 27 gäende
618 364 24 20 ut
658 362 28 27 pä
702 362 45 22 dels
764 369 26 15 en
805 362 141 27 nedsättning

186 394 23 22 af
223 396 103 28 beloppet
340 396 33 22 till
391 399 8 19 1
417 397 55 26 liter,
489 397 46 21 dels
552 398 34 20 att
601 397 121 21 detsamma
738 397 71 21 skulle
824 396 120 22 fastställas

187 430 31 21 till
234 430 50 28 21/,
299 431 55 25 liter,
369 432 151 21 motsvarande
535 431 37 22 det
587 437 29 15 nu
632 431 106 27 stadgade
754 431 108 27 beloppet.

255 464 72 22 Sedan
345 467 52 20 1885
414 466 35 22 års
465 466 105 26 landtdag
585 465 69 25 hafva,
671 466 68 26 enligt
749 466 120 21 utskottets
881 465 63 27 äsigt,

186 499 48 21 icke
259 499 67 27 några
348 500 149 22 förhållanden
517 500 88 26 inträdt,
621 506 46 16 som
682 500 83 22 kunnat
781 500 75 27 bringa
870 500 74 26 frågan

187 539 34 15 om
240 534 42 22 den
297 534 136 28 lämpligaste
449 535 215 27 minimigvantiteten
680 535 7 21 i
702 536 33 20 ett
749 534 133 27 väsentligen
899 536 46 25 nytt

186 568 58 27 läge;
266 569 41 22 och
322 569 103 22 särskildt
440 570 42 21 kan
499 576 26 15 en
542 569 133 28 betydligare
691 569 140 27 nedsättning
846 569 25 21 så
886 575 58 20 myc-

186 603 38 21 ket
246 603 83 22 mindre
352 603 104 26 förordas,
476 610 46 16 som
537 604 211 27 bränvinssupandet
764 603 39 22 och
821 603 62 22 deraf
897 603 48 21 här-

186 636 95 28 flytande
297 638 129 27 oordningar
441 639 6 21 i
463 639 95 27 betydlig
573 639 48 20 mån
635 637 77 28 aftagit
721 638 54 21 efter
785 638 37 21 det
829 637 115 27 halfstops-

186 670 154 29 försäljningen
356 679 77 21 genom
450 673 55 22 1886
521 673 35 22 års
572 672 124 27 förordning
712 672 129 22 afskaffades
857 672 40 22 och
912 671 33 22 till

187 708 45 19 stor
248 706 35 22 del
296 707 47 27 just
357 707 6 21 i
379 707 116 28 anledning
510 707 22 22 af
546 708 70 21 denna
631 708 84 26 åtgärd.
739 707 31 21 På
785 707 27 22 de
828 707 54 24 skäl,
898 712 46 15 som

187 740 6 21 i
215 740 107 23 komiténs
343 742 128 27 motivering
491 742 40 22 och
547 743 41 20 den
603 742 80 27 nådiga
698 742 163 27 propositionen
876 740 69 23 blifvit

186 774 134 28 frambållna,
343 782 63 16 anser
428 777 33 26 sig
479 777 110 21 utskottet
604 776 92 21 sålunda
712 776 53 22 böra
780 775 115 28 tillstyrka,
912 777 33 19 att

187 809 215 28 minimiqvantiteten
417 811 68 22 måtte
500 811 131 21 bestämmas
647 811 32 20 till
696 813 12 18 2
724 811 55 20 liter.

256 844 10 21 I
285 851 63 15 mom.
365 847 11 19 3
393 845 39 22 har
447 845 110 22 utskottet
572 845 23 21 af
609 845 53 27 skäl,
679 851 46 16 som
741 845 91 26 tidigare
847 843 98 22 framhäl-

187 877 41 25 lits,
253 878 67 22 infört
341 879 84 26 förbud,
446 881 33 20 att
499 880 29 27 på
542 879 75 22 landet
632 879 89 27 försälja
736 878 143 23 lackfernissa
894 877 52 22 eller

187 912 87 27 politur,
290 913 86 22 tillredd
391 913 23 22 af
427 913 215 22 icke-denatureradt
658 913 61 27 sprit.

544 971 12 28 8
572 973 18 20 6.

256 1015 58 22 Enär
329 1015 61 23 äfven
405 1017 150 22 innehafvares
572 1017 22 22 af
603 1017 176 26 utminuterings-
790 1016 40 22 och
842 1015 104 22 utskänk-

187 1049 169 28 ningsrättighet
370 1051 93 22 intresse
479 1052 88 21 beröres
583 1051 24 22 af
620 1051 38 22 det
673 1053 51 23 sätt,
737 1051 80 27 hvarpä
825 1049 120 28 försäljnin-

187 1089 41 21 gen
251 1084 41 21 och
315 1085 173 27 utskänkningen
507 1086 28 27 pä
550 1088 62 19 orten
626 1085 85 25 ordnas,
726 1085 91 22 föreslär
832 1084 114 25 utskottet,

188 1119 32 20 att
236 1117 36 23 vid
288 1118 186 29 handläggningen
490 1119 23 22 af
526 1120 78 22 sädant
614 1120 79 21 ärende
702 1119 39 22 hos
750 1117 196 27 stadsfullmäktige

189 1152 52 22 eller
256 1153 175 23 rädhusstämma
447 1155 93 21 nämnda
554 1160 104 22 personer
674 1154 48 22 icke
737 1153 56 27 finge
809 1154 6 20 i
827 1152 119 27 öfverlägg-

187 1187 51 26 ning
262 1186 54 23 eller
338 1188 72 22 beslut
428 1188 93 28 deltaga,
537 1189 99 26 delegare
652 1189 7 21 i
674 1188 71 27 bolag,
761 1194 48 16 som
823 1187 8 21 i
851 1186 6 28 $
879 1188 6 20 9
903 1192 43 16 om-

186 1220 108 27 förmälas,
311 1222 55 22 dock
381 1222 146 28 undantagne.

256 1255 38 22 Uti
317 1256 70 22 denna
405 1256 102 28 paragraf
524 1257 40 21 har
581 1257 164 27 propositionen
760 1256 65 22 infört
841 1257 32 20 ett
887 1255 59 21 stad-

188 1289 70 27 gande
273 1290 7 21 i
296 1290 56 27 syfte
367 1292 38 25 att,
421 1291 8 21 i
443 1290 38 23 fall
497 1290 23 23 af
529 1290 70 26 behof,
607 1291 127 27 möjliggöra
743 1290 131 28 upplåtande
883 1288 22 23 af
911 1291 35 19 ut-

188 1324 239 28 skänkningsrättighet
441 1325 86 23 utöfver
543 1326 37 21 det
595 1325 33 22 för
643 1325 38 22 tvä
696 1325 24 21 är
735 1324 116 22 faststälda
860 1323 89 23 antalaf

188 1358 72 28 dylika
274 1359 135 27 rättigheter.
435 1360 44 21 För
493 1361 34 20 att
542 1360 61 21 detta
614 1360 58 21 antal
683 1360 48 22 icke
740 1360 67 21 mätte
815 1359 131 21 bestämmas

187 1392 69 28 högre
272 1395 27 19 än
316 1393 36 22 det
367 1394 96 26 verkliga
479 1394 101 22 behofvet
594 1394 103 27 päkallar,
714 1400 62 16 anser
791 1393 108 22 utskottet
914 1393 33 27 sig

256 1432 195 19 Ekonomiutskottets
463 1433 117 18 betänkande
592 1434 39 17 N:o
643 1434 17 17 3.
