1086 1700
216 108 27 20 36
515 108 44 22 N:o
581 110 38 22 16.

245 177 56 20 39:0.
333 176 141 22 Afskedsbref
491 176 33 20 för
542 176 128 26 tjenstemän
692 176 38 21 och
748 176 102 27 betjente,
875 176 26 21 dä
917 176 31 21 af-

187 211 76 21 skedet
282 211 91 21 erhälles
389 212 52 20 utan
458 217 52 21 egen
526 211 128 27 ansökning;

260 246 54 20 40:0.
346 246 49 20 Alla
419 245 93 26 skrifter,
541 245 47 21 med
612 246 110 25 undantag
745 244 24 21 af
789 245 159 26 tjensteansök-

188 280 76 26 ningar
280 280 39 20 och
334 280 33 20 till
384 280 48 20 dem
452 280 96 20 hörande
563 279 90 27 bilagor,
670 285 45 15 som
731 279 33 21 till
781 280 166 20 kronolänsman

189 316 56 19 samt
268 315 94 25 pastors-
379 314 40 21 och
438 314 263 26 kontraktprosteembete
722 313 99 27 ingifvas,
839 313 107 21 äfvensom

188 348 66 26 bevis,
271 348 71 21 hvilka
358 348 22 21 af
396 348 62 21 dessa
474 348 148 27 myndigheter
639 348 107 25 utfärdas;

262 384 54 20 41:0.
346 383 49 21 Alla
413 382 217 27 dupletthandlingar,
648 388 45 15 som
710 382 7 20 i
731 382 172 27 rättegängsmäl
914 382 33 20 till

190 417 144 21 domstolarne
350 417 97 27 ingifvas,
463 416 109 22 äfvensom
590 417 26 20 de
628 416 168 27 notifikationer,
809 423 47 14 som
867 416 23 21 af
899 416 47 21 dem

191 452 33 21 till
239 452 157 26 borgenärerne
413 452 6 20 i
435 451 139 21 konkursmä!
590 451 106 26 utfärdas;

258 487 54 20 42:0.
343 486 41 22 För
404 486 180 26 löneförbättring
602 486 52 20 eller
674 486 148 26 älderstillägg
841 486 6 20 i
867 492 24 14 en
908 486 38 20 och

190 526 82 15 samma
287 520 120 27 befattning
424 527 49 20 eger
488 520 154 27 stämpelafgift
657 520 46 21 icke
719 526 56 19 rum;
802 520 18 27 ej
838 520 66 21 heller
920 520 27 20 dä

190 555 82 21 militär
288 556 34 21 vid
338 555 187 27 afskedstagandet
542 555 92 21 erhäller
649 555 67 26 högre
730 555 59 26 grad.

536 630 10 27 8
565 631 31 19 15.

262 670 40 21 Om
325 670 107 27 handling,
457 676 44 15 som
518 670 48 21 med
582 670 48 21 stöd
647 669 23 21 af
684 669 165 21 föreskrifterna
865 669 7 20 i
887 671 59 19 näst-

189 704 129 27 föregående
334 705 10 26 &
363 706 25 19 14
404 705 45 20 icke
466 705 104 25 karteras,
586 705 77 20 blifver
679 704 6 21 i
702 705 64 20 annat
782 703 43 21 mål
840 704 106 20 inlemnad

188 739 36 20 vid
247 739 77 21 sädant
347 739 145 21 embetsställe
517 739 36 20 och
578 738 24 21 af
623 739 66 20 sädan
709 745 82 20 person,
812 738 33 21 för
861 738 85 21 hvilken

190 773 101 21 befrielse
307 773 47 21 frän
369 773 185 27 stämpelafgiften
570 774 18 25 ej
602 775 23 18 är
637 772 127 27 medgifven,
775 772 40 21 bör
824 773 122 20 densamma

189 808 48 21 med
254 808 63 21 karta
333 808 108 26 beläggas,
457 807 27 27 pä
499 809 43 20 sätt
558 808 6 20 i
580 807 11 27 $
608 809 12 19 4
638 809 22 19 är
676 807 143 21 föreskrifvet.

536 882 11 27 S
566 883 32 20 16.

262 922 49 21 Alla
326 923 67 20 andra
411 922 118 27 eftergifter
545 923 6 20 i
568 922 151 27 skyldigheten
730 924 33 19 att
773 922 97 26 begagna
881 923 65 19 stäm-

189 957 123 26 pelpapper,
329 963 44 15 som
394 957 18 26 ej
431 957 70 21 blifvit
520 963 75 20 genom
612 957 69 20 denna
696 956 125 26 förordning
836 955 109 27 förnyade,

189 991 87 21 komma
292 991 33 21 för
341 991 116 21 framtiden
472 993 31 19 att
519 991 89 21 alldeles
624 991 103 26 upphöra.

484 1108 37 15 Vv
542 1108 112 19 Kap.

210 1165 34 21 Om
262 1165 100 27 påföljden
379 1166 38 20 och
434 1165 96 21 ansvaret
545 1164 31 22 för
593 1164 160 22 öfverträdelser
770 1164 21 20 af
807 1164 66 20 denna
887 1163 41 21 för-

303 1205 86 27 fattning
407 1205 54 21 samt
477 1205 112 21 kontrollen
606 1204 12 21 &
635 1204 49 22 dess
704 1204 129 21 efterlefnad.

538 1268 10 26 $
568 1268 31 20 17.

260 1314 68 21 Skrift
344 1314 52 20 eller
412 1314 108 26 handling,
536 1319 44 15 som
597 1312 67 27 enligt
680 1313 69 20 denna
765 1312 124 26 förordning
900 1312 48 20 bort

191 1347 94 21 skrifvas
308 1348 13 20 å
343 1348 64 20 karta
431 1348 51 20 eller
497 1347 49 21 med
562 1346 168 27 stämpelmärke
746 1346 109 27 beläggas,
872 1346 34 21 mä
921 1346 25 26 ej,

190 1382 7 20 i
212 1382 40 20 fall
272 1382 93 26 päbudet
391 1382 72 20 derom
487 1381 67 21 finnes
570 1381 48 21 icke
633 1388 52 14 vara
701 1381 118 27 behörigen
835 1381 112 26 iakttaget,

189 1416 36 20 vid
242 1416 92 21 domstol
358 1416 52 21 eller
433 1416 133 21 embetsverk
582 1417 126 25 emottagas.
742 1415 41 21 Om
800 1416 111 26 kartering
926 1414 24 21 af
