1086 1700
230 122 28 20 60
382 120 83 22 Ständ.
482 119 38 23 Sv.
537 133 27 3 —
581 120 75 28 Prop.
671 118 46 23 N:o
732 119 34 21 11.

200 186 56 22 dock
271 186 59 22 hvad
344 186 9 21 i
369 186 61 21 detta
445 185 105 22 afseende
566 188 26 19 är
608 185 56 22 eller
679 184 120 22 framdeles
812 184 83 22 blifver
905 186 47 20 sär-

200 221 71 22 skildt
286 221 109 27 stadgadt.

272 258 19 20 2.
322 256 87 22 Varder
424 256 36 22 till
475 256 77 22 landet
574 256 102 27 olofligen
697 255 124 22 inhemtadt
835 256 95 22 bränvin
945 256 8 21 i

199 292 79 28 beslag
292 294 62 26 taget
369 292 40 22 och
425 292 112 22 förbrutet
552 292 81 27 dömdt,
650 292 59 21 skall
725 292 127 26 detsamma,
868 291 29 27 på
907 293 46 19 sätt

200 328 40 21 och
260 328 70 22 under
357 328 42 22 den
422 328 99 21 kontroll
544 327 108 22 Senatens
677 326 275 27 Ekonomiedepartement

200 369 54 21 eger
269 362 143 28 föreskrifva,
437 363 145 22 denatureras
603 362 75 29 (göras
694 362 35 22 till
746 362 111 28 förtäring
872 362 79 22 obruk-

199 399 59 26 bart)
275 400 57 20 samt
346 398 103 28 försäljas
465 398 36 22 till
517 398 102 22 tekniskt
634 398 72 22 behof.

274 436 18 20 3.
322 434 63 21 Inom
399 434 78 22 landet
499 434 131 22 tillverkadt
650 434 103 27 bränvin,
770 440 46 15 som
831 433 121 22 förklarats

199 469 118 28 förbrutet,
335 469 113 22 äfvensom
463 470 102 27 bränvin,
581 470 87 22 hvilket
683 470 69 26 tagits
768 469 8 21 i
791 471 46 19 mät
852 469 35 21 för
902 469 50 22 obe-

199 505 47 21 tald
263 505 61 22 skatt
340 506 55 21 eller
411 505 36 21 till
463 505 106 22 säkerhet
585 505 35 21 för
630 505 72 27 böter,
714 511 46 16 som
770 505 76 21 kunna
856 504 95 28 ådömas,

200 541 58 21 skall
276 541 69 27 enligt
360 540 167 22 vederbörande
548 540 162 28 länestyrelses
726 540 165 22 bestämmande
907 540 44 22 för-

200 577 68 27 säljas
284 577 28 26 på
328 577 75 21 landet
418 577 36 21 till
470 576 204 27 distilleringsverk
691 577 56 22 eller
757 577 7 20 i
776 576 50 22 stad
836 577 29 26 på
875 575 75 22 offent-

199 613 33 26 lig
247 613 98 27 auktion,
361 613 8 20 i
385 613 138 21 sistnämnda
538 612 40 22 fall
594 613 56 21 dock
672 613 20 27 ej
709 613 7 21 i
732 613 85 21 mindre
833 614 75 25 poster
923 614 28 19 än

199 647 76 23 femtio
291 648 58 28 liter,
365 648 74 22 såvidt
454 648 102 27 beloppet
573 648 76 22 dertill
664 649 92 26 uppgår.

271 685 21 20 4.
322 684 45 21 Det
382 683 121 28 inflytande
525 683 216 28 försäljningspriset
764 684 137 22 inlevereras
916 683 36 22 till

199 719 74 22 länets
296 719 85 22 ränteri
397 719 40 22 och
453 721 108 26 upptages
578 720 7 21 i
601 720 184 26 räkenskaperna
808 719 63 22 öfver
886 719 65 22 brän-

199 754 267 28 vinsbränningsmedlen.

272 792 19 20 5.
321 790 32 22 På
368 791 76 21 landet
459 791 40 21 och
515 791 7 20 i
538 791 84 26 köping
637 790 36 22 får
687 790 110 23 förbrutet
809 791 74 21 dömdt
897 791 55 21 eller

199 826 8 21 i
222 827 48 20 mät
284 827 62 26 taget
362 826 94 22 bränvin
473 827 50 20 icke
539 827 13 21 å
568 826 100 27 offentlig
684 827 90 21 auktion
790 826 108 27 utbjudas.

272 863 19 20 6.
322 861 85 22 Saknas
431 863 69 26 utväg
516 864 33 19 att
565 862 23 21 få
604 862 42 21 den
671 861 116 22 förbrutna
811 862 56 21 eller
882 861 6 21 i
905 863 45 20 mät

198 899 69 25 tagna
289 903 69 16 varan
373 897 28 26 på
425 897 121 27 medgifvet
570 899 45 20 sätt
630 898 14 21 å
660 897 76 22 stället
759 897 85 22 försåld
867 897 40 22 och
926 899 26 20 är

198 932 105 27 beloppet
326 932 65 22 deraf
405 933 24 21 så
444 933 71 27 ringa,
532 935 34 19 att
581 933 51 22 dess
655 933 70 21 värde
747 939 65 15 anses
833 933 49 21 icke
897 934 53 20 mot-

199 974 67 15 svara
280 968 238 27 transportkostnaden
533 969 36 21 till
584 975 73 15 annan
673 971 41 25 ort,
731 969 116 21 ankomme
862 969 13 20 å
891 969 59 21 läne-

199 1004 98 27 styrelse
320 1006 33 19 att
368 1005 128 27 bestämma,
521 1005 109 22 huruvida
653 1011 70 16 varan
747 1004 124 22 emellertid
893 1004 59 22 skall

199 1038 35 22 för
250 1039 98 22 kronans
370 1040 97 27 räkning
491 1041 123 26 uppläggas
638 1040 56 22 eller
711 1040 89 22 dermed
816 1040 136 21 annorlunda

199 1073 103 23 förfaras.

546 1130 28 20 29
591 1128 18 29 8.

274 1177 17 19 1.
322 1175 61 21 Inom
406 1175 96 22 Finland
525 1176 98 27 lagligen
643 1176 133 22 tillverkadt
800 1176 94 22 bränvin
916 1177 36 21 må

201 1210 92 28 enhvar,
318 1210 39 22 der
379 1211 104 27 beloppet
506 1211 20 27 ej
550 1210 135 28 öfverstiger
708 1212 30 21 tio
761 1212 60 27 liter,
837 1212 36 21 till
888 1212 63 22 lands

199 1246 57 21 eller
278 1246 50 28 sjös,
350 1246 50 22 fritt
415 1247 40 21 och
475 1247 145 21 obehindradt
643 1247 106 21 framföra
771 1247 60 21 ifrån
854 1248 39 20 och
916 1248 35 21 till

198 1281 80 22 hvilka
293 1284 61 20 orter
370 1288 45 16 som
431 1282 60 22 helst
506 1283 57 21 inom
583 1282 87 22 landets
686 1285 100 25 gränser,
803 1283 50 21 med
868 1283 83 21 undan-

198 1318 39 26 tag
253 1316 25 22 af
291 1317 166 27 Lappmarkens
474 1318 75 27 härad,
566 1318 33 22 dit
614 1318 94 22 bränvin
723 1318 36 22 får
774 1318 84 22 införas
874 1319 78 21 endast

198 1352 36 21 till
250 1352 81 26 apotek
347 1352 34 22 för
397 1353 133 21 medicinskt
548 1353 72 22 behof.
651 1354 52 21 Men
718 1353 81 22 forslas
815 1360 47 15 mer
878 1356 27 19 än
920 1354 31 21 tio

198 1387 60 27 liter,
276 1388 58 21 skall
349 1388 50 22 hela
415 1388 38 22 det
468 1388 98 22 forslade
582 1390 105 26 beloppet
702 1387 90 29 åtföljas
809 1388 24 22 af
846 1390 105 26 antingen
