1086 1700
224 109 26 19 32
379 106 82 23 Ständ.
477 106 39 22 Sv.
533 120 28 3 —
577 107 75 28 Prop.
668 106 45 23 N:o
729 106 35 23 12.

194 173 107 27 ningarna
324 172 24 22 af
368 174 80 20 utmätt
473 172 106 28 egendom
602 173 136 22 verkställas
762 173 106 27 antingen
888 172 58 22 inför

193 208 117 27 magistrat
334 209 54 21 eller
404 208 24 22 af
441 209 72 27 någon
529 209 217 27 magistratsperson,
763 209 56 21 eller
835 209 110 21 auktions-

194 244 118 20 kamrarna
335 244 131 22 åtminstone
488 244 109 22 anordnas
619 245 28 26 på
664 250 27 16 en
704 244 164 28 jemförelsevis
883 245 63 27 billig

194 279 32 21 fot
241 286 79 20 genom
335 280 127 27 minskning
478 280 24 21 af
515 280 65 22 deras
596 280 102 26 personal
711 286 25 15 m.
748 286 33 22 m.,
791 280 78 27 tyckas
877 281 69 27 några

195 316 112 26 egentliga
330 316 142 27 olägenheter
493 316 49 22 icke
558 316 76 21 kunna
650 316 131 26 uppkomma
797 316 24 22 af
835 316 111 22 auktions-

195 352 134 26 monopolets
352 352 160 26 upphäfvande.
544 352 85 21 Härtill
655 352 99 22 kommer
772 352 35 21 för
825 352 72 27 öfrigt,
914 353 32 20 att

196 387 250 22 exekutionsväsendets
473 388 136 26 ombildning
632 387 36 22 för
690 388 139 22 närvarande
852 388 46 22 står
918 388 28 26 på

196 423 165 27 dagordningen
377 423 7 21 i
400 423 81 27 landet,
497 424 41 20 och
553 424 75 20 kunde
644 424 78 21 dervid
737 424 109 21 måhända
854 430 26 15 en
891 424 55 21 eller

195 464 71 15 annan
287 458 91 28 lämplig
398 461 69 25 utväg
485 458 106 28 påfinnas,
610 465 45 15 som
671 465 53 16 vore
741 460 71 26 egnad
827 461 34 19 att
876 459 71 22 lindra

196 494 42 21 den
253 496 74 25 tunga,
344 494 104 22 städerna
464 494 67 22 hafva
547 494 25 22 af
580 494 27 22 de
620 495 119 21 exekutiva
750 495 196 27 försäljningarnas

196 530 170 26 ombesörjande.

268 565 52 22 Men
336 572 33 15 om
387 566 66 21 också
465 566 36 21 det
513 566 127 27 principielt
648 566 139 27 berättigade
795 567 32 21 uti
836 566 110 22 auktions-

194 602 106 27 tvångets
324 602 156 27 upphäfvande
505 602 93 21 sålunda
620 602 50 21 icke
688 602 44 21 kan
748 602 110 27 förnekas,
874 603 44 20 kan
934 603 12 20 å

195 637 69 21 andra
280 637 62 22 sidan
359 637 18 28 ej
394 638 71 21 heller
481 640 70 19 sättas
567 638 7 21 i
591 637 71 28 fråga,
679 639 33 20 att
725 638 25 27 ju
765 638 50 21 icke
831 644 27 15 en
873 638 23 21 åt
904 638 42 21 den

196 673 102 22 enskilda
314 673 167 27 spekulationen
497 673 151 22 öfverlemnad
664 669 132 32 försäljning
806 680 77 21 genom
894 674 52 21 auk-

194 709 46 21 tion
256 709 41 21 bör
313 715 53 16 vara
381 709 149 22 underkastad
546 710 68 26 något
630 710 60 27 slags
706 709 102 22 kontroll.
826 705 15 36 TI
850 709 27 22 de
884 709 63 22 festa

195 744 78 22 länder
295 745 63 21 torde
375 745 203 22 auktionsrörelsen
594 745 76 21 derför
685 745 50 21 icke
750 745 72 22 heller
837 751 53 16 vara
905 746 41 20 lik-

196 780 58 21 stäld
278 781 49 20 med
351 780 130 27 försäljning
502 781 7 20 i
526 781 125 21 allmänhet.
683 781 67 21 Detta
766 781 181 27 sammanhänger

194 816 83 26 jemväl
294 817 25 20 så
334 819 54 19 nära
403 817 49 21 med
469 817 42 21 den
526 817 126 26 väsentliga
663 817 113 21 olikheten
784 817 81 21 mellan
872 817 76 26 vanlig

196 851 134 28 försäljning
348 852 39 21 och
404 853 95 26 auktion,
517 854 33 19 att
566 854 66 19 annat
648 852 8 21 i
666 852 96 21 Finland
773 853 20 26 ej
801 853 71 21 heller
880 852 67 21 borde

197 887 69 21 blifva
282 887 68 22 fallet.

267 923 34 22 De
322 923 110 28 åtgärder,
449 924 76 21 hvilka
541 924 7 20 i
565 923 80 22 sådant
661 923 104 22 afseende
781 924 67 21 borde
863 923 83 27 träffas,

196 965 66 20 synas
290 959 122 21 emellertid
435 959 54 21 böra
507 959 70 22 blifva
592 959 110 22 beroende
718 959 28 26 på
763 959 96 22 särskild
875 959 72 22 utred-

195 994 60 27 ning,
272 995 93 20 likasom
381 995 40 21 ock
437 994 85 28 frågan,
539 995 7 20 i
562 995 92 21 hvilken
670 995 156 27 utsträckning
837 995 110 22 auktions-

197 1029 105 27 tvångets
318 1029 155 27 upphäfvande
485 1030 73 21 kunde
570 1029 145 28 genomföras,
727 1031 62 21 torde
798 1031 88 26 påkalla
893 1037 54 20 upp-

198 1065 116 26 lysningar
331 1066 38 20 och
385 1065 120 27 yttranden
522 1065 50 22 från
584 1066 87 21 landets
683 1066 102 27 samtliga
793 1066 81 27 städer,
883 1067 64 21 hvar-

196 1100 58 21 efter
270 1101 93 21 ärendet
379 1101 7 20 i
404 1101 156 27 sammanhang
576 1101 50 21 med
642 1101 250 22 exekutionsväsendets
905 1108 43 15 om-

195 1136 102 27 bildning
319 1137 74 21 kunde
416 1139 62 25 tagas
502 1137 8 21 i
529 1137 165 27 öfvervägande
712 1138 40 20 och
771 1137 84 27 förslag
870 1138 35 20 till
921 1138 27 21 de

197 1172 112 27 åtgärder,
327 1172 76 21 hvilka
419 1173 32 21 uti
460 1173 37 21 det
505 1173 99 21 uttalade
612 1172 71 28 syftet
692 1172 150 28 tilläfventyrs
850 1172 98 22 befinnas

196 1207 113 28 lämpliga,
327 1208 126 22 sedermera
468 1208 127 28 föreläggas
612 1208 129 22 Ständerna.

267 1243 11 20 I
302 1244 146 21 betraktande
472 1244 25 21 af
518 1244 37 21 det
578 1244 93 21 anförda
692 1244 22 21 få
731 1244 123 22 Ständerna
869 1244 78 22 under-

196 1278 90 27 dånigst
302 1279 125 21 hemställa:

409 1316 31 20 att
458 1314 72 22 Eders
545 1314 125 29 Kejserliga
690 1315 103 27 Majestät
803 1315 85 27 täcktes,
897 1315 53 27 efter

340 1350 111 21 inhemtad
474 1350 120 28 utredning
608 1350 56 27 från
681 1351 84 21 landets
781 1351 78 26 städer,
875 1353 51 26 taga
941 1351 7 21 i

340 1386 164 28 öfvervägande,
531 1386 109 22 huruvida
664 1386 46 22 icke
725 1386 202 22 auktionsväsendet
942 1386 7 21 i
