1086 1700
448 128 43 23 N:o
514 130 36 21 16.

475 194 11 28 8
503 196 19 20 6.

821 128 27 20 23

189 234 133 28 Afhandling
338 235 91 21 emellan
447 235 96 21 enskilda
559 241 103 20 personer
678 237 56 19 samt
748 234 129 21 förbindelse

121 270 40 20 och
184 276 69 14 annan
278 269 68 26 skrift,
370 276 45 14 som
439 269 24 21 af
477 270 81 20 sädana
574 269 103 26 utfärdas,
694 268 34 22 mä
743 268 91 22 skrifvas
850 268 28 28 pä

122 304 132 27 ostämpladt
276 310 87 20 papper,
387 310 47 14 men
459 304 45 26 bör,
528 304 27 20 dä
579 304 39 20 den
638 303 80 21 företes
733 304 36 20 vid
785 304 92 21 domstol

121 338 54 21 eller
198 338 213 26 embetsmyndighet,
436 338 69 21 förses
528 338 48 20 med
598 338 117 26 stämpladt
729 344 82 20 papper
825 338 53 20 eller

121 373 183 27 stämpelmärken
326 372 23 21 af
371 373 35 21 det
429 372 71 26 värde,
521 378 43 15 som
581 372 41 21 här
637 372 104 21 nedanför
757 372 32 21 för
804 372 74 26 hvarje

121 407 38 21 fall
174 407 68 21 finnes
259 408 77 24 utsatt;
356 407 39 21 och
411 408 23 20 är
450 407 192 27 stämpelbeloppet
657 406 109 22 bestämdt
781 406 33 21 för
829 406 50 21 hela

122 442 150 26 afhandlingen
290 442 50 20 eller
356 441 88 21 skriften
462 444 52 18 utan
531 442 97 20 afseende
645 441 12 21 å
673 442 48 20 dess
737 441 55 26 vidd,
807 441 71 21 sävidt

122 476 47 21 icke
192 476 145 26 uttryckligen
360 478 67 25 säges,
444 478 33 19 att
493 476 39 21 den
547 476 115 21 faststälda
679 476 77 21 kartan
771 476 106 21 beräknas

121 510 34 22 för
170 510 74 28 hvarje
260 510 47 27 ark,
322 510 77 22 hvaraf
413 510 91 22 skriften
520 510 80 22 bestär.

144 653 114 22 Aktiebref
279 654 6 20 i
309 654 84 26 handel,
410 653 77 27 fartyg,
504 654 57 21 bank
578 655 39 20 och
633 655 60 20 indu-

173 688 60 21 striel
256 689 117 26 inrättning
397 689 51 20 eller
472 695 68 14 annan
556 689 136 27 anläggning,

173 729 45 14 som
234 724 24 19 är
273 722 98 27 grundad
386 722 29 27 pä
431 723 80 20 aktier:

202 757 27 20 dä
244 756 49 21 hela
308 756 95 21 insatsen
419 756 34 21 för
468 757 73 26 hvarje
552 757 57 21 aktie
622 759 23 19 är
657 759 35 20 be-

230 790 70 21 stämd
315 791 33 20 till
364 792 41 19 200
421 791 61 20 mark
498 791 52 20 eller
566 791 106 22 derunder
688 810 4 3 .

202 824 123 21 derutöfver
341 825 32 20 för
388 825 73 26 hvarje
480 825 53 21 fulla
550 827 40 20 100
605 827 61 20 mark
688 844 3 4 .

143 859 117 26 Anvisning
283 859 53 21 eller
354 859 137 27 assignation,
508 866 21 14 se
545 860 146 28 förskrifning.

143 893 207 26 Arrendekontrakt,
366 900 22 14 se
403 894 110 21 kontrakt.

143 928 161 26 Assuransbref,
320 928 106 27 förnyelse
442 929 37 20 och
497 929 99 26 gvittans,
612 936 22 14 se
650 930 41 21 för-

172 962 151 27 säkringsbref.

142 997 150 22 Bodmeribref
305 997 98 21 karteras
420 997 70 21 säsom
507 997 145 28 förskrifning.

142 1031 116 28 Bytesbref
280 1031 12 21 &
310 1031 43 22 fast
371 1032 103 26 egendom
491 1033 51 20 eller
557 1032 70 27 fartyg
643 1033 47 22 kar-

171 1069 58 18 teras
245 1066 44 21 lika
304 1066 49 21 med
368 1066 105 27 köpebref
488 1067 5 20 i
510 1067 134 22 förhällande
659 1069 31 20 till

171 1101 75 20 värdet
262 1100 23 21 af
299 1101 41 20 den
356 1101 108 26 egendom,
481 1108 44 14 som
541 1108 75 20 genom
632 1103 59 26 bytet

171 1135 139 26 förvärfvats;
330 1135 39 21 och
387 1136 40 20 bör
441 1136 34 20 för
491 1136 75 21 sådant
583 1137 107 27 ändamål,

171 1169 91 21 säframt
277 1170 79 26 lagfart
371 1170 55 20 skall
440 1170 73 21 kunna
524 1171 94 26 beviljas,
631 1172 60 21 detta

171 1204 64 21 värde
251 1204 7 20 i
274 1204 143 26 bytesbrefvet
434 1204 5 21 i
456 1205 118 27 penningar
589 1208 101 19 utsättas.

143 1238 119 27 Certeparti
274 1239 52 21 eller
337 1239 102 21 fraktslut
448 1246 33 14 om
494 1240 71 26 fartyg
574 1240 32 21 för
617 1240 74 27 hvarje

172 1274 40 20 100
228 1273 60 21 mark
304 1273 24 21 af
342 1273 156 21 fraktsumman
511 1290 3 4 .
616 1291 73 4 PE

142 1307 200 27 Depositionsbevis
352 1308 98 20 karteras
462 1309 69 20 säsom
544 1308 146 28 förskrifning.

141 1341 215 22 Fideikommissbref
365 1342 99 21 karteras
475 1342 70 22 säsom
555 1345 135 19 testamente.

142 1376 132 26 Fraktsedel,
291 1382 21 15 se
329 1376 174 22 konnässement.

143 1410 116 26 Fraktslut,
276 1417 22 15 se
315 1412 123 25 certeparti.

142 1445 88 26 Förord,
247 1451 22 15 se
285 1445 210 27 äktenskapsförord.

747 605 39 20 Ing

830 1274 27 20 25
