1086 1700
230 133 26 19 32
524 134 45 22 N:o
591 136 38 22 16.

200 200 128 26 reversaler,
351 202 117 26 qvittanser
493 201 38 21 och
554 201 61 21 bevis
638 202 60 21 öfver
722 202 30 22 dit
774 202 74 28 gjorda
867 203 90 22 inbetal-

202 236 87 26 ningar;

270 271 41 20 5:0.
342 270 141 22 Debetsedlar
507 271 12 21 å
541 271 83 27 krono-,
649 272 79 26 stads-,
754 272 137 21 kommunala
917 273 38 21 och

202 306 68 21 andra
282 306 108 21 allmänna
400 306 116 26 utskylder,
529 306 117 26 räkningar
657 306 12 21 &
680 306 110 22 tullmede]
799 307 40 21 och
848 308 108 20 auktions-

200 342 62 25 inrop
278 347 27 14 m.
321 347 29 14 m.
365 342 56 19 samt
436 340 119 27 gvittanser
571 340 39 22 och
626 341 58 21 bevis
701 341 59 21 öfver
777 342 156 26 inbetalningar
949 342 6 20 i

201 375 115 27 anledning
332 374 69 26 deraf;

270 411 40 20 6:0.
341 410 207 27 Läneobligationer,
572 410 193 26 depositionsbevis
789 411 39 21 och
851 410 104 22 skuldför-

200 445 114 26 bindelser,
338 443 113 23 utfärdade
473 444 23 22 af
509 444 69 21 finska
594 446 64 20 stats-
674 444 39 22 och
729 445 155 21 militieverken
899 447 56 19 samt

200 480 104 20 Finlands
326 479 143 24 Statskontor,
486 479 101 21 Finlands
605 479 62 21 Bank
683 480 38 20 och
737 480 219 27 Hypoteksförening
946 475 12 36 ;

270 515 40 20 7:0.
340 514 145 27 Förteckning
501 515 12 19 &
528 514 86 21 husfolk
631 514 34 20 vid
681 514 204 27 mantalsskrifning,
902 522 52 20 upp-

199 548 40 28 gift
256 550 12 19 &
283 548 90 21 resande
389 549 6 20 i
411 548 48 21 stad
475 548 48 21 med
539 554 59 15 mera
610 548 74 27 dylikt,
697 548 107 22 äfvensom
817 549 137 22 orlofssedlar

199 583 33 22 för
248 583 108 22 enskildes
371 583 139 27 tjenstehjon;

268 619 40 20 8:0.
338 618 63 21 Bevis
425 617 58 22 öfver
502 617 109 22 verkstäld
627 618 109 26 stämning
752 618 39 21 och
807 618 146 21 kommunika-

199 653 44 20 tion
260 653 7 20 i
284 653 42 20 alla
342 651 112 22 kriminela
471 651 39 22 och
526 652 62 21 civila
604 652 133 27 rättegängs-
753 655 55 18 samt
819 653 134 26 utsöknings-

198 687 42 20 mäl
254 687 66 26 jemte
336 687 59 21 bevis
411 686 59 21 öfver
485 687 89 20 kallelse
591 687 34 20 till
641 687 182 27 syneförrättning
839 694 27 14 m.
882 694 37 19 m.;

268 722 40 20 9:0.
338 721 43 20 Mäl
405 721 91 21 rörande
520 721 58 21 brott
602 724 57 19 emot
678 721 79 21 allmän
773 722 40 26 lag,
830 724 56 19 emot
903 722 49 21 eko-

199 756 73 27 nomi-,
289 756 71 26 politi-
376 755 38 22 och
435 755 233 28 militärförfattningar
688 758 56 19 samt
759 756 110 21 fiskaliska
885 757 67 20 aktio-

197 797 43 20 ner,
264 790 122 21 hvarunder
406 790 63 21 likväl
489 790 18 27 ej
523 790 79 21 förstäs
618 791 42 20 mäl
677 797 33 14 om
727 791 150 26 öfverklagade
893 791 57 27 olag-

196 825 93 26 ligheter
312 825 35 20 vid
369 825 95 26 prestval
486 825 48 21 med
556 825 53 20 flera
630 825 71 26 dylika
716 825 105 25 tillfällen,
838 825 27 21 dä
880 826 69 21 målen

196 859 48 21 icke
261 859 55 27 angä
331 859 95 26 egentlig
441 859 134 27 förbrytelse,
592 862 51 18 utan
660 859 115 27 rätteligen
792 861 36 20 äro
844 862 33 19 att
889 866 61 15 anses

196 894 71 21 såsom
283 894 72 25 civila;

268 930 53 20 10:0.
351 928 44 21 Mål
410 929 93 20 rörande
519 929 77 20 besvär
612 929 59 21 öfver
687 929 162 26 tillämpningen
865 929 22 21 af
897 929 54 22 före-

196 963 115 22 skrifterna
327 963 110 27 angäende
457 963 122 26 bevillning,
596 963 122 21 hvarunder
734 963 53 22 dock
803 963 6 21 i
826 964 59 21 detta
900 964 51 21 hän-

197 998 77 21 seende
291 998 187 21 bränvinsskatten
494 997 18 27 ej
529 999 35 19 mä
580 998 110 25 hänföras;

266 1033 54 20 11:0.
350 1032 44 21 Mäl
420 1032 90 21 rörande
534 1032 168 26 anmärkningar
724 1033 34 20 vid
782 1033 168 26 uppbördsmans

196 1067 39 20 och
252 1073 70 14 annan
337 1067 140 26 redogörares
492 1066 154 27 räkenskaper;

266 1103 53 19 12:0.
349 1101 43 21 Mäl
417 1101 90 21 rörande
530 1101 120 27 värnepligt
671 1101 39 21 och
726 1101 98 27 värfning
840 1101 108 21 äfvensom

195 1136 148 26 ingvartering
348 1142 4 20 ;

266 1172 54 20 13:o.
350 1170 81 27 Frågor
454 1170 91 22 rörande
568 1170 118 27 ersättning
709 1170 32 21 för
766 1170 113 21 förkomna
899 1170 51 21 eller

194 1204 95 21 skadade
312 1206 58 25 post-
393 1204 40 22 och
457 1204 254 28 jernvägsförsändelser,
737 1204 108 21 äfvensom
869 1205 80 20 sädana

194 1238 88 22 skrifter
298 1239 38 21 och
353 1239 142 27 ansökningar
511 1245 33 15 om
556 1238 205 27 fraktnedsättning,
773 1239 90 21 rättelse
874 1239 6 20 i
892 1239 56 21 debi-

193 1273 78 27 tering,
296 1276 60 18 extra
379 1273 36 27 täg
434 1280 27 14 m.
478 1280 35 20 m.,
530 1280 45 14 som
592 1274 68 26 enligt
675 1274 99 26 gällande
791 1273 157 27 bestämningar

193 1308 21 20 få
230 1308 69 21 under
314 1308 82 26 omslag
411 1308 34 21 till
458 1308 227 27 jernvägsmyndighet
700 1307 111 26 insändas;

264 1344 54 19 14:0.
348 1342 48 21 Alla
419 1342 124 27 handlingar
566 1343 93 20 rörande
682 1342 146 26 försäkringar
847 1342 52 21 eller
916 1348 32 14 er-

192 1377 96 27 sättning
304 1376 71 22 derför
389 1377 7 21 i
413 1377 100 26 ärenden,
529 1383 45 14 som
590 1377 35 20 vid
642 1377 160 21 direktionerna
818 1376 33 21 för
864 1376 84 22 landets

192 1411 110 21 allmänna
325 1412 200 26 brandstodsbolag,
548 1411 287 27 sjöassuransföreningarna
858 1412 40 20 och
916 1410 33 22 lif-

193 1446 196 21 ränteanstalterna
404 1448 55 19 samt
469 1446 38 20 hos
519 1446 61 20 deras
592 1448 87 24 agenter
689 1446 7 20 i
707 1446 102 20 städerna
821 1445 38 21 och
870 1445 79 21 brand-
