1086 1700
233 96 28 19 66
385 93 86 23 Ständ.
488 94 39 22 Sv.
544 107 28 3 —
588 94 75 28 Prop.
679 94 44 22 N:o
740 94 34 21 11.

203 160 120 21 etthundra
337 160 76 22 femtio
428 160 36 22 till
480 160 41 22 och
537 160 50 22 med
603 160 122 22 trehundra
741 160 69 21 mark.
841 160 56 28 Den,
913 166 46 16 som

202 195 73 27 tredje
290 196 87 27 gången
394 196 56 21 eller
465 195 72 22 oftare
553 196 105 22 beträdes
675 196 50 22 med
735 196 70 21 sådan
815 194 142 29 förbrytelse,

204 231 75 22 dömes
290 232 36 20 till
340 231 102 28 fängelse
458 232 51 21 från
526 238 39 15 sex
585 232 106 22 månader
706 232 35 21 till
757 232 41 21 och
813 232 50 21 med
879 234 32 19 ett
926 232 31 22 år.

202 267 50 21 Den
267 267 8 21 i
290 266 240 28 försäljningsrummet
553 268 115 27 befintliga
691 274 69 16 varan
776 274 54 16 vare
847 268 110 22 dessutom

202 302 78 28 hvarje
296 303 58 27 gång
369 304 152 21 underkastad
537 304 78 27 beslag
630 304 41 22 och
686 303 117 23 förbruten
818 304 74 21 tillika
907 304 50 22 med

202 338 28 22 de
245 338 58 28 kärl,
320 339 63 21 hvari
400 339 127 22 densamma
542 339 108 23 förvaras.

274 376 19 20 2.
323 375 83 27 Bryter
421 375 73 27 någon
510 377 59 20 emot
584 375 105 22 förbudet
705 375 8 21 i
729 377 26 19 27
771 374 8 29 &
796 374 55 29 eller
861 381 34 15 om
906 375 49 27 den,

202 410 93 22 hvilken
318 410 49 22 icke
383 412 27 20 är
425 410 127 28 berättigad
568 412 34 20 att
617 410 96 22 bränvin
729 410 98 28 försälja,
845 411 110 27 utborgar,

202 446 74 21 såsom
296 446 37 21 lån
349 446 98 27 utgifver
471 446 56 22 eller
550 448 58 20 emot
632 448 54 25 pant
709 446 78 22 aflåter
810 446 68 22 sådan
894 452 60 22 vara,

202 482 51 21 böte
270 481 70 22 första
362 482 87 27 gången
465 482 52 21 från
533 482 39 22 och
588 482 50 21 med
656 481 120 28 sjuttiofem
800 482 35 21 till
851 482 40 21 och
906 482 50 22 med

202 517 120 21 etthundra
336 517 75 22 femtio
428 518 63 21 mark
507 518 40 21 och
563 518 88 21 straffes
668 518 69 20 andra
752 524 67 14 resan
832 518 49 21 med
892 518 64 21 böter

202 552 50 23 från
277 554 39 21 och
339 554 49 21 med
411 554 120 21 etthundra
554 554 76 21 femtio
653 554 64 21 mark
739 553 35 22 till
790 553 40 22 och
846 553 49 22 med
910 554 44 21 tre-

201 589 87 21 hundra
304 589 62 21 mark
382 589 56 22 eller
453 589 103 28 fängelse
572 589 51 22 från
639 590 39 21 och
695 589 50 22 med
760 589 39 22 två
810 589 35 22 till
856 589 40 21 och
906 589 49 21 med

202 631 40 15 sex
258 625 110 21 månader.
392 625 74 27 Begås
483 625 69 22 sådan
568 625 135 27 förbrytelse
719 625 72 27 tredje
802 625 87 27 gången
901 625 55 21 eller

201 660 79 28 oftare,
304 667 53 15 vare
380 660 87 22 straffet
489 660 103 28 fängelse
615 661 51 21 från
682 667 39 15 sex
737 661 106 21 månader
864 661 35 21 till
915 661 40 21 och

201 695 50 22 med
268 697 32 20 ett
316 696 30 21 år.
377 696 49 21 Den
442 696 120 27 brottslige
582 696 58 21 skall
656 696 41 21 ock
713 696 78 27 hvarje
806 696 60 27 gång
881 696 74 21 dömas

201 731 106 28 förlustig
329 731 50 22 hela
403 731 38 22 det
456 731 77 22 förråd
548 732 102 27 bränvin,
672 738 46 15 som
733 731 40 22 hos
789 731 79 22 honom
883 731 71 22 öfver-

201 767 105 28 kommes,
320 767 69 27 jemte
405 767 27 22 de
448 768 57 27 kärl,
522 768 64 22 hvari
602 768 123 21 detsamma
740 767 107 22 förvaras.

272 805 18 19 3.
321 803 34 21 Då
370 803 95 22 bränvin
481 803 118 28 föryttrats
616 803 25 22 af
655 803 49 28 den,
722 809 45 16 som
783 803 50 22 icke
843 803 8 21 i
862 803 93 27 stadgad

201 838 95 27 ordning
312 838 75 22 dertill
403 839 79 21 vunnit
497 839 109 28 tillstånd,
627 839 56 22 eller
701 838 136 27 förbrytelse
852 840 45 20 mot
912 841 12 19 3
942 839 12 28 &

203 876 10 19 1
235 881 63 14 mom.
314 875 114 27 angående
451 875 143 26 partihandel
618 875 55 22 eller
696 877 45 19 mot
765 877 28 18 23
810 874 13 29 &
840 876 37 25 egt
899 881 54 22 rum,

200 909 60 22 skall
276 909 141 28 förbrytaren
433 911 108 27 derjemte
558 911 74 22 dömas
648 913 33 19 att
698 911 92 26 erlägga
806 916 27 16 en
845 909 56 23 efter
912 910 42 22 den

200 945 88 28 olofliga
303 945 173 28 försäljningens
499 946 134 28 omfattning
656 947 88 26 lämpad
760 946 72 27 afgift,
849 946 50 21 från
914 947 40 20 och

199 981 51 22 med
266 981 62 28 tjugu
344 982 36 21 till
395 983 41 20 och
452 983 49 21 med
516 983 123 21 trehundra
658 983 70 26 mark,
745 982 93 22 hvilken
853 981 101 22 tillfaller

200 1017 43 21 den
260 1017 50 22 stad
326 1018 55 21 eller
392 1018 176 27 landskommun,
580 1018 40 22 der
631 1018 152 27 förbrytelsen
797 1018 66 21 skett.
881 1017 74 22 Hafva

199 1052 55 21 flere
278 1053 58 21 varit
359 1053 114 27 delaktige
488 1053 8 22 i
512 1060 28 15 en
556 1053 69 22 sådan
648 1053 115 28 förseelse,
789 1053 62 22 skola
867 1053 26 22 de
908 1053 45 22 till-

200 1094 109 15 sammans
326 1089 91 26 erlägga
432 1089 79 22 endast
527 1095 27 16 en
570 1089 72 27 afgift,
660 1089 92 22 hvilken
768 1089 40 21 bör
824 1089 76 26 gäldas
916 1095 36 14 an-

199 1123 79 27 tingen
293 1124 25 21 af
331 1124 48 22 dem
395 1127 137 25 gemensamt
548 1125 56 22 eller
619 1125 25 22 af
662 1125 50 28 den,
729 1131 46 15 som
791 1125 96 27 tillgång
895 1130 58 22 eger.

271 1161 19 19 4.
324 1155 30 26 Är
378 1160 49 28 den,
449 1167 46 15 som
517 1161 69 21 andra
601 1168 66 14 resan
683 1161 79 27 begått
777 1160 72 27 någon
865 1160 25 21 af
903 1160 27 22 de
945 1160 8 21 i

201 1197 10 19 1
230 1201 62 15 mom.
308 1196 144 26 uppräknade
467 1196 155 28 förbrytelser,
639 1196 146 22 innehafvare
796 1196 25 20 af
829 1196 68 21 sådan
907 1198 45 19 rät-

198 1230 81 27 tighet,
296 1231 91 21 hvarom
402 1231 105 22 förmäles
523 1232 8 20 i
549 1234 10 18 1
577 1232 13 28 &
606 1234 20 25 2,
644 1234 12 19 3
674 1232 41 21 och
729 1233 15 19 4
761 1238 70 20 mom.,
847 1237 52 16 vare
910 1231 42 21 han

199 1266 75 20 tillika
290 1266 103 28 förlustig
409 1268 143 27 rättigheten,
570 1268 56 21 dock
642 1269 38 24 att,
698 1267 39 21 der
754 1267 69 21 saken
839 1267 71 27 gäller
926 1266 26 22 de

199 1301 7 21 i
222 1302 161 26 nykterhetens
400 1302 96 22 intresse
512 1303 88 21 bildade
616 1303 72 27 bolag,
704 1303 14 21 å
734 1302 105 22 domstols
849 1302 104 27 pröfning

199 1337 127 21 ankommer
342 1338 108 21 huruvida
466 1338 137 28 rättigheten
618 1339 36 21 mä
670 1344 65 16 anses
751 1338 126 22 förverkad.
