1086 1700
287 101 82 22 Ständ.
385 101 38 22 Sv.
439 114 30 2 —
484 101 74 28 Prop.
574 100 45 23 N:o
635 101 34 22 11.
797 103 25 19 19

105 167 74 22 beslut
197 173 34 15 om
246 167 253 27 bränvinstillverkning
515 167 55 21 eller
586 173 40 21 ega
642 167 125 22 densamma
782 166 71 22 öfver-

106 203 63 26 vaka,
186 202 35 22 må
236 202 56 22 dock
307 202 50 22 icke
372 202 84 22 befatta
472 203 35 27 sig
523 203 49 21 med
588 203 62 27 dylik
665 203 151 27 tillverkning.

453 264 13 20 2
484 262 20 29 8.

180 306 17 20 1.
228 304 109 22 Bränneri
353 305 34 21 mä
403 304 49 22 icke
467 304 95 22 inrättas
578 305 14 21 ä
606 304 82 27 landet,
706 304 91 22 såframt
806 304 49 22 icke

107 340 141 22 kommunens
264 340 140 22 medlemmar
419 340 14 22 å
448 340 110 22 ordinarie
574 336 217 55 kommanalstämms;
807 340 48 22 der-

108 376 35 21 till
158 376 82 22 lemnat
256 376 39 21 sitt
310 376 69 21 bifall.

180 414 18 20 2.
228 412 257 27 Bränvinstillverkning
501 412 36 21 får
552 412 20 27 ej
588 411 88 23 utöfvas
692 412 14 21 å
721 412 134 27 kungsgård,

109 448 158 27 ecklesiastik-,
286 448 86 22 militie-
393 448 40 21 och
449 448 138 22 civilstatens
603 448 117 27 boställen,
737 448 54 22 eller
802 448 13 20 å
825 448 31 20 lä-

109 484 87 27 genhet,
217 490 45 15 som
283 483 25 22 af
326 490 71 15 annan
413 486 28 19 än
457 490 82 20 egaren
554 483 137 28 innehafves,
707 485 53 20 utan
775 484 82 21 dennes

109 519 135 27 uttryckliga
262 520 112 27 tillåtelse,
391 521 57 20 samt
463 520 51 21 icke
529 520 57 21 inom
602 520 166 26 Lappmarkens
783 519 74 21 härad.

181 557 19 20 3.
230 555 27 28 Ej
280 556 71 21 heller
374 556 35 21 må
431 556 148 27 tillverkning
602 556 24 21 af
647 556 93 22 bränvin
761 555 64 22 idkas
845 555 13 21 å

109 591 105 27 lägenhet
234 592 55 21 eller
309 591 8 21 i
337 592 110 27 bränneri,
470 598 46 15 som
532 592 76 21 tillhör
624 592 72 27 någon
712 591 24 22 af
750 591 27 22 de
792 591 8 21 i
817 593 11 19 1
845 591 12 28 8

111 628 12 19 3
147 633 61 16 mom.
231 627 94 21 nämnda
343 633 112 22 personer,
472 627 8 21 i
495 629 68 20 annat
578 627 40 22 fall
634 629 28 20 än
678 629 33 19 att
726 627 132 27 lägenheten

111 663 55 22 eller
183 663 129 22 bränneriet
329 663 70 22 under
417 663 94 27 löpande
530 663 185 27 tillverkningsår
730 669 78 21 genom
824 661 37 22 arf

111 699 55 22 eller
180 700 132 21 testamente
328 699 48 22 dem
391 699 102 28 tillfallit,
510 700 9 21 i
533 699 92 22 hvilken
640 699 107 22 händelse
757 698 101 22 tillverk-

111 735 81 26 ningen
207 735 35 21 må
257 735 35 21 till
307 735 60 22 årets
383 735 44 22 slut
442 735 81 27 fortgå.

461 803 13 19 3
491 800 19 29 8

185 844 17 19 1.
233 842 55 27 Den,
310 849 45 14 som
371 842 40 22 vill
426 842 107 22 tillverka
548 842 100 27 bränvin,
665 843 53 26 göre
734 841 74 21 derom
824 847 35 14 an-

113 878 99 27 sökning,
235 877 49 22 ifall
306 878 174 27 tillverkningen
504 877 58 22 skall
584 877 88 22 utöfvas
694 877 14 21 å
723 877 82 26 landet,
821 876 40 21 hos

113 913 152 28 länestyrelse,
289 920 49 15 men
361 914 7 21 i
387 914 49 21 stad
454 914 41 21 hos
515 913 121 28 magistrat,
653 913 40 21 och
708 912 74 27 bifoge
798 911 63 22 bevis

113 949 62 22 öfver
198 950 34 21 sin
255 949 130 28 behörighet
404 951 34 20 att
457 949 51 22 med
524 949 68 22 sådan
608 949 133 26 handtering
756 950 51 25 taga
824 948 37 21 be-

113 985 96 28 fattning
232 987 56 20 samt
310 985 8 21 i
338 985 61 22 förra
412 985 126 22 händelsen
553 985 110 21 dessutom
679 984 64 27 intyg
759 983 103 22 deröfver

114 1023 33 20 att
165 1021 101 28 behörigt
281 1021 101 22 tillstånd
396 1021 36 21 till
448 1021 141 21 bränneriets
605 1020 135 27 anläggning
755 1019 107 22 erhållits.

114 1057 83 22 Finnes
218 1057 79 27 lagligt
311 1057 79 21 hinder
405 1057 50 21 icke
470 1058 67 25 möta,
552 1056 68 22 varde
636 1054 175 23 tillståndsbevis
827 1053 36 22 för

115 1093 77 22 honom
206 1092 119 23 utfärdadt.

186 1131 19 20 2.
236 1129 137 27 Aktiebolag,
396 1135 45 15 som
460 1129 97 21 ansöker
573 1127 67 23 sådan
655 1127 114 27 rättighet,
786 1125 77 28 styrke

115 1166 50 22 med
179 1166 62 22 bevis
257 1166 25 21 af
294 1165 99 27 offentlig
408 1165 137 27 myndighet,
561 1164 77 22 hvilka
653 1169 105 21 personer
769 1164 38 20 äro
817 1162 45 21 del-

116 1208 66 20 egare
197 1202 7 21 i
219 1202 93 27 bolaget.

465 1230 50 29 48

189 1275 18 19 1.
237 1272 258 27 Bränvinstillverkning
511 1278 54 16 vare
580 1272 88 21 tillåten
683 1270 70 22 under
768 1270 46 21 åtta
825 1269 40 21 och

117 1316 28 15 en
167 1309 49 21 half
236 1309 103 21 månader
362 1308 25 22 af
405 1309 55 26 året,
482 1307 115 22 fördelade
615 1308 8 20 i
638 1307 38 22 två
691 1306 112 26 terminer,
820 1310 45 16 som

117 1345 116 27 beräknas,
256 1345 41 21 den
321 1344 60 22 förra
403 1344 50 21 från
474 1344 42 21 och
536 1343 50 22 med
606 1342 70 22 första
690 1341 96 27 helgfria
801 1340 65 27 dag
853 1336 15 40 i

117 1381 99 27 Januari,
232 1380 94 22 klockan
340 1379 45 23 tolf
397 1379 94 27 middag,
507 1379 61 21 intill
584 1378 42 22 den
644 1380 10 19 1
670 1377 54 22 Juni
739 1382 82 16 samma
833 1374 33 22 tid
