1086 1700
377 127 22 22 U.
417 126 22 22 B.
455 137 27 4 —
498 126 60 28 Prop.
574 125 38 23 N:o
628 126 28 22 12.
853 127 12 20 7

133 189 40 27 ligt
194 189 98 27 gällande
314 188 272 27 kommunalförordningar
603 188 47 22 icke
665 195 38 15 var
718 189 23 21 så
757 188 86 22 alldeles
859 188 31 22 af-

135 223 71 27 gjordt
221 225 32 19 att
268 223 151 21 kommunerna
435 222 53 28 egde
502 222 70 22 lemna
587 223 37 21 sitt
639 223 115 21 understöd
770 222 31 22 till
811 222 83 28 privata

137 258 88 26 företag.
254 252 137 27 Åtminstone
407 257 62 27 gåfve
484 257 92 21 nämnda
597 257 148 27 förordningar
761 256 46 22 icke
822 256 71 22 anled-

135 292 50 26 ning
207 292 33 20 till
262 298 26 15 en
312 292 65 20 sådan
399 291 104 27 tolkning.
535 291 69 22 Också
619 291 121 27 åberopade
757 297 47 15 man
819 291 32 27 sig
866 292 27 26 på

136 326 147 22 erfarenheten
305 326 101 21 särskildt
428 325 31 21 uti
483 320 116 32 Österrike,
620 325 37 21 der
672 324 221 28 upplagsmagasinens

136 359 128 23 lånerörelse
280 359 121 27 visserligen
417 359 106 21 föranledt
538 360 84 27 mycket
637 359 113 27 klagomål,
767 360 23 20 så
801 361 32 19 att
845 366 48 14 man

136 394 55 21 varit
206 396 93 24 tvungen
314 395 33 19 att
361 394 98 26 fråntaga
474 394 122 26 magasinen
611 393 129 27 rättigheten
755 393 32 21 till
799 400 26 14 en
837 393 57 27 dylik

137 428 86 26 rörelse,
246 434 48 15 men
316 427 75 21 härvid
410 427 67 21 borde
496 428 46 21 åter
557 428 146 26 ihågkommas
719 429 32 20 att
766 427 128 22 missförhål-

137 462 73 21 landet
224 462 7 20 i
247 456 109 27 Österrike
372 462 6 20 i
394 462 103 26 väsentlig
513 462 52 26 grad
580 462 72 21 berott
668 462 65 25 derpå
743 463 32 20 att
786 461 108 22 bankerna

138 496 62 26 slagit
216 496 66 21 under
297 496 32 26 sig
342 496 217 27 upplagsmagasinen.
589 496 66 21 Detta
670 502 51 15 vore
735 496 47 21 icke
793 496 101 21 tänkbart

138 530 39 21 hos
193 536 40 20 oss,
250 530 89 21 emedan
356 530 117 26 bankerna,
489 530 65 26 enligt
569 530 98 27 gällande
676 530 98 26 banklag,
785 530 21 21 få
817 530 78 21 besitta

139 564 101 27 fastighet
263 564 75 22 endast
360 564 32 22 för
414 564 70 22 såvidt
509 564 75 22 sådant
610 564 34 22 för
670 564 73 27 sjelfva
772 564 122 22 bankrörel-

139 605 48 16 sens
203 599 136 22 bedrifvande
354 601 24 20 är
392 599 140 26 erforderligt.
562 600 47 21 Den
621 599 54 22 enda
686 599 102 27 befogade
799 599 96 21 anmärk-

139 633 56 27 ning,
210 640 46 14 som
273 633 95 21 deremot
383 633 71 22 kunde
469 635 68 25 göras,
553 640 50 15 vore
626 633 41 22 den
682 635 32 20 att
729 635 128 25 magasinen,
869 634 26 21 då

140 667 27 21 de
181 667 69 22 tillika
266 667 94 27 sysslade
376 668 47 21 med
438 667 105 28 belåning,
560 668 73 21 dervid
642 668 71 21 kunde
721 668 51 21 råka
782 667 7 21 i
801 667 94 22 frestelse

140 703 32 19 att
194 708 69 21 gynna
286 708 26 15 en
334 702 155 21 varuinsättare
513 701 87 22 framför
622 708 26 15 en
664 709 75 14 annan.
770 702 49 21 Men
835 701 60 22 äfven

140 735 59 22 detta
214 737 68 20 måste
298 736 54 21 dock
366 736 125 21 förutsättas
506 737 70 20 såsom
595 736 115 27 någonting
725 736 49 27 föga
781 736 114 25 sannolikt,

141 769 38 21 och
202 769 68 22 skulle
292 770 75 21 sådant
391 771 64 20 också
478 771 69 26 någon
562 771 55 26 gång
632 770 91 27 inträffa,
738 771 83 20 komme
836 771 59 21 miss-

140 803 142 22 förhållandet
305 804 33 21 väl
361 807 59 19 snart
439 811 42 20 nog
496 806 32 19 att
542 804 74 27 stäfjas
632 804 22 21 af
668 805 40 20 den
723 805 106 21 allmänna
844 805 52 21 kon-

141 837 116 22 kurrensen
280 838 40 21 och
335 839 7 20 i
358 839 71 26 hvarje
445 838 36 21 fall
497 838 74 22 funnes
587 840 31 20 ett
633 839 107 21 korrektiv
757 839 94 21 deremot
866 839 30 21 uti

142 872 114 27 styrelsens
279 872 127 27 befogenhet
429 875 32 19 att
483 873 33 21 till
536 873 39 21 och
593 873 49 21 med
657 873 92 21 förklara
765 873 131 27 upplagsma-

142 907 83 26 gasinet
240 906 63 22 hafva
318 907 107 21 förverkat
440 907 46 21 sina
500 907 132 27 rättigheter.

210 941 66 21 Dessa
292 941 46 21 skäl
354 947 61 21 synas
432 941 54 22 dock
501 941 47 22 icke
562 948 52 15 vara
628 941 123 28 tillräckligt
767 941 86 22 talande
865 941 32 22 för

141 976 33 20 att
188 981 49 15 man
252 975 35 21 vid
303 975 146 22 etablerandet
465 975 22 22 af
495 982 26 15 en
531 975 129 27 fullkomligt
668 982 27 21 ny
703 976 119 21 institution
830 976 67 21 skulle

141 1009 71 21 kunna
227 1009 51 27 ingå
292 1011 28 25 på
336 1012 30 19 ett
381 1010 153 26 medgifvande,
550 1016 45 15 som
611 1010 46 21 icke
673 1010 70 21 direkt
751 1010 146 22 sammanhän-

141 1049 38 21 ger
194 1044 48 21 med
257 1044 223 27 upplagsmagasinens
495 1044 105 27 egentliga
620 1044 60 27 syfte.
711 1045 66 21 Detta
798 1044 53 28 syfte
875 1047 23 19 är

143 1077 105 28 nämligen
271 1078 155 27 otvifvelaktigt
442 1080 33 19 att
489 1079 64 21 sökas
569 1079 74 21 endast
658 1079 31 20 uti
704 1079 108 27 principen
829 1078 22 21 af
864 1085 34 15 ar-

142 1112 172 27 betsfördelning.
343 1112 36 22 Uti
398 1113 69 21 denna
477 1113 62 21 hafva
548 1113 26 21 de
582 1113 36 21 sitt
626 1119 104 21 ursprung
738 1113 40 22 och
785 1113 44 21 deri
838 1113 61 21 hafva

142 1146 26 22 de
180 1146 79 27 jemväl
275 1147 37 21 sitt
327 1146 152 27 berättigande,
496 1148 77 20 medan
588 1147 143 21 länerörelsen
746 1150 24 19 är
785 1154 26 14 en
826 1149 73 19 utväxt

141 1180 28 27 pä
186 1180 113 22 desamma.
332 1180 110 22 Förutsatt
457 1183 33 19 att
506 1188 26 14 en
548 1181 58 27 dylik
621 1182 79 21 rörelse
715 1181 23 22 af
751 1182 26 21 de
793 1181 106 22 allmänna

142 1214 212 28 upplagsmagasinen
370 1215 64 21 likväl
448 1215 114 27 jemnsides
578 1215 53 22 skall
648 1216 83 24 drifvas,
755 1216 52 20 böra
822 1215 25 21 de
863 1222 36 15 an-

142 1248 72 27 tingen
229 1248 47 22 frän
291 1249 74 27 början
380 1249 23 21 af
416 1250 32 20 sin
464 1249 83 22 tillvaro
563 1250 112 21 innehafva
698 1252 31 19 ett
748 1249 151 28 jemförelsevis

142 1284 55 20 stort
212 1283 185 27 penningekapital
413 1283 52 21 eller
480 1284 67 21 under
562 1283 114 27 företagets
690 1284 55 27 gång
760 1285 27 26 pä
803 1285 31 20 ett
849 1284 52 21 eller

143 1319 65 19 annat
223 1319 43 19 sätt
281 1317 100 22 förskaffa
396 1317 31 27 sig
443 1318 66 21 detta.
539 1318 39 21 Att
593 1324 25 15 en
634 1318 222 26 magasinsinrättning
868 1324 32 15 re-

143 1351 41 22 dan
200 1351 34 21 vid
249 1351 31 22 sin
296 1352 113 26 uppkomst
425 1352 68 21 skulle
509 1352 78 21 besitta
609 1352 33 22 för
664 1352 143 22 länerörelsen
830 1352 71 27 dispo-

143 1384 58 22 nibla
223 1385 75 26 medel,
320 1386 61 21 torde
404 1386 48 21 med
475 1386 99 22 afseende
596 1387 12 20 &
623 1386 143 22 kostnaderna
781 1386 32 21 för
828 1386 73 26 sjelfva

143 1419 128 27 magasinets
286 1420 121 21 inrättande
422 1420 6 20 i
445 1420 116 22 allmänhet
576 1420 45 22 icke
636 1420 72 22 kunna
722 1420 130 24 förutsättas,
861 1420 40 22 och

212 1458 48 23 Lag-
274 1459 33 17 och
319 1459 182 17 Ekonomiutskottets
513 1459 111 18 betänkande
635 1459 38 17 N:o
682 1460 17 17 3.
