1086 1700
442 120 45 23 N:o
510 122 37 21 11.
821 120 26 20 65

113 188 96 27 derlaget
218 188 36 26 %af
275 188 97 20 bränvin.
403 188 42 20 För
462 187 65 28 öfrigt
544 188 80 26 åligger
640 187 181 22 öfverkontrollör
836 188 39 20 hos

112 222 141 27 länestyrelse
276 222 86 21 anmäla
377 222 18 27 ej
412 222 85 21 mindre
513 229 35 15 om
563 222 210 27 undertillverkning
789 222 34 21 vid
840 222 37 20 nå-

113 258 37 26 got
165 256 103 22 bränneri
284 258 35 25 egt
334 263 54 19 rum,
406 258 27 19 än
449 257 40 20 ock
505 257 38 21 der
558 256 229 22 bränvinstillverkare
802 256 75 21 urakt-

113 292 49 20 låtit
179 292 33 20 att
227 291 57 21 inom
300 292 37 20 två
353 291 24 20 år
392 292 78 26 uttaga
486 292 13 20 å
515 291 102 27 nederlag
632 291 69 21 insatt
716 291 97 21 bränvin.

182 328 19 19 2.
234 321 184 25 Öfverkontrollör
441 326 40 20 bör
505 326 40 20 ock
567 326 6 20 i
584 325 198 27 distilleringsverk
797 325 79 21 under-

113 362 53 20 söka
185 361 41 20 den
242 360 35 21 vid
292 360 167 26 tillverkningen
475 360 127 27 begagnade
618 360 100 27 redskap,
735 360 82 21 öfverse
833 360 41 21 den

114 395 22 22 af
142 395 128 27 Jkontrollör
286 394 62 22 förda
360 394 116 28 journalen
491 395 40 21 och
542 395 112 21 ditkomna
664 394 170 28 förpassningar,
847 394 30 21 äf-

113 436 88 15 vensom
224 430 95 26 granska
342 429 166 21 kontrollboken
533 429 59 21 öfver
607 429 98 26 bränvin,
722 436 46 14 som
783 429 47 21 från
847 429 31 21 di-

113 465 192 26 stilleringsverket
322 464 103 25 afsändts,
442 466 58 19 samt
516 464 32 20 för
560 464 64 27 öfrigt
636 464 62 26 tillse,
710 466 33 19 att
753 464 122 21 kontrollen

114 499 73 20 dervid
204 498 129 27 tillbörligen
350 498 132 21 handhafves
501 498 39 21 och
556 500 32 19 att
604 498 165 21 föreskrifterna
785 498 94 21 rörande

113 533 128 21 hränvinets
258 533 74 26 styrka
349 532 37 21 och
403 532 78 21 renhet
498 532 116 27 behörigen
631 533 116 27 iakttagas.

468 601 13 28 &
501 604 31 19 14.

186 645 16 18 1.
233 643 73 20 Skulle
329 642 182 21 öfverkontrollör
533 643 36 20 vid
589 643 67 20 besök
672 643 6 20 i
694 643 101 20 bränneri
811 642 65 26 finna,

114 679 33 19 att
170 677 124 26 detsamma,
312 677 68 20 ehuru
397 676 22 21 af
434 677 122 20 kontrollör
572 677 131 26 besigtigadt
720 677 39 21 och
774 677 103 26 lagenligt

113 711 126 26 förklaradt,
256 711 64 21 likväl
336 711 45 20 icke
398 713 23 18 är
437 711 110 21 inrättadt
563 712 71 20 såsom
648 711 7 21 i
666 711 71 21 denna
747 711 130 27 författning

114 746 134 25 bestämmes,
273 752 37 20 ege
333 745 50 25 han,
408 745 73 21 derest
505 745 153 28 felaktigheten
682 746 46 21 icke
743 747 77 25 genast
835 746 44 20 kan

114 779 110 28 afhjelpas,
249 782 31 19 att
304 779 54 22 efter
381 780 32 26 sig
431 779 126 22 företeende
573 780 185 27 omständigheter
774 780 103 27 antingen

110 815 268 26 bränvinstillverkningen
402 815 96 25 inställa,
524 815 50 20 eller
598 815 28 26 på
646 815 178 26 bränneriegares
841 815 36 20 be-

112 849 94 21 kostnad
222 851 80 24 antaga
318 849 129 20 biträdande
463 849 129 26 kontrollör,
609 855 46 15 som
671 849 90 21 vexelvis
778 849 48 21 med
837 849 41 21 den

112 883 59 22 förut
181 884 111 27 janstälde
318 883 109 22 oafhrutet
445 883 128 22 öfvervakar
589 884 166 27 tillverkningen
771 883 107 22 intilldess

114 918 40 21 den
181 919 115 20 anmärkta
319 917 154 28 felaktigheten
498 919 77 20 varder
598 918 129 27 undanröjd.
766 918 115 21 Förekom-

113 959 44 15 mer
180 953 47 20 skäl
243 952 32 21 till
292 959 71 14 annan
380 952 97 26 rättelse,
495 953 97 20 meddele
610 952 180 21 öfverkontrollör
807 952 75 21 derom

119 986 118 21 föreskrift.

182 1023 20 19 2.
233 1021 45 21 Gör
294 1021 31 26 sig
341 1021 121 21 kontrollör
478 1021 36 21 vid
532 1021 98 27 utöfning
642 1021 22 21 af
674 1022 70 20 denna
755 1021 122 26 befattning

113 1055 91 27 skyldig?
220 1055 32 21 till
275 1055 124 27 oredlighet,
424 1055 143 27 oskicklighet
590 1055 52 22 eller
660 1055 151 22 efterlätenhet
827 1055 52 21 eller

115 1090 129 21 åsidosätter
267 1090 41 21 han
333 1091 32 20 att
381 1089 144 22 efterkomma
541 1090 25 21 de
583 1090 78 21 honom
677 1090 6 21 i
700 1089 99 22 afseende
816 1090 12 20 å
844 1089 37 21 be-

114 1124 121 27 fattningen
260 1124 21 21 af
303 1123 180 22 öfverkontrollör
501 1123 59 28 gifna
575 1124 148 28 befallningar,
740 1131 52 15 vare
807 1124 71 21 denne

115 1159 100 26 ohetaset
231 1160 33 20 att
280 1158 119 22 kontrollör
416 1158 48 22 från
481 1159 74 26 tillsyn
572 1166 34 14 om
621 1159 125 21 bränneriet
763 1159 62 27 skilja
841 1158 39 21 och

115 1200 71 14 annan
203 1194 6 20 i
225 1194 72 20 stället
314 1194 85 26 antaga,
422 1193 33 21 till
471 1194 50 20 dess
539 1194 73 20 derom
628 1195 99 19 närmare
743 1194 100 20 beslutits
860 1192 23 22 af

114 1228 146 26 länestyrelse,
280 1228 38 21 hos
335 1228 84 20 hvilken
436 1228 104 21 anmälan
557 1234 33 15 om
607 1228 105 27 ätgärden
729 1228 22 21 af
765 1227 115 21 öfverkon-

115 1262 75 21 trollör
205 1263 39 21 bör
260 1264 64 25 göras
340 1262 133 21 omedelbart
490 1262 41 21 och
546 1264 74 19 senast
636 1263 24 21 sä
676 1262 69 27 tidigt,
764 1264 32 19 att
809 1262 71 21 denna

115 1297 100 21 anmälan
232 1298 95 20 kommer
342 1296 142 27 länestyrelse
501 1297 33 20 till
545 1297 71 21 handa
627 1297 58 21 inom
697 1298 46 19 åtta
755 1297 67 26 dagar
832 1296 49 20 från

119 1331 41 21 den
177 1331 47 27 dag,
242 1331 104 27 ätgärden
362 1331 111 26 vidtagits.

185 1366 19 20 3.
235 1365 40 21 Till
296 1365 130 21 biträdande
449 1365 53 21 eller
527 1365 203 27 tjenstförrättande
753 1364 128 26 kontrollör,

115 1400 89 20 hvarom
227 1400 109 21 ofvanföre
359 1402 96 23 nämnes,
480 1400 42 20 bör
545 1399 180 22 öfverkontrollör
743 1402 49 19 utse
809 1406 26 14 en
851 1398 35 22 väl

117 1434 81 22 ansedd
217 1441 85 20 person,
319 1441 46 15 som
380 1440 50 21 eger
447 1434 41 21 den
510 1435 72 26 insigt,
600 1436 32 20 att
648 1435 44 20 han
710 1435 43 20 kan
768 1434 122 21 befattnin-

830 1474 10 17 5
