1086 1700
209 116 12 20 4
509 116 44 24 N:o
576 118 37 22 16.

252 184 74 20 Andra
350 184 145 26 afdelningen:
519 184 146 26 Hofrätterna,
683 180 255 32 Öfverkrigsdomstolen,

181 217 228 27 Generalguvernören
433 218 59 21 öfver
515 218 92 21 Finland
630 219 38 21 och
688 219 47 20 dess
755 219 76 27 kansli,
848 220 91 22 Alexan-

181 252 225 21 ders-Universitetets
425 252 92 21 Kansler
535 252 38 21 och
591 253 143 26 Vicekansler,
750 253 189 23 Prokuratorsem-

181 286 58 20 betet
256 286 6 20 i
280 286 91 21 Senaten
387 289 54 18 samt
457 286 131 22 Ständernas
604 287 203 27 Bankfullmäktige.

253 320 78 27 Tredje
354 320 146 28 afdelningen:
524 321 198 27 Länestyrelserna,
746 322 192 22 Landssekretera-

181 360 44 21 ren,
246 354 46 21 vice
311 355 228 26 Landssekreteraren,
560 356 220 27 Landskamreraren,
797 357 46 21 vice
858 357 81 21 Lands-

181 388 145 26 kamreraren,
349 389 70 21 finska
441 390 206 26 Passexpeditionen
670 390 6 20 i
694 390 31 21 S:t
740 390 137 28 Petersburg,
894 392 44 20 Me-

182 423 190 27 dicinalstyrelsen,
395 424 163 27 Poststyrelsen,
585 420 170 31 Öfverstyrelsen
780 425 33 21 för
832 426 107 21 allmänna

181 458 157 27 byggnaderna,
361 454 170 31 Öfverstyrelsen
554 459 34 21 för
611 460 173 26 pressärendena,
805 460 133 27 Fångvårds-

184 492 110 26 styrelsen,
312 493 123 21 Statistiska
446 493 160 27 Centralbyrån,
619 494 101 21 Finlands
733 494 144 27 Statskontor,
890 495 49 21 Fin-

182 526 60 21 lands
265 528 60 20 Bank
348 528 48 20 med
419 528 159 26 underlydande
596 529 77 21 kontor
690 528 38 21 och
745 531 120 24 agenturer,
881 529 58 21 Tull-

182 561 110 27 styrelsen,
309 557 170 32 Öfverstyrelsen
499 562 34 21 för
548 563 53 21 lots-
617 563 38 21 och
672 562 187 29 fyrinrättningen,
876 563 62 21 Indu-

182 596 151 27 stristyrelsen,
357 597 114 20 Allmänna
496 597 190 27 Revisionsrätten,
712 593 170 32 Öfverstyrelsen
905 598 33 21 för

182 630 167 27 landtmäteriet,
374 631 116 21 Direktorn
511 632 33 21 för
559 631 69 22 finska
644 632 175 27 kadettkorpsen,
836 632 103 21 General-

182 666 144 25 guvernörens
350 665 58 21 öfver
431 666 88 21 Finland
542 667 48 20 stab
610 666 33 21 för
658 666 69 21 finska
743 667 114 24 militären,
874 667 64 20 Före-

183 699 124 26 draganden
331 700 37 21 hos
394 700 184 27 Krigsministern,
602 700 258 27 Befälhafvarestyrelsen
884 703 55 19 samt

182 733 199 22 Kommendörerne
399 735 53 20 eller
467 735 84 21 befälen
568 735 59 21 öfver
641 735 69 20 finska
726 737 123 24 trupperna,
865 735 74 27 Krigs-

183 767 190 28 kommissariatet,
385 769 311 21 Alexanders-Universitetets
708 769 167 26 Konsistorium,
884 770 55 20 Rek-

183 803 137 26 torsembete,
340 803 131 27 Fakulteter,
492 803 246 22 Examinationsutskott
756 804 39 21 och
812 804 126 21 Ekonomie-

184 836 98 26 division,
306 832 171 31 Öfverstyrelsen
499 837 33 21 för
555 837 156 26 skolväsendet,
731 838 153 26 Domkapitlen
901 838 38 21 och

184 869 168 28 Grekisk-ryska
368 871 87 27 andliga
466 872 108 26 Styrelsen
586 872 6 20 i
602 871 97 27 Finland,
708 872 156 26 Arkeologiska
875 872 64 21 Kom-

184 904 116 21 missionen
323 905 39 21 och
386 905 196 27 Statsarkeologen,
599 901 170 31 Öfverstyrelsen
784 906 33 21 för
833 908 49 25 väg-
899 907 40 20 och

182 939 234 27 vattenbyggnaderna,
439 940 218 27 Jernvägsstyrelsen,
675 940 216 21 Generaldirektören
906 940 34 21 för

184 973 207 27 Statsjernvägarne,
410 974 169 27 Forststyrelsen
600 977 56 18 samt
671 975 141 26 Inspektören
829 974 32 21 för
877 974 62 21 fiske-

183 1007 77 21 rierna.

255 1041 77 27 Fjerde
358 1041 145 28 afdelningen:
531 1042 95 21 Härads-
652 1042 39 21 och
721 1042 218 27 Egodelningsrätter,

183 1075 197 24 Rådstufvurätter,
404 1076 138 27 Magistrater
566 1077 39 20 och
629 1076 175 27 Ordningsrätter
825 1078 56 19 samt
896 1079 44 18 stä-

184 1109 78 21 dernas
285 1110 181 27 Drätselkamrar,
489 1111 65 20 Polis-
579 1111 39 21 och
640 1111 201 27 Auktionskamrar,
862 1111 78 20 Landt-

183 1146 153 25 räntmästare,
355 1145 192 26 Länebokhållare,
569 1145 156 27 Kronofogdar,
741 1145 199 26 Häradsskrifvare,

183 1178 179 27 Kronolänsmän,
387 1179 231 27 Magasinsförvaltare,
634 1179 239 27 Boställsinspektörer,
889 1180 51 21 För-

183 1212 83 21 valtare
283 1212 23 22 af
320 1213 127 27 postkontor
466 1214 37 21 och
520 1214 202 26 postexpeditioner,
738 1214 202 25 Provincialläkare,

183 1246 137 27 Styrelserna
343 1247 32 21 för
398 1248 58 26 sjuk-
472 1248 39 21 och
534 1248 108 21 kurhusen
658 1250 56 19 samt
729 1248 88 26 dårhus,
833 1248 108 21 Direktio-

182 1287 68 15 nerna
273 1281 34 21 för
330 1282 69 21 straff-
415 1282 40 21 och
475 1282 213 27 arbetsfängelserna,
708 1282 185 21 Föreståndarene
908 1282 33 21 för

182 1315 277 29 länebyggnadskontoren,
483 1317 166 27 Tullinspektör,
672 1316 137 21 Tullkamrar
829 1316 39 21 och
884 1317 57 21 Tull-

183 1349 153 27 expeditioner,
364 1350 104 21 Cheferne
493 1350 34 21 för
549 1350 193 28 lotsfördelningar,
766 1351 176 26 Kartasigillata-

182 1383 111 28 kontoret,
308 1384 144 27 Myntverket,
471 1384 153 27 Polytekniska
644 1385 113 25 institutet,
773 1384 169 22 Direktionerna

182 1416 34 22 för
232 1418 103 21 industri-
356 1418 39 21 och
413 1419 215 27 navigationsskolor,
649 1419 210 27 Yrkesinspektörer,
875 1420 67 20 Brän-
