1086 1700
438 131 54 22 N:o
509 130 51 23 16.

352 338 67 25 Hans
442 338 167 32 Kejserliga
632 338 144 32 Majestäts
799 338 80 32 nådiga

263 384 138 33 proposition
417 384 33 24 till
463 384 103 25 Finlands
579 384 95 25 Ständer
686 384 115 32 angående
813 386 66 23 stäm-

263 430 164 32 pelbevillning.

194 504 72 27 Enligt
290 504 32 21 till
346 506 84 19 senaste
453 504 103 27 landtdag
579 504 117 21 aflemnade
720 504 106 27 uppgifter
843 510 34 15 om

127 539 247 27 stämpelbevillningens
391 539 76 26 belopp
484 539 55 21 hade
555 538 210 28 nettobehällningen
776 538 23 21 af
808 538 69 21 denna

125 575 58 20 skatt
199 574 66 21 under
281 573 170 26 treärsperioden
463 574 150 27 J1884—1886
630 573 90 27 uppgått
735 573 32 21 till
785 574 90 26 735,882

125 609 64 20 mark
204 609 26 21 56
247 608 62 26 penni
325 608 5 20 i
346 608 101 21 medeltal
463 614 32 15 om
513 607 85 27 året.

195 641 186 28 Räkenskaperna
397 641 59 22 öfver
475 642 236 27 stämpelbevillningen
727 642 68 21 under
811 642 66 26 derpä

128 677 94 27 följande
238 680 32 18 tre
286 677 24 20 är
326 677 69 20 utvisa
411 677 95 26 följande
523 677 101 20 resultat:

196 711 177 20 Bruttoinkomst.

266 747 24 20 är
308 746 51 20 1887
396 762 4 4 .
432 762 4 4 .
467 761 4 4 .
504 762 3 4 .
540 746 46 26 ang
602 746 98 25 818132:
718 746 26 19 84

271 797 9 10 »
308 780 53 21 1888
397 797 4 3 .
432 796 4 4 .
469 797 3 3 .
505 797 3 3 .
558 796 9 11 oo»
602 780 100 26 834,082:
718 780 25 20 49

271 831 9 10 »
308 815 52 20 1889
396 831 4 4 .
432 831 3 3 so
468 831 3 3 co
505 830 3 4 cv
602 815 98 25 933,488:
718 815 25 19 13

129 851 56 18 samt

200 883 185 27 nettobehällning,
407 883 54 21 efter
479 883 75 26 afdrag
574 882 23 21 af
611 889 55 20 resp.
683 883 76 26 79,370
776 882 60 21 mark
855 883 26 20 59

128 918 71 27 penni,
223 919 77 24 68,644
322 918 61 20 mark
406 919 27 19 90
456 917 65 27 penni
545 917 38 21 och
600 917 153 26 79,830”mark
768 918 13 20 4
797 917 86 26 penni
871 913 16 36 i

129 952 89 27 utgifter
240 951 32 22 för
295 952 158 26 kartasigillata
476 952 108 25 kontoret,
600 951 117 22 kostnader
732 952 33 21 för
781 951 100 27 stämpel-

127 988 102 25 papprets
246 986 134 26 tillverkning
396 985 38 22 och
451 985 125 28 försäljning
592 992 28 14 m.
636 992 28 14 m.

268 1020 23 21 är
308 1021 52 20 1887
396 1036 5 4 .
433 1037 3 3 .
468 1036 4 4 .
505 1036 4 4 .
541 1006 46 45 Guy
601 1006 102 45 7138,762:
719 1021 26 20 25

272 1071 9 8 »
308 1055 52 20 1888
396 1071 3 4 .
469 1071 40 4 so.
558 1071 10 10 oo
604 1055 98 25 765,437:
720 1056 25 20 59

273 1105 9 9 »
311 1089 52 20 1889
399 1105 4 4 .
435 1105 4 4 so
471 1104 40 5 sov
561 1105 9 9 om
605 1089 99 26 853,658:
734 1090 12 20 9

131 1124 53 21 eller
200 1124 91 26 785,952
308 1123 60 21 mark
383 1124 28 20 64
425 1123 64 26 penni
505 1123 7 21 i
528 1123 100 21 medeltal
644 1129 34 15 om
697 1123 52 22 året.

200 1157 308 27 Stämpelpappersinkomsten
531 1158 39 20 har
593 1158 89 20 sålunda
705 1158 54 21 visat
781 1164 26 14 en
829 1157 53 21 kon-

130 1192 108 26 tinuerlig,
256 1198 34 14 om
306 1192 39 20 ock
360 1192 60 26 ringa
436 1191 102 27 stegring.

198 1226 42 21 Det
255 1226 81 26 förslag
350 1226 32 20 till
398 1226 131 28 förordning,
546 1226 111 27 angående
673 1226 207 27 stämpelbevillning

130 1262 35 20 för
180 1260 169 27 finansperioden
367 1261 145 25 1892—1894,
529 1266 45 15 som
589 1261 105 26 härjemte
707 1261 33 21 till
751 1260 131 22 Ständernas

130 1295 159 27 handläggning
300 1294 147 27 öfverlemnas,
459 1296 24 19 är
495 1294 99 22 affattadt
603 1295 6 21 i
618 1295 150 27 hufvudsaklig
777 1294 106 22 öfverens-

131 1330 123 21 stämmelse
270 1329 48 21 med
336 1329 129 26 nugällande
483 1328 125 28 förordning
624 1330 6 20 i
646 1331 79 20 ämnet.
754 1329 131 26 De"mindre

131 1364 123 26 ändringar,
276 1369 46 15 som
344 1364 55 20 visat
421 1363 31 26 sig
474 1370 52 14 vara
547 1364 23 20 af
583 1363 164 21 förhållandena
763 1363 120 27 påkallade,

131 1399 46 21 afse
192 1398 120 28 egentligen
328 1397 77 21 endast
421 1398 184 27 stämpelafgiften
620 1397 34 21 för
668 1398 57 21 vissa
739 1398 45 26 slag
800 1398 23 20 af
837 1397 48 21 full-

132 1434 86 21 makter
233 1434 39 21 och
288 1432 162 23 förordnanden.
