1086 1700
209 141 13 19 4
367 138 84 23 Ständ.
467 138 40 22 Sv.
528 150 23 4 —
568 138 76 28 Prop.
660 137 45 23 N:o
721 138 36 22 13.

180 201 251 28 krigsmanshuskassans
453 202 88 26 uppgift
559 205 32 17 att
606 208 52 14 vara
676 208 27 13 en
719 200 79 22 allmän
813 201 126 27 militiepen-

181 236 119 21 sionsfond.
316 236 119 21 Ständerna
450 236 65 20 hafva
531 236 48 20 icke
594 236 106 24 förbisett,
717 238 32 18 att
764 235 105 27 beloppet
880 236 25 20 af
912 236 28 21 de

182 271 45 20 från
247 270 94 21 nämnda
356 270 63 21 kassa
434 270 108 27 utgående
557 272 117 25 pensioner
690 270 23 20 år
729 270 32 20 för
776 270 23 20 år
815 269 58 26 ökas,
891 276 49 15 men

182 305 27 20 då
229 306 12 20 å
264 305 66 20 andra
352 305 61 20 sidan
435 304 122 21 kostnaden
582 304 32 20 för
630 304 214 27 indragningsstaten
859 304 81 27 årligen

182 339 100 25 minskas,
306 339 65 27 enligt
394 339 156 27 uppskattning
573 340 6 19 i
602 339 79 27 nådiga
705 340 164 26 propositionen
889 338 51 21 med

182 374 99 26 omkring
304 378 61 21 5,000
387 373 66 25 mark,
477 373 23 20 är
521 373 37 21 det
574 373 18 26 ej
609 376 32 18 att
656 372 75 22 befara
747 376 32 18 att
795 373 89 20 kassans
899 372 41 21 till-

182 408 81 27 gångar
286 408 46 20 icke
348 407 60 21 skola
423 408 35 20 väl
473 407 64 21 förslå
552 411 32 17 att
599 407 99 21 bestrida
712 406 80 27 jemväl
807 406 132 22 sistnämnda

182 442 125 20 kostnader.
336 442 53 20 Med
399 442 49 20 stöd
459 442 26 20 af
494 442 37 20 det
546 442 90 20 anförda
653 442 20 20 få
685 441 120 21 Ständerna
818 441 39 21 hos
869 441 70 21 Eders

183 476 120 27 Kejserliga
318 476 101 26 Majestät
435 478 5 19 i
456 476 171 27 underdånighet
643 476 120 25 hemställa,

457 544 109 20 huruvida
589 544 43 20 icke
654 544 120 28 utgifterna
791 544 44 27 för
850 544 89 26 indrag-

389 579 130 26 ningsstaten
539 579 70 20 kunde
624 579 59 26 från
706 579 37 20 och
767 578 50 21 med
831 578 107 20 nästkom-

390 613 77 20 mande
481 613 30 20 år
519 613 97 27 påföras
630 613 249 26 krigsmanshuskassan.

252 682 75 21 Under
342 682 152 27 förutsättning
509 682 26 20 af
545 682 75 26 nådigt
636 681 60 21 bifall
711 681 31 21 till
758 681 69 21 denna
838 681 102 20 hemstäl-

183 716 35 20 lan
240 716 65 20 hafva
327 715 119 22 Ständerna
462 716 94 21 uteslutit
572 716 164 27 ifrågavarande
752 715 127 27 utgiftspost
894 715 46 20 från

184 751 31 20 sin
230 750 118 27 beräkning
363 750 25 20 af
399 750 165 21 militiefondens
580 750 88 27 utgifter
684 750 67 20 under
761 749 179 21 nästkommande

183 784 167 27 budgetperiod.

252 819 16 19 I
282 818 175 28 gratifikationer
471 819 44 26 för
529 818 113 27 oförvitlig
658 819 65 26 tjenst
737 818 38 20 och
791 818 149 27 begrafnings-

182 852 58 27 hjelp
264 853 35 20 till
317 853 79 27 aflidne
418 853 138 27 tjenstemäns
570 853 97 20 sterbhus
683 853 38 20 har
737 852 66 21 under
819 853 49 20 åren
887 853 52 25 1887

185 887 83 26 —1889
284 887 115 21 utbetalats
415 894 56 20 resp.
487 887 55 20 Fmk
558 891 68 22 5,017:
643 892 33 19 20,
693 887 60 24 1,800
769 886 41 21 och
826 891 41 21 290
890 886 50 20 eller

183 922 6 19 i
212 921 63 27 årligt
297 921 100 21 medeltal
420 921 63 26 2,369
505 921 60 20 mark
583 926 12 21 7
612 922 72 25 penni.
714 921 74 20 Ehuru
804 920 69 21 denna
889 923 51 24 post

184 955 46 20 icke
252 955 43 21 kan
318 956 28 27 pä
361 955 90 21 förhand
466 955 50 20 med
531 955 102 20 säkerhet
648 954 115 25 beräknas,
780 954 37 21 har
834 954 36 21 det
886 961 55 20 upp-

184 989 61 21 förda
260 989 98 28 anslaget
376 989 32 21 för
423 989 125 21 densamma
563 989 25 20 af
603 989 77 24 16,000
696 989 60 20 mark
772 995 36 14 om
823 989 44 20 äret
883 988 57 20 dock

183 1023 108 21 befunnits
307 1024 47 20 icke
369 1025 33 20 stä
417 1025 6 19 i
439 1023 78 27 skäligt
532 1023 132 21 förhällande
680 1023 31 20 till
723 1022 125 21 förberörda
861 1022 79 21 medel-

183 1057 30 21 tal
228 1058 44 20 och
287 1057 130 21 fördenskull
431 1059 6 19 i
453 1057 132 21 Ständernas
602 1057 196 27 utgiftsberäkning
809 1056 68 21 blifvit
889 1057 52 20 ned-

184 1095 43 17 satt
248 1091 32 21 till
304 1097 75 19 10,000
401 1092 60 20 mark
484 1099 36 12 om
542 1092 46 20 äret
610 1091 50 20 eller
678 1096 77 21 30,000
769 1091 61 20 mark
845 1090 32 20 för
893 1090 47 21 hela

183 1125 196 27 budgetperioden.

254 1160 121 27 Angäende
397 1160 68 27 öfriga
487 1162 6 18 i
515 1160 41 20 den
583 1160 78 26 nädiga
685 1160 164 26 propositionen
874 1158 67 21 under

184 1194 100 20 rubriken
300 1194 107 20 ordinarie
422 1195 93 26 utgifter
527 1198 113 23 upptagna
655 1194 76 26 anslag
746 1193 64 21 hafva
821 1192 119 22 Ständerna

184 1228 48 20 icke
247 1229 67 26 nägot
330 1232 31 17 att
377 1230 74 19 erinra.

254 1262 68 21 Bland
338 1262 26 20 de
380 1262 121 27 föreslagna
517 1266 61 16 extra
594 1263 122 26 utgifterna
731 1262 50 26 ingå
796 1261 74 20 främst
887 1261 53 19 kost-

184 1296 99 20 naderna
295 1297 40 25 för
348 1296 135 27 uppförande
498 1298 30 26 af
538 1296 204 27 kasernbyognader
749 1296 44 26 för
801 1295 75 27 finska
890 1295 50 20 ara-

181 1333 176 23 gonregementet.
388 1330 42 20 För
452 1330 63 21 dessa
537 1331 205 27 byggnadsarbeten
759 1330 133 20 beräknades
904 1329 37 21 vid

184 1367 88 17 senaste
293 1364 104 27 landtdag
419 1366 170 25 approximativt
614 1364 113 26 1,476,000
741 1364 67 24 mark,
824 1363 79 21 hvaraf
914 1370 27 13 en

184 1398 82 21 million
288 1398 24 21 af
329 1398 120 21 Ständerna
472 1398 117 26 beviljades
605 1398 31 21 till
650 1398 138 26 användning
803 1398 66 20 under
884 1399 57 19 inne-

184 1432 96 20 varande
301 1432 165 27 budgetperiod.
497 1433 44 20 Vid
564 1433 143 29 uppgörande
732 1432 25 20 af
780 1432 27 20 de
833 1432 107 20 definitiva
