1086 1700
432 130 43 23 N:o
497 132 37 21 11.
808 130 25 20 81

459 208 13 29 &
488 210 34 20 41.

184 251 18 21 1.
232 249 84 21 Varder
331 248 120 22 kontrollör
468 248 23 22 af
504 256 25 14 en
546 249 51 22 eller
612 256 71 15 annan
701 250 64 21 orsak
775 250 48 21 från
834 250 33 22 sin

111 285 121 27 befattning
254 284 34 21 vid
311 284 101 21 bränneri
437 283 68 27 aflöst,
529 283 89 22 aflemne
636 284 43 22 han
696 285 22 21 åt
734 285 40 21 den
791 285 78 21 tillträ-

112 320 70 21 dande
197 318 147 22 kontrollören
361 318 66 27 enligt
443 318 94 22 reversal
551 319 7 21 i
574 320 36 20 två
621 319 114 27 exemplar,
746 319 77 21 hvaraf
832 320 36 21 det

114 361 40 15 ena
177 354 117 27 gvitteradt
317 353 176 26 återbekommes,
517 354 99 26 samtliga
638 354 7 21 i
662 354 206 28 nästföregående
854 349 17 37 $

113 389 140 22 omförmälda
269 388 127 27 handlingar
413 388 39 22 och
468 388 192 22 kontrolleffekter.

185 425 17 20 2.
234 424 73 21 Skulle
323 423 68 27 någon
408 423 23 21 af
441 423 26 21 de
477 424 105 20 bekomna
594 424 211 22 kontrolleffekterna
820 425 49 21 sak-

113 465 38 15 nas
174 459 52 20 eller
248 457 94 22 befinnas
362 458 115 27 obrukbar,
493 464 50 15 vare
558 458 127 27 kontrollör,
702 458 23 22 så
741 459 64 21 framt
821 459 47 21 icke

114 493 80 21 skadan
217 492 125 22 tillkommit
366 498 75 20 genom
466 492 129 28 förslitning,
619 493 84 27 skyldig
719 496 31 18 att
766 494 67 27 enligt
848 494 23 21 af

116 528 106 20 Handels-
239 527 39 21 och
294 527 95 21 Industri
405 527 154 27 Expeditionen
575 528 6 20 i
598 528 92 21 Senaten
702 528 112 22 faststäldt
825 529 44 27 pris

115 564 79 20 ersätta
210 562 48 21 dess
273 562 72 21 värde.

463 614 10 27 8
490 615 33 20 42.

187 656 17 19 1.
235 655 125 20 Kontrollör
383 661 56 21 eger,
463 655 64 20 sedan
548 655 42 21 han
605 656 32 26 sig
652 656 35 20 vid
703 656 122 21 bränneriet
840 657 31 20 in-

117 689 75 26 funnit,
216 689 149 27 tillgodonjuta
388 689 36 21 det
447 689 78 21 honom
548 689 161 22 tillförsäkrade
729 691 79 21 arvode
824 691 48 21 från

119 724 39 21 och
174 724 47 21 med
238 724 67 27 dagen
323 723 71 21 förrän
410 723 175 28 tillmäskningen
596 724 34 21 vid
641 725 124 21 bränneriet
775 725 97 27 vidtager

118 758 33 21 till
175 758 38 21 och
229 758 48 21 med
292 757 70 22 första
379 758 121 27 söcknedag
517 757 54 22 efter
588 758 39 21 den
644 759 47 26 dag,
708 759 27 20 dä
751 759 121 21 afverknin-

118 799 39 20 gen
173 793 89 26 upphör.

187 828 20 20 2.
237 827 100 20 Inställes
353 827 241 26 bränvinstillverkning
609 827 33 20 till
658 827 53 27 följd
727 827 22 21 af
763 827 109 22 bränneri-

119 867 74 21 egares
208 861 138 26 förvällande,
362 861 35 21 mä
413 861 140 27 länestyrelse
569 861 81 28 afgöra,
666 868 34 14 om
712 862 39 21 och
763 862 55 21 huru
829 865 44 19 stor

120 896 119 26 ersättning
262 896 39 21 bör
322 896 22 20 af
358 896 165 26 bränneriegare
539 896 94 21 tilldelas
649 896 120 21 kontrollör
784 897 33 21 för
832 897 41 21 den

120 930 78 21 honom
214 931 144 26 tillskyndade
373 931 92 20 kostnad
481 931 52 20 eller
548 930 84 21 förlust.
663 931 46 21 Men
722 932 77 21 varder
810 932 63 21 brän-

120 965 45 20 neri
188 971 76 21 genom
288 965 174 27 olyckshändelse
485 965 92 20 skadadt
600 965 52 20 eller
675 965 111 26 förstördt,
802 967 24 20 sä
842 968 33 20 att

121 999 47 22 dess
191 1000 136 21 verksamhet
349 1000 22 21 af
393 999 68 22 sädan
485 999 63 21 orsak
567 999 52 22 eller
634 1001 52 20 utan
702 1000 173 28 bränneriegares

121 1034 133 21 förvällande
277 1034 102 27 afbrytes,
404 1034 40 21 och
467 1033 105 22 ästundar
592 1034 165 27 bränneriegare
777 1037 32 19 att
824 1035 51 22 kon-

121 1069 76 21 trollör
220 1069 12 20 &
255 1069 123 21 bränneriet
401 1070 149 25 gvarstannar,
574 1068 105 21 intilldess
700 1069 119 22 detsamma
834 1070 42 21 kan

122 1103 66 21 blifva
205 1103 53 28 änyo
274 1103 122 27 iständsatt,
413 1104 64 26 utgär
492 1103 132 21 kontrollörs
640 1103 80 22 arvode
735 1104 23 21 af
766 1105 111 21 bränvins-

122 1139 235 26 tillverkningsmedlen
374 1138 32 21 för
421 1140 33 19 tre
471 1138 72 27 dagar,
560 1138 111 22 hvaremot
687 1139 90 21 arvodet
792 1139 34 21 för
836 1140 41 21 den

123 1173 69 27 öfriga
208 1174 171 26 väntningstiden
393 1173 85 21 betalas
494 1174 23 20 af
531 1174 171 26 bränneriegare.

194 1210 20 20 3.
244 1208 123 22 Kontrollör
390 1214 38 21 ege
451 1208 55 20 ifrån
530 1208 163 21 landtränteriet
712 1208 7 21 i
733 1208 60 22 länet
809 1208 23 22 af
845 1208 32 22 dit

123 1242 90 22 influtna
236 1242 323 27 bränvinstillverkningsmedel
582 1242 138 22 utbekomma
742 1242 78 22 arvode
839 1243 38 21 och

123 1277 280 27 resekostnadsersättning,
420 1276 55 22 efter
490 1276 132 28 granskning
634 1276 23 22 af
667 1277 41 21 den
718 1277 92 27 räkning
821 1277 56 27 derä,

123 1312 119 21 kontrollör
258 1312 38 20 bör
312 1312 31 20 till
360 1312 141 26 länestyrelse
521 1311 89 27 ingifva,
627 1317 48 15 men
691 1311 111 27 slutligvid
816 1313 63 25 göres

123 1346 18 26 ej
158 1346 66 21 innan
239 1346 121 21 kontrollör
375 1346 55 21 visat
446 1340 33 32 Sig
494 1346 64 20 hafva
573 1345 34 22 till
623 1346 160 21 vederbörande
794 1346 85 21 insändt

124 1380 25 22 de
165 1380 134 28 handlingar,
316 1380 92 21 rörande
424 1380 164 27 tillverkningen
604 1380 34 21 vid
654 1380 129 27 bränneriet,
799 1380 80 22 honom

124 1415 82 27 åligger
222 1415 96 27 aflemna,
334 1414 110 22 äfvensom
460 1415 100 21 äterstäli
576 1414 25 22 de
617 1414 134 28 instrument,
762 1415 33 21 läs
805 1422 28 14 m.
845 1422 34 20 m.,

125 1456 46 15 som
186 1450 42 20 han
244 1449 165 21 omhänderfätt.

801 1478 10 16 6
