<?xml version="1.0" encoding="UTF-8"?>
<alto xmlns="http://www.loc.gov/standards/alto/ns-v3#" xmlns:xlink="http://www.w3.org/1999/xlink" xmlns:xsi="http://www.w3.org/2001/XMLSchema-instance" xsi:schemaLocation="http://www.loc.gov/standards/alto/ns-v3# http://www.loc.gov/alto/v3/alto-3-0.xsd">
	<Description>
		<MeasurementUnit>pixel</MeasurementUnit>
		<sourceImageInformation>
			<fileName>/tmp/tess_jysynvk8_input.PNG</fileName>
		</sourceImageInformation>
		<OCRProcessing ID="OCR_0">
			<ocrProcessingStep>
				<processingSoftware>
					<softwareName>tesseract 5.3.4</softwareName>
				</processingSoftware>
			</ocrProcessingStep>
		</OCRProcessing>
	</Description>
	<Layout>
		<Page WIDTH="1086" HEIGHT="1700" PHYSICAL_IMG_NR="0" ID="page_0">
			<PrintSpace HPOS="0" VPOS="0" WIDTH="1086" HEIGHT="1700">
				<GraphicalElement ID="cblock_0" HPOS="0" VPOS="75" WIDTH="317" HEIGHT="5"></GraphicalElement >
				<GraphicalElement ID="cblock_1" HPOS="0" VPOS="139" WIDTH="3" HEIGHT="1186"></GraphicalElement >
				<ComposedBlock ID="cblock_2" HPOS="221" VPOS="135" WIDTH="509" HEIGHT="29">
					<TextBlock ID="block_0" HPOS="221" VPOS="135" WIDTH="509" HEIGHT="29">
						<TextLine ID="line_0" HPOS="221" VPOS="135" WIDTH="509" HEIGHT="29">
							<String ID="string_0" HPOS="221" VPOS="136" WIDTH="13" HEIGHT="21" WC="0.96" CONTENT="8"/><SP WIDTH="183" VPOS="136" HPOS="234"/>
							<String ID="string_1" HPOS="417" VPOS="135" WIDTH="29" HEIGHT="23" WC="0.92" CONTENT="U."/><SP WIDTH="15" VPOS="135" HPOS="446"/>
							<String ID="string_2" HPOS="461" VPOS="136" WIDTH="28" HEIGHT="22" WC="0.92" CONTENT="B."/><SP WIDTH="17" VPOS="136" HPOS="489"/>
							<String ID="string_3" HPOS="506" VPOS="148" WIDTH="26" HEIGHT="3" WC="0.91" CONTENT="—"/><SP WIDTH="16" VPOS="148" HPOS="532"/>
							<String ID="string_4" HPOS="548" VPOS="136" WIDTH="73" HEIGHT="28" WC="0.90" CONTENT="Prop."/><SP WIDTH="16" VPOS="136" HPOS="621"/>
							<String ID="string_5" HPOS="637" VPOS="136" WIDTH="42" HEIGHT="23" WC="0.95" CONTENT="N:o"/><SP WIDTH="16" VPOS="136" HPOS="679"/>
							<String ID="string_6" HPOS="695" VPOS="136" WIDTH="35" HEIGHT="22" WC="0.95" CONTENT="16."/>
						</TextLine>
					</TextBlock>
				</ComposedBlock>
				<ComposedBlock ID="cblock_3" HPOS="188" VPOS="202" WIDTH="763" HEIGHT="1230">
					<TextBlock ID="block_1" HPOS="188" VPOS="202" WIDTH="763" HEIGHT="783">
						<TextLine ID="line_1" HPOS="190" VPOS="202" WIDTH="760" HEIGHT="28">
							<String ID="string_7" HPOS="190" VPOS="202" WIDTH="112" HEIGHT="22" WC="0.90" CONTENT="förkomna"/><SP WIDTH="15" VPOS="202" HPOS="302"/>
							<String ID="string_8" HPOS="317" VPOS="202" WIDTH="52" HEIGHT="22" WC="0.96" CONTENT="eller"/><SP WIDTH="16" VPOS="202" HPOS="369"/>
							<String ID="string_9" HPOS="385" VPOS="202" WIDTH="94" HEIGHT="22" WC="0.93" CONTENT="skadade"/><SP WIDTH="15" VPOS="202" HPOS="479"/>
							<String ID="string_10" HPOS="494" VPOS="203" WIDTH="58" HEIGHT="26" WC="0.93" CONTENT="post-"/><SP WIDTH="16" VPOS="203" HPOS="552"/>
							<String ID="string_11" HPOS="568" VPOS="203" WIDTH="41" HEIGHT="21" WC="0.93" CONTENT="och"/><SP WIDTH="8" VPOS="203" HPOS="609"/>
							<String ID="string_12" HPOS="617" VPOS="203" WIDTH="251" HEIGHT="27" WC="0.91" CONTENT="jernvägsförsändelser,"/><SP WIDTH="11" VPOS="203" HPOS="868"/>
							<String ID="string_13" HPOS="879" VPOS="203" WIDTH="71" HEIGHT="22" WC="0.92" CONTENT="äfven-"/>
						</TextLine>
						<TextLine ID="line_2" HPOS="190" VPOS="236" WIDTH="761" HEIGHT="29">
							<String ID="string_14" HPOS="190" VPOS="242" WIDTH="46" HEIGHT="16" WC="0.95" CONTENT="som"/><SP WIDTH="15" VPOS="242" HPOS="236"/>
							<String ID="string_15" HPOS="251" VPOS="236" WIDTH="32" HEIGHT="21" WC="0.95" CONTENT="uti"/><SP WIDTH="15" VPOS="236" HPOS="283"/>
							<String ID="string_16" HPOS="298" VPOS="236" WIDTH="81" HEIGHT="22" WC="0.96" CONTENT="sådana"/><SP WIDTH="14" VPOS="236" HPOS="379"/>
							<String ID="string_17" HPOS="393" VPOS="236" WIDTH="89" HEIGHT="22" WC="0.96" CONTENT="skrifter"/><SP WIDTH="15" VPOS="236" HPOS="482"/>
							<String ID="string_18" HPOS="497" VPOS="236" WIDTH="40" HEIGHT="22" WC="0.96" CONTENT="och"/><SP WIDTH="15" VPOS="236" HPOS="537"/>
							<String ID="string_19" HPOS="552" VPOS="236" WIDTH="150" HEIGHT="28" WC="0.96" CONTENT="ansökningar,"/><SP WIDTH="16" VPOS="236" HPOS="702"/>
							<String ID="string_20" HPOS="718" VPOS="243" WIDTH="45" HEIGHT="15" WC="0.95" CONTENT="som"/><SP WIDTH="12" VPOS="243" HPOS="763"/>
							<String ID="string_21" HPOS="775" VPOS="238" WIDTH="66" HEIGHT="26" WC="0.95" CONTENT="enligt"/><SP WIDTH="10" VPOS="238" HPOS="841"/>
							<String ID="string_22" HPOS="851" VPOS="238" WIDTH="100" HEIGHT="27" WC="0.96" CONTENT="gällande"/>
						</TextLine>
						<TextLine ID="line_3" HPOS="190" VPOS="270" WIDTH="760" HEIGHT="28">
							<String ID="string_23" HPOS="190" VPOS="270" WIDTH="160" HEIGHT="27" WC="0.96" CONTENT="bestämningar"/><SP WIDTH="20" VPOS="270" HPOS="350"/>
							<String ID="string_24" HPOS="370" VPOS="270" WIDTH="23" HEIGHT="22" WC="0.96" CONTENT="få"/><SP WIDTH="21" VPOS="270" HPOS="393"/>
							<String ID="string_25" HPOS="414" VPOS="270" WIDTH="69" HEIGHT="22" WC="0.96" CONTENT="under"/><SP WIDTH="20" VPOS="270" HPOS="483"/>
							<String ID="string_26" HPOS="503" VPOS="270" WIDTH="81" HEIGHT="27" WC="0.95" CONTENT="omslag"/><SP WIDTH="18" VPOS="270" HPOS="584"/>
							<String ID="string_27" HPOS="602" VPOS="271" WIDTH="33" HEIGHT="21" WC="0.92" CONTENT="till"/><SP WIDTH="13" VPOS="271" HPOS="635"/>
							<String ID="string_28" HPOS="648" VPOS="271" WIDTH="257" HEIGHT="27" WC="0.92" CONTENT="jernvägsförvaltningen"/><SP WIDTH="15" VPOS="271" HPOS="905"/>
							<String ID="string_29" HPOS="920" VPOS="272" WIDTH="30" HEIGHT="21" WC="0.91" CONTENT="in-"/>
						</TextLine>
						<TextLine ID="line_4" HPOS="190" VPOS="304" WIDTH="761" HEIGHT="28">
							<String ID="string_30" HPOS="190" VPOS="304" WIDTH="84" HEIGHT="22" WC="0.94" CONTENT="sändas."/><SP WIDTH="31" VPOS="304" HPOS="274"/>
							<String ID="string_31" HPOS="305" VPOS="304" WIDTH="82" HEIGHT="22" WC="0.94" CONTENT="Härvid"/><SP WIDTH="15" VPOS="304" HPOS="387"/>
							<String ID="string_32" HPOS="402" VPOS="304" WIDTH="96" HEIGHT="28" WC="0.95" CONTENT="åsyftade"/><SP WIDTH="15" VPOS="304" HPOS="498"/>
							<String ID="string_33" HPOS="513" VPOS="305" WIDTH="160" HEIGHT="27" WC="0.96" CONTENT="bestämningar"/><SP WIDTH="15" VPOS="305" HPOS="673"/>
							<String ID="string_34" HPOS="688" VPOS="305" WIDTH="115" HEIGHT="23" WC="0.96" CONTENT="återfinnas"/><SP WIDTH="16" VPOS="305" HPOS="803"/>
							<String ID="string_35" HPOS="819" VPOS="306" WIDTH="7" HEIGHT="21" WC="0.93" CONTENT="i"/><SP WIDTH="15" VPOS="306" HPOS="826"/>
							<String ID="string_36" HPOS="841" VPOS="306" WIDTH="110" HEIGHT="26" WC="0.92" CONTENT="trafikreg-"/>
						</TextLine>
						<TextLine ID="line_5" HPOS="190" VPOS="338" WIDTH="760" HEIGHT="28">
							<String ID="string_37" HPOS="190" VPOS="338" WIDTH="102" HEIGHT="22" WC="0.91" CONTENT="lementet"/><SP WIDTH="14" VPOS="338" HPOS="292"/>
							<String ID="string_38" HPOS="306" VPOS="338" WIDTH="24" HEIGHT="22" WC="0.96" CONTENT="af"/><SP WIDTH="14" VPOS="338" HPOS="330"/>
							<String ID="string_39" HPOS="344" VPOS="339" WIDTH="41" HEIGHT="22" WC="0.96" CONTENT="den"/><SP WIDTH="16" VPOS="339" HPOS="385"/>
							<String ID="string_40" HPOS="401" VPOS="339" WIDTH="27" HEIGHT="21" WC="0.96" CONTENT="15"/><SP WIDTH="15" VPOS="339" HPOS="428"/>
							<String ID="string_41" HPOS="443" VPOS="339" WIDTH="49" HEIGHT="22" WC="0.95" CONTENT="Okt."/><SP WIDTH="17" VPOS="339" HPOS="492"/>
							<String ID="string_42" HPOS="509" VPOS="339" WIDTH="62" HEIGHT="27" WC="0.96" CONTENT="1886,"/><SP WIDTH="17" VPOS="339" HPOS="571"/>
							<String ID="string_43" HPOS="588" VPOS="339" WIDTH="63" HEIGHT="22" WC="0.93" CONTENT="hvars"/><SP WIDTH="16" VPOS="339" HPOS="651"/>
							<String ID="string_44" HPOS="667" VPOS="340" WIDTH="13" HEIGHT="26" WC="0.84" CONTENT="&amp;"/><SP WIDTH="15" VPOS="340" HPOS="680"/>
							<String ID="string_45" HPOS="695" VPOS="340" WIDTH="14" HEIGHT="20" WC="0.93" CONTENT="6"/><SP WIDTH="17" VPOS="340" HPOS="709"/>
							<String ID="string_46" HPOS="726" VPOS="340" WIDTH="117" HEIGHT="26" WC="0.92" CONTENT="medgifver"/><SP WIDTH="15" VPOS="340" HPOS="843"/>
							<String ID="string_47" HPOS="858" VPOS="340" WIDTH="92" HEIGHT="21" WC="0.96" CONTENT="nämnda"/>
						</TextLine>
						<TextLine ID="line_6" HPOS="190" VPOS="373" WIDTH="760" HEIGHT="28">
							<String ID="string_48" HPOS="190" VPOS="373" WIDTH="84" HEIGHT="21" WC="0.93" CONTENT="lättnad"/><SP WIDTH="15" VPOS="373" HPOS="274"/>
							<String ID="string_49" HPOS="289" VPOS="374" WIDTH="19" HEIGHT="27" WC="0.91" CONTENT=",i"/><SP WIDTH="14" VPOS="374" HPOS="308"/>
							<String ID="string_50" HPOS="322" VPOS="373" WIDTH="44" HEIGHT="21" WC="0.96" CONTENT="alla"/><SP WIDTH="14" VPOS="373" HPOS="366"/>
							<String ID="string_51" HPOS="380" VPOS="374" WIDTH="93" HEIGHT="21" WC="0.96" CONTENT="ärenden"/><SP WIDTH="15" VPOS="374" HPOS="473"/>
							<String ID="string_52" HPOS="488" VPOS="374" WIDTH="109" HEIGHT="26" WC="0.93" CONTENT="angående"/><SP WIDTH="13" VPOS="374" HPOS="597"/>
							<String ID="string_53" HPOS="610" VPOS="374" WIDTH="198" HEIGHT="27" WC="0.91" CONTENT="jernvägstrafiken,"/><SP WIDTH="17" VPOS="374" HPOS="808"/>
							<String ID="string_54" HPOS="825" VPOS="374" WIDTH="70" HEIGHT="22" WC="0.93" CONTENT="såsom"/><SP WIDTH="9" VPOS="374" HPOS="895"/>
							<String ID="string_55" HPOS="904" VPOS="374" WIDTH="46" HEIGHT="21" WC="0.93" CONTENT="kla-"/>
						</TextLine>
						<TextLine ID="line_7" HPOS="190" VPOS="407" WIDTH="761" HEIGHT="28">
							<String ID="string_56" HPOS="190" VPOS="407" WIDTH="71" HEIGHT="27" WC="0.91" CONTENT="gomål"/><SP WIDTH="21" VPOS="407" HPOS="261"/>
							<String ID="string_57" HPOS="282" VPOS="407" WIDTH="58" HEIGHT="21" WC="0.92" CONTENT="öfver"/><SP WIDTH="13" VPOS="407" HPOS="340"/>
							<String ID="string_58" HPOS="353" VPOS="408" WIDTH="226" HEIGHT="26" WC="0.91" CONTENT="jernvägstjenstemän"/><SP WIDTH="16" VPOS="408" HPOS="579"/>
							<String ID="string_59" HPOS="595" VPOS="408" WIDTH="40" HEIGHT="21" WC="0.93" CONTENT="och"/><SP WIDTH="15" VPOS="408" HPOS="635"/>
							<String ID="string_60" HPOS="650" VPOS="408" WIDTH="99" HEIGHT="27" WC="0.92" CONTENT="betjente,"/><SP WIDTH="16" VPOS="408" HPOS="749"/>
							<String ID="string_61" HPOS="765" VPOS="408" WIDTH="52" HEIGHT="21" WC="0.93" CONTENT="eller"/><SP WIDTH="16" VPOS="408" HPOS="817"/>
							<String ID="string_62" HPOS="833" VPOS="408" WIDTH="118" HEIGHT="22" WC="0.92" CONTENT="öfverdebi-"/>
						</TextLine>
						<TextLine ID="line_8" HPOS="190" VPOS="441" WIDTH="761" HEIGHT="29">
							<String ID="string_63" HPOS="190" VPOS="442" WIDTH="76" HEIGHT="26" WC="0.93" CONTENT="tering,"/><SP WIDTH="24" VPOS="442" HPOS="266"/>
							<String ID="string_64" HPOS="290" VPOS="441" WIDTH="53" HEIGHT="22" WC="0.89" CONTENT="aftal."/><SP WIDTH="23" VPOS="441" HPOS="343"/>
							<String ID="string_65" HPOS="366" VPOS="448" WIDTH="34" HEIGHT="15" WC="0.96" CONTENT="om"/><SP WIDTH="22" VPOS="448" HPOS="400"/>
							<String ID="string_66" HPOS="422" VPOS="444" WIDTH="132" HEIGHT="25" WC="0.92" CONTENT="transporter"/><SP WIDTH="22" VPOS="444" HPOS="554"/>
							<String ID="string_67" HPOS="576" VPOS="442" WIDTH="23" HEIGHT="22" WC="0.96" CONTENT="af"/><SP WIDTH="21" VPOS="442" HPOS="599"/>
							<String ID="string_68" HPOS="620" VPOS="443" WIDTH="69" HEIGHT="21" WC="0.96" CONTENT="större"/><SP WIDTH="20" VPOS="443" HPOS="689"/>
							<String ID="string_69" HPOS="709" VPOS="442" WIDTH="86" HEIGHT="28" WC="0.96" CONTENT="omfång"/><SP WIDTH="21" VPOS="442" HPOS="795"/>
							<String ID="string_70" HPOS="816" VPOS="442" WIDTH="53" HEIGHT="22" WC="0.95" CONTENT="eller"/><SP WIDTH="15" VPOS="442" HPOS="869"/>
							<String ID="string_71" HPOS="884" VPOS="442" WIDTH="67" HEIGHT="22" WC="0.96" CONTENT="sådan"/>
						</TextLine>
						<TextLine ID="line_9" HPOS="190" VPOS="476" WIDTH="761" HEIGHT="28">
							<String ID="string_72" HPOS="190" VPOS="476" WIDTH="177" HEIGHT="27" WC="0.90" CONTENT="godsbefordran,"/><SP WIDTH="21" VPOS="476" HPOS="367"/>
							<String ID="string_73" HPOS="388" VPOS="482" WIDTH="45" HEIGHT="16" WC="0.96" CONTENT="som"/><SP WIDTH="20" VPOS="482" HPOS="433"/>
							<String ID="string_74" HPOS="453" VPOS="476" WIDTH="42" HEIGHT="22" WC="0.93" CONTENT="kan"/><SP WIDTH="16" VPOS="476" HPOS="495"/>
							<String ID="string_75" HPOS="511" VPOS="476" WIDTH="97" HEIGHT="22" WC="0.92" CONTENT="erfordra"/><SP WIDTH="16" VPOS="476" HPOS="608"/>
							<String ID="string_76" HPOS="624" VPOS="476" WIDTH="105" HEIGHT="22" WC="0.96" CONTENT="särskilda"/><SP WIDTH="16" VPOS="476" HPOS="729"/>
							<String ID="string_77" HPOS="745" VPOS="477" WIDTH="144" HEIGHT="27" WC="0.95" CONTENT="anordningar"/><SP WIDTH="14" VPOS="477" HPOS="889"/>
							<String ID="string_78" HPOS="903" VPOS="476" WIDTH="48" HEIGHT="22" WC="0.96" CONTENT="från"/>
						</TextLine>
						<TextLine ID="line_10" HPOS="188" VPOS="510" WIDTH="762" HEIGHT="28">
							<String ID="string_79" HPOS="188" VPOS="510" WIDTH="268" HEIGHT="28" WC="0.90" CONTENT="jernvägsförvaltningens"/><SP WIDTH="23" VPOS="510" HPOS="456"/>
							<String ID="string_80" HPOS="479" VPOS="511" WIDTH="52" HEIGHT="27" WC="0.96" CONTENT="sida,"/><SP WIDTH="23" VPOS="511" HPOS="531"/>
							<String ID="string_81" HPOS="554" VPOS="512" WIDTH="62" HEIGHT="21" WC="0.96" CONTENT="extra"/><SP WIDTH="22" VPOS="512" HPOS="616"/>
							<String ID="string_82" HPOS="638" VPOS="512" WIDTH="42" HEIGHT="26" WC="0.96" CONTENT="tåg,"/><SP WIDTH="24" VPOS="512" HPOS="680"/>
							<String ID="string_83" HPOS="704" VPOS="512" WIDTH="121" HEIGHT="26" WC="0.96" CONTENT="beviljande"/><SP WIDTH="20" VPOS="512" HPOS="825"/>
							<String ID="string_84" HPOS="845" VPOS="511" WIDTH="23" HEIGHT="22" WC="0.96" CONTENT="af"/><SP WIDTH="13" VPOS="511" HPOS="868"/>
							<String ID="string_85" HPOS="881" VPOS="511" WIDTH="69" HEIGHT="27" WC="0.96" CONTENT="någon"/>
						</TextLine>
						<TextLine ID="line_11" HPOS="190" VPOS="544" WIDTH="758" HEIGHT="29">
							<String ID="string_86" HPOS="190" VPOS="544" WIDTH="28" HEIGHT="27" WC="0.91" CONTENT="på"/><SP WIDTH="17" VPOS="544" HPOS="218"/>
							<String ID="string_87" HPOS="235" VPOS="544" WIDTH="216" HEIGHT="29" WC="0.91" CONTENT="jernvägsstyrelsens"/><SP WIDTH="15" VPOS="544" HPOS="451"/>
							<String ID="string_88" HPOS="466" VPOS="546" WIDTH="116" HEIGHT="27" WC="0.92" CONTENT="afgörande"/><SP WIDTH="16" VPOS="546" HPOS="582"/>
							<String ID="string_89" HPOS="598" VPOS="546" WIDTH="106" HEIGHT="21" WC="0.96" CONTENT="beroende"/><SP WIDTH="16" VPOS="546" HPOS="704"/>
							<String ID="string_90" HPOS="720" VPOS="546" WIDTH="137" HEIGHT="27" WC="0.95" CONTENT="nedsättning"/><SP WIDTH="14" VPOS="546" HPOS="857"/>
							<String ID="string_91" HPOS="871" VPOS="546" WIDTH="7" HEIGHT="20" WC="0.93" CONTENT="i"/><SP WIDTH="15" VPOS="546" HPOS="878"/>
							<String ID="string_92" HPOS="893" VPOS="545" WIDTH="55" HEIGHT="21" WC="0.91" CONTENT="före-"/>
						</TextLine>
						<TextLine ID="line_12" HPOS="191" VPOS="579" WIDTH="759" HEIGHT="28">
							<String ID="string_93" HPOS="191" VPOS="579" WIDTH="82" HEIGHT="22" WC="0.92" CONTENT="skrifna"/><SP WIDTH="21" VPOS="579" HPOS="273"/>
							<String ID="string_94" HPOS="294" VPOS="579" WIDTH="91" HEIGHT="28" WC="0.92" CONTENT="afgifter,"/><SP WIDTH="24" VPOS="579" HPOS="385"/>
							<String ID="string_95" HPOS="409" VPOS="587" WIDTH="26" HEIGHT="14" WC="0.93" CONTENT="m."/><SP WIDTH="23" VPOS="587" HPOS="435"/>
							<String ID="string_96" HPOS="458" VPOS="583" WIDTH="41" HEIGHT="19" WC="0.91" CONTENT="m.*"/><SP WIDTH="32" VPOS="583" HPOS="499"/>
							<String ID="string_97" HPOS="531" VPOS="581" WIDTH="73" HEIGHT="26" WC="0.93" CONTENT="Enligt"/><SP WIDTH="21" VPOS="581" HPOS="604"/>
							<String ID="string_98" HPOS="625" VPOS="580" WIDTH="57" HEIGHT="22" WC="0.96" CONTENT="hvad"/><SP WIDTH="18" VPOS="580" HPOS="682"/>
							<String ID="string_99" HPOS="700" VPOS="581" WIDTH="36" HEIGHT="21" WC="0.93" CONTENT="vid"/><SP WIDTH="15" VPOS="581" HPOS="736"/>
							<String ID="string_100" HPOS="751" VPOS="580" WIDTH="199" HEIGHT="22" WC="0.92" CONTENT="remissdebatten"/><SP WIDTH="-12" VPOS="580" HPOS="950"/>
							<String ID="string_101" HPOS="938" VPOS="575" WIDTH="15" HEIGHT="37" WC="0.97" CONTENT="i"/>
						</TextLine>
						<TextLine ID="line_13" HPOS="191" VPOS="613" WIDTH="759" HEIGHT="29">
							<String ID="string_102" HPOS="191" VPOS="613" WIDTH="181" HEIGHT="27" WC="0.90" CONTENT="Borgareständet"/><SP WIDTH="15" VPOS="613" HPOS="372"/>
							<String ID="string_103" HPOS="387" VPOS="617" WIDTH="54" HEIGHT="19" WC="0.96" CONTENT="samt"/><SP WIDTH="15" VPOS="617" HPOS="441"/>
							<String ID="string_104" HPOS="456" VPOS="615" WIDTH="57" HEIGHT="21" WC="0.93" CONTENT="inom"/><SP WIDTH="15" VPOS="615" HPOS="513"/>
							<String ID="string_105" HPOS="528" VPOS="614" WIDTH="112" HEIGHT="22" WC="0.92" CONTENT="Utskottet"/><SP WIDTH="15" VPOS="614" HPOS="640"/>
							<String ID="string_106" HPOS="655" VPOS="615" WIDTH="86" HEIGHT="27" WC="0.88" CONTENT="upplyst"/><SP WIDTH="15" VPOS="615" HPOS="741"/>
							<String ID="string_107" HPOS="756" VPOS="615" WIDTH="76" HEIGHT="26" WC="0.91" CONTENT="blifvit,"/><SP WIDTH="9" VPOS="615" HPOS="832"/>
							<String ID="string_108" HPOS="841" VPOS="615" WIDTH="40" HEIGHT="21" WC="0.92" CONTENT="har"/><SP WIDTH="12" VPOS="615" HPOS="881"/>
							<String ID="string_109" HPOS="893" VPOS="614" WIDTH="57" HEIGHT="27" WC="0.91" CONTENT="jern-"/>
						</TextLine>
						<TextLine ID="line_14" HPOS="190" VPOS="647" WIDTH="760" HEIGHT="30">
							<String ID="string_110" HPOS="190" VPOS="647" WIDTH="209" HEIGHT="29" WC="0.92" CONTENT="vägsförvaltningen"/><SP WIDTH="23" VPOS="647" HPOS="399"/>
							<String ID="string_111" HPOS="422" VPOS="649" WIDTH="47" HEIGHT="22" WC="0.96" CONTENT="låtit"/><SP WIDTH="14" VPOS="649" HPOS="469"/>
							<String ID="string_112" HPOS="483" VPOS="649" WIDTH="31" HEIGHT="27" WC="0.93" CONTENT="sig"/><SP WIDTH="19" VPOS="649" HPOS="514"/>
							<String ID="string_113" HPOS="533" VPOS="650" WIDTH="113" HEIGHT="27" WC="0.96" CONTENT="angeläget"/><SP WIDTH="14" VPOS="650" HPOS="646"/>
							<String ID="string_114" HPOS="660" VPOS="655" WIDTH="58" HEIGHT="21" WC="0.96" CONTENT="vara,"/><SP WIDTH="15" VPOS="655" HPOS="718"/>
							<String ID="string_115" HPOS="733" VPOS="651" WIDTH="34" HEIGHT="20" WC="0.96" CONTENT="att"/><SP WIDTH="14" VPOS="651" HPOS="767"/>
							<String ID="string_116" HPOS="781" VPOS="649" WIDTH="23" HEIGHT="22" WC="0.96" CONTENT="ät"/><SP WIDTH="13" VPOS="649" HPOS="804"/>
							<String ID="string_117" HPOS="817" VPOS="649" WIDTH="59" HEIGHT="22" WC="0.93" CONTENT="detta"/><SP WIDTH="15" VPOS="649" HPOS="876"/>
							<String ID="string_118" HPOS="891" VPOS="649" WIDTH="59" HEIGHT="27" WC="0.89" CONTENT=",med"/>
						</TextLine>
						<TextLine ID="line_15" HPOS="190" VPOS="683" WIDTH="760" HEIGHT="28">
							<String ID="string_119" HPOS="190" VPOS="685" WIDTH="74" HEIGHT="19" WC="0.92" CONTENT="mera*"/><SP WIDTH="16" VPOS="685" HPOS="264"/>
							<String ID="string_120" HPOS="280" VPOS="683" WIDTH="58" HEIGHT="27" WC="0.92" CONTENT="gifva"/><SP WIDTH="14" VPOS="683" HPOS="338"/>
							<String ID="string_121" HPOS="352" VPOS="690" WIDTH="27" HEIGHT="15" WC="0.93" CONTENT="en"/><SP WIDTH="14" VPOS="690" HPOS="379"/>
							<String ID="string_122" HPOS="393" VPOS="683" WIDTH="76" HEIGHT="22" WC="0.92" CONTENT="liberal"/><SP WIDTH="15" VPOS="683" HPOS="469"/>
							<String ID="string_123" HPOS="484" VPOS="684" WIDTH="104" HEIGHT="27" WC="0.92" CONTENT="tolkning,"/><SP WIDTH="15" VPOS="684" HPOS="588"/>
							<String ID="string_124" HPOS="603" VPOS="683" WIDTH="64" HEIGHT="28" WC="0.92" CONTENT="nägot"/><SP WIDTH="15" VPOS="683" HPOS="667"/>
							<String ID="string_125" HPOS="682" VPOS="689" WIDTH="45" HEIGHT="16" WC="0.96" CONTENT="som"/><SP WIDTH="15" VPOS="689" HPOS="727"/>
							<String ID="string_126" HPOS="742" VPOS="685" WIDTH="24" HEIGHT="20" WC="0.96" CONTENT="är"/><SP WIDTH="14" VPOS="685" HPOS="766"/>
							<String ID="string_127" HPOS="780" VPOS="683" WIDTH="23" HEIGHT="22" WC="0.93" CONTENT="af"/><SP WIDTH="9" VPOS="683" HPOS="803"/>
							<String ID="string_128" HPOS="812" VPOS="684" WIDTH="44" HEIGHT="27" WC="0.93" CONTENT="vigt"/><SP WIDTH="10" VPOS="684" HPOS="856"/>
							<String ID="string_129" HPOS="866" VPOS="683" WIDTH="18" HEIGHT="27" WC="0.93" CONTENT="ej"/><SP WIDTH="11" VPOS="683" HPOS="884"/>
							<String ID="string_130" HPOS="895" VPOS="683" WIDTH="55" HEIGHT="22" WC="0.92" CONTENT="blott"/>
						</TextLine>
						<TextLine ID="line_16" HPOS="190" VPOS="717" WIDTH="760" HEIGHT="30">
							<String ID="string_131" HPOS="190" VPOS="717" WIDTH="35" HEIGHT="21" WC="0.96" CONTENT="för"/><SP WIDTH="15" VPOS="717" HPOS="225"/>
							<String ID="string_132" HPOS="240" VPOS="717" WIDTH="42" HEIGHT="22" WC="0.93" CONTENT="den"/><SP WIDTH="14" VPOS="717" HPOS="282"/>
							<String ID="string_133" HPOS="296" VPOS="717" WIDTH="144" HEIGHT="22" WC="0.93" CONTENT="trafikerande"/><SP WIDTH="15" VPOS="717" HPOS="440"/>
							<String ID="string_134" HPOS="455" VPOS="718" WIDTH="151" HEIGHT="26" WC="0.96" CONTENT="allmänheten,"/><SP WIDTH="15" VPOS="718" HPOS="606"/>
							<String ID="string_135" HPOS="621" VPOS="720" WIDTH="52" HEIGHT="19" WC="0.93" CONTENT="utan"/><SP WIDTH="16" VPOS="720" HPOS="673"/>
							<String ID="string_136" HPOS="689" VPOS="718" WIDTH="70" HEIGHT="27" WC="0.93" CONTENT="äfven,"/><SP WIDTH="16" VPOS="718" HPOS="759"/>
							<String ID="string_137" HPOS="775" VPOS="717" WIDTH="128" HEIGHT="30" WC="0.96" CONTENT="exempelvis"/><SP WIDTH="12" VPOS="717" HPOS="903"/>
							<String ID="string_138" HPOS="915" VPOS="717" WIDTH="35" HEIGHT="22" WC="0.96" CONTENT="vid"/>
						</TextLine>
						<TextLine ID="line_17" HPOS="190" VPOS="751" WIDTH="760" HEIGHT="28">
							<String ID="string_139" HPOS="190" VPOS="751" WIDTH="176" HEIGHT="28" WC="0.92" CONTENT="leveransanbud,"/><SP WIDTH="15" VPOS="751" HPOS="366"/>
							<String ID="string_140" HPOS="381" VPOS="752" WIDTH="43" HEIGHT="22" WC="0.93" CONTENT="kan"/><SP WIDTH="15" VPOS="752" HPOS="424"/>
							<String ID="string_141" HPOS="439" VPOS="759" WIDTH="39" HEIGHT="20" WC="0.92" CONTENT="ega"/><SP WIDTH="15" VPOS="759" HPOS="478"/>
							<String ID="string_142" HPOS="493" VPOS="754" WIDTH="45" HEIGHT="20" WC="0.97" CONTENT="stor"/><SP WIDTH="14" VPOS="754" HPOS="538"/>
							<String ID="string_143" HPOS="552" VPOS="753" WIDTH="110" HEIGHT="26" WC="0.96" CONTENT="betydelse"/><SP WIDTH="15" VPOS="753" HPOS="662"/>
							<String ID="string_144" HPOS="677" VPOS="752" WIDTH="35" HEIGHT="21" WC="0.93" CONTENT="för"/><SP WIDTH="14" VPOS="752" HPOS="712"/>
							<String ID="string_145" HPOS="726" VPOS="752" WIDTH="137" HEIGHT="22" WC="0.90" CONTENT="statsverket."/><SP WIDTH="26" VPOS="752" HPOS="863"/>
							<String ID="string_146" HPOS="889" VPOS="751" WIDTH="61" HEIGHT="22" WC="0.92" CONTENT="Klart"/>
						</TextLine>
						<TextLine ID="line_18" HPOS="190" VPOS="786" WIDTH="760" HEIGHT="27">
							<String ID="string_147" HPOS="190" VPOS="787" WIDTH="25" HEIGHT="20" WC="0.94" CONTENT="är"/><SP WIDTH="23" VPOS="787" HPOS="215"/>
							<String ID="string_148" HPOS="238" VPOS="786" WIDTH="61" HEIGHT="25" WC="0.94" CONTENT="dock,"/><SP WIDTH="23" VPOS="786" HPOS="299"/>
							<String ID="string_149" HPOS="322" VPOS="788" WIDTH="33" HEIGHT="19" WC="0.96" CONTENT="att"/><SP WIDTH="22" VPOS="788" HPOS="355"/>
							<String ID="string_150" HPOS="377" VPOS="793" WIDTH="34" HEIGHT="15" WC="0.92" CONTENT="om"/><SP WIDTH="20" VPOS="793" HPOS="411"/>
							<String ID="string_151" HPOS="431" VPOS="787" WIDTH="153" HEIGHT="26" WC="0.91" CONTENT="stämpelafgift"/><SP WIDTH="20" VPOS="787" HPOS="584"/>
							<String ID="string_152" HPOS="604" VPOS="787" WIDTH="47" HEIGHT="21" WC="0.90" CONTENT="icke"/><SP WIDTH="19" VPOS="787" HPOS="651"/>
							<String ID="string_153" HPOS="670" VPOS="787" WIDTH="85" HEIGHT="21" WC="0.92" CONTENT="fordras"/><SP WIDTH="15" VPOS="787" HPOS="755"/>
							<String ID="string_154" HPOS="770" VPOS="789" WIDTH="39" HEIGHT="18" WC="0.93" CONTENT="när"/><SP WIDTH="15" VPOS="789" HPOS="809"/>
							<String ID="string_155" HPOS="824" VPOS="786" WIDTH="126" HEIGHT="26" WC="0.92" CONTENT="handlingar"/>
						</TextLine>
						<TextLine ID="line_19" HPOS="190" VPOS="820" WIDTH="759" HEIGHT="27">
							<String ID="string_156" HPOS="190" VPOS="820" WIDTH="69" HEIGHT="21" WC="0.90" CONTENT="under"/><SP WIDTH="23" VPOS="820" HPOS="259"/>
							<String ID="string_157" HPOS="282" VPOS="820" WIDTH="82" HEIGHT="27" WC="0.90" CONTENT="omslag"/><SP WIDTH="21" VPOS="820" HPOS="364"/>
							<String ID="string_158" HPOS="385" VPOS="821" WIDTH="106" HEIGHT="26" WC="0.90" CONTENT="insändas,"/><SP WIDTH="24" VPOS="821" HPOS="491"/>
							<String ID="string_159" HPOS="515" VPOS="823" WIDTH="54" HEIGHT="24" WC="0.96" CONTENT="part,"/><SP WIDTH="15" VPOS="823" HPOS="569"/>
							<String ID="string_160" HPOS="584" VPOS="827" WIDTH="47" HEIGHT="15" WC="0.90" CONTENT="som"/><SP WIDTH="20" VPOS="827" HPOS="631"/>
							<String ID="string_161" HPOS="651" VPOS="821" WIDTH="135" HEIGHT="26" WC="0.90" CONTENT="personligen"/><SP WIDTH="21" VPOS="821" HPOS="786"/>
							<String ID="string_162" HPOS="807" VPOS="821" WIDTH="52" HEIGHT="21" WC="0.96" CONTENT="eller"/><SP WIDTH="14" VPOS="821" HPOS="859"/>
							<String ID="string_163" HPOS="873" VPOS="826" WIDTH="76" HEIGHT="21" WC="0.96" CONTENT="genom"/>
						</TextLine>
						<TextLine ID="line_20" HPOS="191" VPOS="854" WIDTH="758" HEIGHT="28">
							<String ID="string_164" HPOS="191" VPOS="855" WIDTH="81" HEIGHT="20" WC="0.94" CONTENT="ombud"/><SP WIDTH="15" VPOS="855" HPOS="272"/>
							<String ID="string_165" HPOS="287" VPOS="854" WIDTH="35" HEIGHT="22" WC="0.96" CONTENT="för"/><SP WIDTH="14" VPOS="854" HPOS="322"/>
							<String ID="string_166" HPOS="336" VPOS="856" WIDTH="32" HEIGHT="21" WC="0.93" CONTENT="sin"/><SP WIDTH="15" VPOS="856" HPOS="368"/>
							<String ID="string_167" HPOS="383" VPOS="855" WIDTH="65" HEIGHT="27" WC="0.95" CONTENT="talan,"/><SP WIDTH="13" VPOS="855" HPOS="448"/>
							<String ID="string_168" HPOS="461" VPOS="856" WIDTH="38" HEIGHT="21" WC="0.93" CONTENT="bör"/><SP WIDTH="11" VPOS="856" HPOS="499"/>
							<String ID="string_169" HPOS="510" VPOS="855" WIDTH="151" HEIGHT="27" WC="0.48" CONTENT="tillgodonjuta"/><SP WIDTH="10" VPOS="855" HPOS="661"/>
							<String ID="string_170" HPOS="671" VPOS="855" WIDTH="112" HEIGHT="22" WC="0.96" CONTENT="enahanda"/><SP WIDTH="10" VPOS="855" HPOS="783"/>
							<String ID="string_171" HPOS="793" VPOS="855" WIDTH="90" HEIGHT="22" WC="0.93" CONTENT="förmån."/><SP WIDTH="15" VPOS="855" HPOS="883"/>
							<String ID="string_172" HPOS="898" VPOS="854" WIDTH="51" HEIGHT="22" WC="0.93" CONTENT="Rik-"/>
						</TextLine>
						<TextLine ID="line_21" HPOS="190" VPOS="889" WIDTH="760" HEIGHT="28">
							<String ID="string_173" HPOS="190" VPOS="889" WIDTH="66" HEIGHT="26" WC="0.92" CONTENT="tigast"/><SP WIDTH="15" VPOS="889" HPOS="256"/>
							<String ID="string_174" HPOS="271" VPOS="891" WIDTH="25" HEIGHT="20" WC="0.92" CONTENT="är"/><SP WIDTH="15" VPOS="891" HPOS="296"/>
							<String ID="string_175" HPOS="311" VPOS="889" WIDTH="84" HEIGHT="22" WC="0.91" CONTENT="derföre"/><SP WIDTH="15" VPOS="889" HPOS="395"/>
							<String ID="string_176" HPOS="410" VPOS="890" WIDTH="65" HEIGHT="27" WC="0.92" CONTENT="enligt"/><SP WIDTH="14" VPOS="890" HPOS="475"/>
							<String ID="string_177" HPOS="489" VPOS="889" WIDTH="122" HEIGHT="22" WC="0.96" CONTENT="Utskottets"/><SP WIDTH="11" VPOS="889" HPOS="611"/>
							<String ID="string_178" HPOS="622" VPOS="890" WIDTH="64" HEIGHT="21" WC="0.96" CONTENT="tanke"/><SP WIDTH="11" VPOS="890" HPOS="686"/>
							<String ID="string_179" HPOS="697" VPOS="891" WIDTH="32" HEIGHT="20" WC="0.93" CONTENT="att"/><SP WIDTH="10" VPOS="891" HPOS="729"/>
							<String ID="string_180" HPOS="739" VPOS="889" WIDTH="110" HEIGHT="22" WC="0.96" CONTENT="utsträcka"/><SP WIDTH="9" VPOS="889" HPOS="849"/>
							<String ID="string_181" HPOS="858" VPOS="889" WIDTH="92" HEIGHT="21" WC="0.96" CONTENT="friheten"/>
						</TextLine>
						<TextLine ID="line_22" HPOS="190" VPOS="922" WIDTH="760" HEIGHT="29">
							<String ID="string_182" HPOS="190" VPOS="922" WIDTH="48" HEIGHT="22" WC="0.93" CONTENT="frän"/><SP WIDTH="13" VPOS="922" HPOS="238"/>
							<String ID="string_183" HPOS="251" VPOS="923" WIDTH="153" HEIGHT="28" WC="0.90" CONTENT="stämpelafgift"/><SP WIDTH="14" VPOS="923" HPOS="404"/>
							<String ID="string_184" HPOS="418" VPOS="923" WIDTH="33" HEIGHT="22" WC="0.93" CONTENT="till"/><SP WIDTH="15" VPOS="923" HPOS="451"/>
							<String ID="string_185" HPOS="466" VPOS="924" WIDTH="170" HEIGHT="22" WC="0.92" CONTENT="leveransanbud"/><SP WIDTH="15" VPOS="924" HPOS="636"/>
							<String ID="string_186" HPOS="651" VPOS="926" WIDTH="55" HEIGHT="20" WC="0.95" CONTENT="samt"/><SP WIDTH="15" VPOS="926" HPOS="706"/>
							<String ID="string_187" HPOS="721" VPOS="923" WIDTH="42" HEIGHT="22" WC="0.93" CONTENT="alla"/><SP WIDTH="15" VPOS="923" HPOS="763"/>
							<String ID="string_188" HPOS="778" VPOS="923" WIDTH="94" HEIGHT="22" WC="0.92" CONTENT="ärenden"/><SP WIDTH="15" VPOS="923" HPOS="872"/>
							<String ID="string_189" HPOS="887" VPOS="923" WIDTH="63" HEIGHT="27" WC="0.90" CONTENT="angä-"/>
						</TextLine>
						<TextLine ID="line_23" HPOS="191" VPOS="957" WIDTH="266" HEIGHT="28">
							<String ID="string_190" HPOS="191" VPOS="957" WIDTH="54" HEIGHT="21" WC="0.92" CONTENT="ende"/><SP WIDTH="13" VPOS="957" HPOS="245"/>
							<String ID="string_191" HPOS="258" VPOS="957" WIDTH="199" HEIGHT="28" WC="0.91" CONTENT="jernvägstrafiken."/>
						</TextLine>
					</TextBlock>
					<TextBlock ID="block_2" HPOS="190" VPOS="987" WIDTH="760" HEIGHT="341">
						<TextLine ID="line_24" HPOS="260" VPOS="987" WIDTH="689" HEIGHT="32">
							<String ID="string_192" HPOS="260" VPOS="987" WIDTH="70" HEIGHT="26" WC="0.96" CONTENT="Äfven"/><SP WIDTH="18" VPOS="987" HPOS="330"/>
							<String ID="string_193" HPOS="348" VPOS="993" WIDTH="49" HEIGHT="21" WC="0.92" CONTENT="med"/><SP WIDTH="19" VPOS="993" HPOS="397"/>
							<String ID="string_194" HPOS="416" VPOS="992" WIDTH="101" HEIGHT="22" WC="0.93" CONTENT="afseende"/><SP WIDTH="16" VPOS="992" HPOS="517"/>
							<String ID="string_195" HPOS="533" VPOS="993" WIDTH="12" HEIGHT="21" WC="0.88" CONTENT="&amp;"/><SP WIDTH="15" VPOS="993" HPOS="545"/>
							<String ID="string_196" HPOS="560" VPOS="992" WIDTH="213" HEIGHT="27" WC="0.89" CONTENT="postförvaltningen,"/><SP WIDTH="17" VPOS="992" HPOS="773"/>
							<String ID="string_197" HPOS="790" VPOS="998" WIDTH="46" HEIGHT="15" WC="0.93" CONTENT="som"/><SP WIDTH="15" VPOS="998" HPOS="836"/>
							<String ID="string_198" HPOS="851" VPOS="991" WIDTH="98" HEIGHT="28" WC="0.91" CONTENT="tillgodo-"/>
						</TextLine>
						<TextLine ID="line_25" HPOS="191" VPOS="1026" WIDTH="759" HEIGHT="27">
							<String ID="string_199" HPOS="191" VPOS="1032" WIDTH="34" HEIGHT="15" WC="0.96" CONTENT="ser"/><SP WIDTH="22" VPOS="1032" HPOS="225"/>
							<String ID="string_200" HPOS="247" VPOS="1026" WIDTH="25" HEIGHT="21" WC="0.93" CONTENT="sä"/><SP WIDTH="21" VPOS="1026" HPOS="272"/>
							<String ID="string_201" HPOS="293" VPOS="1027" WIDTH="78" HEIGHT="26" WC="0.92" CONTENT="ytterst"/><SP WIDTH="19" VPOS="1027" HPOS="371"/>
							<String ID="string_202" HPOS="390" VPOS="1026" WIDTH="162" HEIGHT="27" WC="0.91" CONTENT="betydelsefulla"/><SP WIDTH="15" VPOS="1026" HPOS="552"/>
							<String ID="string_203" HPOS="567" VPOS="1026" WIDTH="177" HEIGHT="27" WC="0.91" CONTENT="trafikintressen,"/><SP WIDTH="16" VPOS="1026" HPOS="744"/>
							<String ID="string_204" HPOS="760" VPOS="1033" WIDTH="63" HEIGHT="20" WC="0.90" CONTENT="synes"/><SP WIDTH="15" VPOS="1033" HPOS="823"/>
							<String ID="string_205" HPOS="838" VPOS="1026" WIDTH="112" HEIGHT="22" WC="0.90" CONTENT="enahanda"/>
						</TextLine>
						<TextLine ID="line_26" HPOS="190" VPOS="1060" WIDTH="760" HEIGHT="28">
							<String ID="string_206" HPOS="190" VPOS="1061" WIDTH="84" HEIGHT="20" WC="0.96" CONTENT="lättnad"/><SP WIDTH="23" VPOS="1061" HPOS="274"/>
							<String ID="string_207" HPOS="297" VPOS="1061" WIDTH="53" HEIGHT="21" WC="0.93" CONTENT="böra"/><SP WIDTH="19" VPOS="1061" HPOS="350"/>
							<String ID="string_208" HPOS="369" VPOS="1061" WIDTH="122" HEIGHT="27" WC="0.91" CONTENT="medgifvas,"/><SP WIDTH="19" VPOS="1061" HPOS="491"/>
							<String ID="string_209" HPOS="510" VPOS="1061" WIDTH="24" HEIGHT="21" WC="0.96" CONTENT="sä"/><SP WIDTH="19" VPOS="1061" HPOS="534"/>
							<String ID="string_210" HPOS="553" VPOS="1061" WIDTH="84" HEIGHT="26" WC="0.93" CONTENT="mycket"/><SP WIDTH="15" VPOS="1061" HPOS="637"/>
							<String ID="string_211" HPOS="652" VPOS="1061" WIDTH="67" HEIGHT="21" WC="0.96" CONTENT="hellre"/><SP WIDTH="15" VPOS="1061" HPOS="719"/>
							<String ID="string_212" HPOS="734" VPOS="1066" WIDTH="46" HEIGHT="16" WC="0.93" CONTENT="som"/><SP WIDTH="15" VPOS="1066" HPOS="780"/>
							<String ID="string_213" HPOS="795" VPOS="1061" WIDTH="77" HEIGHT="26" WC="0.96" CONTENT="många"/><SP WIDTH="15" VPOS="1061" HPOS="872"/>
							<String ID="string_214" HPOS="887" VPOS="1060" WIDTH="22" HEIGHT="21" WC="0.96" CONTENT="af"/><SP WIDTH="15" VPOS="1060" HPOS="909"/>
							<String ID="string_215" HPOS="924" VPOS="1061" WIDTH="26" HEIGHT="20" WC="0.96" CONTENT="de"/>
						</TextLine>
						<TextLine ID="line_27" HPOS="190" VPOS="1094" WIDTH="760" HEIGHT="28">
							<String ID="string_216" HPOS="190" VPOS="1094" WIDTH="162" HEIGHT="28" WC="0.91" CONTENT="förbättringar,"/><SP WIDTH="23" VPOS="1094" HPOS="352"/>
							<String ID="string_217" HPOS="375" VPOS="1095" WIDTH="71" HEIGHT="22" WC="0.92" CONTENT="hvilka"/><SP WIDTH="19" VPOS="1095" HPOS="446"/>
							<String ID="string_218" HPOS="465" VPOS="1095" WIDTH="58" HEIGHT="22" WC="0.96" CONTENT="inom"/><SP WIDTH="15" VPOS="1095" HPOS="523"/>
							<String ID="string_219" HPOS="538" VPOS="1095" WIDTH="70" HEIGHT="22" WC="0.93" CONTENT="denna"/><SP WIDTH="15" VPOS="1095" HPOS="608"/>
							<String ID="string_220" HPOS="623" VPOS="1095" WIDTH="194" HEIGHT="27" WC="0.92" CONTENT="förvaltningsgren"/><SP WIDTH="16" VPOS="1095" HPOS="817"/>
							<String ID="string_221" HPOS="833" VPOS="1095" WIDTH="27" HEIGHT="26" WC="0.96" CONTENT="pä"/><SP WIDTH="15" VPOS="1095" HPOS="860"/>
							<String ID="string_222" HPOS="875" VPOS="1101" WIDTH="75" HEIGHT="15" WC="0.96" CONTENT="senare"/>
						</TextLine>
						<TextLine ID="line_28" HPOS="190" VPOS="1129" WIDTH="758" HEIGHT="27">
							<String ID="string_223" HPOS="190" VPOS="1129" WIDTH="32" HEIGHT="21" WC="0.93" CONTENT="tid"/><SP WIDTH="16" VPOS="1129" HPOS="222"/>
							<String ID="string_224" HPOS="238" VPOS="1129" WIDTH="107" HEIGHT="27" WC="0.93" CONTENT="vidtagits,"/><SP WIDTH="21" VPOS="1129" HPOS="345"/>
							<String ID="string_225" HPOS="366" VPOS="1129" WIDTH="90" HEIGHT="22" WC="0.93" CONTENT="faktiskt"/><SP WIDTH="15" VPOS="1129" HPOS="456"/>
							<String ID="string_226" HPOS="471" VPOS="1130" WIDTH="60" HEIGHT="21" WC="0.93" CONTENT="torde"/><SP WIDTH="15" VPOS="1130" HPOS="531"/>
							<String ID="string_227" HPOS="546" VPOS="1129" WIDTH="78" HEIGHT="22" WC="0.92" CONTENT="utförts"/><SP WIDTH="16" VPOS="1129" HPOS="624"/>
							<String ID="string_228" HPOS="640" VPOS="1129" WIDTH="68" HEIGHT="22" WC="0.93" CONTENT="under"/><SP WIDTH="14" VPOS="1129" HPOS="708"/>
							<String ID="string_229" HPOS="722" VPOS="1129" WIDTH="155" HEIGHT="21" WC="0.92" CONTENT="allmänhetens"/><SP WIDTH="15" VPOS="1129" HPOS="877"/>
							<String ID="string_230" HPOS="892" VPOS="1129" WIDTH="56" HEIGHT="22" WC="0.92" CONTENT="med-"/>
						</TextLine>
						<TextLine ID="line_29" HPOS="190" VPOS="1163" WIDTH="758" HEIGHT="27">
							<String ID="string_231" HPOS="190" VPOS="1164" WIDTH="88" HEIGHT="26" WC="0.91" CONTENT="verkan,"/><SP WIDTH="24" VPOS="1164" HPOS="278"/>
							<String ID="string_232" HPOS="302" VPOS="1163" WIDTH="85" HEIGHT="22" WC="0.91" CONTENT="hvilken"/><SP WIDTH="22" VPOS="1163" HPOS="387"/>
							<String ID="string_233" HPOS="409" VPOS="1164" WIDTH="134" HEIGHT="26" WC="0.91" CONTENT="naturligtvis"/><SP WIDTH="22" VPOS="1164" HPOS="543"/>
							<String ID="string_234" HPOS="565" VPOS="1164" WIDTH="18" HEIGHT="26" WC="0.92" CONTENT="ej"/><SP WIDTH="20" VPOS="1164" HPOS="583"/>
							<String ID="string_235" HPOS="603" VPOS="1164" WIDTH="40" HEIGHT="21" WC="0.96" CONTENT="bör"/><SP WIDTH="14" VPOS="1164" HPOS="643"/>
							<String ID="string_236" HPOS="657" VPOS="1164" WIDTH="50" HEIGHT="21" WC="0.93" CONTENT="med"/><SP WIDTH="15" VPOS="1164" HPOS="707"/>
							<String ID="string_237" HPOS="722" VPOS="1163" WIDTH="177" HEIGHT="27" WC="0.92" CONTENT="stämpelafgifter"/><SP WIDTH="14" VPOS="1163" HPOS="899"/>
							<String ID="string_238" HPOS="913" VPOS="1163" WIDTH="35" HEIGHT="21" WC="0.92" CONTENT="be-"/>
						</TextLine>
						<TextLine ID="line_30" HPOS="191" VPOS="1198" WIDTH="759" HEIGHT="26">
							<String ID="string_239" HPOS="191" VPOS="1200" WIDTH="84" HEIGHT="24" WC="0.92" CONTENT="tungas."/><SP WIDTH="30" VPOS="1200" HPOS="275"/>
							<String ID="string_240" HPOS="305" VPOS="1198" WIDTH="112" HEIGHT="22" WC="0.92" CONTENT="Utskottet"/><SP WIDTH="15" VPOS="1198" HPOS="417"/>
							<String ID="string_241" HPOS="432" VPOS="1198" WIDTH="39" HEIGHT="22" WC="0.96" CONTENT="har"/><SP WIDTH="15" VPOS="1198" HPOS="471"/>
							<String ID="string_242" HPOS="486" VPOS="1199" WIDTH="48" HEIGHT="21" WC="0.93" CONTENT="med"/><SP WIDTH="16" VPOS="1199" HPOS="534"/>
							<String ID="string_243" HPOS="550" VPOS="1198" WIDTH="99" HEIGHT="22" WC="0.91" CONTENT="afseende"/><SP WIDTH="15" VPOS="1198" HPOS="649"/>
							<String ID="string_244" HPOS="664" VPOS="1198" WIDTH="13" HEIGHT="22" WC="0.93" CONTENT="&amp;"/><SP WIDTH="15" VPOS="1198" HPOS="677"/>
							<String ID="string_245" HPOS="692" VPOS="1198" WIDTH="63" HEIGHT="22" WC="0.96" CONTENT="dessa"/><SP WIDTH="15" VPOS="1198" HPOS="755"/>
							<String ID="string_246" HPOS="770" VPOS="1198" WIDTH="180" HEIGHT="26" WC="0.96" CONTENT="omständigheter"/>
						</TextLine>
						<TextLine ID="line_31" HPOS="191" VPOS="1231" WIDTH="759" HEIGHT="28">
							<String ID="string_247" HPOS="191" VPOS="1231" WIDTH="162" HEIGHT="23" WC="0.92" CONTENT="omformulerat"/><SP WIDTH="22" VPOS="1231" HPOS="353"/>
							<String ID="string_248" HPOS="375" VPOS="1232" WIDTH="107" HEIGHT="22" WC="0.92" CONTENT="trettonde"/><SP WIDTH="23" VPOS="1232" HPOS="482"/>
							<String ID="string_249" HPOS="505" VPOS="1234" WIDTH="115" HEIGHT="20" WC="0.92" CONTENT="momentet"/><SP WIDTH="20" VPOS="1234" HPOS="620"/>
							<String ID="string_250" HPOS="640" VPOS="1233" WIDTH="8" HEIGHT="21" WC="0.95" CONTENT="i"/><SP WIDTH="19" VPOS="1233" HPOS="648"/>
							<String ID="string_251" HPOS="667" VPOS="1232" WIDTH="55" HEIGHT="27" WC="0.96" CONTENT="syfte"/><SP WIDTH="15" VPOS="1232" HPOS="722"/>
							<String ID="string_252" HPOS="737" VPOS="1233" WIDTH="32" HEIGHT="21" WC="0.93" CONTENT="att"/><SP WIDTH="14" VPOS="1233" HPOS="769"/>
							<String ID="string_253" HPOS="783" VPOS="1232" WIDTH="65" HEIGHT="27" WC="0.92" CONTENT="nägot"/><SP WIDTH="15" VPOS="1232" HPOS="848"/>
							<String ID="string_254" HPOS="863" VPOS="1232" WIDTH="87" HEIGHT="26" WC="0.96" CONTENT="utvidga"/>
						</TextLine>
						<TextLine ID="line_32" HPOS="191" VPOS="1266" WIDTH="759" HEIGHT="28">
							<String ID="string_255" HPOS="191" VPOS="1267" WIDTH="42" HEIGHT="21" WC="0.96" CONTENT="den"/><SP WIDTH="23" VPOS="1267" HPOS="233"/>
							<String ID="string_256" HPOS="256" VPOS="1266" WIDTH="35" HEIGHT="22" WC="0.93" CONTENT="för"/><SP WIDTH="19" VPOS="1266" HPOS="291"/>
							<String ID="string_257" HPOS="310" VPOS="1267" WIDTH="109" HEIGHT="27" WC="0.92" CONTENT="jernvägs-"/><SP WIDTH="23" VPOS="1267" HPOS="419"/>
							<String ID="string_258" HPOS="442" VPOS="1267" WIDTH="39" HEIGHT="21" WC="0.92" CONTENT="och"/><SP WIDTH="22" VPOS="1267" HPOS="481"/>
							<String ID="string_259" HPOS="503" VPOS="1267" WIDTH="141" HEIGHT="27" WC="0.92" CONTENT="posttrafiken"/><SP WIDTH="22" VPOS="1267" HPOS="644"/>
							<String ID="string_260" HPOS="666" VPOS="1267" WIDTH="77" HEIGHT="21" WC="0.92" CONTENT="hittills"/><SP WIDTH="20" VPOS="1267" HPOS="743"/>
							<String ID="string_261" HPOS="763" VPOS="1266" WIDTH="109" HEIGHT="27" WC="0.92" CONTENT="medgifna"/><SP WIDTH="15" VPOS="1266" HPOS="872"/>
							<String ID="string_262" HPOS="887" VPOS="1266" WIDTH="63" HEIGHT="22" WC="0.97" CONTENT="frihet"/>
						</TextLine>
						<TextLine ID="line_33" HPOS="190" VPOS="1300" WIDTH="245" HEIGHT="28">
							<String ID="string_263" HPOS="190" VPOS="1300" WIDTH="48" HEIGHT="22" WC="0.93" CONTENT="från"/><SP WIDTH="15" VPOS="1300" HPOS="238"/>
							<String ID="string_264" HPOS="253" VPOS="1301" WIDTH="182" HEIGHT="27" WC="0.51" CONTENT="stämpelafgifter."/>
						</TextLine>
					</TextBlock>
					<TextBlock ID="block_3" HPOS="190" VPOS="1334" WIDTH="760" HEIGHT="98">
						<TextLine ID="line_34" HPOS="259" VPOS="1334" WIDTH="691" HEIGHT="28">
							<String ID="string_265" HPOS="259" VPOS="1334" WIDTH="56" HEIGHT="22" WC="0.67" CONTENT="16:0."/><SP WIDTH="31" VPOS="1334" HPOS="315"/>
							<String ID="string_266" HPOS="346" VPOS="1335" WIDTH="71" HEIGHT="27" WC="0.93" CONTENT="Enligt"/><SP WIDTH="22" VPOS="1335" HPOS="417"/>
							<String ID="string_267" HPOS="439" VPOS="1336" WIDTH="76" HEIGHT="21" WC="0.95" CONTENT="hittills"/><SP WIDTH="22" VPOS="1336" HPOS="515"/>
							<String ID="string_268" HPOS="537" VPOS="1336" WIDTH="100" HEIGHT="26" WC="0.93" CONTENT="gällande"/><SP WIDTH="22" VPOS="1336" HPOS="637"/>
							<String ID="string_269" HPOS="659" VPOS="1335" WIDTH="150" HEIGHT="27" WC="0.95" CONTENT="förordningar"/><SP WIDTH="22" VPOS="1335" HPOS="809"/>
							<String ID="string_270" HPOS="831" VPOS="1335" WIDTH="65" HEIGHT="22" WC="0.93" CONTENT="hafva"/><SP WIDTH="22" VPOS="1335" HPOS="896"/>
							<String ID="string_271" HPOS="918" VPOS="1336" WIDTH="32" HEIGHT="20" WC="0.93" CONTENT="in-"/>
						</TextLine>
						<TextLine ID="line_35" HPOS="190" VPOS="1369" WIDTH="760" HEIGHT="27">
							<String ID="string_272" HPOS="190" VPOS="1369" WIDTH="122" HEIGHT="27" WC="0.92" CONTENT="byggarene"/><SP WIDTH="19" VPOS="1369" HPOS="312"/>
							<String ID="string_273" HPOS="331" VPOS="1370" WIDTH="32" HEIGHT="21" WC="0.92" CONTENT="uti"/><SP WIDTH="22" VPOS="1370" HPOS="363"/>
							<String ID="string_274" HPOS="385" VPOS="1370" WIDTH="49" HEIGHT="21" WC="0.92" CONTENT="hela"/><SP WIDTH="22" VPOS="1370" HPOS="434"/>
							<String ID="string_275" HPOS="456" VPOS="1370" WIDTH="160" HEIGHT="26" WC="0.92" CONTENT="Lappmarkens"/><SP WIDTH="21" VPOS="1370" HPOS="616"/>
							<String ID="string_276" HPOS="637" VPOS="1370" WIDTH="67" HEIGHT="22" WC="0.91" CONTENT="härad"/><SP WIDTH="15" VPOS="1370" HPOS="704"/>
							<String ID="string_277" HPOS="719" VPOS="1370" WIDTH="56" HEIGHT="21" WC="0.93" CONTENT="varit"/><SP WIDTH="15" VPOS="1370" HPOS="775"/>
							<String ID="string_278" HPOS="790" VPOS="1369" WIDTH="96" HEIGHT="22" WC="0.92" CONTENT="befriade"/><SP WIDTH="16" VPOS="1369" HPOS="886"/>
							<String ID="string_279" HPOS="902" VPOS="1370" WIDTH="48" HEIGHT="21" WC="0.92" CONTENT="frän"/>
						</TextLine>
						<TextLine ID="line_36" HPOS="190" VPOS="1404" WIDTH="759" HEIGHT="28">
							<String ID="string_280" HPOS="190" VPOS="1404" WIDTH="186" HEIGHT="27" WC="0.66" CONTENT="stämpelafgifter."/><SP WIDTH="19" VPOS="1404" HPOS="376"/>
							<String ID="string_281" HPOS="395" VPOS="1404" WIDTH="38" HEIGHT="22" WC="0.96" CONTENT="Uti"/><SP WIDTH="16" VPOS="1404" HPOS="433"/>
							<String ID="string_282" HPOS="449" VPOS="1405" WIDTH="40" HEIGHT="21" WC="0.93" CONTENT="den"/><SP WIDTH="16" VPOS="1405" HPOS="489"/>
							<String ID="string_283" HPOS="505" VPOS="1405" WIDTH="77" HEIGHT="27" WC="0.96" CONTENT="nådiga"/><SP WIDTH="11" VPOS="1405" HPOS="582"/>
							<String ID="string_284" HPOS="593" VPOS="1405" WIDTH="166" HEIGHT="27" WC="0.93" CONTENT="propositionen,"/><SP WIDTH="12" VPOS="1405" HPOS="759"/>
							<String ID="string_285" HPOS="771" VPOS="1404" WIDTH="86" HEIGHT="22" WC="0.96" CONTENT="hvarest"/><SP WIDTH="10" VPOS="1404" HPOS="857"/>
							<String ID="string_286" HPOS="867" VPOS="1405" WIDTH="26" HEIGHT="21" WC="0.93" CONTENT="de"/><SP WIDTH="10" VPOS="1405" HPOS="893"/>
							<String ID="string_287" HPOS="903" VPOS="1404" WIDTH="46" HEIGHT="21" WC="0.96" CONTENT="från"/>
						</TextLine>
					</TextBlock>
				</ComposedBlock>
				<ComposedBlock ID="cblock_4" HPOS="260" VPOS="1456" WIDTH="421" HEIGHT="24">
					<TextBlock ID="block_4" HPOS="260" VPOS="1456" WIDTH="421" HEIGHT="24">
						<TextLine ID="line_37" HPOS="260" VPOS="1456" WIDTH="421" HEIGHT="24">
							<String ID="string_288" HPOS="260" VPOS="1456" WIDTH="214" HEIGHT="24" WC="0.63" CONTENT="Bevillningsutskottets"/><SP WIDTH="13" VPOS="1456" HPOS="474"/>
							<String ID="string_289" HPOS="487" VPOS="1457" WIDTH="118" HEIGHT="19" WC="0.95" CONTENT="betänkande"/><SP WIDTH="11" VPOS="1457" HPOS="605"/>
							<String ID="string_290" HPOS="616" VPOS="1457" WIDTH="36" HEIGHT="19" WC="0.96" CONTENT="N:o"/><SP WIDTH="12" VPOS="1457" HPOS="652"/>
							<String ID="string_291" HPOS="664" VPOS="1458" WIDTH="17" HEIGHT="17" WC="0.96" CONTENT="4."/>
						</TextLine>
					</TextBlock>
				</ComposedBlock>
			</PrintSpace>
		</Page>
	</Layout>
</alto>
