1086 1700
350 127 30 23 U.
395 128 28 21 B.
438 140 29 3 —
482 127 74 28 Prop.
572 128 43 22 N:o
631 127 35 22 11.
833 130 26 19 25

131 193 53 21 böra
200 192 108 28 tillstyrka
324 194 131 26 antagandet
470 192 23 22 af
506 192 163 28 ifrägavarande
685 194 128 27 stadgande,
824 194 65 21 likväl

131 226 96 26 sålunda,
252 229 33 19 att
307 227 130 27 beviljandet
457 227 23 22 af
494 228 68 21 sådan
578 228 106 26 rättighet
699 229 64 26 göres
780 228 108 22 beroende

131 260 22 22 af
177 262 150 27 magistratens
352 262 40 22 och
415 262 209 27 stadsfullmäktiges
644 262 163 28 samstämmiga
822 262 67 22 bifall.

485 343 13 25 8
508 343 26 25 9.

200 388 32 21 De
248 388 119 26 väsentliga
381 388 120 27 ändringar,
518 394 46 16 som
579 389 7 20 i
602 388 70 22 denna
687 388 103 28 paragraf
802 388 89 22 föresla-

132 422 49 27 gits,
196 422 63 22 hafva
275 422 59 22 ofvan
351 422 114 28 utförligen
481 424 135 20 motiverats.

428 503 22 28 $$
468 506 26 19 10
511 504 39 21 och
568 504 33 21 11.

200 548 30 23 Af
244 549 41 22 den
300 548 118 28 fördelning
435 549 46 22 utaf
490 550 166 27 utskänknings-
666 550 39 21 och
714 549 175 27 utminuterings-

133 585 103 26 bolagens
258 583 133 26 vinstmedel,
413 590 46 15 som
475 584 109 21 utskottet
600 584 117 27 föreslagit,
733 584 108 27 nämligen
857 585 33 20 att

133 619 28 25 3/,
180 618 61 21 skola
257 617 83 22 tillfalla
354 618 275 22 kommunikationsfonden
645 618 41 22 och
702 618 28 27 1/,
745 618 84 24 staden,
848 618 39 21 har

133 659 26 16 en
182 653 156 26 omredigering
354 652 78 27 jemväl
452 651 23 22 af
491 659 64 15 mom.
572 655 11 18 2
599 653 6 21 i
621 652 11 27 &
650 655 25 18 10
692 653 40 21 och
747 653 14 26 &
777 653 23 20 11
819 652 70 21 föran-

133 687 63 22 ledts.
212 700 28 2 —
254 687 12 20 I
284 686 146 22 förstnämnda
445 687 83 27 lagrum
543 687 39 22 har
598 687 111 22 dessutom
725 693 26 16 en
767 687 68 21 sådan
851 689 37 19 än-

134 721 61 27 dring
218 721 108 27 vidtagits,
347 723 32 19 att
394 721 26 22 de
435 721 77 27 medel,
529 727 45 16 som
590 721 88 22 tillfall9
690 721 199 26 stadskommunen,

133 755 61 22 skola
215 755 105 22 inbetalas
336 755 32 21 till
383 755 212 26 drätselkammaren,
612 756 87 21 hvilken
716 755 127 22 verkställer
860 755 31 22 äf-

134 796 40 15 ven
190 796 69 15 annan
276 790 96 27 uppbörd
387 789 34 22 för
435 790 90 21 stadens
539 790 97 27 räkning.

481 871 12 26 s
511 872 31 20 12.

202 916 97 21 Emedan
314 917 106 26 klagomäl
435 916 106 28 försports
556 917 104 25 deröfver,
678 919 32 20 att
725 917 108 22 missbruk
849 917 41 21 och

135 951 101 21 störande
256 951 128 26 oordningar
401 951 101 22 förefallit
518 951 33 22 vid
567 951 105 27 lotterier,
689 951 202 22 landtbruksmöten

135 985 40 22 och
190 985 68 22 andra
273 985 102 26 tillfällen,
393 986 27 21 dä
435 986 155 27 länestyrelsen
607 988 51 20 utan
674 989 33 19 att
722 987 53 21 höra
786 986 105 21 vederbö-

134 1019 66 22 rande
216 1019 101 22 kommun
333 1020 72 21 tillätit
421 1021 145 27 utskänkning
581 1021 29 27 pä
620 1021 81 26 landet,
712 1021 39 22 har
759 1020 132 28 beviljandet

135 1053 22 22 af
178 1053 41 22 den
240 1054 6 21 i
264 1060 62 15 mom.
349 1057 9 18 1
378 1055 140 21 omförmälda
533 1056 208 26 utskänkningsrätt,
758 1056 5 20 i
780 1055 109 22 öfverens-

135 1088 123 22 stämmelse
274 1089 48 21 med
338 1089 39 21 den
393 1089 88 28 princip,
498 1090 108 21 utskottet
621 1089 62 23 äfven
696 1090 7 21 i
715 1090 36 21 det
759 1089 132 27 föregäende

134 1121 52 29 följt,
210 1123 67 27 gjorts
302 1123 105 22 beroende
427 1123 22 22 af
467 1124 141 22 kommunens
630 1124 64 22 bifall.
725 1125 38 21 Ett
778 1124 112 26 undantag

134 1156 94 22 härifrån
243 1158 61 21 torde
320 1158 55 22 dock
390 1165 51 15 vara
457 1158 22 22 af
492 1158 102 22 behofvet
609 1159 112 27 päkalladt
736 1159 49 21 med
797 1158 94 22 särskild

134 1191 82 27 hänsyn
244 1192 31 20 till
298 1192 66 21 hotell
387 1192 24 27 (t.
435 1199 31 15 ex.
487 1193 36 21 vid
542 1193 94 26 Imatra),
652 1200 46 15 som
714 1194 47 21 äret
777 1199 35 15 om
828 1192 65 22 besö-

135 1225 38 21 kes
196 1226 21 20 at
240 1226 114 22 utländska
374 1228 89 20 turister
482 1227 41 22 och
539 1228 39 21 der
592 1234 26 15 en
633 1227 126 28 fullständig
775 1227 117 21 värdshus-

135 1260 81 21 rörelse
231 1260 56 27 förty
302 1260 47 22 icke
363 1260 42 22 kan
422 1262 114 21 undvaras.

204 1294 113 27 Rättighet
332 1295 31 21 till
380 1296 146 26 utskänkning
541 1296 13 21 &
569 1296 220 27 passagerarefartyg,
805 1296 86 21 hvilken

136 1327 84 23 utöfvas
236 1328 61 22 äfven
313 1330 58 21 utom
387 1329 104 28 fartygets
507 1330 85 22 hemort
602 1330 41 22 och
653 1330 112 27 lätteligen
777 1330 41 21 kan
830 1330 62 21 miss-

135 1362 86 25 brukas,
248 1363 62 21 torde
332 1364 133 26 sakenligast
485 1364 7 21 i
512 1364 73 27 hvarje
600 1364 105 22 händelse
721 1364 53 22 böra
789 1364 102 22 utverkas

135 1396 39 22 hos
190 1396 162 28 länestyrelsen.

203 1435 194 20 Ekonomiutskottets
409 1437 118 18 betänkande
539 1438 37 18 N:o
588 1439 17 17 3.
