1086 1700
352 118 29 22 U.
396 118 29 22 B.
440 130 29 3 —
484 118 72 27 Prop.
573 117 41 23 N:o
631 118 35 21 11.
826 119 27 20 23

125 184 63 22 hafva
198 183 153 28 paragraferna
362 184 164 27 omredigerats,
539 184 119 27 hvarjemte
667 183 134 23 beträffande
809 183 74 22 böters

125 217 133 28 förvandling
281 218 147 27 stadgandena
450 218 7 21 i
479 220 13 19 2
513 218 50 27 kap.
584 220 12 19 5
612 218 14 26 $
642 218 130 27 Strafflagen
787 218 96 26 intagits.

416 274 23 28 88
455 276 26 20 63
499 275 39 22 och
556 277 34 19 64.

194 320 12 28 8
222 322 26 20 63
264 320 40 22 har
319 320 136 28 förtydligats
471 327 78 21 genom
566 327 25 15 en
608 320 174 28 omformulering
797 321 6 21 i
814 322 69 20 större

127 354 223 23 öfverensstämmelse
373 356 49 21 med
441 356 152 21 motsvarande
608 356 14 26 &
638 358 27 20 53
681 355 6 21 i
703 354 181 28 försäljningsför-

127 389 123 27 ordningen,
275 389 40 22 och
338 390 39 21 har
399 390 62 22 deraf
479 396 26 16 en
521 389 250 27 redaktionsförändring
784 389 100 27 jemväl
873 385 15 36 i

126 430 62 15 mom.
206 424 11 21 1
234 423 22 23 af
270 424 12 27 $
298 426 28 20 64
340 424 113 27 päkallats.

476 489 13 26 8
505 490 36 20 72.

196 523 68 27 Äfven
286 529 168 26 stämningsman
477 529 64 21 torde
559 528 53 22 böra
632 528 22 22 af
669 528 54 24 dem,
739 533 46 16 som
800 527 7 21 i
822 526 62 22 brän-

127 563 89 22 vinsmäl
239 569 64 16 anses
322 562 98 23 förfallne
436 563 31 22 till
484 569 83 20 ansvar,
584 562 82 23 erhälla
681 562 120 27 ersättning
817 560 32 23 för
865 559 21 23 af

127 597 79 22 honom
221 597 6 22 i
243 597 67 22 mälet
325 598 132 21 verkställda
473 598 139 27 stämningar.

130 729 128 28 Förslaget
269 729 41 23 till
320 730 153 27 förordning,
484 729 121 28 angäende
616 729 155 29 försäljning,
782 727 105 28 forsling

179 764 62 22 samt
256 764 88 28 upplag
360 764 28 23 af
399 765 104 22 bränvin
519 764 45 23 och
579 764 77 22 andra
671 763 93 23 brända
779 762 59 23 eller

336 799 150 22 distillerade
502 798 177 28 spritdrycker.

487 840 14 26 8
517 841 12 20 2

129 879 40 21 har
190 879 28 27 pä
240 879 54 26 skäl,
318 885 46 16 som
387 879 91 28 tidigare
501 879 89 25 anförts,
610 879 123 22 förändrats
753 878 87 24 derhän,
855 879 32 20 att

129 913 225 22 bränvinstillverkare
377 914 39 21 och
436 913 138 22 innehafvare
594 913 22 22 af
631 913 193 28 distilleringsverk
840 912 47 22 icke

129 947 21 22 fä
165 947 87 28 försälja
268 948 32 21 sin
316 954 51 15 vara
381 948 23 21 ät
420 949 67 20 andra
501 954 111 21 personer,
629 950 26 19 än
672 947 49 22 dem
733 953 46 16 som
787 946 101 23 utverkat

130 981 34 28 sig
179 983 45 20 rätt
238 982 32 21 till
286 982 234 27 bränvinsförsäljning.
551 983 110 26 Derjemte
677 982 39 21 har
731 981 157 27 minimibelop-

129 1018 38 25 pet
181 1016 35 21 vid
233 1016 67 22 sådan
316 1016 129 28 försäljning,
461 1016 112 23 sextiofem
588 1017 56 25 liter,
655 1017 117 27 utjemnats
787 1016 34 21 till
835 1015 52 22 fem-

131 1050 31 21 tio
178 1050 55 22 liter.

483 1109 12 26 8
512 1111 18 18 4.

198 1148 139 22 Beträffande
364 1149 234 27 ändamälsenligheten
626 1150 41 21 och
689 1149 156 27 verkningarna
868 1147 23 23 af

131 1182 40 21 den
187 1182 35 22 vid
240 1184 54 20 1885
311 1183 35 21 ärs
361 1183 104 27 landtdag
475 1184 102 26 vidtagna
584 1184 149 27 förhöjningen
741 1184 33 21 till
783 1190 26 15 en
818 1183 71 21 kanna

130 1216 22 21 af
167 1216 36 22 det
218 1217 78 21 minsta
312 1217 77 28 belopp
406 1218 94 26 bränvin,
512 1224 46 16 som
569 1218 35 22 vid
615 1218 148 22 minuthandel
774 1217 33 22 får
815 1217 73 27 säljas,

129 1250 65 22 hafva
214 1251 58 22 olika
293 1251 81 27 äsigter
388 1252 70 22 blifvit
472 1252 106 22 uttalade.
608 1252 28 21 Af
649 1252 86 22 landets
752 1252 137 22 Guvernörer

129 1284 65 22 hafva
210 1285 26 22 de
252 1286 6 21 i
274 1286 141 25 Tavastehus,
431 1286 71 27 Wasa,
519 1287 85 27 Kuopio
621 1286 39 22 och
672 1286 120 27 Uleäborgs
803 1286 36 22 län
847 1285 42 23 för-

130 1319 63 21 ordat
215 1319 151 23 bibehällande
389 1320 22 22 af
428 1321 40 22 den
485 1321 123 21 nuvarande
624 1321 171 27 bestämningen,
811 1321 77 21 medan

131 1353 163 23 Guvernörerne
312 1354 6 22 i
338 1354 101 28 Nylands,
456 1355 99 27 Wiborgs
572 1355 40 22 och
628 1355 31 22 St.
676 1355 89 22 Michels
781 1355 36 21 län
833 1354 56 22 före-

130 1388 65 26 slagit
216 1394 25 16 en
261 1388 139 28 nedsättning
415 1389 32 21 till
463 1390 28 26 1/,
506 1389 71 22 kanna
592 1391 56 20 samt
665 1390 140 22 Guvernören
820 1389 6 21 i
842 1384 47 27 Åbo

198 1426 193 20 Ekonomiutskottets
404 1428 119 18 betänkande
535 1429 37 18 N:o
584 1430 15 16 3.
