1086 1700
223 130 28 21 42
378 129 83 23 Ständ.
479 129 38 23 Sv.
534 142 27 3 —
579 129 75 29 Prop.
669 128 45 24 N:o
730 129 31 22 11.

265 196 19 20 2.
314 189 34 27 Är
371 196 48 26 den,
443 202 45 16 som
511 195 54 22 fälts
588 196 36 21 till
645 196 69 27 böter,
736 195 75 22 tillika
830 196 66 27 älagd
914 197 32 20 att

193 230 328 28 bränvinstillverkningsskatt
537 231 92 27 utgifva,
645 232 41 26 mä,
704 231 39 21 der
758 231 95 27 tillgång
866 232 80 21 saknas

193 266 35 21 till
246 266 110 27 gäldande
375 267 25 21 af
417 268 88 21 skatten
522 268 56 21 eller
594 267 73 27 nägon
682 266 37 22 del
735 266 68 29 deraf,
819 268 91 21 böterna
926 267 20 27 ej

193 301 8 21 i
223 302 123 28 penningar
369 303 109 27 erläggas,
503 305 52 20 utan
580 303 59 21 skall
662 303 43 21 den
729 302 100 22 sakfälde
847 303 7 21 i
871 303 75 22 stället

193 337 99 28 undergä
308 339 153 22 motsvarande
477 338 223 28 förvandlingsstraff.

541 418 26 19 61
585 416 17 29 $.

267 464 17 20 1.
314 463 75 27 Böter,
406 469 45 16 som
463 464 70 27 enligt
546 464 72 21 denna
629 463 130 28 förordning
767 464 94 27 ädömas,
871 463 73 23 äfven-

194 504 46 16 som
256 498 111 23 förbrutet
383 500 53 26 gods
452 499 91 22 tillfalla
559 500 91 21 kronan.

264 537 19 19 2.
305 528 20 28 Ä
341 535 108 27 Kejsaren
460 536 39 21 och
511 535 138 22 Storfursten
660 536 127 21 ankommer
797 537 33 20 att
841 535 105 22 förordna

194 577 34 15 om
244 570 127 28 fördelning
386 571 25 22 af
423 572 94 21 böterna
532 572 40 21 och
589 571 79 22 värdet
684 571 25 22 af
723 571 37 22 det
771 571 116 22 förbrutna
894 571 51 28 god-

192 609 35 19 set
242 609 58 20 samt
316 607 121 22 bestämma
452 607 42 22 den
511 608 132 27 ersättning,
660 614 46 15 som
722 608 77 21 tillhör
814 608 131 27 tjensteman

192 642 35 22 för
243 643 43 22 den
302 643 71 28 andel,
390 643 71 22 denne
478 643 60 22 förut
553 643 91 28 ätnjutit
659 644 9 21 i
683 644 64 21 böter
754 644 40 21 och
805 644 72 27 dylikt
885 644 58 27 gods.

501 765 47 24 VI.
568 765 61 24 Art.

207 839 131 22 Föreskrifter
360 841 3 20 i
383 840 98 22 afseende
497 837 12 24 &
525 840 151 27 verkställighet
691 841 22 21 af
727 840 68 22 denna
809 840 119 27 förordning.

537 913 27 20 62
581 911 19 29 &.

262 964 159 27 Länestyrelse
444 965 60 21 hälle
527 967 78 24 sträng
624 965 78 26 tillsyn
722 964 63 22 öfver
801 964 141 28 iakttagande

191 998 25 22 af
229 999 59 22 hvad
303 1000 8 21 i
327 1000 71 21 denna
413 999 133 28 författning
562 1001 103 26 stadgadt
681 1003 31 19 är.

537 1079 27 20 63
582 1077 17 29 $.

263 1124 171 23 Vederbörande
464 1125 106 28 äklagare
596 1127 57 20 samt
678 1125 27 22 de
731 1131 112 21 personer,
867 1125 77 22 hvilka

190 1160 109 22 särskildt
314 1160 116 22 förordnas
446 1163 33 20 att
494 1161 58 22 vaka
567 1160 63 23 öfver
641 1161 73 22 denna
725 1160 144 28 författnings
877 1160 65 22 efter-

190 1195 82 29 lefnad,
297 1196 73 28 äligge
393 1198 34 20 att
448 1196 148 28 förbrytelser
612 1199 44 19 mot
672 1197 126 21 densamma
813 1196 65 22 åtala.
908 1196 35 22 En

190 1231 56 22 hvar
270 1238 53 21 eger
346 1232 39 22 hos
409 1232 50 22 dem
481 1232 148 28 förbrytelser
649 1234 59 20 emot
727 1232 71 21 denna
815 1231 129 28 förordning

175 1260 2 2 *
190 1266 98 28 angifva,
304 1267 56 21 dock
376 1268 19 26 ej
411 1267 110 22 föräldrar
532 1268 40 21 och
583 1268 55 21 barn
648 1268 57 21 eller
713 1267 77 21 makar
798 1267 55 21 eller
861 1267 82 27 syskon

190 1304 45 20 mot
258 1302 131 29 hvarandra,
413 1303 19 27 ej
453 1304 72 21 heller
544 1310 72 14 annan
632 1303 131 27 skyldeman
779 1304 44 20 mot
839 1302 48 28 den,
904 1303 39 21 hos

189 1338 93 22 hvilken
303 1339 44 21 han
367 1339 74 27 njuter
459 1340 51 21 kost
525 1340 40 20 och
581 1339 124 27 underhäll,
723 1338 19 28 ej
759 1338 125 22 fosterbarn
899 1340 45 20 mot

189 1372 183 24 fosterföräldrar
387 1375 40 21 och
444 1375 19 27 ej
481 1375 72 21 heller
568 1375 86 27 tjenare
669 1376 46 20 mot
730 1373 161 23 husbondefolk
904 1380 38 15 un-

189 1408 40 22 der
246 1409 43 22 den
305 1410 39 28 tid,
361 1410 27 22 de
405 1412 38 20 äro
459 1411 7 21 i
483 1411 103 27 tjensten.
