1086 1700
212 135 27 21 34

419 134 22 22 U.
458 134 21 22 B.
497 148 26 2 —
540 136 60 27 Prop.
618 135 36 23 N:o
671 135 29 22 12.

390 197 73 21 innan
489 198 46 20 han
563 198 74 28 guldit
666 198 276 28 warrantinnehafvarens

390 232 99 27 fordran.

632 308 14 24 $
661 307 35 20 17.

455 351 56 27 Den,
527 358 47 14 som
588 358 79 21 genom
683 351 107 28 behörig
805 352 135 27 öfverlätelse

389 385 60 21 visar
480 386 33 27 sig
542 392 56 14 vara
626 387 47 19 rätt
696 386 148 27 innehafvare
871 386 28 27 af
914 386 26 27 ej

389 420 104 21 mindre
514 419 155 28 upplagsbevis
691 422 36 18 än
748 420 74 21 dertill
843 420 96 21 hörande

389 456 106 25 warrant,
511 461 48 21 eger
574 454 38 21 vid
626 454 126 28 anfordran
766 454 55 27 från
836 455 103 27 upplags-

389 488 123 27 magasinet
526 488 139 21 utbekomma
680 488 43 21 den
729 488 96 21 deremot
831 488 108 21 svarande

388 529 71 14 varan
480 524 47 19 mot
546 522 165 22 äterlemnande
725 522 29 28 af
765 522 174 28 upplagsbeviset

389 556 38 21 och
441 558 135 20 warranten.

631 631 15 28 $
660 631 35 21 18.

455 675 167 28 Innehafvaren
637 676 29 27 af
677 675 176 28 upplagsbeviset
866 678 27 19 är
901 676 34 21 be-

387 710 96 27 rättigad
505 712 34 19 att
554 711 86 27 jemväl
660 711 48 27 före
725 710 162 27 förfallodagen
903 710 35 22 till

387 745 265 27 warrantinnehafvaren
676 745 70 20 betala
767 745 42 20 den
824 744 64 21 skuld
902 744 36 27 för

386 778 87 21 hvilken
495 786 73 13 varan
590 779 88 27 häftar;
700 779 52 20 dock
770 780 57 19 utan
842 780 45 19 rätt
902 778 35 21 till

385 813 193 27 räntegodtgörelse
593 813 37 27 för
644 813 42 20 den
701 813 135 20 äterstäende
852 813 64 20 tiden.

629 886 16 27 8
659 887 34 20 19.

454 927 33 25 Är
504 931 266 27 warrantinnehafvaren
784 931 151 27 frånvarande

385 966 52 21 eller
457 966 77 27 okänd,
557 965 38 21 mä
610 965 165 27 innehafvaren
790 965 29 27 af
829 966 105 27 upplags-

387 1000 77 21 beviset
479 1000 44 21 hos
538 999 269 28 upplagsmagasinet
829 1000 107 27 deponera

387 1034 95 27 beloppet
499 1033 29 28 af
539 1034 42 21 den
595 1033 101 28 fordran,
712 1033 35 27 för
762 1033 89 21 hvilken
865 1041 71 14 varan

384 1069 65 26 utgör
463 1068 103 27 säkerhet,
583 1068 39 21 och
636 1075 53 14 vare
697 1068 68 20 sedan
774 1067 122 28 berättigad
902 1069 33 20 att

385 1103 56 20 emot
463 1102 185 27 upplagsbevisets
663 1101 156 21 äterställande
837 1102 34 21 till
885 1109 49 14 ma-

383 1136 88 28 gasinet
484 1136 138 21 utbekomma
637 1143 79 14 varan.

623 1216 15 26 $
654 1216 38 20 20.

450 1260 150 28 Innehafvare
622 1260 29 27 af
662 1261 107 25 warrant,
785 1266 47 14 som
847 1260 89 21 erhällit

383 1294 44 28 full
453 1294 111 28 betalning
586 1294 36 28 för
640 1294 38 21 sin
692 1294 99 27 fordran,
808 1296 27 18 är
849 1294 84 28 skyldig

383 1329 100 21 utlemna
497 1330 130 19 warranten
642 1328 115 28 gvitterad.

452 1363 90 21 Betalas
556 1363 21 27 ej
586 1363 50 20 hela
643 1368 113 21 summan,
768 1364 47 25 tage
822 1364 111 19 warrant-

383 1396 163 28 innehafvaren
561 1396 52 22 dock
625 1398 57 19 emot
692 1396 59 21 hvad
765 1396 82 21 honom
858 1396 74 28 erbju-

382 1431 49 25 des;
448 1431 39 21 och
501 1431 65 21 varde
574 1430 168 28 afbetalningen
753 1430 92 21 tecknad
852 1430 14 21 ä
873 1437 59 14 war-

245 1469 47 23 Lag-
305 1470 32 17 och
349 1470 181 18 Ekonomiutskottets
542 1469 110 18 betänkande
665 1471 37 16 N:o
714 1470 18 16 3.
