1086 1700
76 90 25 20 10

219 186 159 28 Ridderskapet
393 187 40 21 och
452 189 1 29 |

78 204 13 26 8
127 209 55 16 mom
288 221 74 22 Adeln.
452 219 1 8 |
483 200 3 35 =
498 204 172 22 Presteständet.
765 204 190 27 Borgareständet.

218 308 46 15 mas
274 302 51 21 eller
333 301 110 22 stadsfull-
737 302 148 27 medgifvande
914 302 7 21 i
950 302 46 26 $:ns

218 330 106 50 Mäktiges
337 330 106 28 begifvan-
737 336 63 17 mom.
819 333 8 19 1
845 330 95 27 stadgas.

234 360 32 20 e.*

77 392 12 18 7
204 388 40 21 har
254 388 98 26 godkänt
359 388 84 22 utskot-
723 388 100 22 uteslutit
839 389 6 20 2
856 394 62 15 mom.
922 383 10 37 i
945 387 52 28 följd

220 418 44 20 tets
279 417 86 27 förslag.
453 422 1 7 |
737 417 23 21 af
773 417 96 21 beslutet
887 416 111 27 angäende

766 447 19 20 6.

76 478 13 19 9
152 476 12 20 2
194 474 50 21 |har
260 474 94 26 beslutit,
367 476 33 19 att
411 480 33 15 or-
723 474 39 22 har
774 474 150 22 äterremitter.
934 480 62 15 mom.

218 502 43 22 den
297 509 63 21 ,eger
389 502 55 22 rätt"
737 503 33 22 för
794 505 32 19 att
848 502 148 28 förtydligas
985 498 14 37 i

217 532 68 21 borde
292 532 86 27 utbytas
387 534 58 19 emot
737 532 25 21 så
777 532 75 24 måtto,
869 533 38 24 att,
924 531 73 21 derest

220 560 56 27 »kan
297 556 15 36 —
324 560 121 22 meddelas*
737 560 88 28 bolaget
841 560 108 22 öfverlätit
959 560 37 21 nä-

218 591 58 19 samt
331 586 113 35 meningen
737 596 42 20 gon
803 589 35 21 del
860 589 23 21 af
897 589 49 21 dess
962 590 34 20 rö-

221 618 114 26 vAnsökan
354 625 33 14 om
404 618 41 21 slik
737 619 57 20 relse
810 618 23 21 ät
848 617 84 22 enskild
947 623 48 21 per-

219 646 149 23 öfverlätelse*
384 642 10 37 =
403 649 41 20 etc.
737 653 45 20 son,
792 646 92 22 särskild
893 646 102 21 utskänk-

219 675 79 22 ändras
314 676 31 21 till
365 676 79 25 ,Ansö-
737 671 119 36 ningsskatt
868 671 69 36 härför
948 675 48 22 icke

218 704 42 21 kan
286 710 32 16 om
342 706 43 20 rätt
413 704 32 21 till
572 701 22 28 E
737 704 69 22 blefve
822 704 69 21 denne
905 703 75 22 fäförd.

219 733 42 21 slik
280 726 7 39 =
296 733 148 22 öfverlätelse*
567 730 21 37 M

220 763 41 20 ete.
572 768 22 26 2

152 793 19 25 3,
204 790 40 21 |har
277 790 168 22 —äterremitterat
572 797 22 20 =
723 790 84 27 antagit
828 789 32 22 för
877 795 63 16 mom.
955 789 41 22 den

123 822 12 20 4
152 820 39 22 och]
218 825 65 15 mom.
303 819 33 22 för
352 821 32 20 att
400 825 44 16 om-
572 812 20 37 E
737 819 6 21 i
763 819 26 21 hr
812 818 128 22 Rönnbäcks
962 824 33 15 re-

145 851 19 20 5.
189 843 12 36 |
218 847 128 22 formuleras
376 848 7 21 i
409 847 36 22 det
572 843 19 39 ja
738 848 109 21 servation
876 847 120 27 föreslagna

218 876 57 27 syfte
283 877 25 20 hr
317 877 127 21 Rönnbäcks
568 873 24 36 Zz
738 876 103 27 lydelsen,
857 876 48 21 med
916 875 80 28 inskju-

219 905 133 22 reservation
385 905 58 22 inne-
573 901 21 27 5
738 905 65 21 tande
826 904 64 21 likväl
914 905 12 20 å
943 905 54 20 sista

219 926 74 40 håller.
573 930 20 31 =
738 934 66 21 raden
827 934 6 20 i
857 935 12 18 4
892 939 62 15 mom.
976 932 22 22 af

193 965 2 13 i
573 963 20 19 E
739 962 65 22 orden
827 961 65 26 eller
906 961 90 22 rädhus-

574 998 21 21 =
738 991 103 21 stämma"
862 989 53 22 efter
931 990 65 21 orden

570 1016 25 38 &,
740 1019 228 27 yStadsfullmäktige*.

568 1052 21 33 X
713 1064 2 4 |

73 1196 26 19 10
205 1190 39 22 har
256 1191 189 27 äterremitterat
436 1186 13 37 8
723 1192 40 21 har
783 1191 167 25 äterremitterat
965 1190 11 28 $
990 1191 8 21 i

219 1218 34 23 för
269 1222 33 19 att
317 1220 80 22 erhälla
413 1220 33 22 sä-

220 1248 42 22 dan
285 1249 88 26 lydelse,
399 1255 46 15 som

220 1280 108 24 upptages
350 1278 32 20 uti
405 1278 40 21 den

221 1305 23 22 af
273 1306 25 21 hr
328 1302 110 42 Rönnbäck
450 1313 6 27 |

221 1334 33 21 till
300 1334 156 27 betänkandet
447 1330 13 35 |

221 1362 79 27 fogade
319 1364 127 21 reservatio-

222 1397 48 16 nen.
455 1389 1 5 |

739 1220 38 21 det
798 1220 55 27 syfte
874 1220 25 20 hr
914 1220 84 26 Hoving

739 1250 6 20 i
761 1249 34 21 sin
817 1248 131 22 reservation
968 1248 30 22 fö-

738 1278 97 26 reslagit,
851 1276 108 22 äfvensom
969 1277 29 27 pä

740 1306 37 21 det
806 1308 33 19 att
868 1308 32 19 ett
924 1306 74 26 tillägg

739 1335 68 21 mätte
823 1334 78 22 införas
925 1334 73 22 derom

740 1366 39 24 att,
802 1363 64 21 innan
882 1362 116 22 vinstmed-

741 1392 34 21 len
793 1392 159 27 disponerades,
960 1392 38 20 bo-

740 1421 60 25 laget
822 1420 67 22 borde
911 1420 6 21 i
933 1420 65 21 saken

741 1450 71 20 höras.
