1086 1700
232 113 27 20 58
384 110 82 23 Ständ.
483 110 38 23 Sv.
537 124 30 3 —
582 111 74 28 Prop.
672 110 46 23 N:o
733 111 34 21 11.

543 179 28 19 22
588 177 18 29 &.

272 224 145 22 Förekomma
435 225 13 21 å
467 225 72 27 ställe,
560 224 40 22 der
615 224 152 22 minuthande]l
783 224 49 22 med
848 224 55 22 eller
918 226 33 20 ut-

200 259 128 28 skänkning
351 260 24 21 af
395 260 154 28 spritdrycker
569 260 71 28 idkas,
660 260 38 22 vid
718 260 111 22 särskilda
847 260 105 22 tillfällen

200 295 133 28 oordningar
349 296 24 21 af
387 296 42 22 den
445 298 41 24 art,
498 297 33 20 att
541 296 161 22 innehafvaren
714 295 24 21 af
746 296 137 27 rättigheten
901 296 51 21 icke

200 331 43 21 kan
268 337 64 16 anses
356 331 136 22 fortfarande
515 338 41 21 ega
577 332 27 21 de
625 331 35 22 för
679 332 137 21 densammas
833 331 118 22 utöfvande

200 366 146 28 erforderliga
369 368 145 26 egenskaper,
537 367 55 22 eller
612 367 40 21 har
668 367 72 27 nägon
757 366 24 22 af
795 367 26 22 de
838 367 70 27 enligt
924 367 27 21 12

200 401 12 29 8
228 402 128 22 meddelade
371 403 134 27 rättigheter
521 403 58 21 visat
595 403 35 26 sig
645 402 115 22 föranleda
775 402 104 22 störande
889 402 61 22 oord-

199 438 87 27 ningar,
309 439 35 21 mä
367 438 116 28 magistrat
503 438 8 22 i
530 438 49 22 stad
595 439 40 21 och
651 438 149 27 länestyrelse
815 438 136 21 beträffande

200 473 77 27 dylika
300 475 81 21 ställen
404 475 28 26 pä
455 475 84 27 landet,
560 474 58 22 efter
634 474 93 28 behörig
742 475 101 21 anmälan
859 474 39 22 och
913 481 37 15 an-

200 509 59 21 stäld
283 510 172 27 undersökning,
481 510 143 22 förenämnda
644 510 109 27 rättighet
773 510 129 27 inskränka,
918 510 32 21 in-

200 544 75 28 draga,
292 546 56 21 eller
363 546 41 21 ock
419 546 160 22 innehafvaren
596 545 98 22 derifrän
711 546 74 27 skilja;
802 546 39 21 och
858 552 39 21 ege
908 545 42 21 den

200 581 92 22 sälunda
308 581 73 22 skilde
397 582 48 21 icke
461 584 47 19 rätt
523 583 33 20 att
572 581 24 22 af
610 582 69 21 redan
690 581 77 28 erlagd
777 581 172 27 utskänknings-

200 617 62 21 skatt
278 617 67 27 nägot
360 617 78 22 äterfä.

542 673 28 19 23
587 671 19 28 8.

274 709 17 19 1
322 699 20 28 Ä
358 707 80 26 apotek
454 707 35 21 mä
505 707 100 27 bränvin,
623 707 57 26 sprit
696 707 55 22 eller
767 708 48 21 eter
831 707 66 27 säljas
913 713 37 15 en-

200 742 49 21 dast
273 741 35 22 för
331 742 132 21 medicinskt
484 742 101 21 ändamål
606 743 28 26 på
655 743 93 26 behörig
763 742 88 21 läkares
867 744 81 25 recept,

199 777 87 22 hvilket
302 778 40 21 bör
358 778 12 21 å
386 778 104 26 apoteket
506 779 139 25 qvarlemnas
662 779 40 20 och
718 778 39 21 der
773 778 106 21 förvaras.

272 815 19 20 2.
322 814 11 21 I
350 813 103 22 afseende
469 814 13 21 å
498 813 134 28 försäljning
647 814 25 21 af
685 814 131 27 läkemedel,
833 813 76 22 hvilka
916 814 32 21 in-

199 849 89 21 nehålla
311 849 94 22 bränvin
428 849 56 22 eller
508 850 62 27 sprit,
593 850 59 27 gälle
673 849 58 22 hvad
747 849 202 22 medicinalförfatt-

199 884 109 27 ningarna
329 884 141 23 föreskrifva.
502 885 62 21 Dock
580 885 35 21 må
631 885 83 22 sådana
729 887 52 19 utan
797 885 153 26 läkarerecept

199 920 49 21 icke
271 919 101 28 försäljas
393 921 7 20 i
416 922 72 20 större
504 921 80 27 mängd
600 923 28 19 än
647 927 27 15 en
690 921 154 27 tjugundedels
860 921 51 21 liter
926 921 24 21 ät

198 955 79 28 hvarje
292 956 89 27 köpare,
399 956 92 22 säframt
507 957 65 21 dessa
588 957 124 21 läkemedel
728 956 19 27 ej
764 958 37 20 äro
817 956 133 22 tillverkade

199 990 25 22 af
238 991 157 22 denatureradt
411 992 100 21 bränvin.

271 1028 19 21 3.
320 1027 122 27 Angäende
458 1028 100 21 vilkoren
575 1027 35 22 för
621 1027 133 28 försäljning
762 1027 24 22 af
793 1027 157 22 denatureradt

200 1062 95 22 bränvin
311 1063 110 22 meddelas
438 1063 112 22 särskilda
565 1063 166 27 bestämningar
747 1063 24 21 af
785 1063 101 22 Senaten.

541 1136 28 20 24
586 1134 18 29 &.

274 1178 17 19 1.
322 1176 34 22 Då
377 1176 151 22 minuthandel
544 1176 48 22 med
608 1176 56 22 eller
679 1176 153 26 utskänkning
848 1175 25 21 af
885 1176 64 20 brän-

198 1210 38 22 vin
260 1212 60 27 sker,
344 1212 35 21 fär
402 1212 80 22 dörren
506 1212 35 22 till
564 1212 240 27 försäljningsrummet
826 1211 50 21 icke
897 1217 53 15 vara

198 1246 119 28 tillreglad.

272 1284 18 20 2.
321 1282 55 28 Den,
401 1289 45 15 som
470 1289 53 21 eger
545 1283 108 27 rättighet
673 1282 36 22 till
729 1282 151 22 minuthandel
901 1281 48 22 med

199 1317 95 22 bränvin
312 1318 56 21 eller
383 1318 152 27 utskänkning
552 1318 68 28 deraf,
637 1324 55 16 vare
707 1317 112 28 förbjudet
835 1319 33 19 att
883 1316 66 23 äfven

199 1354 54 20 utan
276 1353 113 27 betalning
412 1354 97 21 utlemna
530 1354 69 20 sädan
620 1360 53 15 vara
694 1353 38 22 vid
747 1352 98 28 tillfälle,
863 1352 26 22 dä
905 1352 44 22 för-

199 1388 246 28 säljningsrättigheten
461 1389 18 27 ej
497 1388 35 22 fär
547 1389 93 21 utöfvas.
