1086 1700
240 120 26 21 28
539 122 45 23 N:o
606 123 37 22 11.

207 188 76 28 utbyte
306 188 24 22 af
348 189 43 27 jäst
410 189 3 20 i
428 188 102 22 medeltal
545 188 97 26 erhålles,
659 189 50 21 böte
724 188 47 22 från
788 189 39 21 och
843 188 49 22 med
907 188 57 27 fyra-

207 223 85 21 hundra
308 223 32 21 till
357 223 38 21 och
412 224 47 20 med
477 225 84 20 ettusen
577 223 68 21 mark.

552 298 12 27 8
580 299 34 20 54.

277 338 82 26 Vägras
375 338 48 26 den,
439 344 46 15 som
501 338 6 21 i
525 338 101 21 afseende
642 337 12 21 å
670 337 139 27 förbrytelser
824 340 57 19 emot
897 338 69 20 denna

208 371 128 28 författning
359 378 49 21 eger
423 372 161 27 undersökning
599 372 99 26 anställa,
714 372 95 22 tillträde
825 372 33 21 till
874 378 46 15 rum
936 372 29 20 el-

209 406 31 21 ler
256 406 106 27 byggnad,
379 407 38 21 der
433 407 68 27 enligt
516 407 11 27 $
543 408 26 20 65
587 406 159 26 undersökning
761 407 38 21 ske
815 406 40 27 mä,
868 413 48 15 vare
928 406 37 21 bot

209 442 71 20 säsom
303 441 7 21 i
330 441 127 27 strafflagen
473 443 70 19 utsatt
558 443 24 19 är
597 440 33 22 för
646 441 48 27 den,
711 447 45 15 som
773 441 88 21 hindrar
877 441 87 27 tjenste-

209 481 49 15 man
274 475 8 21 i
297 475 98 27 utöfning
411 475 23 21 af
448 476 100 26 tjensten.

553 544 11 27 8
581 545 34 21 55.

281 592 17 19 1.
328 591 119 21 Husbonde
467 597 103 15 ansvarar
586 591 34 20 för
636 590 132 27 förbrytelse,
785 597 46 15 som
847 591 49 21 med
911 590 53 21 hans

210 625 91 26 vetskap
326 625 38 21 och
388 625 51 27 vilja
456 627 46 20 mot
518 625 70 21 denna
602 625 126 27 förordning
743 625 64 27 begäs
823 625 23 21 af
860 625 51 21 hans
927 625 38 21 hu-

209 662 53 24 stru,
285 659 86 22 husfolk
394 660 53 21 eller
470 660 7 21 i
499 660 53 21 hans
576 660 73 21 arbete
668 662 91 25 antagen
775 666 84 21 person,
876 660 88 21 likasom

209 700 51 15 vore
276 693 141 28 förbrytelsen
432 694 62 27 gjord
509 694 24 21 af
545 694 125 21 husbonden
686 694 54 27 sjelf.
771 694 77 21 Pröfve
864 694 54 21 dock
929 695 36 20 do-

210 735 80 20 maren,
315 735 35 15 om
373 729 46 27 den,
444 729 23 21 af
488 729 86 21 hvilken
593 729 142 27 förbrytelsen
750 729 119 26 utöfvades,
886 729 80 21 kunnat

210 763 39 21 och
272 763 49 22 bort
344 765 65 25 vägra
433 766 32 19 att
481 763 137 22 husbondens
633 763 51 27 vilja
699 763 147 27 efterkomma,
862 763 7 21 i
884 763 80 21 hvilket

210 797 38 22 fall
271 798 62 21 äfven
356 798 47 27 den,
420 805 46 14 som
482 798 90 21 sålunda
587 798 59 27 felat,
662 798 39 21 bör
716 799 47 20 med
779 798 60 22 straff
856 798 108 27 beläggas.

279 833 19 21 2.
329 832 34 21 Då
385 833 134 27 förbrytelse,
540 839 45 15 som
602 833 66 27 enligt
684 833 68 21 denna
767 832 126 27 förordning
907 833 58 20 med-

211 867 33 20 för
268 867 78 21 förlust
361 867 22 21 af
397 867 99 27 redskap,
512 867 116 22 tillverkad
643 874 53 15 vara
711 867 52 22 eller
779 867 54 26 kärl,
849 867 60 21 hvari
925 866 39 22 den

209 901 104 27 förvaras,
336 901 70 22 blifvit
429 902 110 27 begängen
562 902 24 21 af
606 909 70 14 annan
700 904 26 19 än
751 902 72 21 dessas
839 907 70 21 egare,
926 901 39 21 och

210 936 70 21 denne
304 942 75 15 senare
404 936 68 22 finnes
487 943 53 15 vara
555 937 120 26 berättigad
691 938 32 20 att
739 937 47 20 dem
802 936 93 24 behälla,
912 936 53 21 skall

211 970 41 21 den
268 970 114 27 brottslige
397 971 82 27 utgifva
494 971 136 27 redskapens,
646 977 77 15 varans
734 971 51 21 eller
795 971 88 20 kärlens
893 971 73 21 värde.

558 1046 12 27 8
586 1047 34 21 56.

284 1086 18 19 1.
334 1085 73 22 Skulle
423 1085 76 28 någon,
515 1086 86 21 hvilken
618 1086 36 21 det
668 1085 131 22 tillkommer
815 1087 32 20 att
857 1085 59 21 hålla
926 1085 43 21 till-

212 1125 38 21 syn
274 1119 36 21 vid
334 1120 106 27 bränneri,
457 1120 99 28 nederlag
572 1121 52 21 eller
640 1119 198 28 distilleringsverk,
855 1119 51 21 eller
922 1119 46 27 den,

212 1154 86 21 hvilken
314 1156 24 19 är
353 1155 157 27 tjenstepligtig
525 1157 31 19 att
572 1155 58 21 åtala
645 1155 126 27 förbrytelse
787 1157 44 19 mot
847 1154 68 21 denna
925 1154 43 21 för-

211 1188 97 28 ordning,
325 1189 50 27 sjelf
389 1190 101 21 beträdas
506 1190 49 21 med
571 1189 73 27 oloflig
659 1188 241 27 bränvinstillverkning
915 1188 53 22 eller

212 1223 128 27 distillering
365 1224 52 21 eller
443 1226 32 19 att
500 1224 64 21 hafva
586 1224 88 26 främjat
690 1223 66 21 sådan
771 1222 129 28 förbrytelse
916 1223 51 21 eller

211 1258 136 22 tillverkares
363 1258 137 28 försnillning
516 1258 23 22 af
553 1258 41 21 den
610 1258 64 26 skatt,
691 1258 42 20 han
751 1258 39 20 bör
800 1258 93 26 erlägga,
905 1257 62 21 straf-

210 1292 38 28 fes,
272 1293 102 21 eftersom
398 1294 81 21 brottet
502 1296 23 18 är
547 1293 41 27 till,
611 1293 49 21 med
675 1292 62 22 böter
752 1292 53 21 eller
820 1292 94 26 fängelse
929 1292 38 21 och

210 1334 51 14 vare
277 1328 104 26 derjemte
396 1328 48 21 från
460 1328 94 27 tjensten
570 1328 53 21 eller
638 1326 145 28 befattningen
798 1326 73 21 afsatt.

280 1364 20 20 2.
330 1363 68 27 Visar
413 1363 43 27 han
475 1362 149 22 försummelse
640 1362 52 21 eller
707 1362 110 26 uppenbar
833 1360 136 22 vårdslöshet

210 1398 7 20 i
239 1397 136 27 fullgörande
399 1398 23 20 af
443 1392 47 27 sina
509 1397 134 27 åligganden,
660 1403 50 15 vare
725 1396 99 22 förfallen
841 1395 34 22 till
891 1402 78 15 ansvar

210 1432 68 28 enligt
294 1432 133 27 strafflagen.
