1086 1700
235 137 29 20 20
431 136 29 22 U.
476 137 28 21 B.
520 149 28 3 —
564 136 73 28 Prop.
654 137 42 22 N:o
712 136 35 22 11.

277 201 59 22 Efter
358 202 70 22 denna
451 203 137 26 redogörelse
612 204 33 20 för
666 203 26 21 de
708 202 202 28 hufvudsakligaste
925 203 43 21 för-

206 236 115 27 ändringar
345 236 108 22 utskottet
473 237 7 21 i
503 237 139 22 förevarande
665 237 82 27 förslag
767 238 32 21 till
814 237 148 27 förordningar

206 270 92 26 vidtagit
312 273 56 19 samt
384 270 26 22 de
426 271 107 22 allmänna
548 272 138 27 synpunkter,
703 278 46 15 som
765 272 74 22 dervid
856 272 54 22 varit
924 272 38 21 be-

207 305 141 27 stämmande,
375 306 94 21 återstår
491 308 58 19 ännu
574 308 33 19 att
632 306 75 27 belysa
733 306 67 27 några
825 306 139 28 detaljfrågor

206 339 73 21 hvilka
302 339 90 23 hänföra
415 340 32 27 sig
471 340 31 21 till
525 340 106 22 särskilda
655 340 124 27 paragrafer
796 340 6 22 i
818 340 146 26 författnings-

204 372 116 29 förslagen.

227 447 129 29 Förslaget
371 448 40 22 till
428 448 154 28 förordning,
598 448 122 28 angående
735 448 161 28 tillverkning
909 448 44 23 och

429 483 151 28 distillering
596 483 28 23 af
636 484 110 22 bränvin.

565 547 11 28 8
595 550 17 19 1.

279 587 73 21 Ehuru
375 593 77 21 genom
468 587 79 28 nådiga
562 587 153 28 förordningen
732 587 23 22 af
769 588 41 21 den
828 589 25 20 10
869 587 97 21 sistlidne

209 621 104 22 Februari
333 621 28 22 bl.
379 628 18 15 a.
414 621 128 25 förordnats,
558 624 33 19 att
606 622 48 21 bro-
671 622 41 21 och
728 622 239 27 skallfogdetjensterna

207 655 64 22 skola
286 655 108 26 afskaffas,
410 656 63 21 hafva
489 656 65 21 orden
571 657 59 25 ,bro-
647 657 40 21 och
704 656 132 27 skallfogde*
854 657 6 20 i
877 658 10 19 3
904 662 62 15 mom.

209 692 85 19 ansetts
317 691 52 21 böra
385 690 125 26 bibehållas,
527 691 90 21 emedan
634 693 57 19 ännu
707 691 70 26 någon
793 691 31 21 tid
840 691 62 21 torde
918 690 49 27 åtgå

210 724 64 21 innan
291 725 91 21 berörda
397 724 77 22 reform
491 725 75 21 hinner
582 725 65 21 blifva
663 724 100 23 öfverallt
778 724 132 27 genomförd.

560 787 12 28 8
590 789 31 20 13.

279 828 114 27 Utgående
409 828 45 21 från
471 828 41 21 den
529 828 61 27 äsigt,
608 830 32 19 att
656 828 33 21 för
699 828 129 21 hämmande
839 827 22 22 af
871 827 97 26 omättlig

206 861 142 28 förbrukning
369 862 22 21 af
410 863 95 24 bränvin,
523 863 120 21 detsamma
658 863 40 21 bör
713 863 83 20 åsättas
812 862 25 21 så
852 862 42 27 hög
909 862 59 21 skatt

208 903 46 14 som
270 897 89 26 möjligt,
375 898 52 20 utan
443 900 32 18 att
490 903 77 21 genom
582 903 77 15 varans
675 897 131 26 fördyrande
821 895 58 23 öfver
889 895 77 22 höfvan

207 931 158 27 lönnbränning
389 935 54 17 samt
467 931 73 27 oloflig
555 931 87 22 införsel
658 931 23 21 af
695 931 129 26 rusdrycker
839 930 128 25 framkallas,

208 965 69 22 finner
300 965 108 22 utskottet
430 966 33 26 sig
478 965 53 22 böra
546 965 114 27 tillstyrka,
677 967 33 19 att
725 965 242 26 tillverkningsskatten,

206 1000 30 26 på
258 1001 45 20 sätt
325 1000 8 21 i
356 1000 39 21 den
419 999 78 27 nådiga
513 999 161 28 propositionen
690 998 97 25 föreslås,
803 999 60 26 höjes
878 998 46 21 från
941 1000 26 19 62

208 1033 33 22 till
258 1035 26 20 65
300 1034 64 27 penni
380 1033 33 22 för
427 1034 56 25 liter,
499 1034 57 21 helst
572 1033 126 27 härigenom
714 1039 26 16 en
751 1033 89 27 lämplig
849 1033 119 27 utjemning

207 1067 25 22 af
244 1068 104 27 beloppet
364 1068 71 21 ernås.

278 1103 30 21 På
328 1103 52 24 skäl,
401 1109 46 15 som
463 1103 91 26 tidigare
570 1102 88 25 anförts,
675 1102 40 21 har
731 1101 138 22 skattefrihet
883 1101 33 22 för
931 1102 36 21 de-

208 1138 128 21 natureradt
351 1138 88 21 bränvin
456 1136 22 22 af
492 1137 109 21 utskottet
616 1136 130 27 föreslagits.

557 1200 11 26 8
586 1202 33 18 18.

280 1240 94 22 Emedan
391 1240 99 27 samtliga
505 1240 6 21 i
535 1241 6 19 2
556 1246 63 15 mom.
637 1239 23 21 af
674 1240 69 21 denna
758 1238 101 28 paragraf
873 1238 31 22 uti
920 1238 48 21 nåd.

208 1275 164 27 propositionen
397 1274 140 22 omförmälda
560 1276 77 19 ämnen
656 1274 49 20 med
728 1274 111 25 undantag
861 1272 21 22 af
903 1272 66 22 ther

209 1309 80 24 kunna,
296 1309 66 26 enligt
370 1308 56 22 hvad
435 1309 108 21 utskottet
551 1309 111 23 inhemtat,
672 1308 109 21 tillverkas
790 1307 22 21 af
817 1307 153 21 denatureradt

208 1342 91 22 bränvin
316 1343 40 22 och
377 1343 40 21 den
433 1343 33 21 för
481 1343 79 21 sådant
574 1342 90 22 bränvin
680 1341 109 27 medgifna
804 1340 165 23 skattefriheten

210 1377 92 21 sålunda
324 1378 96 21 kommer
443 1377 61 21 äfven
527 1377 164 26 tillverkningen
716 1376 21 22 af
758 1376 68 26 sagda
845 1378 77 19 ämnen
937 1376 32 21 till

209 1412 64 26 godo,
296 1412 40 21 har
358 1412 108 21 utskottet
488 1413 71 19 ansett
574 1411 95 21 särskild
684 1410 137 27 bestämning
837 1416 34 15 om
887 1410 82 21 skatte-

281 1451 193 18 Ekonomiutskottets
487 1450 116 18 betänkande
616 1451 36 17 N:o
665 1451 16 17 3.
