<?xml version="1.0" encoding="UTF-8"?>
<alto xmlns="http://www.loc.gov/standards/alto/ns-v3#" xmlns:xlink="http://www.w3.org/1999/xlink" xmlns:xsi="http://www.w3.org/2001/XMLSchema-instance" xsi:schemaLocation="http://www.loc.gov/standards/alto/ns-v3# http://www.loc.gov/alto/v3/alto-3-0.xsd">
	<Description>
		<MeasurementUnit>pixel</MeasurementUnit>
		<sourceImageInformation>
			<fileName>/tmp/tess_h5a0g6xy_input.PNG</fileName>
		</sourceImageInformation>
		<OCRProcessing ID="OCR_0">
			<ocrProcessingStep>
				<processingSoftware>
					<softwareName>tesseract 5.3.4</softwareName>
				</processingSoftware>
			</ocrProcessingStep>
		</OCRProcessing>
	</Description>
	<Layout>
		<Page WIDTH="1086" HEIGHT="1700" PHYSICAL_IMG_NR="0" ID="page_0">
			<PrintSpace HPOS="0" VPOS="0" WIDTH="1086" HEIGHT="1700">
				<ComposedBlock ID="cblock_0" HPOS="367" VPOS="120" WIDTH="512" HEIGHT="29">
					<TextBlock ID="block_0" HPOS="367" VPOS="120" WIDTH="512" HEIGHT="29">
						<TextLine ID="line_0" HPOS="367" VPOS="120" WIDTH="512" HEIGHT="29">
							<String ID="string_0" HPOS="367" VPOS="121" WIDTH="30" HEIGHT="23" WC="0.92" CONTENT="U."/><SP WIDTH="16" VPOS="121" HPOS="397"/>
							<String ID="string_1" HPOS="413" VPOS="121" WIDTH="28" HEIGHT="22" WC="0.92" CONTENT="B."/><SP WIDTH="15" VPOS="121" HPOS="441"/>
							<String ID="string_2" HPOS="456" VPOS="133" WIDTH="29" HEIGHT="4" WC="0.89" CONTENT="—"/><SP WIDTH="15" VPOS="133" HPOS="485"/>
							<String ID="string_3" HPOS="500" VPOS="121" WIDTH="73" HEIGHT="28" WC="0.91" CONTENT="Prop."/><SP WIDTH="16" VPOS="121" HPOS="573"/>
							<String ID="string_4" HPOS="589" VPOS="120" WIDTH="43" HEIGHT="23" WC="0.94" CONTENT="N:o"/><SP WIDTH="16" VPOS="120" HPOS="632"/>
							<String ID="string_5" HPOS="648" VPOS="120" WIDTH="36" HEIGHT="22" WC="0.96" CONTENT="11."/><SP WIDTH="168" VPOS="120" HPOS="684"/>
							<String ID="string_6" HPOS="852" VPOS="122" WIDTH="27" HEIGHT="20" WC="0.94" CONTENT="23"/>
						</TextLine>
					</TextBlock>
				</ComposedBlock>
				<ComposedBlock ID="cblock_1" HPOS="145" VPOS="186" WIDTH="763" HEIGHT="302">
					<TextBlock ID="block_1" HPOS="146" VPOS="186" WIDTH="762" HEIGHT="130">
						<TextLine ID="line_1" HPOS="150" VPOS="186" WIDTH="758" HEIGHT="27">
							<String ID="string_7" HPOS="150" VPOS="188" WIDTH="39" HEIGHT="20" WC="0.93" CONTENT="den"/><SP WIDTH="15" VPOS="188" HPOS="189"/>
							<String ID="string_8" HPOS="204" VPOS="188" WIDTH="44" HEIGHT="20" WC="0.95" CONTENT="icke"/><SP WIDTH="14" VPOS="188" HPOS="248"/>
							<String ID="string_9" HPOS="262" VPOS="188" WIDTH="8" HEIGHT="20" WC="0.95" CONTENT="i"/><SP WIDTH="14" VPOS="188" HPOS="270"/>
							<String ID="string_10" HPOS="284" VPOS="186" WIDTH="64" HEIGHT="26" WC="0.96" CONTENT="något"/><SP WIDTH="11" VPOS="186" HPOS="348"/>
							<String ID="string_11" HPOS="359" VPOS="188" WIDTH="42" HEIGHT="24" WC="0.96" CONTENT="fall"/><SP WIDTH="13" VPOS="188" HPOS="401"/>
							<String ID="string_12" HPOS="414" VPOS="186" WIDTH="33" HEIGHT="22" WC="0.95" CONTENT="må"/><SP WIDTH="14" VPOS="186" HPOS="447"/>
							<String ID="string_13" HPOS="461" VPOS="188" WIDTH="64" HEIGHT="20" WC="0.96" CONTENT="sättas"/><SP WIDTH="14" VPOS="188" HPOS="525"/>
							<String ID="string_14" HPOS="539" VPOS="189" WIDTH="72" HEIGHT="24" WC="0.96" CONTENT="längre"/><SP WIDTH="15" VPOS="189" HPOS="611"/>
							<String ID="string_15" HPOS="626" VPOS="188" WIDTH="28" HEIGHT="20" WC="0.96" CONTENT="än"/><SP WIDTH="14" VPOS="188" HPOS="654"/>
							<String ID="string_16" HPOS="668" VPOS="188" WIDTH="58" HEIGHT="20" WC="0.95" CONTENT="nittio"/><SP WIDTH="18" VPOS="188" HPOS="726"/>
							<String ID="string_17" HPOS="744" VPOS="188" WIDTH="75" HEIGHT="25" WC="0.92" CONTENT="dagar."/><SP WIDTH="30" VPOS="188" HPOS="819"/>
							<String ID="string_18" HPOS="849" VPOS="187" WIDTH="59" HEIGHT="20" WC="0.90" CONTENT="Sam-"/>
						</TextLine>
						<TextLine ID="line_2" HPOS="149" VPOS="222" WIDTH="758" HEIGHT="27">
							<String ID="string_19" HPOS="149" VPOS="222" WIDTH="112" HEIGHT="25" WC="0.83" CONTENT="manträffa"/><SP WIDTH="15" VPOS="222" HPOS="261"/>
							<String ID="string_20" HPOS="276" VPOS="222" WIDTH="60" HEIGHT="20" WC="0.96" CONTENT="dessa"/><SP WIDTH="15" VPOS="222" HPOS="336"/>
							<String ID="string_21" HPOS="351" VPOS="222" WIDTH="56" HEIGHT="20" WC="0.96" CONTENT="böter"/><SP WIDTH="14" VPOS="222" HPOS="407"/>
							<String ID="string_22" HPOS="421" VPOS="222" WIDTH="47" HEIGHT="20" WC="0.96" CONTENT="med"/><SP WIDTH="14" VPOS="222" HPOS="468"/>
							<String ID="string_23" HPOS="482" VPOS="222" WIDTH="62" HEIGHT="27" WC="0.96" CONTENT="böter,"/><SP WIDTH="15" VPOS="222" HPOS="544"/>
							<String ID="string_24" HPOS="559" VPOS="228" WIDTH="43" HEIGHT="14" WC="0.96" CONTENT="som"/><SP WIDTH="14" VPOS="228" HPOS="602"/>
							<String ID="string_25" HPOS="616" VPOS="222" WIDTH="58" HEIGHT="20" WC="0.95" CONTENT="skola"/><SP WIDTH="12" VPOS="222" HPOS="674"/>
							<String ID="string_26" HPOS="686" VPOS="222" WIDTH="123" HEIGHT="24" WC="0.95" CONTENT="förvandlas"/><SP WIDTH="16" VPOS="222" HPOS="809"/>
							<String ID="string_27" HPOS="825" VPOS="222" WIDTH="30" HEIGHT="20" WC="0.93" CONTENT="till"/><SP WIDTH="4" VPOS="222" HPOS="855"/>
							<String ID="string_28" HPOS="859" VPOS="222" WIDTH="48" HEIGHT="24" WC="0.92" CONTENT="fän-"/>
						</TextLine>
						<TextLine ID="line_3" HPOS="149" VPOS="256" WIDTH="759" HEIGHT="27">
							<String ID="string_29" HPOS="149" VPOS="258" WIDTH="54" HEIGHT="24" WC="0.91" CONTENT="gelse"/><SP WIDTH="14" VPOS="258" HPOS="203"/>
							<String ID="string_30" HPOS="217" VPOS="257" WIDTH="35" HEIGHT="19" WC="0.95" CONTENT="vid"/><SP WIDTH="14" VPOS="257" HPOS="252"/>
							<String ID="string_31" HPOS="266" VPOS="258" WIDTH="67" HEIGHT="18" WC="0.95" CONTENT="vatten"/><SP WIDTH="15" VPOS="258" HPOS="333"/>
							<String ID="string_32" HPOS="348" VPOS="257" WIDTH="37" HEIGHT="20" WC="0.96" CONTENT="och"/><SP WIDTH="15" VPOS="257" HPOS="385"/>
							<String ID="string_33" HPOS="400" VPOS="256" WIDTH="58" HEIGHT="27" WC="0.96" CONTENT="bröd,"/><SP WIDTH="16" VPOS="256" HPOS="458"/>
							<String ID="string_34" HPOS="474" VPOS="256" WIDTH="37" HEIGHT="20" WC="0.93" CONTENT="bör"/><SP WIDTH="10" VPOS="256" HPOS="511"/>
							<String ID="string_35" HPOS="521" VPOS="257" WIDTH="111" HEIGHT="20" WC="0.92" CONTENT="hvartdera"/><SP WIDTH="18" VPOS="257" HPOS="632"/>
							<String ID="string_36" HPOS="650" VPOS="256" WIDTH="147" HEIGHT="26" WC="0.92" CONTENT="bötesbeloppet"/><SP WIDTH="15" VPOS="256" HPOS="797"/>
							<String ID="string_37" HPOS="812" VPOS="256" WIDTH="96" HEIGHT="20" WC="0.96" CONTENT="särskildt"/>
						</TextLine>
						<TextLine ID="line_4" HPOS="146" VPOS="292" WIDTH="224" HEIGHT="24">
							<String ID="string_38" HPOS="146" VPOS="292" WIDTH="37" HEIGHT="24" WC="0.96" CONTENT="för"/><SP WIDTH="15" VPOS="292" HPOS="183"/>
							<String ID="string_39" HPOS="198" VPOS="292" WIDTH="31" HEIGHT="24" WC="0.96" CONTENT="sig"/><SP WIDTH="12" VPOS="292" HPOS="229"/>
							<String ID="string_40" HPOS="241" VPOS="292" WIDTH="129" HEIGHT="24" WC="0.95" CONTENT="förvandlas."/>
						</TextLine>
					</TextBlock>
					<TextBlock ID="block_2" HPOS="145" VPOS="321" WIDTH="763" HEIGHT="167">
						<TextLine ID="line_5" HPOS="219" VPOS="321" WIDTH="689" HEIGHT="31">
							<String ID="string_41" HPOS="219" VPOS="326" WIDTH="13" HEIGHT="20" WC="0.92" CONTENT="2"/><SP WIDTH="16" VPOS="326" HPOS="232"/>
							<String ID="string_42" HPOS="248" VPOS="326" WIDTH="20" HEIGHT="25" WC="0.87" CONTENT="($"/><SP WIDTH="15" VPOS="326" HPOS="268"/>
							<String ID="string_43" HPOS="283" VPOS="326" WIDTH="43" HEIGHT="22" WC="0.95" CONTENT="61)."/><SP WIDTH="16" VPOS="326" HPOS="326"/>
							<String ID="string_44" HPOS="342" VPOS="321" WIDTH="29" HEIGHT="24" WC="0.96" CONTENT="Är"/><SP WIDTH="15" VPOS="321" HPOS="371"/>
							<String ID="string_45" HPOS="386" VPOS="326" WIDTH="45" HEIGHT="25" WC="0.95" CONTENT="den,"/><SP WIDTH="11" VPOS="326" HPOS="431"/>
							<String ID="string_46" HPOS="442" VPOS="332" WIDTH="42" HEIGHT="14" WC="0.93" CONTENT="som"/><SP WIDTH="9" VPOS="332" HPOS="484"/>
							<String ID="string_47" HPOS="493" VPOS="326" WIDTH="50" HEIGHT="24" WC="0.92" CONTENT="fälts"/><SP WIDTH="8" VPOS="326" HPOS="543"/>
							<String ID="string_48" HPOS="551" VPOS="326" WIDTH="30" HEIGHT="20" WC="0.96" CONTENT="till"/><SP WIDTH="8" VPOS="326" HPOS="581"/>
							<String ID="string_49" HPOS="589" VPOS="325" WIDTH="62" HEIGHT="27" WC="0.96" CONTENT="böter,"/><SP WIDTH="10" VPOS="325" HPOS="651"/>
							<String ID="string_50" HPOS="661" VPOS="326" WIDTH="64" HEIGHT="20" WC="0.93" CONTENT="tillika"/><SP WIDTH="11" VPOS="326" HPOS="725"/>
							<String ID="string_51" HPOS="736" VPOS="323" WIDTH="65" HEIGHT="27" WC="0.91" CONTENT="älagd"/><SP WIDTH="6" VPOS="323" HPOS="801"/>
							<String ID="string_52" HPOS="807" VPOS="327" WIDTH="30" HEIGHT="18" WC="0.93" CONTENT="att"/><SP WIDTH="8" VPOS="327" HPOS="837"/>
							<String ID="string_53" HPOS="845" VPOS="324" WIDTH="63" HEIGHT="21" WC="0.92" CONTENT="brän-"/>
						</TextLine>
						<TextLine ID="line_6" HPOS="149" VPOS="358" WIDTH="759" HEIGHT="27">
							<String ID="string_54" HPOS="149" VPOS="360" WIDTH="235" HEIGHT="25" WC="0.91" CONTENT="vinstillverkningsskatt"/><SP WIDTH="19" VPOS="360" HPOS="384"/>
							<String ID="string_55" HPOS="403" VPOS="361" WIDTH="84" HEIGHT="24" WC="0.91" CONTENT="utgifva,"/><SP WIDTH="20" VPOS="361" HPOS="487"/>
							<String ID="string_56" HPOS="507" VPOS="358" WIDTH="39" HEIGHT="25" WC="0.96" CONTENT="må,"/><SP WIDTH="19" VPOS="358" HPOS="546"/>
							<String ID="string_57" HPOS="565" VPOS="361" WIDTH="37" HEIGHT="19" WC="0.96" CONTENT="der"/><SP WIDTH="19" VPOS="361" HPOS="602"/>
							<String ID="string_58" HPOS="621" VPOS="358" WIDTH="85" HEIGHT="27" WC="0.95" CONTENT="tillgång"/><SP WIDTH="18" VPOS="358" HPOS="706"/>
							<String ID="string_59" HPOS="724" VPOS="360" WIDTH="77" HEIGHT="20" WC="0.96" CONTENT="saknas"/><SP WIDTH="20" VPOS="360" HPOS="801"/>
							<String ID="string_60" HPOS="821" VPOS="360" WIDTH="30" HEIGHT="19" WC="0.93" CONTENT="till"/><SP WIDTH="12" VPOS="360" HPOS="851"/>
							<String ID="string_61" HPOS="863" VPOS="360" WIDTH="45" HEIGHT="24" WC="0.92" CONTENT="gäl-"/>
						</TextLine>
						<TextLine ID="line_7" HPOS="149" VPOS="393" WIDTH="759" HEIGHT="28">
							<String ID="string_62" HPOS="149" VPOS="396" WIDTH="69" HEIGHT="19" WC="0.94" CONTENT="dande"/><SP WIDTH="14" VPOS="396" HPOS="218"/>
							<String ID="string_63" HPOS="232" VPOS="395" WIDTH="29" HEIGHT="24" WC="0.96" CONTENT="af"/><SP WIDTH="9" VPOS="395" HPOS="261"/>
							<String ID="string_64" HPOS="270" VPOS="395" WIDTH="80" HEIGHT="20" WC="0.95" CONTENT="skatten"/><SP WIDTH="14" VPOS="395" HPOS="350"/>
							<String ID="string_65" HPOS="364" VPOS="396" WIDTH="48" HEIGHT="19" WC="0.96" CONTENT="eller"/><SP WIDTH="15" VPOS="396" HPOS="412"/>
							<String ID="string_66" HPOS="427" VPOS="393" WIDTH="68" HEIGHT="27" WC="0.96" CONTENT="någon"/><SP WIDTH="16" VPOS="393" HPOS="495"/>
							<String ID="string_67" HPOS="511" VPOS="394" WIDTH="33" HEIGHT="21" WC="0.96" CONTENT="del"/><SP WIDTH="15" VPOS="394" HPOS="544"/>
							<String ID="string_68" HPOS="559" VPOS="395" WIDTH="66" HEIGHT="26" WC="0.96" CONTENT="deraf,"/><SP WIDTH="17" VPOS="395" HPOS="625"/>
							<String ID="string_69" HPOS="642" VPOS="394" WIDTH="85" HEIGHT="21" WC="0.96" CONTENT="böterna"/><SP WIDTH="15" VPOS="394" HPOS="727"/>
							<String ID="string_70" HPOS="742" VPOS="395" WIDTH="21" HEIGHT="24" WC="0.96" CONTENT="ej"/><SP WIDTH="13" VPOS="395" HPOS="763"/>
							<String ID="string_71" HPOS="776" VPOS="395" WIDTH="7" HEIGHT="19" WC="0.47" CONTENT="i"/><SP WIDTH="4" VPOS="395" HPOS="783"/>
							<String ID="string_72" HPOS="787" VPOS="394" WIDTH="121" HEIGHT="26" WC="0.47" CONTENT="penningar"/>
						</TextLine>
						<TextLine ID="line_8" HPOS="147" VPOS="427" WIDTH="760" HEIGHT="27">
							<String ID="string_73" HPOS="147" VPOS="430" WIDTH="103" HEIGHT="24" WC="0.96" CONTENT="erläggas,"/><SP WIDTH="16" VPOS="430" HPOS="250"/>
							<String ID="string_74" HPOS="266" VPOS="431" WIDTH="50" HEIGHT="18" WC="0.96" CONTENT="utan"/><SP WIDTH="14" VPOS="431" HPOS="316"/>
							<String ID="string_75" HPOS="330" VPOS="429" WIDTH="53" HEIGHT="20" WC="0.96" CONTENT="skall"/><SP WIDTH="14" VPOS="429" HPOS="383"/>
							<String ID="string_76" HPOS="397" VPOS="430" WIDTH="38" HEIGHT="19" WC="0.93" CONTENT="den"/><SP WIDTH="15" VPOS="430" HPOS="435"/>
							<String ID="string_77" HPOS="450" VPOS="430" WIDTH="95" HEIGHT="24" WC="0.89" CONTENT="sakfälde"/><SP WIDTH="14" VPOS="430" HPOS="545"/>
							<String ID="string_78" HPOS="559" VPOS="430" WIDTH="8" HEIGHT="20" WC="0.96" CONTENT="i"/><SP WIDTH="14" VPOS="430" HPOS="567"/>
							<String ID="string_79" HPOS="581" VPOS="430" WIDTH="67" HEIGHT="19" WC="0.96" CONTENT="stället"/><SP WIDTH="13" VPOS="430" HPOS="648"/>
							<String ID="string_80" HPOS="661" VPOS="427" WIDTH="93" HEIGHT="27" WC="0.96" CONTENT="undergå"/><SP WIDTH="11" VPOS="427" HPOS="754"/>
							<String ID="string_81" HPOS="765" VPOS="429" WIDTH="142" HEIGHT="21" WC="0.96" CONTENT="motsvarande"/>
						</TextLine>
						<TextLine ID="line_9" HPOS="145" VPOS="464" WIDTH="212" HEIGHT="24">
							<String ID="string_82" HPOS="145" VPOS="464" WIDTH="212" HEIGHT="24" WC="0.39" CONTENT="förvandlingsstraj."/>
						</TextLine>
					</TextBlock>
				</ComposedBlock>
				<ComposedBlock ID="cblock_2" HPOS="143" VPOS="526" WIDTH="763" HEIGHT="446">
					<TextBlock ID="block_3" HPOS="500" VPOS="526" WIDTH="61" HEIGHT="28">
						<TextLine ID="line_10" HPOS="500" VPOS="526" WIDTH="61" HEIGHT="28">
							<String ID="string_83" HPOS="500" VPOS="526" WIDTH="11" HEIGHT="28" WC="0.85" CONTENT="8"/><SP WIDTH="17" VPOS="526" HPOS="511"/>
							<String ID="string_84" HPOS="528" VPOS="528" WIDTH="33" HEIGHT="20" WC="0.96" CONTENT="61."/>
						</TextLine>
					</TextBlock>
					<TextBlock ID="block_4" HPOS="143" VPOS="565" WIDTH="763" HEIGHT="131">
						<TextLine ID="line_11" HPOS="218" VPOS="565" WIDTH="688" HEIGHT="29">
							<String ID="string_85" HPOS="218" VPOS="569" WIDTH="18" HEIGHT="19" WC="0.91" CONTENT="1."/><SP WIDTH="30" VPOS="569" HPOS="236"/>
							<String ID="string_86" HPOS="266" VPOS="567" WIDTH="32" HEIGHT="25" WC="0.77" CONTENT="Af"/><SP WIDTH="18" VPOS="567" HPOS="298"/>
							<String ID="string_87" HPOS="316" VPOS="567" WIDTH="61" HEIGHT="27" WC="0.96" CONTENT="böter,"/><SP WIDTH="24" VPOS="567" HPOS="377"/>
							<String ID="string_88" HPOS="401" VPOS="573" WIDTH="42" HEIGHT="14" WC="0.96" CONTENT="som"/><SP WIDTH="19" VPOS="573" HPOS="443"/>
							<String ID="string_89" HPOS="462" VPOS="569" WIDTH="62" HEIGHT="24" WC="0.96" CONTENT="enligt"/><SP WIDTH="15" VPOS="569" HPOS="524"/>
							<String ID="string_90" HPOS="539" VPOS="569" WIDTH="67" HEIGHT="19" WC="0.93" CONTENT="denna"/><SP WIDTH="12" VPOS="569" HPOS="606"/>
							<String ID="string_91" HPOS="618" VPOS="568" WIDTH="126" HEIGHT="25" WC="0.92" CONTENT="förordning"/><SP WIDTH="16" VPOS="568" HPOS="744"/>
							<String ID="string_92" HPOS="760" VPOS="565" WIDTH="89" HEIGHT="28" WC="0.85" CONTENT="ädömas,"/><SP WIDTH="18" VPOS="565" HPOS="849"/>
							<String ID="string_93" HPOS="867" VPOS="567" WIDTH="39" HEIGHT="19" WC="0.89" CONTENT="till-"/>
						</TextLine>
						<TextLine ID="line_12" HPOS="143" VPOS="600" WIDTH="762" HEIGHT="27">
							<String ID="string_94" HPOS="143" VPOS="603" WIDTH="55" HEIGHT="24" WC="0.5" CONTENT="alle"/><SP WIDTH="23" VPOS="603" HPOS="198"/>
							<String ID="string_95" HPOS="221" VPOS="600" WIDTH="33" HEIGHT="22" WC="0.95" CONTENT="två"/><SP WIDTH="22" VPOS="600" HPOS="254"/>
							<String ID="string_96" HPOS="276" VPOS="603" WIDTH="124" HEIGHT="24" WC="0.89" CONTENT="tredjedelar"/><SP WIDTH="23" VPOS="603" HPOS="400"/>
							<String ID="string_97" HPOS="423" VPOS="600" WIDTH="113" HEIGHT="27" WC="0.96" CONTENT="åklagaren"/><SP WIDTH="23" VPOS="600" HPOS="536"/>
							<String ID="string_98" HPOS="559" VPOS="603" WIDTH="37" HEIGHT="20" WC="0.96" CONTENT="och"/><SP WIDTH="23" VPOS="603" HPOS="596"/>
							<String ID="string_99" HPOS="619" VPOS="608" WIDTH="25" HEIGHT="15" WC="0.93" CONTENT="en"/><SP WIDTH="20" VPOS="608" HPOS="644"/>
							<String ID="string_100" HPOS="664" VPOS="602" WIDTH="99" HEIGHT="25" WC="0.92" CONTENT="tredjedel"/><SP WIDTH="14" VPOS="602" HPOS="763"/>
							<String ID="string_101" HPOS="777" VPOS="602" WIDTH="128" HEIGHT="25" WC="0.72" CONTENT="angifvaren,"/>
						</TextLine>
						<TextLine ID="line_13" HPOS="149" VPOS="635" WIDTH="757" HEIGHT="28">
							<String ID="string_102" HPOS="149" VPOS="635" WIDTH="27" HEIGHT="22" WC="0.96" CONTENT="dä"/><SP WIDTH="23" VPOS="635" HPOS="176"/>
							<String ID="string_103" HPOS="199" VPOS="637" WIDTH="25" HEIGHT="20" WC="0.96" CONTENT="de"/><SP WIDTH="18" VPOS="637" HPOS="224"/>
							<String ID="string_104" HPOS="242" VPOS="639" WIDTH="122" HEIGHT="22" WC="0.93" CONTENT="gemensamt"/><SP WIDTH="19" VPOS="639" HPOS="364"/>
							<String ID="string_105" HPOS="383" VPOS="636" WIDTH="68" HEIGHT="25" WC="0.92" CONTENT="beifra"/><SP WIDTH="15" VPOS="636" HPOS="451"/>
							<String ID="string_106" HPOS="466" VPOS="637" WIDTH="144" HEIGHT="26" WC="0.90" CONTENT="förbrytelsen,"/><SP WIDTH="18" VPOS="637" HPOS="610"/>
							<String ID="string_107" HPOS="628" VPOS="642" WIDTH="46" HEIGHT="15" WC="0.93" CONTENT="men"/><SP WIDTH="15" VPOS="642" HPOS="674"/>
							<String ID="string_108" HPOS="689" VPOS="635" WIDTH="114" HEIGHT="26" WC="0.92" CONTENT="äklagaren"/><SP WIDTH="16" VPOS="635" HPOS="803"/>
							<String ID="string_109" HPOS="819" VPOS="637" WIDTH="87" HEIGHT="24" WC="0.91" CONTENT="odeladt,"/>
						</TextLine>
						<TextLine ID="line_14" HPOS="148" VPOS="669" WIDTH="408" HEIGHT="27">
							<String ID="string_110" HPOS="148" VPOS="672" WIDTH="8" HEIGHT="19" WC="0.93" CONTENT="i"/><SP WIDTH="15" VPOS="672" HPOS="156"/>
							<String ID="string_111" HPOS="171" VPOS="671" WIDTH="95" HEIGHT="20" WC="0.92" CONTENT="händelse"/><SP WIDTH="14" VPOS="671" HPOS="266"/>
							<String ID="string_112" HPOS="280" VPOS="671" WIDTH="41" HEIGHT="20" WC="0.93" CONTENT="han"/><SP WIDTH="17" VPOS="671" HPOS="321"/>
							<String ID="string_113" HPOS="338" VPOS="676" WIDTH="67" HEIGHT="15" WC="0.92" CONTENT="ensam"/><SP WIDTH="15" VPOS="676" HPOS="405"/>
							<String ID="string_114" HPOS="420" VPOS="672" WIDTH="56" HEIGHT="24" WC="0.90" CONTENT="utför"/><SP WIDTH="15" VPOS="672" HPOS="476"/>
							<String ID="string_115" HPOS="491" VPOS="669" WIDTH="65" HEIGHT="22" WC="0.93" CONTENT="mälet."/>
						</TextLine>
					</TextBlock>
					<TextBlock ID="block_5" HPOS="145" VPOS="703" WIDTH="761" HEIGHT="269">
						<TextLine ID="line_15" HPOS="216" VPOS="703" WIDTH="688" HEIGHT="28">
							<String ID="string_116" HPOS="216" VPOS="706" WIDTH="22" HEIGHT="20" WC="0.92" CONTENT="2."/><SP WIDTH="29" VPOS="706" HPOS="238"/>
							<String ID="string_117" HPOS="267" VPOS="703" WIDTH="30" HEIGHT="22" WC="0.95" CONTENT="På"/><SP WIDTH="23" VPOS="703" HPOS="297"/>
							<String ID="string_118" HPOS="320" VPOS="706" WIDTH="109" HEIGHT="20" WC="0.94" CONTENT="enahanda"/><SP WIDTH="22" VPOS="706" HPOS="429"/>
							<String ID="string_119" HPOS="451" VPOS="707" WIDTH="40" HEIGHT="18" WC="0.92" CONTENT="sätt"/><SP WIDTH="17" VPOS="707" HPOS="491"/>
							<String ID="string_120" HPOS="508" VPOS="707" WIDTH="94" HEIGHT="24" WC="0.92" CONTENT="förfares"/><SP WIDTH="14" VPOS="707" HPOS="602"/>
							<String ID="string_121" HPOS="616" VPOS="707" WIDTH="46" HEIGHT="20" WC="0.92" CONTENT="med"/><SP WIDTH="14" VPOS="707" HPOS="662"/>
							<String ID="string_122" HPOS="676" VPOS="707" WIDTH="71" HEIGHT="19" WC="0.96" CONTENT="värdet"/><SP WIDTH="12" VPOS="707" HPOS="747"/>
							<String ID="string_123" HPOS="759" VPOS="706" WIDTH="37" HEIGHT="24" WC="0.93" CONTENT="för"/><SP WIDTH="14" VPOS="706" HPOS="796"/>
							<String ID="string_124" HPOS="810" VPOS="705" WIDTH="94" HEIGHT="24" WC="0.96" CONTENT="redskap,"/>
						</TextLine>
						<TextLine ID="line_16" HPOS="147" VPOS="739" WIDTH="759" HEIGHT="26">
							<String ID="string_125" HPOS="147" VPOS="739" WIDTH="86" HEIGHT="21" WC="0.96" CONTENT="bränvin"/><SP WIDTH="23" VPOS="739" HPOS="233"/>
							<String ID="string_126" HPOS="256" VPOS="740" WIDTH="38" HEIGHT="19" WC="0.95" CONTENT="och"/><SP WIDTH="22" VPOS="740" HPOS="294"/>
							<String ID="string_127" HPOS="316" VPOS="745" WIDTH="69" HEIGHT="15" WC="0.92" CONTENT="annan"/><SP WIDTH="19" VPOS="745" HPOS="385"/>
							<String ID="string_128" HPOS="404" VPOS="741" WIDTH="104" HEIGHT="24" WC="0.95" CONTENT="egendom,"/><SP WIDTH="15" VPOS="741" HPOS="508"/>
							<String ID="string_129" HPOS="523" VPOS="746" WIDTH="42" HEIGHT="14" WC="0.96" CONTENT="som"/><SP WIDTH="11" VPOS="746" HPOS="565"/>
							<String ID="string_130" HPOS="576" VPOS="741" WIDTH="117" HEIGHT="24" WC="0.93" CONTENT="förklarats"/><SP WIDTH="12" VPOS="741" HPOS="693"/>
							<String ID="string_131" HPOS="705" VPOS="740" WIDTH="115" HEIGHT="25" WC="0.90" CONTENT="förbrutne,"/><SP WIDTH="15" VPOS="740" HPOS="820"/>
							<String ID="string_132" HPOS="835" VPOS="740" WIDTH="8" HEIGHT="19" WC="0.92" CONTENT="i"/><SP WIDTH="14" VPOS="740" HPOS="843"/>
							<String ID="string_133" HPOS="857" VPOS="739" WIDTH="49" HEIGHT="20" WC="0.92" CONTENT="hvil-"/>
						</TextLine>
						<TextLine ID="line_17" HPOS="148" VPOS="772" WIDTH="756" HEIGHT="29">
							<String ID="string_134" HPOS="148" VPOS="774" WIDTH="34" HEIGHT="21" WC="0.96" CONTENT="ket"/><SP WIDTH="24" VPOS="774" HPOS="182"/>
							<String ID="string_135" HPOS="206" VPOS="775" WIDTH="97" HEIGHT="24" WC="0.95" CONTENT="afseende"/><SP WIDTH="21" VPOS="775" HPOS="303"/>
							<String ID="string_136" HPOS="324" VPOS="772" WIDTH="75" HEIGHT="22" WC="0.93" CONTENT="sådant"/><SP WIDTH="22" VPOS="772" HPOS="399"/>
							<String ID="string_137" HPOS="421" VPOS="775" WIDTH="135" HEIGHT="26" WC="0.91" CONTENT="beslagsgods,"/><SP WIDTH="24" VPOS="775" HPOS="556"/>
							<String ID="string_138" HPOS="580" VPOS="775" WIDTH="46" HEIGHT="20" WC="0.96" CONTENT="med"/><SP WIDTH="20" VPOS="775" HPOS="626"/>
							<String ID="string_139" HPOS="646" VPOS="775" WIDTH="108" HEIGHT="24" WC="0.96" CONTENT="undantag"/><SP WIDTH="21" VPOS="775" HPOS="754"/>
							<String ID="string_140" HPOS="775" VPOS="775" WIDTH="28" HEIGHT="24" WC="0.93" CONTENT="af"/><SP WIDTH="10" VPOS="775" HPOS="803"/>
							<String ID="string_141" HPOS="813" VPOS="774" WIDTH="91" HEIGHT="24" WC="0.96" CONTENT="bränvin,"/>
						</TextLine>
						<TextLine ID="line_18" HPOS="147" VPOS="806" WIDTH="758" HEIGHT="29">
							<String ID="string_142" HPOS="147" VPOS="809" WIDTH="83" HEIGHT="20" WC="0.92" CONTENT="hvarom"/><SP WIDTH="22" VPOS="809" HPOS="230"/>
							<String ID="string_143" HPOS="252" VPOS="809" WIDTH="86" HEIGHT="24" WC="0.96" CONTENT="stadgas"/><SP WIDTH="17" VPOS="809" HPOS="338"/>
							<String ID="string_144" HPOS="355" VPOS="810" WIDTH="7" HEIGHT="19" WC="0.93" CONTENT="i"/><SP WIDTH="18" VPOS="810" HPOS="362"/>
							<String ID="string_145" HPOS="380" VPOS="809" WIDTH="14" HEIGHT="24" WC="0.91" CONTENT="$"/><SP WIDTH="15" VPOS="809" HPOS="394"/>
							<String ID="string_146" HPOS="409" VPOS="809" WIDTH="28" HEIGHT="20" WC="0.94" CONTENT="28"/><SP WIDTH="16" VPOS="809" HPOS="437"/>
							<String ID="string_147" HPOS="453" VPOS="810" WIDTH="28" HEIGHT="24" WC="0.96" CONTENT="af"/><SP WIDTH="7" VPOS="810" HPOS="481"/>
							<String ID="string_148" HPOS="488" VPOS="810" WIDTH="151" HEIGHT="24" WC="0.96" CONTENT="förordningen"/><SP WIDTH="15" VPOS="810" HPOS="639"/>
							<String ID="string_149" HPOS="654" VPOS="810" WIDTH="28" HEIGHT="24" WC="0.96" CONTENT="af"/><SP WIDTH="11" VPOS="810" HPOS="682"/>
							<String ID="string_150" HPOS="693" VPOS="810" WIDTH="67" HEIGHT="19" WC="0.96" CONTENT="denna"/><SP WIDTH="15" VPOS="810" HPOS="760"/>
							<String ID="string_151" HPOS="775" VPOS="809" WIDTH="48" HEIGHT="26" WC="0.93" CONTENT="dag,"/><SP WIDTH="18" VPOS="809" HPOS="823"/>
							<String ID="string_152" HPOS="841" VPOS="806" WIDTH="64" HEIGHT="27" WC="0.92" CONTENT="angå-"/>
						</TextLine>
						<TextLine ID="line_19" HPOS="149" VPOS="841" WIDTH="755" HEIGHT="30">
							<String ID="string_153" HPOS="149" VPOS="843" WIDTH="51" HEIGHT="20" WC="0.96" CONTENT="ende"/><SP WIDTH="15" VPOS="843" HPOS="200"/>
							<String ID="string_154" HPOS="215" VPOS="843" WIDTH="126" HEIGHT="25" WC="0.91" CONTENT="försäljning"/><SP WIDTH="15" VPOS="843" HPOS="341"/>
							<String ID="string_155" HPOS="356" VPOS="849" WIDTH="24" HEIGHT="14" WC="0.90" CONTENT="m."/><SP WIDTH="16" VPOS="849" HPOS="380"/>
							<String ID="string_156" HPOS="396" VPOS="849" WIDTH="25" HEIGHT="14" WC="0.89" CONTENT="m."/><SP WIDTH="16" VPOS="849" HPOS="421"/>
							<String ID="string_157" HPOS="437" VPOS="844" WIDTH="29" HEIGHT="24" WC="0.95" CONTENT="af"/><SP WIDTH="11" VPOS="844" HPOS="466"/>
							<String ID="string_158" HPOS="477" VPOS="843" WIDTH="91" HEIGHT="26" WC="0.96" CONTENT="bränvin,"/><SP WIDTH="17" VPOS="843" HPOS="568"/>
							<String ID="string_159" HPOS="585" VPOS="843" WIDTH="37" HEIGHT="20" WC="0.96" CONTENT="bör"/><SP WIDTH="14" VPOS="843" HPOS="622"/>
							<String ID="string_160" HPOS="636" VPOS="849" WIDTH="72" HEIGHT="20" WC="0.96" CONTENT="genom"/><SP WIDTH="15" VPOS="849" HPOS="708"/>
							<String ID="string_161" HPOS="723" VPOS="841" WIDTH="124" HEIGHT="30" WC="0.93" CONTENT="åklagarens"/><SP WIDTH="12" VPOS="841" HPOS="847"/>
							<String ID="string_162" HPOS="859" VPOS="843" WIDTH="45" HEIGHT="24" WC="0.92" CONTENT="för-"/>
						</TextLine>
						<TextLine ID="line_20" HPOS="145" VPOS="878" WIDTH="760" HEIGHT="25">
							<String ID="string_163" HPOS="145" VPOS="883" WIDTH="50" HEIGHT="19" WC="0.89" CONTENT="sory"/><SP WIDTH="23" VPOS="883" HPOS="195"/>
							<String ID="string_164" HPOS="218" VPOS="878" WIDTH="13" HEIGHT="19" WC="0.58" CONTENT="å"/><SP WIDTH="15" VPOS="878" HPOS="231"/>
							<String ID="string_165" HPOS="246" VPOS="878" WIDTH="91" HEIGHT="24" WC="0.54" CONTENT="offentlig"/><SP WIDTH="16" VPOS="878" HPOS="337"/>
							<String ID="string_166" HPOS="353" VPOS="878" WIDTH="82" HEIGHT="20" WC="0.93" CONTENT="auktion"/><SP WIDTH="14" VPOS="878" HPOS="435"/>
							<String ID="string_167" HPOS="449" VPOS="879" WIDTH="99" HEIGHT="23" WC="0.91" CONTENT="försäljas"/><SP WIDTH="14" VPOS="879" HPOS="548"/>
							<String ID="string_168" HPOS="562" VPOS="880" WIDTH="53" HEIGHT="18" WC="0.96" CONTENT="samt"/><SP WIDTH="9" VPOS="880" HPOS="615"/>
							<String ID="string_169" HPOS="624" VPOS="879" WIDTH="125" HEIGHT="24" WC="0.93" CONTENT="protokollet"/><SP WIDTH="14" VPOS="879" HPOS="749"/>
							<String ID="string_170" HPOS="763" VPOS="878" WIDTH="96" HEIGHT="25" WC="0.92" CONTENT="deröfver"/><SP WIDTH="10" VPOS="878" HPOS="859"/>
							<String ID="string_171" HPOS="869" VPOS="878" WIDTH="36" HEIGHT="19" WC="0.96" CONTENT="hos"/>
						</TextLine>
						<TextLine ID="line_21" HPOS="147" VPOS="910" WIDTH="757" HEIGHT="28">
							<String ID="string_172" HPOS="147" VPOS="913" WIDTH="109" HEIGHT="19" WC="0.91" CONTENT="domstolen"/><SP WIDTH="20" VPOS="913" HPOS="256"/>
							<String ID="string_173" HPOS="276" VPOS="912" WIDTH="82" HEIGHT="24" WC="0.90" CONTENT="företes,"/><SP WIDTH="21" VPOS="912" HPOS="358"/>
							<String ID="string_174" HPOS="379" VPOS="910" WIDTH="28" HEIGHT="27" WC="0.96" CONTENT="på"/><SP WIDTH="21" VPOS="910" HPOS="407"/>
							<String ID="string_175" HPOS="428" VPOS="913" WIDTH="34" HEIGHT="20" WC="0.93" CONTENT="det"/><SP WIDTH="22" VPOS="913" HPOS="462"/>
							<String ID="string_176" HPOS="484" VPOS="913" WIDTH="199" HEIGHT="25" WC="0.92" CONTENT="auktionsskillingen"/><SP WIDTH="21" VPOS="913" HPOS="683"/>
							<String ID="string_177" HPOS="704" VPOS="911" WIDTH="31" HEIGHT="21" WC="0.96" CONTENT="mä"/><SP WIDTH="15" VPOS="911" HPOS="735"/>
							<String ID="string_178" HPOS="750" VPOS="913" WIDTH="70" HEIGHT="20" WC="0.96" CONTENT="kunna"/><SP WIDTH="14" VPOS="913" HPOS="820"/>
							<String ID="string_179" HPOS="834" VPOS="913" WIDTH="8" HEIGHT="19" WC="0.93" CONTENT="i"/><SP WIDTH="14" VPOS="913" HPOS="842"/>
							<String ID="string_180" HPOS="856" VPOS="912" WIDTH="48" HEIGHT="19" WC="0.90" CONTENT="sak-"/>
						</TextLine>
						<TextLine ID="line_22" HPOS="145" VPOS="947" WIDTH="444" HEIGHT="25">
							<String ID="string_181" HPOS="145" VPOS="947" WIDTH="135" HEIGHT="24" WC="0.86" CONTENT="öreslängden"/><SP WIDTH="16" VPOS="947" HPOS="280"/>
							<String ID="string_182" HPOS="296" VPOS="947" WIDTH="30" HEIGHT="19" WC="0.96" CONTENT="till"/><SP WIDTH="12" VPOS="947" HPOS="326"/>
							<String ID="string_183" HPOS="338" VPOS="947" WIDTH="129" HEIGHT="25" WC="0.92" CONTENT="redovisning"/><SP WIDTH="14" VPOS="947" HPOS="467"/>
							<String ID="string_184" HPOS="481" VPOS="949" WIDTH="108" HEIGHT="23" WC="0.96" CONTENT="upptagas."/>
						</TextLine>
					</TextBlock>
				</ComposedBlock>
				<ComposedBlock ID="cblock_3" HPOS="161" VPOS="1008" WIDTH="726" HEIGHT="75">
					<TextBlock ID="block_6" HPOS="161" VPOS="1008" WIDTH="726" HEIGHT="75">
						<TextLine ID="line_23" HPOS="465" VPOS="1008" WIDTH="117" HEIGHT="19">
							<String ID="string_185" HPOS="465" VPOS="1008" WIDTH="59" HEIGHT="19" WC="0.91" CONTENT="Art."/><SP WIDTH="12" VPOS="1008" HPOS="524"/>
							<String ID="string_186" HPOS="536" VPOS="1008" WIDTH="46" HEIGHT="19" WC="0.91" CONTENT="VI."/>
						</TextLine>
						<TextLine ID="line_24" HPOS="161" VPOS="1053" WIDTH="726" HEIGHT="30">
							<String ID="string_187" HPOS="161" VPOS="1053" WIDTH="135" HEIGHT="23" WC="0.92" CONTENT="Föreskrifter"/><SP WIDTH="16" VPOS="1053" HPOS="296"/>
							<String ID="string_188" HPOS="312" VPOS="1054" WIDTH="5" HEIGHT="21" WC="0.93" CONTENT="i"/><SP WIDTH="16" VPOS="1054" HPOS="317"/>
							<String ID="string_189" HPOS="333" VPOS="1055" WIDTH="98" HEIGHT="22" WC="0.91" CONTENT="afseende"/><SP WIDTH="16" VPOS="1055" HPOS="431"/>
							<String ID="string_190" HPOS="447" VPOS="1054" WIDTH="13" HEIGHT="23" WC="0.93" CONTENT="&amp;"/><SP WIDTH="15" VPOS="1054" HPOS="460"/>
							<String ID="string_191" HPOS="475" VPOS="1055" WIDTH="153" HEIGHT="28" WC="0.93" CONTENT="verkställighet"/><SP WIDTH="16" VPOS="1055" HPOS="628"/>
							<String ID="string_192" HPOS="644" VPOS="1055" WIDTH="21" HEIGHT="22" WC="0.96" CONTENT="af"/><SP WIDTH="15" VPOS="1055" HPOS="665"/>
							<String ID="string_193" HPOS="680" VPOS="1055" WIDTH="66" HEIGHT="22" WC="0.93" CONTENT="denna"/><SP WIDTH="15" VPOS="1055" HPOS="746"/>
							<String ID="string_194" HPOS="761" VPOS="1053" WIDTH="126" HEIGHT="28" WC="0.92" CONTENT="förordning."/>
						</TextLine>
					</TextBlock>
				</ComposedBlock>
				<ComposedBlock ID="cblock_4" HPOS="142" VPOS="1118" WIDTH="761" HEIGHT="101">
					<TextBlock ID="block_7" HPOS="142" VPOS="1118" WIDTH="761" HEIGHT="101">
						<TextLine ID="line_25" HPOS="492" VPOS="1118" WIDTH="62" HEIGHT="26">
							<String ID="string_195" HPOS="492" VPOS="1118" WIDTH="12" HEIGHT="26" WC="0.83" CONTENT="8"/><SP WIDTH="16" VPOS="1118" HPOS="504"/>
							<String ID="string_196" HPOS="520" VPOS="1119" WIDTH="34" HEIGHT="21" WC="0.95" CONTENT="62."/>
						</TextLine>
						<TextLine ID="line_26" HPOS="212" VPOS="1156" WIDTH="691" HEIGHT="29">
							<String ID="string_197" HPOS="212" VPOS="1156" WIDTH="152" HEIGHT="28" WC="0.92" CONTENT="Länestyrelse"/><SP WIDTH="21" VPOS="1156" HPOS="364"/>
							<String ID="string_198" HPOS="385" VPOS="1157" WIDTH="58" HEIGHT="22" WC="0.93" CONTENT="hälle"/><SP WIDTH="23" VPOS="1157" HPOS="443"/>
							<String ID="string_199" HPOS="466" VPOS="1159" WIDTH="76" HEIGHT="25" WC="0.91" CONTENT="sträng"/><SP WIDTH="15" VPOS="1159" HPOS="542"/>
							<String ID="string_200" HPOS="557" VPOS="1158" WIDTH="72" HEIGHT="27" WC="0.90" CONTENT="tillsyn"/><SP WIDTH="21" VPOS="1158" HPOS="629"/>
							<String ID="string_201" HPOS="650" VPOS="1158" WIDTH="60" HEIGHT="22" WC="0.93" CONTENT="öfver"/><SP WIDTH="13" VPOS="1158" HPOS="710"/>
							<String ID="string_202" HPOS="723" VPOS="1157" WIDTH="141" HEIGHT="28" WC="0.92" CONTENT="iakttagande"/><SP WIDTH="16" VPOS="1157" HPOS="864"/>
							<String ID="string_203" HPOS="880" VPOS="1156" WIDTH="23" HEIGHT="22" WC="0.96" CONTENT="af"/>
						</TextLine>
						<TextLine ID="line_27" HPOS="142" VPOS="1191" WIDTH="470" HEIGHT="28">
							<String ID="string_204" HPOS="142" VPOS="1191" WIDTH="58" HEIGHT="21" WC="0.90" CONTENT="hvad"/><SP WIDTH="13" VPOS="1191" HPOS="200"/>
							<String ID="string_205" HPOS="213" VPOS="1191" WIDTH="7" HEIGHT="21" WC="0.95" CONTENT="i"/><SP WIDTH="16" VPOS="1191" HPOS="220"/>
							<String ID="string_206" HPOS="236" VPOS="1192" WIDTH="71" HEIGHT="21" WC="0.93" CONTENT="denna"/><SP WIDTH="14" VPOS="1192" HPOS="307"/>
							<String ID="string_207" HPOS="321" VPOS="1191" WIDTH="126" HEIGHT="28" WC="0.92" CONTENT="författning"/><SP WIDTH="16" VPOS="1191" HPOS="447"/>
							<String ID="string_208" HPOS="463" VPOS="1192" WIDTH="103" HEIGHT="27" WC="0.92" CONTENT="stadgadt"/><SP WIDTH="15" VPOS="1192" HPOS="566"/>
							<String ID="string_209" HPOS="581" VPOS="1194" WIDTH="31" HEIGHT="20" WC="0.96" CONTENT="är."/>
						</TextLine>
					</TextBlock>
				</ComposedBlock>
				<ComposedBlock ID="cblock_5" HPOS="141" VPOS="1254" WIDTH="760" HEIGHT="231">
					<TextBlock ID="block_8" HPOS="495" VPOS="1254" WIDTH="61" HEIGHT="27">
						<TextLine ID="line_28" HPOS="495" VPOS="1254" WIDTH="61" HEIGHT="27">
							<String ID="string_210" HPOS="495" VPOS="1254" WIDTH="11" HEIGHT="27" WC="0.92" CONTENT="8"/><SP WIDTH="17" VPOS="1254" HPOS="506"/>
							<String ID="string_211" HPOS="523" VPOS="1257" WIDTH="33" HEIGHT="20" WC="0.92" CONTENT="63."/>
						</TextLine>
					</TextBlock>
					<TextBlock ID="block_9" HPOS="141" VPOS="1287" WIDTH="760" HEIGHT="167">
						<TextLine ID="line_29" HPOS="226" VPOS="1287" WIDTH="675" HEIGHT="29">
							<String ID="string_212" HPOS="226" VPOS="1287" WIDTH="167" HEIGHT="23" WC="0.95" CONTENT="Vederbörande"/><SP WIDTH="32" VPOS="1287" HPOS="393"/>
							<String ID="string_213" HPOS="425" VPOS="1288" WIDTH="101" HEIGHT="28" WC="0.95" CONTENT="åklagare"/><SP WIDTH="31" VPOS="1288" HPOS="526"/>
							<String ID="string_214" HPOS="557" VPOS="1291" WIDTH="56" HEIGHT="20" WC="0.95" CONTENT="samt"/><SP WIDTH="29" VPOS="1291" HPOS="613"/>
							<String ID="string_215" HPOS="642" VPOS="1290" WIDTH="27" HEIGHT="22" WC="0.95" CONTENT="de"/><SP WIDTH="26" VPOS="1290" HPOS="669"/>
							<String ID="string_216" HPOS="695" VPOS="1295" WIDTH="110" HEIGHT="21" WC="0.93" CONTENT="personer,"/><SP WIDTH="24" VPOS="1295" HPOS="805"/>
							<String ID="string_217" HPOS="829" VPOS="1288" WIDTH="72" HEIGHT="22" WC="0.96" CONTENT="hvilka"/>
						</TextLine>
						<TextLine ID="line_30" HPOS="145" VPOS="1322" WIDTH="755" HEIGHT="28">
							<String ID="string_218" HPOS="145" VPOS="1322" WIDTH="103" HEIGHT="21" WC="0.96" CONTENT="särskildt"/><SP WIDTH="22" VPOS="1322" HPOS="248"/>
							<String ID="string_219" HPOS="270" VPOS="1322" WIDTH="113" HEIGHT="22" WC="0.96" CONTENT="förordnas"/><SP WIDTH="20" VPOS="1322" HPOS="383"/>
							<String ID="string_220" HPOS="403" VPOS="1325" WIDTH="33" HEIGHT="19" WC="0.93" CONTENT="att"/><SP WIDTH="15" VPOS="1325" HPOS="436"/>
							<String ID="string_221" HPOS="451" VPOS="1324" WIDTH="56" HEIGHT="21" WC="0.96" CONTENT="vaka"/><SP WIDTH="16" VPOS="1324" HPOS="507"/>
							<String ID="string_222" HPOS="523" VPOS="1323" WIDTH="59" HEIGHT="22" WC="0.96" CONTENT="öfver"/><SP WIDTH="15" VPOS="1323" HPOS="582"/>
							<String ID="string_223" HPOS="597" VPOS="1324" WIDTH="71" HEIGHT="21" WC="0.93" CONTENT="denna"/><SP WIDTH="14" VPOS="1324" HPOS="668"/>
							<String ID="string_224" HPOS="682" VPOS="1323" WIDTH="138" HEIGHT="27" WC="0.92" CONTENT="författnings"/><SP WIDTH="16" VPOS="1323" HPOS="820"/>
							<String ID="string_225" HPOS="836" VPOS="1322" WIDTH="64" HEIGHT="22" WC="0.93" CONTENT="efter-"/>
						</TextLine>
						<TextLine ID="line_31" HPOS="141" VPOS="1355" WIDTH="758" HEIGHT="29">
							<String ID="string_226" HPOS="141" VPOS="1355" WIDTH="79" HEIGHT="27" WC="0.92" CONTENT="lefnad,"/><SP WIDTH="23" VPOS="1355" HPOS="220"/>
							<String ID="string_227" HPOS="243" VPOS="1356" WIDTH="70" HEIGHT="27" WC="0.92" CONTENT="äligge"/><SP WIDTH="16" VPOS="1356" HPOS="313"/>
							<String ID="string_228" HPOS="329" VPOS="1358" WIDTH="33" HEIGHT="20" WC="0.93" CONTENT="att"/><SP WIDTH="14" VPOS="1358" HPOS="362"/>
							<String ID="string_229" HPOS="376" VPOS="1356" WIDTH="140" HEIGHT="28" WC="0.96" CONTENT="förbrytelser"/><SP WIDTH="19" VPOS="1356" HPOS="516"/>
							<String ID="string_230" HPOS="535" VPOS="1360" WIDTH="45" HEIGHT="20" WC="0.92" CONTENT="mot"/><SP WIDTH="20" VPOS="1360" HPOS="580"/>
							<String ID="string_231" HPOS="600" VPOS="1358" WIDTH="124" HEIGHT="22" WC="0.96" CONTENT="densamma"/><SP WIDTH="16" VPOS="1358" HPOS="724"/>
							<String ID="string_232" HPOS="740" VPOS="1358" WIDTH="58" HEIGHT="21" WC="0.93" CONTENT="åtala"/><SP WIDTH="15" VPOS="1358" HPOS="798"/>
							<String ID="string_233" HPOS="813" VPOS="1358" WIDTH="86" HEIGHT="24" WC="0.82" CONTENT="(utesl.)."/>
						</TextLine>
						<TextLine ID="line_32" HPOS="141" VPOS="1388" WIDTH="759" HEIGHT="32">
							<String ID="string_234" HPOS="141" VPOS="1388" WIDTH="33" HEIGHT="22" WC="0.93" CONTENT="En"/><SP WIDTH="22" VPOS="1388" HPOS="174"/>
							<String ID="string_235" HPOS="196" VPOS="1389" WIDTH="53" HEIGHT="22" WC="0.96" CONTENT="hvar"/><SP WIDTH="22" VPOS="1389" HPOS="249"/>
							<String ID="string_236" HPOS="271" VPOS="1396" WIDTH="51" HEIGHT="22" WC="0.96" CONTENT="eger"/><SP WIDTH="24" VPOS="1396" HPOS="322"/>
							<String ID="string_237" HPOS="346" VPOS="1392" WIDTH="36" HEIGHT="20" WC="0.76" CONTENT="hos"/><SP WIDTH="15" VPOS="1392" HPOS="382"/>
							<String ID="string_238" HPOS="397" VPOS="1393" WIDTH="46" HEIGHT="19" WC="0.93" CONTENT="dem"/><SP WIDTH="14" VPOS="1393" HPOS="443"/>
							<String ID="string_239" HPOS="457" VPOS="1392" WIDTH="141" HEIGHT="28" WC="0.96" CONTENT="förbrytelser"/><SP WIDTH="17" VPOS="1392" HPOS="598"/>
							<String ID="string_240" HPOS="615" VPOS="1394" WIDTH="60" HEIGHT="20" WC="0.96" CONTENT="emot"/><SP WIDTH="15" VPOS="1394" HPOS="675"/>
							<String ID="string_241" HPOS="690" VPOS="1392" WIDTH="71" HEIGHT="22" WC="0.93" CONTENT="denna"/><SP WIDTH="13" VPOS="1392" HPOS="761"/>
							<String ID="string_242" HPOS="774" VPOS="1392" WIDTH="126" HEIGHT="26" WC="0.96" CONTENT="förordning"/>
						</TextLine>
						<TextLine ID="line_33" HPOS="142" VPOS="1423" WIDTH="756" HEIGHT="31">
							<String ID="string_243" HPOS="142" VPOS="1423" WIDTH="90" HEIGHT="27" WC="0.92" CONTENT="angifva,"/><SP WIDTH="17" VPOS="1423" HPOS="232"/>
							<String ID="string_244" HPOS="249" VPOS="1424" WIDTH="56" HEIGHT="22" WC="0.93" CONTENT="dock"/><SP WIDTH="15" VPOS="1424" HPOS="305"/>
							<String ID="string_245" HPOS="320" VPOS="1426" WIDTH="18" HEIGHT="26" WC="0.93" CONTENT="ej"/><SP WIDTH="18" VPOS="1426" HPOS="338"/>
							<String ID="string_246" HPOS="356" VPOS="1425" WIDTH="105" HEIGHT="23" WC="0.92" CONTENT="föräldrar"/><SP WIDTH="16" VPOS="1425" HPOS="461"/>
							<String ID="string_247" HPOS="477" VPOS="1427" WIDTH="40" HEIGHT="21" WC="0.96" CONTENT="och"/><SP WIDTH="16" VPOS="1427" HPOS="517"/>
							<String ID="string_248" HPOS="533" VPOS="1427" WIDTH="52" HEIGHT="21" WC="0.96" CONTENT="barn"/><SP WIDTH="17" VPOS="1427" HPOS="585"/>
							<String ID="string_249" HPOS="602" VPOS="1427" WIDTH="52" HEIGHT="23" WC="0.93" CONTENT="eller"/><SP WIDTH="15" VPOS="1427" HPOS="654"/>
							<String ID="string_250" HPOS="669" VPOS="1427" WIDTH="74" HEIGHT="21" WC="0.92" CONTENT="makar"/><SP WIDTH="12" VPOS="1427" HPOS="743"/>
							<String ID="string_251" HPOS="755" VPOS="1426" WIDTH="53" HEIGHT="22" WC="0.93" CONTENT="eller"/><SP WIDTH="10" VPOS="1426" HPOS="808"/>
							<String ID="string_252" HPOS="818" VPOS="1426" WIDTH="80" HEIGHT="28" WC="0.93" CONTENT="syskon"/>
						</TextLine>
					</TextBlock>
					<TextBlock ID="block_10" HPOS="209" VPOS="1463" WIDTH="403" HEIGHT="22">
						<TextLine ID="line_34" HPOS="209" VPOS="1463" WIDTH="403" HEIGHT="22">
							<String ID="string_253" HPOS="209" VPOS="1463" WIDTH="194" HEIGHT="20" WC="0.62" CONTENT="Ekonomiutskottets"/><SP WIDTH="12" VPOS="1463" HPOS="403"/>
							<String ID="string_254" HPOS="415" VPOS="1466" WIDTH="119" HEIGHT="18" WC="0.96" CONTENT="betänkande"/><SP WIDTH="12" VPOS="1466" HPOS="534"/>
							<String ID="string_255" HPOS="546" VPOS="1468" WIDTH="37" HEIGHT="17" WC="0.96" CONTENT="N:o"/><SP WIDTH="12" VPOS="1468" HPOS="583"/>
							<String ID="string_256" HPOS="595" VPOS="1467" WIDTH="17" HEIGHT="17" WC="0.95" CONTENT="3:"/>
						</TextLine>
					</TextBlock>
				</ComposedBlock>
				<GraphicalElement ID="cblock_6" HPOS="1078" VPOS="763" WIDTH="7" HEIGHT="442"></GraphicalElement >
			</PrintSpace>
		</Page>
	</Layout>
</alto>
