1086 1700
226 112 26 19 50
379 110 82 22 Ständ.
479 109 38 22 Sv.
534 122 28 2 —
580 109 73 28 Prop.
669 108 45 22 N:o
731 108 35 22 16.

264 171 46 21 Har
326 171 133 21 embetsman
476 170 60 28 felat,
554 169 146 23 öfverlemnas
712 169 66 22 målet
789 168 35 22 till
835 168 42 22 den
885 168 56 22 dom-

193 207 49 27 stol,
259 213 45 15 som
320 206 62 22 öfver
397 207 55 21 hans
469 206 68 22 andra
552 205 202 28 tjensteförseelser
766 211 52 21 eger
829 204 111 22 domsrätt.

265 242 44 21 Vill
332 242 72 28 någon
424 242 81 22 tilltala
525 240 366 28 kartasigillata-försäljningsman
907 240 34 21 för

192 278 54 27 fel
238 272 13 37 i
261 278 40 22 och
317 278 34 22 för
367 279 50 21 dess
433 278 131 27 befattning,
582 278 86 21 anmäle
684 276 78 22 sådant
777 277 39 21 hos
828 276 41 22 den
881 282 59 21 myn-

192 314 82 27 dighet,
292 320 44 16 som
352 314 78 22 honom
445 314 119 22 förordnat.

534 381 27 19 28
578 379 19 29 &.

262 422 75 27 Böter,
361 428 45 15 som
427 422 88 21 ådömas
536 421 35 22 för
592 420 161 23 öfverträdelse
771 420 25 22 af
810 420 71 22 denna
896 420 43 22 för-

192 457 99 28 ordning,
308 457 89 22 tillfalla
412 458 90 21 kronan.

494 560 52 25 VII
566 560 69 31 Kap.

191 629 43 23 Om
258 630 130 29 stämpladt
410 637 103 22 pappers
535 631 46 22 och
597 630 217 29 stämpelmärkens
830 631 108 22 tillverk-

191 666 69 27 ning,
276 665 149 30 försäljning
448 667 46 22 och
514 667 190 27 utkreditering,
723 667 26 21 så
765 666 44 23 ock
825 666 63 23 huru
904 673 34 16 er-

190 701 110 29 sättning
323 703 38 22 må
380 703 70 22 sökas
467 703 40 22 för
523 703 130 28 stämpladt
669 709 98 22 papper,
784 709 51 16 som
851 709 87 22 genom

391 739 174 27 misskrifning
580 738 157 23 förderfvats.

535 807 27 20 29
580 805 18 28 &.

261 846 155 28 Tillverkning
432 847 24 22 af
470 847 118 27 stämpladt
604 853 84 21 papper
699 847 39 22 och
750 847 186 27 stämpelmärken

189 882 87 27 äligger
300 883 266 27 kartasigillatakontoret
590 883 70 22 under
680 883 28 21 de
723 883 128 27 kontroller,
869 889 44 16 som
929 883 7 21 i

189 917 79 22 sådant
284 918 103 22 afseende
403 919 70 22 finnas
490 919 107 22 särskildt
613 919 144 26 föreskrifna;
773 919 97 22 börande
884 919 51 21 kon-

188 956 59 19 toret
262 954 63 21 alltid
340 954 67 22 hafva
422 955 7 21 i
446 955 124 27 beredskap
586 955 134 27 tillräckligt
736 955 76 21 förräd
828 955 65 22 deraf
901 955 35 22 till

188 989 44 21 alla
255 990 27 22 de
306 990 71 22 skilda
401 991 83 22 värden
506 993 11 19 2
540 991 12 28 &
568 991 8 21 i
592 991 71 22 denna
678 990 129 28 förordning
823 993 112 25 upptager.

188 1025 51 21 Men
263 1025 19 28 ej
307 1027 35 20 mä
365 1027 118 26 stämpladt
507 1033 84 20 papper
614 1027 55 22 eller
688 1027 193 27 stämpelmärken,
898 1027 36 22 vid

187 1061 171 28 tjensteansvar,
375 1062 114 22 derstädes
507 1063 103 27 försäljas
626 1063 56 22 eller
698 1062 98 22 derifrän
813 1063 34 21 till
864 1069 70 16 annan

188 1096 96 27 utgifvas
296 1099 28 20 än
335 1098 34 21 till
381 1098 195 28 länestyrelserna,
588 1099 28 26 pä
628 1101 45 20 sätt
681 1098 108 23 nedanför
797 1099 136 22 bestämmes.

529 1166 28 20 30
574 1164 18 29 &.

255 1204 11 21 I
290 1204 77 28 hvarje
390 1206 49 21 läns
463 1206 147 22 landtränteri
633 1206 63 22 skola
716 1207 120 27 stämpladt
851 1214 83 21 papper

186 1239 38 21 och
249 1240 187 26 stämpelmärken
460 1241 24 22 af
497 1242 44 21 alla
556 1242 84 22 värden
656 1242 70 22 finnas
742 1244 33 20 att
790 1243 70 28 tillgå,
878 1247 55 18 samt

186 1274 57 22 efter
266 1276 129 26 regvisition
419 1276 24 22 af
465 1277 161 27 länestyrelsen
642 1278 8 21 i
666 1278 93 27 stadgad
775 1278 93 28 ordning
883 1279 49 21 frän

184 1310 267 28 kartasigillatakontoret
467 1313 118 22 ditsändas.
622 1314 48 21 Allt
685 1314 8 21 i
709 1314 170 22 landtränteriet
897 1315 35 21 be-

184 1344 83 28 fintligt
290 1346 76 22 förräd
389 1348 24 21 af
435 1348 118 29 stämpladt
576 1355 84 21 papper
683 1350 40 20 och
746 1350 185 26 stämpelmärken

184 1380 57 22 skall
258 1382 35 21 stä
310 1383 68 21 under
394 1384 236 22 landträntmästarens
648 1386 54 21 värd
719 1386 39 20 och
772 1388 111 20 närmaste
894 1393 36 15 an-
