1086 1700
225 125 25 19 12
521 125 45 23 N:o
589 126 39 22 11.

550 193 11 26 8
578 193 19 20 7.

264 232 134 22 Tillverkare
421 239 90 15 ansvare
535 233 34 21 för
592 232 117 22 utöfvande
729 232 23 21 af
766 232 40 22 den
822 232 77 21 honom
915 238 37 21 ge-

192 270 56 18 nont
264 267 103 21 kontrakt
390 268 108 26 medgifna
521 267 105 27 rättighet
651 268 40 20 och
710 273 37 21 ege
764 267 18 27 ej
800 266 123 22 densamma
938 266 12 21 å

192 307 70 15 annan
279 301 104 22 öfverlåta
399 302 64 21 innan
479 302 98 22 tillstånd
594 302 79 26 dertill,
690 303 27 25 på
732 302 67 20 skedd
815 302 101 25 ansökan,
928 300 24 22 af

191 336 155 26 länestyrelsen
362 336 106 27 beviljats.

547 395 11 27 $
574 395 20 20 8.

266 436 16 18 1.
313 434 74 21 Under
403 434 39 21 den
459 434 4 21 i
481 435 11 27 $
509 436 12 19 4
537 441 63 15 mom.
619 436 7 19 1
646 434 33 22 för
694 434 137 26 tillverkning
847 433 23 21 af
887 434 61 20 brän-

190 468 34 21 vin
230 464 122 26 bestämda
367 469 31 21 tid
414 470 35 20 mä
465 469 251 27 tillverkningsbeloppet
731 469 18 26 ej
761 468 35 21 vid
807 468 64 26 något
884 468 63 20 brän-

189 503 44 21 neri
258 503 116 27 öfverstiga
397 504 157 26 sammanlagdt
577 504 197 27 fyrahundratusen
801 503 48 21 liter
873 502 39 21 och
928 502 18 26 ej

189 537 127 27 understiga
339 538 126 27 tjugutusen
488 539 50 21 liter
561 542 55 18 samt
640 538 78 22 minsta
733 537 164 27 tillverkningen
913 536 33 21 för

189 571 72 28 hvarje
287 573 205 27 tillverkningsdygn
516 575 77 25 utgöra
610 574 5 20 i
633 573 102 21 medeltal
750 571 196 22 sexhundrafemtio

188 607 55 22 liter,
260 607 39 21 allt
320 607 23 21 af
357 608 164 27 normalstyrka,
538 608 100 21 hvarmed
656 608 7 20 i
680 608 69 21 denna
765 606 124 27 författning
905 605 41 22 för-

188 642 45 20 stås
257 641 77 22 sådant
357 642 97 27 bränvin,
479 649 45 15 som
548 643 118 21 innehåller
685 642 73 21 femtio
774 641 70 21 volum
860 642 88 25 procent

188 676 85 21 alkohol
291 677 35 20 vid
342 677 27 27 +
387 678 26 20 15
428 677 77 27 grader
523 677 12 22 å
553 677 64 22 Celsii
633 679 144 20 termometer.

262 712 18 20 2.
311 711 44 22 Der
377 711 133 22 fabrikation
533 712 22 21 af
573 713 104 26 pressjäst
693 711 105 22 bedrifves
817 711 6 20 i
839 716 107 15 samman-

187 745 57 27 hang
267 747 48 20 med
338 746 208 28 bränvinsbränning
569 747 52 21 eller
638 747 28 20 då
680 745 91 22 bränvin
786 745 111 22 tillverkas
913 744 32 21 för

187 782 76 24 export
279 780 52 21 eller
346 787 79 15 annars
441 781 47 21 skäl
500 781 144 22 förekommer
654 781 33 21 till
698 780 147 27 medgifvande
856 779 23 21 af
889 779 55 21 ökad

185 814 139 27 tillverkning
340 815 62 21 deraf
417 816 34 21 vid
467 816 65 27 något
543 816 107 27 bränneri,
662 815 34 22 må
708 815 53 21 dock
772 815 104 21 Senatens
886 813 56 21 Eko-

184 849 237 27 nomie-Departement
437 851 79 26 bevilja
536 850 98 21 tillstånd
649 850 33 21 till
699 849 150 26 förändringar
865 849 6 20 i
887 848 55 21 före-

185 882 88 23 stående
289 884 84 27 belopp,
391 885 39 20 och
446 884 33 21 får
495 885 34 20 vid
545 884 244 27 pressjästtillverkning
805 883 77 21 minsta
898 882 43 21 till-

185 917 218 28 verkningsbeloppet
418 919 88 21 bränvin
522 921 76 25 utgöra
615 919 5 21 i
638 919 100 21 medeltal
757 917 120 22 tvåhundra
893 917 49 20 liter

184 951 23 22 af
222 951 141 23 förenämnda
379 954 160 26 normalstyrka
555 953 33 22 för
603 953 74 27 hvarje
693 952 210 27 tillverkningsdygn.

256 988 20 19 3.
307 987 49 21 Med
379 987 208 28 tillverkningsdygn
611 988 78 21 förstås
712 987 59 22 tiden
786 986 47 21 från
849 985 91 22 klockan

171 1016 3 2 "
183 1021 42 20 tolf
246 1021 28 26 pä
295 1021 66 27 dagen
378 1023 40 20 den
434 1029 41 14 ena
490 1023 33 21 till
540 1029 81 15 samma
637 1023 73 21 timme
726 1021 142 27 nästföljande
884 1021 58 26 helg-

182 1055 42 21 fria
240 1055 47 28 dag.

539 1086 11 27 8
567 1087 19 20 9.

257 1126 17 20 1.
305 1125 243 28 Bränvinstillverkning
570 1127 36 21 mä
628 1127 18 27 ej
670 1126 115 26 företagas,
801 1125 64 20 innan
881 1123 58 21 det
929 1119 15 41 i

181 1159 11 26 $
217 1160 12 20 6
254 1160 128 21 omnämnda
399 1160 102 22 kontrakt
516 1161 71 21 blifvit
602 1160 34 22 för
651 1161 41 21 den
707 1160 36 21 vid
757 1159 125 21 bränneriet
898 1159 43 21 till-

181 1195 57 19 satte
261 1194 146 22 kontrollören
430 1196 114 26 uppvisadt
568 1196 40 21 och
624 1195 48 21 med
687 1196 54 20 hans
756 1194 125 26 päteckning
897 1193 43 21 för-

181 1228 47 20 sedt
252 1231 56 18 samt
331 1228 125 22 bränneriet
479 1230 22 20 af
523 1230 77 21 honom
625 1229 130 27 hesigtigadt
770 1228 49 22 med
835 1228 104 21 biträde
926 1224 16 37 i

180 1262 48 21 stad
245 1262 23 21 af
281 1263 117 27 behörigen
414 1264 150 22 tillförordnad
576 1265 209 27 magistratsperson,
797 1264 52 20 eller
859 1263 23 21 af
891 1262 47 22 ord-

180 1296 118 27 ningsman,
315 1300 56 19 samt
387 1298 12 21 å
415 1299 72 21 landet
503 1299 23 21 af
540 1302 72 18 ortens
628 1300 167 20 kronolänsman
810 1298 40 22 och
864 1297 74 21 dervid

179 1330 111 22 befunnits
313 1338 52 15 vara
384 1333 113 27 inrättadt,
513 1334 27 26 pä
555 1336 44 19 sätt
615 1334 6 20 i
638 1334 192 26 ordningsstadgan
846 1334 24 19 är
886 1332 52 20 eller

179 1364 115 23 framdeles
311 1366 42 21 kan
369 1367 67 21 blifva
451 1368 133 22 förordnadt.

251 1402 20 20 2.
302 1401 72 21 Sådan
398 1402 119 28 besigtning
539 1410 51 15 vare
606 1404 54 21 dock
676 1404 127 26 erforderlig
818 1403 77 21 endast
910 1408 26 15 en

179 1435 55 26 gäng
250 1441 34 15 om
301 1435 53 27 äret,
371 1436 24 22 sä
410 1436 67 23 framt
491 1438 47 21 icke
553 1438 127 28 förändring
696 1440 52 20 eller
759 1437 85 28 ombyte
856 1438 23 22 af
889 1436 47 22 red-
