1086 1700
325 112 84 24 Ständ.
425 114 40 22 Sv.
482 126 25 4 —
523 114 75 28 Prop.
614 114 46 22 N:o
675 114 35 21 11.
857 112 12 20 3

141 170 120 27 hoppning,
284 174 33 18 att
332 171 138 27 Regeringen
485 172 32 20 för
532 172 114 20 framtiden
662 171 48 21 icke
725 170 54 21 skall
794 170 53 27 göra
863 176 36 14 an-

141 204 66 26 språk
222 205 29 26 på
266 204 164 28 ifrågavarande
445 206 82 27 anslag.

210 238 42 21 Till
266 238 121 22 kontrollen
398 240 61 20 öfver
469 239 267 27 bränvinstillverkningen
747 238 41 21 och
799 238 32 20 för
842 236 57 21 åkla-

142 279 63 19 gares
220 272 122 22 belönande
357 274 89 20 föreslås
463 276 6 18 i
485 274 42 21 den
541 274 79 27 nådiga
631 274 166 26 propositionen
809 276 91 22 300,000

143 306 60 21 mark
218 314 36 13 om
269 308 52 24 året,
338 308 6 20 i
355 308 71 21 stället
441 308 32 20 för
484 308 37 21 det
531 308 124 21 nuvarande
666 307 98 27 anslaget
775 306 24 21 af
807 310 93 20 200,000

143 340 59 21 mark
211 341 77 21 endast
296 341 32 20 tör
335 341 219 22 kontrollkostnader.
584 342 35 20 Då
634 342 141 26 tillökningen
785 342 6 19 i
802 339 98 27 anslaget

143 375 44 20 står
208 376 7 19 i
237 376 155 26 sammanhang
410 376 50 20 med
476 376 37 21 det
528 378 7 19 i
549 376 109 26 förslagen
670 375 32 21 till
716 374 184 22 bränvinsförord-

143 410 75 25 ningar
232 409 107 27 ingående
355 410 137 26 stadgandet,
509 414 32 17 att
551 410 113 26 åklagares
674 408 153 22 bötesandelar
839 408 62 20 skola

144 442 81 21 tillfalla
238 443 88 25 kronan,
342 444 64 20 hafva
422 444 121 21 Ständerna
558 444 68 20 funnit
642 444 125 20 densamma
782 442 46 21 fullt
838 443 63 19 moti-

143 477 67 21 verad
232 477 46 21 från
300 478 43 20 den
364 478 32 20 tid
413 478 41 20 den
469 486 43 19 nya
527 478 264 27 bränvinslagstiftningen
806 476 73 21 träder
894 478 7 18 i

144 511 100 27 gällande
265 512 57 21 kraft
345 512 50 20 eller
417 512 46 21 från
484 513 23 20 år
525 514 59 25 1893.
614 512 35 20 Af
660 512 125 26 kalkylerna
801 512 6 19 i
822 510 79 27 nådiga

144 547 166 26 propositionen
332 553 36 13 om
390 546 99 27 samtliga
512 547 74 26 anslag
602 546 42 20 och
659 546 118 27 utvägarna
792 544 32 22 till
839 545 62 20 deras

145 580 139 21 bestridande
298 581 99 26 framgår,
413 585 32 16 att
461 581 37 20 det
511 581 80 27 jemväl
602 582 55 19 varit
670 581 149 26 Regeringens
830 579 71 28 afsigt,

146 618 32 17 att
200 615 38 20 det
256 615 68 26 högre
340 615 97 27 anslaget
453 615 68 20 skulle
537 616 51 26 utgå
603 615 33 20 för
651 616 51 19 åren
720 615 52 26 1893
789 614 42 20 och
848 614 54 26 1894

145 652 56 17 samt
216 649 38 20 det
269 656 28 13 nu
312 649 99 26 gällande
427 649 32 21 för
475 650 22 19 år
515 651 60 24 1892.

213 683 67 20 Emot
304 683 54 26 3:dje
380 683 41 20 och
443 683 49 25 4:de
512 683 120 27 punkterna
648 685 5 18 i
670 683 42 20 den
727 683 78 26 nådiga
821 689 81 20 propo-

146 717 92 20 sitionen
253 717 65 20 hafva
334 717 120 20 Ständerna
470 717 46 21 haft
531 719 54 19 intet
600 721 33 17 att
648 717 109 20 anmärka.

215 750 121 21 Ständerna
357 751 21 20 få
393 751 72 20 derför
480 753 5 18 i
501 751 170 27 underdånighet
686 751 90 24 anmäla,
793 753 32 18 att
840 749 62 22 Stän-

147 784 72 25 derna,
242 785 51 20 med
313 785 158 26 godkännande
487 785 24 20 af
531 786 41 19 den
587 785 79 27 nådiga
681 786 171 26 propositionen,
869 784 34 21 be-

147 819 67 20 slutit:

422 867 33 18 att
469 871 29 14 ur
506 865 186 20 bränvinsskatten
704 864 69 21 under
782 864 52 20 åren
845 863 56 28 1892

354 899 86 28 —1894
463 899 60 20 skola
546 899 52 26 utgå
615 899 104 27 följande
739 899 80 26 anslag
839 899 8 20 i
863 899 40 20 den

354 934 93 27 ordning
459 934 44 20 här
516 934 69 21 nedan
601 937 116 24 upptages:

422 998 17 13 1.
456 991 132 27 Ersättning
601 991 35 20 till
644 994 63 17 stats-

356 1025 71 20 verket
442 1026 46 26 för
508 1025 160 28 eftergifvande
682 1026 30 26 af

355 1060 36 20 det
404 1061 65 23 förra
479 1059 228 27 bränvinsbrännings-

355 1094 101 21 arrendet
479 1093 98 25 660,000
592 1093 64 20 mark
672 1093 35 20 år-

355 1129 61 27 ligen,
433 1129 52 20 eller
495 1129 42 24 för
556 1135 6 20 3
579 1128 30 20 år
632 1144 4 4 .
668 1144 4 4 .
703 1144 5 4 .
738 1127 125 28 1,980,000:
878 1140 27 2 —

424 1170 18 13 2.
464 1163 44 20 Till
519 1163 117 20 kontrollen
647 1163 64 26 öfver

356 1197 266 26 bränvinstillverkningen
632 1197 44 26 för
682 1196 30 20 år

356 1231 57 28 1892
444 1231 135 27 förslagsvis
614 1236 95 19 200,000

356 1265 63 20 mark
439 1268 58 17 samt
505 1266 45 26 för
562 1264 96 21 nämnda
674 1265 36 19 än-

357 1299 79 21 damä!
447 1299 38 20 och
494 1300 45 26 för
552 1299 116 26 åklagares
680 1298 30 20 be-

358 1333 90 21 lönande
457 1334 45 26 för
515 1333 105 20 särskildt
630 1332 31 21 nit
674 1332 40 21 vid

358 1367 121 26 beifrandet
501 1368 30 26 af
542 1366 170 28 öfverträdelser

365 1402 30 26 af
406 1400 294 28 bränvinsförfattningarna
