1086 1700
448 127 45 23 N:o
516 128 37 22 11.
827 128 26 20 67

119 194 132 27 verkningen
276 194 37 21 och
330 195 74 21 dervid
420 195 101 21 använda
537 196 103 20 råämnen
657 197 57 19 samt
729 197 32 19 ett
777 202 105 14 samman-

120 229 53 26 drag
188 228 22 21 af
219 229 26 21 de
255 228 36 21 vid
300 228 157 22 brännerierna
467 229 64 22 förda
541 230 234 27 nederlagsjournaler;
787 230 96 21 börande

121 264 40 20 den
177 269 76 15 senare
274 263 140 26 berättelsen,
431 270 47 14 som
494 264 54 20 skall
564 264 92 21 omfatta
671 264 142 21 förenämnda
827 271 56 20 upp-

120 297 63 27 gifter
198 297 34 21 för
247 297 48 21 hela
311 298 36 20 det
362 297 104 21 förflutna
481 298 159 26 kalenderåret,
658 298 85 28 åtföljas
760 298 23 22 af
791 298 92 22 förteck-

120 332 52 27 ning
194 332 13 21 å
230 332 26 21 de
271 332 57 21 inom
343 332 60 21 länet
417 332 112 27 befintliga
546 333 191 21 distillationsverk
753 334 38 20 och
807 334 26 20 de
847 333 36 21 vid

121 367 109 21 desamma
246 366 98 22 anstälde
359 367 147 21 kontrollörer
519 368 66 26 jemte
600 368 86 26 uppgift
703 368 12 20 å
731 368 36 21 det
778 368 31 21 till
821 368 62 21 dessa

120 402 52 20 verk
187 402 103 20 inkomna
305 401 82 22 litertal
401 401 100 22 bränvin.

190 437 18 20 3.
241 436 40 20 Vid
296 436 110 26 utgången
427 435 23 21 af
463 436 229 27 tillverkningstermin
707 437 92 21 insände
815 437 67 21 öfver-

120 470 121 21 kontrollör
264 470 32 21 till
318 470 148 27 länestyrelsei
481 470 115 22 utlåtande
619 470 59 22 öfver
700 472 183 21 kontrollörernes

121 504 133 21 förhållande
276 504 70 21 under
363 504 163 28 befattningens
542 505 100 27 utöfning
658 506 38 21 och
712 506 71 21 hvilka
799 506 22 21 af
835 506 48 21 dem

121 539 57 27 gjort
200 539 33 27 sig
255 538 101 28 förtjente
380 541 33 19 att
437 540 115 21 enahanda
574 540 101 27 uppdrag
697 541 126 27 ytterligare
839 547 44 15 om-

121 574 79 21 betros.

471 637 14 28 &
503 639 32 20 17.

191 672 185 26 Öfverkontrollör
400 677 81 27 åligger
505 679 33 20 att
562 677 61 22 äfven
647 678 69 21 under
731 679 41 20 den
788 679 37 26 tid,
842 678 42 21 till-

121 711 105 27 verkning
241 711 47 21 icke
302 712 74 26 pägär,
392 712 29 26 pä
437 712 72 26 grund
525 712 23 21 af
562 712 25 21 de
604 712 125 27 gvittenser,
745 719 46 15 som
799 713 85 26 jemlikt

123 747 13 28 $
153 748 26 20 38
195 747 61 20 skola
270 747 79 20 honom
364 747 121 26 tillsändas,
502 747 47 21 föra
556 747 89 28 journal
655 748 94 21 rörande
759 748 125 27 nederlaget

122 783 62 25 samt,
209 781 72 21 derest
296 781 245 28 bränvinstillverkning
556 783 7 20 i
578 782 156 27 sammanhang
749 783 48 20 med
812 788 71 21 press-

118 816 165 27 jästberedning
299 822 49 20 eger
363 822 48 15 rum
427 816 71 21 under
515 823 70 14 annan
603 818 27 19 än
647 817 41 20 den
704 817 7 20 i
727 817 115 20 allmänhet
850 816 34 21 för

121 850 242 27 bränvinstillverkning
385 850 88 21 tillåtna
496 851 39 26 tid,
556 851 79 31 jemväl
658 851 66 21 sådan
745 851 139 26 tillverkning

123 884 120 21 öfvervaka.

471 947 14 29 &
504 950 31 20 18.

192 990 17 19 1.
240 988 54 26 Den,
318 994 45 15 som
387 989 81 20 önskar
490 988 66 21 blifva
575 989 71 20 säsom
661 988 121 21 kontrollör
798 988 86 21 anstäld

121 1023 36 20 vid
178 1023 102 20 bränneri
299 1023 51 20 eller
369 1022 199 27 distilleringsverk,
587 1023 93 21 inlemne
696 1023 32 20 till
743 1022 140 27 länestyrelse

122 1057 95 21 ansökan
235 1057 73 21 derom
324 1057 39 21 och
377 1056 86 27 vidfoge
479 1057 149 27 ansökningen
646 1057 42 21 alla
704 1057 25 21 de
744 1057 65 26 bevis,
820 1057 63 20 hvar-

121 1091 49 21 med
192 1091 42 21 han
257 1091 36 21 vill
318 1091 75 26 styrka
416 1091 33 20 sin
465 1091 133 27 lämplighet,
615 1091 112 21 deribland
744 1091 139 26 ovilkorligen

121 1126 60 27 intyg
204 1125 22 22 af
248 1125 179 22 öfverkontrollör
444 1127 33 19 att
493 1126 110 21 sökanden
621 1132 50 20 eger
686 1126 18 27 ej
720 1125 83 21 mindre
819 1125 65 27 nödig

121 1161 122 21 kännedom
266 1167 34 14 om
324 1162 67 19 sättet
406 1160 34 21 för
455 1160 206 27 bränvinsprofning
677 1160 48 21 med
741 1160 55 21 hvad
813 1160 71 21 dertill

120 1195 71 26 hörer,
208 1197 27 19 än
252 1196 39 20 ock
307 1201 33 15 om
357 1195 25 21 de
398 1195 95 21 rörande
508 1195 243 27 bränvinstillverkning
767 1195 38 21 och
816 1194 67 22 distil-

120 1229 69 27 Jering
204 1230 57 20 samt
276 1229 100 27 tillsynen
393 1229 74 21 dervid
478 1229 102 27 gällande
590 1228 161 28 författningar.
782 1228 101 22 Kontrol-

121 1264 57 21 lörer
193 1264 35 20 vid
242 1264 157 20 brännerierna
409 1264 106 20 tillsättas
525 1263 33 21 för
568 1264 74 26 hvarje
652 1264 231 26 bränvinsbrännings-

121 1299 77 21 termin
224 1298 109 26 särskildt,
359 1298 113 21 hvaremot
495 1298 121 22 kontrollör
638 1298 35 21 vid
693 1298 191 22 distillationsverk

121 1334 43 20 kan
179 1332 33 22 för
226 1333 46 21 helt
286 1332 129 22 kalenderär
431 1332 123 22 förordnas.

190 1369 19 19 2.
240 1368 40 20 Till
302 1367 121 21 kontrollör
446 1368 35 20 mä
501 1368 47 20 icke
563 1369 60 19 utses
639 1368 78 26 nägon,
733 1374 45 14 som
794 1366 90 22 innehar

122 1402 77 22 allmän
224 1402 50 20 eller
293 1402 83 21 enskild
391 1402 68 26 tjenst
475 1402 53 20 eller
542 1401 128 27 befattning,
687 1401 33 21 för
735 1402 64 20 hvars
815 1401 68 21 hand-

121 1436 106 22 hafvande
249 1436 42 20 han
316 1438 24 18 är
363 1437 95 25 tvungen
483 1437 34 19 att
537 1436 31 26 sig
583 1435 48 21 frän
647 1436 124 20 bränneriet
788 1434 95 28 aflägsna
