1086 1700
336 149 28 22 U.
380 150 27 22 B.
425 163 26 2 —
468 150 76 28 Prop.
559 150 45 22 N:o
620 150 37 22 12.

113 257 133 18 Bondeständet

590 258 98 17 Utskottets
700 258 70 22 förslag.

71 354 64 30 gasin
150 354 48 24 med
214 354 45 24 rätt
274 354 34 24 att
322 354 89 30 utgifva
425 355 114 24 warrants.

57 390 40 21 har
115 390 80 27 antagit
210 390 121 21 Utskottets

125 424 140 21 betänkande.

60 663 39 22 har
121 663 69 22 funnit
203 670 63 15 mom.
283 664 52 21 böra

61 697 81 22 erhålla
175 698 39 21 den
248 697 86 28 lydelse,

61 738 46 15 som
122 731 66 22 finnes
204 731 131 27 föreslagen
324 727 15 36 i

61 766 42 21 den
133 766 31 21 till
192 766 144 21 betänkandet

61 800 76 27 fogade
161 799 66 22 första
242 806 94 15 reserva-

61 834 79 25 tionen,
151 833 47 22 med
206 833 85 22 erinran
298 834 38 20 lik-

62 868 34 21 väl
119 870 32 19 att
166 874 74 15 mom:s
256 867 80 22 slutord

77 902 86 27 »hvilka
184 901 139 28 tilläfventyrs

63 936 70 21 kunna
157 942 61 15 anses
234 935 102 22 erforder-

63 969 56 27 liga"
135 970 47 21 icke
190 972 37 19 äro
236 971 27 26 på
270 969 67 22 finska

63 1003 87 28 språket
163 1004 63 21 exakt
234 1003 104 27 återgifna

63 1038 48 21 med
141 1038 107 27 uttrycket
273 1037 65 26 ,.joita

62 1071 90 22 kentiesi
175 1071 101 22 katsonee
295 1073 42 19 tar-

134 1105 136 27 peellisiksi**.

62 1140 40 21 har
117 1140 81 26 antagit
216 1139 120 22 Utskottets

132 1173 140 22 betänkande.

380 390 162 21 Ständerbeslut
564 390 120 27 föreligger;
709 391 53 21 dock
785 391 88 22 föreslår
893 391 111 21 Utskottet

352 425 31 20 att
405 424 30 21 uti
455 430 73 16 senare
544 425 61 21 delen
622 425 20 21 af
657 432 63 14 mom.
735 426 31 20 uti
783 426 39 21 den
838 426 68 21 finska
920 426 83 25 lagtex-

351 459 36 20 ten
409 458 74 22 orden:
507 459 34 27 ,ja
556 459 58 27 pitää
630 459 132 21 ehdotuksen
776 472 29 3 —
821 472 24 3 —
863 460 138 21 hakemusta"

352 494 89 20 ersättas
464 493 47 21 med
534 493 75 21 orden:
635 493 33 27 ,ja
687 493 56 27 pitää
759 494 142 21 hakemuksen
917 500 85 15 muassa

353 526 41 22 olla
409 526 208 22 ehdotus-laitoksen
634 527 183 27 ohjesäännöksi''.

382 664 57 21 Enär
454 666 77 19 tvenne
544 665 61 20 stånd
612 664 104 27 fgodkänt
734 664 119 21 Utskottets
865 663 139 26 betänkande,

354 697 96 26 inbjudas
463 698 78 26 jemväl
556 699 84 20 Preste-
656 699 38 20 och
711 699 162 20 Bondestånden
885 700 30 19 att
930 697 74 22 förena

354 731 31 26 sig
407 732 77 21 derom.
522 732 171 21 Bondeständets
717 733 136 26 anmärkning
875 733 7 20 i
901 731 104 28 språkligt

354 765 98 22 afseende
469 766 60 21 torde
546 765 51 22 böra
612 766 90 21 förfalla.

383 1141 34 21 Då
432 1142 35 20 två
482 1141 62 21 stånd
555 1142 82 20 förenat
650 1141 31 27 sig
694 1147 34 15 om
739 1140 120 22 Utskottets
870 1140 138 22 betänkande

356 1175 39 21 och
410 1175 160 21 Presteståndet
586 1176 47 20 med
648 1175 154 26 godkännande
817 1174 22 22 af
853 1174 39 22 den
907 1174 47 22 utaf
968 1174 39 21 Ut-

355 1209 81 21 skottet
458 1209 118 26 föreslagna
598 1208 138 22 förmånsrätt
757 1209 56 21 velat
827 1208 122 27 ytterligare
964 1208 43 21 till-

355 1243 78 27 godose
456 1243 35 21 det
514 1242 21 22 af
556 1242 119 27 Utskottet!
690 1242 86 22 afsedda
797 1242 119 27 syftemålet
930 1248 77 21 genom

355 1277 92 21 beslutet
463 1283 34 15 om
513 1278 31 20 att
560 1276 122 28 inteckning
697 1276 7 21 i
720 1276 87 22 allmänt
821 1276 187 27 upplagsmagasin

356 1310 67 22 blefve
438 1311 45 21 helt
498 1311 39 21 och
553 1310 67 22 hållet
635 1310 117 27 förbjuden,
763 1310 97 28 inbjudas
870 1310 86 21 Preste-
968 1309 50 21 och
1009 1305 13 38 |

355 1345 164 21 Bondestånden
538 1347 32 19 att
592 1344 73 22 förena
688 1344 31 27 sig
742 1351 33 15 om
797 1344 121 22 Utskottets
932 1344 87 29 betän-
1014 1340 7 39 |

356 1375 75 36 kande.
1018 1388 1 7 |

125 1486 48 22 Lag-
186 1486 32 17 och
230 1486 136 17 Ekonomiutsk.
379 1485 261 23 sammanjemkningsförslag
655 1485 7 16 i
674 1485 36 17 anl.
725 1484 23 22 af
761 1484 91 18 Utskottets
865 1484 30 17 bet.
913 1484 35 17 N:o
962 1484 18 16 3.
