1086 1700
226 116 27 20 30
377 114 83 22 Ständ.
477 113 38 23 Sv.
531 127 29 3 —
576 114 74 28 Prop.
666 113 45 23 N:o
726 112 37 23 16.

197 182 2 19 !
751 180 3 17 N
863 182 2 14 I

268 229 45 15 som
333 223 35 21 till
387 222 130 28 förändring
537 222 24 22 af
574 222 147 27 inredningen
737 221 8 21 i

269 259 62 21 såväl
348 260 49 21 sten
413 266 45 14 som
475 259 77 21 trähus
590 275 4 4 .
628 275 4 4 .
666 275 4 4 .
702 274 4 4 .
739 274 4 4 .
835 259 10 19 1:
890 266 28 2 —

209 294 163 28 Sjömansrulla,
389 301 24 15 se
428 301 58 21 pass.

210 330 130 22 Skattebref
354 331 13 21 &
382 331 95 21 rusthäll
519 346 5 5 «
556 347 4 3 .
594 348 3 3 <
667 347 40 4 oo.
740 346 4 4 oc
831 331 15 19 4
860 324 15 36 |
888 337 28 3 —

199 383 1 4 |
271 384 9 10 5
353 367 14 21 å
382 367 100 21 hemman
519 383 4 3 =.
556 382 4 4 .
742 383 3 4 ;
833 368 12 19 2|
892 372 27 4 —

200 399 1 11 |
210 399 141 31 Skiljobref
342 395 14 39 i
368 402 100 27 fästning
484 402 55 22 eller
554 382 136 46 äktenskap:
943 412 2 11 |

270 438 34 21 för
320 438 158 26 ständsperson
519 454 3 4 .
556 454 3 4 .
755 460 2 4 i
820 439 25 19 10
865 433 17 33 |
889 446 28 3 —
943 430 2 32 |

270 473 36 22 för
321 480 106 20 personer
435 473 25 22 af
469 473 72 27 öfriga
552 454 194 41 samhällsklasser
835 474 80 20 5|—
943 463 2 14 |

201 541 1 37 |
219 546 236 21 Tillständsresolution
472 546 39 21 och
527 545 56 28 bref,
601 551 24 15 se
640 545 106 21 naturali-

241 582 93 22 sations-
350 582 40 21 och
405 581 168 28 privilegiibref.
866 592 2 12 |

201 613 2 44 |
218 609 173 52 Transportbret,
409 623 24 16 se
448 617 110 22 fullmakt.

202 651 1 20 |
212 651 207 30 Tullkammarpass,
437 659 24 16 se
476 659 58 21 pass.

201 685 2 33 |
212 689 76 26 Vapen
304 689 40 21 och
360 689 207 28 vapenförändring,
586 695 24 16 se
626 672 86 44 diplom.

212 725 180 28 Vistelsebiljett,
404 731 24 16 se
444 731 59 21 pass.

212 755 73 32 Öppet
305 761 53 21 bref
375 761 14 21 å
405 760 218 22 utmärkelsetecken
639 761 34 21 för
689 761 58 21 oför-

202 804 2 19 |
224 793 12 35 —
242 797 65 26 vitlig
324 797 125 27 statstjenst
491 813 3 4 so
530 813 3 4 «<
566 814 3 4 <
602 813 4 4 so
639 813 78 4 sc
749 803 10 20 dA
825 798 25 19 10
868 804 1 12 |
894 809 26 2 —

201 509 1 8 |
201 541 1 8 |
216 506 199 47 Tillständsbiljett,
432 516 24 15 se
472 516 58 20 pass.
756 519 2 19 |
943 508 2 29 |

943 553 2 11 |

550 906 12 19 6
579 904 19 29 &.

272 946 140 27 Afhandling
433 946 93 21 emellan
548 946 101 21 enskilda
670 951 106 22 personer
795 947 56 19 samt
867 945 81 22 förbin-

202 983 61 21 delse
280 983 39 20 och
335 988 72 15 annan
423 981 73 28 skrift,
514 988 46 15 som
576 981 24 22 af
614 982 82 21 sädana
712 981 108 27 utfärdas,
837 981 35 21 mä
883 980 65 22 skrif-

202 1025 38 15 vas
262 1019 28 26 pä
310 1017 132 28 ostämpladt
464 1023 90 21 papper,
578 1024 49 15 men
648 1018 47 27 bör,
712 1017 29 21 dä
757 1017 42 21 den
814 1016 82 21 företes
912 1016 37 22 vid

202 1055 93 21 domstol
311 1054 55 21 eller
382 1053 219 28 embetsmyndighet,
618 1053 72 22 förses
706 1053 51 21 med
768 1052 119 27 stämpladt
897 1058 52 20 pap-

202 1097 40 20 per
262 1091 56 21 eller
340 1090 185 27 stämpelmärken
541 1089 25 22 af
580 1089 37 22 det
633 1089 75 27 värde,
726 1095 46 15 som
787 1088 40 21 här
843 1087 107 22 nedanför

202 1126 35 22 för
257 1126 79 28 hvarje
356 1125 41 22 fall
417 1125 69 22 finnes
503 1127 79 25 utsatt;
598 1125 40 21 och
655 1127 25 19 är
697 1123 198 28 stämpelbeloppet
909 1123 39 21 be-

203 1163 82 21 stämdt
300 1162 35 22 för
350 1162 51 22 hela
417 1161 159 27 afhandlingen
593 1161 55 21 eller
664 1160 98 22 skriften
778 1161 53 19 utan
847 1158 102 22 afseende

202 1200 14 20 &
232 1199 51 21 dess
298 1198 60 27 vidd,
375 1198 73 21 sävidt
462 1198 50 21 icke
528 1197 150 27 uttryckligen
702 1198 72 24 säges,
791 1197 33 19 att
839 1194 42 22 den
897 1194 53 22 fast-

203 1234 73 22 stälda
298 1234 81 21 kartan
399 1234 110 20 beräknas
534 1232 34 22 för
588 1232 77 27 hvarje
689 1232 48 26 ark,
759 1230 81 22 hvaraf
854 1229 94 22 skriften

202 1271 83 21 bestär.
