1086 1700
218 134 28 20 38
426 132 30 23 U.
472 133 27 22 B.
515 133 73 27 Prop.
607 146 21 3 —
647 133 41 23 N:o
704 132 35 22 11.

191 198 75 27 ningar
288 198 22 22 af
327 198 41 22 den
384 200 39 26 art,
439 201 34 20 att
488 199 152 21 innehafvaren
656 198 23 22 af
692 199 133 27 rättigheten
841 199 48 21 icke
904 199 41 21 kan

191 238 63 16 anses
275 232 130 22 fortfarande
421 240 40 20 ega
478 233 27 22 de
520 232 33 23 för
568 233 136 22 densammas
716 232 117 23 utöfvande
841 232 105 22 erforder-

189 266 44 27 liga
256 267 139 27 egenskaper,
415 268 52 21 eller
485 268 39 21 har
539 268 70 26 nägon
626 267 22 22 af
663 268 26 21 de
706 268 67 26 enligt
787 269 12 23 $
817 269 25 19 12
858 267 88 22 medde-

188 300 50 22 lade
254 301 128 27 rättigheter
397 302 56 21 visat
467 302 34 27 sig
515 302 111 21 föranleda
643 302 102 22 störande
761 302 135 26 oordningar,
912 302 34 20 mä

188 335 116 27 magistrat
324 336 7 20 i
354 336 49 21 stad
419 336 40 21 och
475 336 141 27 länestyrelse
630 335 136 23 beträffande
782 336 71 27 dylika
868 335 77 22 ställen

189 369 29 27 pä
232 369 80 27 landet,
330 370 54 22 efter
399 370 90 27 behörig
504 370 99 22 anmälan
619 370 40 22 och
676 370 87 21 anstäld
779 370 167 26 undersökning,

188 402 139 23 förenämnde
349 404 105 27 rättighet
473 404 123 27 inskränka,
613 404 97 27 indraga,
728 404 52 22 eller
796 404 40 22 ock
850 403 96 22 innehaf-

188 444 65 14 varen
274 438 91 22 derifrän
385 439 75 27 skilja;
477 439 39 21 och
533 445 39 21 ege
589 438 41 22 den
647 438 92 22 sälunda
755 438 69 22 skilde
839 438 48 22 icke
902 439 44 20 rätt

189 473 32 19 att
237 471 23 22 af
274 472 65 22 redan
356 473 73 27 erlagd
445 473 217 27 utskänkoingsskatt
678 473 67 27 något
760 472 74 22 återfå.

532 520 12 26 8
560 521 34 20 23.

258 554 19 20 1.
306 548 18 27 Å
347 554 79 27 apotek
448 554 35 21 mä
505 554 87 21 bränvin
609 554 53 21 eller
677 553 54 28 sprit
746 553 65 28 säljas
827 554 71 20 endast
912 552 33 22 för

186 587 132 22 medicinskt
333 588 99 21 ändamål
447 589 29 26 pä
491 589 89 26 behörig
595 589 86 21 läkares
698 590 82 25 recept,
799 589 81 24 (utesl.)
895 588 49 20 hvil-

186 623 34 19 ket
234 622 38 19 bör
288 621 12 21 å
315 624 93 24 apoteket
423 625 126 24 gvarlemnas
564 624 38 20 och
617 625 37 18 der
666 624 105 24 förvaras.

256 657 20 20 2.
306 657 10 20 I
338 656 101 23 afseende
463 657 13 21 å
498 657 126 28 försäljning
646 657 24 22 af
683 657 127 26 läkemedel,
826 657 71 21 hvilka
912 657 32 20 in-

189 689 88 22 nehålla
298 691 89 21 bränvin
409 691 52 22 eller
484 692 60 27 sprit,
561 692 57 26 gälle
638 691 56 22 hvad
710 691 234 22 medicinalförfattnin-

194 729 68 21 garna
277 724 132 23 föreskrifva.
429 727 57 19 Dock
501 725 33 21 må
548 725 80 22 sådana
643 729 49 18 utan
700 727 140 24 läkarerecept
848 727 44 19 icke
899 726 46 24 för-

188 759 64 24 säljas
260 760 7 19 i
274 760 66 19 större
348 761 76 24 mängd
431 761 26 19 än
467 767 23 13 en
499 761 110 20 tiondedels
617 762 45 19 liter
670 759 21 21 åt
696 761 70 24 hvarje
771 761 82 24 köpare,
859 758 87 26 såframt

190 793 59 20 dessa
265 794 110 20 läkemedel
389 795 19 24 ej
423 795 37 19 äro
477 795 117 20 tillverkade
609 796 28 24 af
647 795 148 20 denatureradt
810 794 91 20 bränvin.

307 821 111 26 Angående
444 824 89 19 vilkoren
554 824 35 24 för
610 824 125 24 försäljning
756 824 28 23 af
799 823 146 20 denatureradt

185 855 86 20 bränvin
287 857 100 20 meddelas
402 858 101 19 särskilda
519 857 150 26 bestämningar
684 859 29 23 af
722 858 112 24 Kejserliga
849 857 94 21 Senaten.

536 902 10 27 8
564 904 34 20 24.

258 937 18 18 1.
306 935 35 22 Dä
359 936 148 21 minuthandel
525 937 49 21 med
590 937 52 21 eller
657 936 146 27 utskänkning
819 936 22 21 af
855 937 88 20 bränvin

185 969 59 26 sker,
266 969 33 22 fär
314 970 77 21 dörren
407 971 32 20 till
454 970 230 28 försäljningsrummet
700 971 47 21 icke
762 977 51 15 vara
829 970 113 27 tillreglad.

254 1005 20 19 2.
304 1003 54 27 Den,
375 1010 46 15 som
438 1011 51 20 eger
505 1005 103 26 rättighet
624 1005 33 21 till
668 1004 147 22 minuthandel
823 1005 49 21 med
880 1005 63 21 brän-

186 1037 35 21 vin
245 1037 52 22 eller
319 1038 146 27 utskänkning
488 1039 66 27 deraf,
576 1045 50 15 vare
642 1038 109 27 förbjudet
766 1040 33 20 att
814 1038 61 22 äfven
891 1040 51 20 utan

186 1071 114 27 betalning
322 1073 95 21 utlemna
439 1073 68 21 sädan
530 1079 51 16 vara
596 1073 35 21 vid
647 1072 90 27 tillfälle,
754 1073 27 21 dä
795 1072 147 27 försäljnings-

185 1105 135 27 rättigheten
336 1106 18 27 ej
369 1106 34 21 fär
417 1107 92 21 utöfvas.

255 1142 21 19 3.
306 1140 127 28 Spritdryck
447 1142 36 20 mä
497 1142 18 26 ej
532 1142 106 21 utlemnas
654 1142 33 20 till
698 1142 47 26 den,
757 1147 46 15 som
814 1143 24 20 är
848 1141 94 22 drucken

184 1172 54 22 eller
254 1174 19 26 ej
289 1173 47 28 fyllt
351 1174 81 22 femton
448 1175 29 21 är.

255 1209 21 19 4.
305 1208 53 26 Den,
383 1214 46 16 som
445 1210 14 20 å
473 1210 223 26 utskänkningsställe
712 1211 23 19 är
751 1209 24 21 sä
791 1209 103 26 drucken,
910 1210 33 20 att

186 1240 42 22 han
245 1243 25 19 är
284 1242 7 20 i
306 1242 67 22 behof
386 1242 22 22 af
421 1243 80 27 tillsyn,
517 1244 35 21 mä
568 1244 18 27 ej
603 1244 83 22 lemnas
703 1246 52 19 utan
769 1244 66 26 nödig
849 1243 58 21 värd.

533 1289 11 27 8
560 1291 34 20 25.

252 1327 131 23 Handlande
399 1329 40 21 och
455 1329 73 26 andre,
550 1335 46 15 som
607 1329 58 21 hälla
676 1331 72 25 öppna
758 1328 123 27 salubodar,
893 1334 49 16 vare

182 1360 114 28 förbjudet
313 1364 33 20 att
365 1363 113 21 derstädes
495 1364 71 22 säsom
581 1363 62 27 gäfva
659 1363 32 21 till
707 1363 104 27 förtäring
825 1362 30 28 pä
869 1362 74 22 stället

184 1394 100 22 utlemna
298 1396 95 22 bränvin.
423 1397 25 27 Ej
465 1397 68 22 heller
548 1398 35 21 mä
598 1398 13 21 &
626 1398 81 26 apotek
722 1397 88 21 bränvin
826 1396 49 22 med
891 1396 51 22 eller

185 1430 55 20 utan
256 1429 104 23 tillsatser
374 1431 128 25 utskänkas,
517 1431 33 21 för
564 1433 33 19 att
612 1432 38 21 der
665 1431 99 22 förtäras.

255 1468 193 20 Ekonomiutskottets
461 1470 117 18 betänkande
590 1470 38 18 N:o
641 1471 17 18 3.
