1086 1700
208 140 31 21 38

421 142 22 22 U.
457 142 22 22 B.
495 154 30 6 —
541 144 60 28 Prop.
618 146 34 21 N:o
670 145 30 22 12.

463 206 90 28 Uppgär
574 208 42 20 den
639 208 103 22 behällna
764 209 176 30 köpeskillingen,

389 240 54 27 efter
465 240 79 28 afdrag
567 242 29 27 af
614 242 168 28 inrättningens
803 244 139 29 tillgodohaf-

389 274 70 21 vande
477 275 39 21 och
531 275 300 30 försäljningskostnaderna,
846 279 45 21 icke
906 280 36 21 till

389 309 36 21 det
445 309 81 28 belopp,
548 310 36 28 för
606 312 82 20 hvilket
705 313 234 28 warrantinnehafva-

389 349 40 15 ren
451 350 47 21 eger
516 346 109 26 panträtt,
648 346 38 20 bör
700 349 128 19 warranten
844 348 35 21 till
899 348 40 21 ho-

389 383 53 15 nom
457 378 133 22 äterlemnas
604 380 50 21 med
668 381 132 28 anteckning
811 389 35 14 om
858 382 35 21 det
901 384 38 20 ut-

389 411 86 22 betalda
489 412 102 29 beloppet.

629 489 15 27 $
660 490 39 21 28.

463 539 257 30 Warrantinnehafvare,
737 542 66 22 hvars
817 542 93 28 fordran
920 544 21 27 ej

387 575 37 21 till
445 575 57 28 fullo
526 576 94 21 betäckes
642 577 29 27 af
687 577 58 20 hvad
761 584 78 21 genom
858 584 82 15 varans

387 609 135 28 försäljning
534 610 94 27 influtit,
640 613 32 24 är,
683 611 78 21 såvida
773 611 46 21 han
829 611 62 22 inom
899 612 41 21 den

389 644 37 27 tid,
449 651 48 14 som
519 645 10 20 i
550 645 15 27 $
587 645 32 20 22
634 647 67 26 säges,
718 645 87 22 anmält
819 653 71 14 varan
905 646 35 21 till

388 679 141 28 försäljning,
545 679 122 28 berättigad
682 681 34 19 att
730 679 29 28 af
770 680 41 21 den
826 687 47 14 som
885 680 56 27 först

389 713 112 27 öfverlåtit
511 715 128 20 warranten
649 714 79 27 fordra
739 714 112 28 betalning
861 714 36 27 för
906 715 35 20 det

389 747 96 27 oguldna
500 747 96 28 beloppet
605 748 69 27 jemte
689 749 68 20 ränta
771 748 52 21 derå
838 748 54 28 efter
903 756 37 13 sex

388 781 36 27 för
445 781 114 22 hundrade
579 789 35 14 om
633 782 47 21 året
695 784 60 19 samt
768 783 122 27 ersättning
904 783 36 27 för

389 815 57 21 hvad
468 816 44 21 han
534 816 36 27 för
592 816 68 27 öfrigt
680 816 60 21 varit
753 817 112 20 nödsakad
879 819 32 19 att
926 817 14 21 å

388 850 67 21 saken
470 851 66 20 kosta.

458 885 128 22 Enahanda
600 888 46 19 rätt
658 886 36 21 till
704 886 179 28 återgångstalan
893 893 47 21 eger

389 920 46 21 han
445 920 84 27 jemväl
543 922 47 19 mot
603 927 77 14 senare
696 920 129 27 öfverlätare
840 920 29 27 af
879 927 59 14 war-

389 955 86 26 ranten,
491 954 37 21 der
542 954 46 21 han
602 954 11 21 i
627 954 101 27 afseende
741 954 14 21 ä
762 956 84 26 protest
855 955 38 20 och
903 961 37 14 va-

389 995 55 14 rans
458 989 109 20 anmälan
578 989 35 20 till
622 988 136 28 försäljning
770 989 104 27 iakttagit
883 989 58 20 hvad

389 1023 10 20 i
413 1024 30 25 $$
460 1023 27 20 21
501 1023 39 21 och
556 1023 32 20 22
602 1025 66 25 säges.

462 1057 40 20 Om
517 1057 139 21 anställande
671 1057 30 27 af
709 1057 43 21 slik
762 1057 178 28 ätergängstalan

388 1091 70 27 gäller
478 1091 10 20 i
507 1091 68 28 öfrigt
589 1091 58 21 hvad
661 1098 37 14 om
713 1091 60 21 vexel
787 1093 32 18 är
833 1091 106 28 stadgadt,

389 1125 98 27 förutom
507 1127 34 19 att
558 1125 60 21 tiden
632 1125 36 28 för
684 1125 190 28 ätergängstalans
889 1127 49 19 väc-

389 1160 70 20 kande
475 1160 81 20 räknas
571 1160 54 27 från
640 1160 42 21 den
697 1160 48 27 dag,
761 1160 28 21 dä
801 1166 82 14 varans
891 1160 47 27 för-

389 1194 99 27 säljning
503 1194 123 28 slutfördes,
642 1194 70 28 sagda
722 1194 41 28 dag
773 1194 52 21 dock
835 1194 103 21 oräknad.

632 1291 16 27 $
660 1291 39 21 29.

459 1342 149 28 Innehafvare
620 1342 29 28 af
655 1342 154 28 upplagsbevis
819 1342 52 20 eller
880 1348 58 14 war-

389 1378 54 19 rant
457 1384 53 20 eger,
525 1377 10 20 i
550 1377 101 21 händelse
666 1383 74 14 varan
751 1376 129 27 förkommit
891 1376 51 21 eller

389 1411 94 27 skadats,
505 1418 87 14 samma
609 1412 46 20 rätt
670 1410 36 22 till
720 1410 220 28 skadeersättningen,

389 1452 48 14 som
451 1445 46 21 han
512 1452 84 14 annars
608 1445 70 21 skulle
688 1446 35 26 egt
733 1445 34 21 till
777 1444 78 28 sjelfva
863 1451 77 15 varan.

252 1482 49 23 Lag-
315 1483 32 17 och
360 1483 183 19 Ekonomiutskottets
555 1484 110 18 betänkande
678 1485 37 16 N:o
727 1484 18 17 3.
