1086 1700
318 118 82 22 Ständ.
418 118 38 22 Sv.
473 130 28 4 —
517 118 75 28 Prop.
608 117 45 23 N:o
669 117 37 23 16.

139 193 2 15 i

139 219 2 34 i
180 225 52 22 dera
243 225 69 22 sådan
323 225 58 22 skild
392 225 166 28 stämpelafgift,
572 232 46 15 som
626 225 60 22 stad-

139 257 2 33 |
179 267 40 21 gas
235 261 35 21 för
285 260 156 28 pensionsbref
453 262 41 20 och
510 260 108 23 fullmakt.

139 291 2 34 |
150 297 202 27 Antagningsbevis
368 297 56 22 eller
434 296 52 22 bref
495 297 13 21 å
516 297 75 27 tjenst,
601 303 24 15 se
635 296 51 22 full-

139 327 2 43 |
180 323 66 42 makt.

139 373 2 26 i
150 368 180 26 Apotekarebref

140 402 1 28 |
150 404 201 22 Barnmorskebref
467 422 3 3 ;

140 433 1 20 |
150 439 89 22 Bilbref
253 440 198 27 (byggnadsattest)
467 458 3 4 .
610 456 76 5 NIIN

139 465 3 45 |
161 461 317 53 Bouppteekningsinstrument
514 476 102 22 karteras
652 476 36 21 för

181 512 109 26 sterbhus,
300 512 88 22 hvilkas
398 512 131 27 behållning
537 511 58 23 efter
602 512 84 26 boupp-

180 548 197 27 teckningsvärdet
396 548 87 27 uppgår
503 548 36 21 till
560 548 67 22 minst
643 549 44 20 500

140 582 2 25 i
180 584 68 27 mark,
265 583 70 28 enligt
350 583 96 28 följande
462 584 107 27 grunder:

141 613 1 3 |
212 620 39 26 1:0)
260 619 49 22 med
322 619 64 29 !/,,?/,
396 619 25 21 af
426 619 51 22 hela
485 619 165 28 behållningen,
660 619 28 22 dä

236 655 43 22 den
301 655 49 21 icke
371 655 135 27 öfverstiger
524 657 78 26 10,000
619 655 68 22 mark.

211 691 40 26 2:0)
270 691 49 21 med
336 690 65 29 ?/,,9/,
418 691 25 21 af
456 691 51 22 hela
523 691 164 28 behållningen,

238 726 28 21 då
282 726 41 21 den
335 725 134 29 öfverstiger
482 728 86 27 10,000,
581 733 49 16 men
638 727 51 22 icke

238 764 24 19 är
278 762 68 27 högre
361 764 29 19 än
407 764 94 25 100,000
518 763 68 21 mark.

142 808 1 16 |
212 799 40 26 3:0)
269 798 48 21 med
334 798 66 29 3/,,9/,
416 797 25 22 af
453 799 51 21 hela
520 799 168 27 behållningen,

142 836 1 25 |
238 833 28 22 dä
277 834 42 21 den
328 833 133 28 öfverstiger
471 835 101 26 100,000,
581 840 51 15 men
638 834 50 21 icke

238 871 25 20 är
278 870 69 27 högre
363 871 28 20 än
408 871 117 26 1,000,000
541 870 69 21 mark.

142 908 2 7 |
212 905 43 28 4:0)
276 905 50 22 med
344 904 66 30 %/,,9/,
425 905 25 22 af
461 906 50 21 hela
522 905 166 28 behållningen,

240 941 27 21 dä
276 941 71 22 denna
354 941 85 28 uppgär
445 941 35 22 till
486 947 47 16 mer
539 943 27 20 än
574 943 115 25 1,000,000

239 977 72 26 mark;

240 1013 55 21 eller
316 1013 86 21 således
423 1012 35 22 för
477 1013 77 27 hvarje
575 1013 54 21 fulla
647 1014 43 19 100

261 1048 63 21 mark
339 1048 24 21 af
375 1049 51 21 hela
442 1049 157 26 behällningen

240 1084 8 21 i
266 1086 33 19 l:a
314 1084 116 27 kategorin

240 1120 8 20 i
265 1121 33 20 2:a
358 1137 12 10 »”

241 1156 7 20 i
265 1157 33 20 3:e
359 1172 12 11 »

241 1192 8 20 i
264 1192 35 20 4:e
360 1207 11 11 E

144 1232 2 11 |
215 1226 160 28 Skyldigheten
399 1228 32 20 att
451 1227 92 21 kartera
558 1226 134 27 bouppteck-

185 1262 198 27 ningsinstrument
398 1262 35 22 till
449 1269 30 15 nu
495 1262 146 22 föreskrifvet
654 1262 38 22 be-

184 1298 52 26 lopp
248 1298 101 22 sträcker
360 1298 34 27 sig
404 1298 78 22 endast
490 1298 35 21 till
535 1297 37 22 det
580 1298 113 26 exemplar

186 1333 24 22 af
223 1334 160 26 instrumentet,
400 1334 87 21 hvilket
500 1334 58 21 skall
568 1334 35 20 till
614 1333 77 22 veder-

145 1372 2 13 |
184 1370 98 20 börande
298 1369 91 21 domstol
406 1368 112 27 afiemnas;
530 1369 40 21 och
580 1369 42 21 bör
633 1369 13 21 ä
655 1369 38 21 det

186 1405 68 21 andra
270 1405 141 27 exemplaret,
427 1404 87 22 hvilket
530 1404 35 22 till
578 1404 113 22 sterbhus-

762 369 29 20 40

833 120 24 20 15

844 1084 48 19 10
881 1080 14 33 :

843 1120 26 20 20

843 1156 26 20 30
891 1178 2 4 |

842 1192 28 19 40
