1086 1700
246 139 25 19 14
445 137 30 23 U.
491 138 28 21 B.
535 150 28 3 —
578 137 74 28 Prop.
667 138 43 22 N:o
726 137 35 22 11.

216 205 32 19 att
264 210 26 15 en
305 203 97 28 betydlig
418 204 79 27 ökning
512 204 96 21 kommer
623 206 33 19 att
671 210 41 20 ega
726 210 47 15 rum
784 204 7 21 i
801 203 51 28 följd
863 204 23 21 af
895 206 78 20 tvenne

215 244 42 21 nya
279 238 166 27 bestämningar,
465 244 47 16 som
531 238 108 22 utskottet
659 238 70 25 infört,
745 238 106 28 nämligen
868 240 33 20 att
915 239 59 21 bola-

215 278 53 20 gens
285 272 138 22 verksamhet
438 272 56 28 finge
511 272 88 23 omfatta
614 272 63 22 äfven
692 273 92 21 handeln
796 274 47 21 med
855 273 117 22 utländska

215 306 147 28 spritdrycker
379 307 68 27 jemte
468 308 172 26 utskänkningen
660 308 14 21 'å
688 308 98 27 hoteller,
803 308 169 22 restaurationer

215 341 39 22 och
276 341 138 26 konditorier,
435 344 56 20 samt
511 344 32 19 att
564 342 46 21 frän
626 342 125 22 brännerier
766 342 40 22 och
822 342 150 27 distillerings-

215 376 51 21 verk
282 376 87 22 bränvin
385 376 56 28 finge
457 376 101 28 föryttras
580 377 76 21 endast
672 377 24 21 ät
711 376 164 28 äterförsäljare.
906 377 66 27 Bety-

215 410 73 22 delsen
312 410 22 22 af
352 411 134 21 sistnämnda
506 411 119 27 stadgande
641 411 64 25 inses,
722 417 33 15 om
771 418 49 14 man
836 414 62 24 tager
912 411 6 21 i
934 412 38 20 be-

214 445 116 22 traktande
345 448 33 19 att
393 445 34 22 för
442 446 132 22 närvarande
589 446 47 21 frän
650 446 59 21 vissa
723 446 127 22 brännerier
859 446 28 27 pä
897 446 74 21 lands-

214 481 62 19 orten
292 480 55 22 ända
362 480 32 22 till
411 480 70 22 halfva
497 480 250 28 tillverkningsbeloppet
762 481 61 21 torde
839 481 65 27 säljas
920 483 52 19 utan

214 513 128 29 förmedling
356 514 23 22 af
392 515 171 22 minuthandlare
580 516 51 21 eller
644 516 141 21 utskänkare.

284 549 39 22 Vid
348 549 168 28 öfvervägandet
541 549 22 22 af
585 549 74 28 frägan
680 556 35 15 om
739 550 26 21 de
785 550 99 27 grunder,
906 550 66 27 enligt

214 583 73 22 hvilka
307 584 156 27 dispositionen
483 584 22 22 af
524 585 175 26 utminuterings-
719 585 39 21 och
775 585 197 26 utskänkningsbo-

213 617 75 28 lagens
308 619 56 21 vinst
384 619 33 21 för
440 619 113 22 framtiden
569 619 67 22 borde
652 619 84 24 ordnas,
753 619 39 21 har
808 619 37 22 det
860 621 60 25 synts
936 621 36 19 ut-

214 652 88 25 skottet,
318 655 33 19 att
365 653 164 28 ifrågavarande
544 654 70 21 medel
629 653 33 22 till
677 655 46 20 stor
734 653 34 22 del
780 656 37 19 äro
829 655 33 20 att
872 653 100 22 betrakta

214 687 71 21 säsom
310 694 26 15 en
365 694 76 20 genom
467 688 162 27 försäljningens
655 688 183 27 monopolisering
862 690 110 25 upptagen

214 721 215 26 konsumtionsskatt,
449 723 40 21 och
511 725 32 19 att
562 723 121 21 inkomsten
704 723 22 21 af
746 723 69 21 denna
831 723 139 26 beskattning

212 755 57 28 förty
290 757 128 21 ätminstone
439 757 32 21 till
491 757 151 26 hufvudsaklig
658 757 34 21 del
708 757 39 22 bör
761 757 86 21 komma
861 757 107 21 allmänna

214 791 157 21 statsändamäl
387 791 32 22 till
435 792 62 26 godo.

284 825 39 22 Om
339 826 49 21 hela
404 827 83 21 vinsten
503 826 23 21 af
539 826 162 27 ifrägavarande
716 826 108 27 monopol,
840 826 77 21 liksom
928 826 40 21 hit-

213 859 43 22 tills
280 861 56 20 varit
359 860 66 25 fallet,
449 861 137 21 uteslutande
608 861 56 26 finge
684 861 161 27 tillgodonjutas
861 860 23 21 af
897 861 71 21 stads-

212 893 162 27 kommunerna,
398 895 72 21 hvilka
492 895 61 22 äfven
576 895 6 21 i
606 895 63 27 öfrigt
691 895 63 22 hafva
773 895 42 21 alla
831 895 141 21 ekonomiska

212 927 94 23 fördelar
329 929 22 21 af
364 929 265 28 bränvinshandteringen,
645 930 103 21 innebure
764 929 60 22 detta
840 930 127 26 ovedersäg-

214 962 58 27 ligen
288 969 25 15 en
330 963 111 27 obillighet
457 967 109 24 gentemot
577 964 154 27 landsbygden,
743 971 46 14 som
801 964 46 21 icke
858 964 113 21 oväsendt-

213 997 57 26 ligen
295 997 100 28 bidrager
420 999 32 20 till
478 999 102 26 bolagens
604 999 124 21 inkomster.
757 999 117 21 Dessutom
899 999 71 20 kunde

213 1031 71 22 denna
309 1033 120 26 anordning
452 1035 78 24 utgöra
552 1033 32 22 för
606 1033 102 21 städerna
724 1039 25 15 en
765 1033 105 24 frestelse,
885 1035 32 19 att
932 1033 37 21 be-

212 1065 74 22 trakta
301 1066 258 28 bränvinshandteringen
575 1067 71 22 såsom
662 1074 26 15 en
704 1067 151 22 inkomstkälla
867 1066 32 22 för
909 1067 60 21 kom-

212 1106 78 15 munen
314 1101 40 21 och
377 1103 32 20 att
432 1102 35 21 vid
491 1103 49 20 dess
563 1101 109 22 ordnande
695 1102 40 21 och
751 1101 157 22 öfvervakande
924 1101 45 22 afse

212 1135 68 21 andra
295 1136 98 21 ändamä!
411 1139 26 19 än
446 1137 152 27 nykterhetens
610 1137 40 21 och
660 1136 145 27 sedlighetens
815 1135 152 28 befrämjande,

212 1169 82 21 hvilket
314 1170 46 22 äter
375 1170 72 22 kunde
463 1171 50 21 leda
528 1172 31 20 till
575 1171 125 26 betänkliga
712 1171 161 26 konsegvenser
889 1176 33 15 om
938 1171 27 26 pä

212 1204 66 20 dessa
300 1204 69 22 medel
393 1205 105 26 grundats
521 1205 148 27 inrättningar,
692 1211 47 15 som
761 1204 33 22 för
817 1205 38 21 sitt
877 1204 92 22 beständ

212 1237 73 22 fordra
300 1239 113 26 varaktiga
428 1240 124 31 inkomster.
584 1239 44 21 Och
644 1239 62 22 äfven
721 1239 32 21 för
768 1246 26 14 en
810 1239 55 21 sund
881 1239 90 21 utveck-

212 1272 45 26 ling
266 1272 22 21 af
294 1273 75 27 sjelfva
377 1274 225 26 bolagsinstitutionen
611 1280 50 15 vore
670 1274 36 20 det
717 1274 31 20 till
759 1273 76 28 skada,
845 1279 33 15 om
887 1273 83 21 vinsten

212 1306 23 21 af
249 1307 50 21 dess
316 1308 81 21 rörelse
413 1308 40 21 och
469 1308 38 22 det
521 1308 56 27 goda
592 1314 46 15 som
654 1308 87 21 dermed
757 1307 33 22 för
806 1314 53 20 egen
870 1307 100 21 kommun

214 1342 43 20 kan
282 1344 100 22 uträttas,
403 1342 85 22 komme
509 1345 32 19 att
555 1342 90 21 framstä
660 1342 71 21 säsom
746 1342 118 26 företagets
881 1342 88 21 hufvud-

212 1375 106 25 ändamäl,
336 1376 85 22 hvilket
433 1377 24 27 ju
473 1377 40 21 bör
528 1383 50 15 vara
586 1376 138 22 hämmandet
732 1376 21 22 af
761 1376 140 27 rusdryckers
909 1376 63 21 miss-

212 1410 55 20 bruk
293 1416 76 20 genom
387 1410 170 28 ändamälsenlig
572 1411 119 27 anordning
706 1410 22 22 af
741 1410 93 22 handeln
850 1411 48 21 med
915 1411 55 21 dem.

281 1449 198 19 Ekonomiutskottets
492 1450 116 18 betänkande
620 1451 36 17 N:o
669 1451 17 17 3.
