1086 1700
351 124 28 22 U.
394 124 28 22 B.
440 136 24 3 —
480 124 74 27 Prop.
570 123 41 23 N:o
628 123 34 23 11.
829 126 25 19 31

126 189 157 27 länestyrelsen
298 189 7 21 i
321 189 100 22 afseende
439 190 14 20 å
466 189 140 22 fastställelse
622 192 56 19 samt
689 189 163 22 bestämmande
864 189 23 22 af

127 224 41 20 den
190 224 66 24 skatt,
279 224 88 21 hvarom
388 224 7 20 i
411 225 11 24 $
440 226 25 19 13
481 224 41 21 här
538 224 70 21 nedan
623 224 110 22 förmäles.

196 258 19 20 2.
246 257 37 22 Uti
307 258 37 21 det
369 258 2 21 i
402 258 5 26 $
431 260 12 18 6
462 264 63 16 mom.
542 260 12 20 3
570 258 141 22 omförmälda
725 258 39 22 fall
780 258 104 22 inlemnas

127 292 121 26 ansökning
263 291 33 21 till
311 292 148 27 länestyrelse.

481 368 11 23 S
502 368 25 23 8.

194 417 75 27 Bolag,
295 423 45 15 som
365 418 92 21 ansöker
479 418 105 27 rättighet
605 418 33 22 till
658 418 67 27 parti-
739 418 52 22 eller
806 418 78 21 minut-

127 452 78 21 handel
220 452 49 21 med
285 452 89 21 bränvin
391 452 52 21 eller
459 452 39 22 ock
514 452 146 27 utskänkning
676 447 67 38 deraf,
756 452 68 28 styrke
835 451 49 22 med

127 486 59 21 bevis
202 486 22 21 af
239 485 96 27 offentlig
350 486 125 27 myndighet
490 488 33 20 att
539 487 17 27 ej
574 487 66 21 andra
656 489 27 19 än
700 486 32 28 de,
745 493 45 15 som
802 489 36 19 äro
846 486 38 22 be-

126 520 108 27 rättigade
249 522 33 19 att
296 520 50 22 idka
361 520 78 22 handel
455 520 49 22 med
519 520 95 28 bränvin,
631 520 49 28 ingå
696 521 73 21 såsom
781 520 100 26 delegare

126 554 7 22 i
149 554 93 27 bolaget.

482 625 11 24 $
509 625 20 20 9.

194 671 19 20 1.
246 670 127 20 Uteslutande
387 671 42 19 rätt
444 673 29 17 att
487 671 8 19 i
509 672 47 19 stad
570 671 108 25 öfvertaga
693 671 142 24 utminutering
847 671 37 19 och

125 705 137 24 utskänkning
287 705 27 24 af
332 706 102 19 inhemska
458 705 37 20 och
510 706 109 19 utländska
633 706 138 25 spritdrycker
787 706 96 23 antingen

125 739 41 20 helt
188 739 37 20 och
247 737 61 22 hället
330 740 48 19 eller
399 740 46 19 med
466 741 107 24 undantag
593 741 28 23 af
630 741 38 19 den
684 741 142 25 utskänkning,
841 745 42 14 som

126 779 47 18 eger
195 779 45 14 rum
262 772 13 21 ä
296 774 90 26 hotetler,
405 775 161 19 restaurationer
582 775 37 19 och
634 775 131 24 konditorier,
783 774 47 20 eller
845 774 38 19 ock

125 808 71 19 endast
212 809 24 23 af
250 809 103 19 inhemska
367 809 140 24 spritdrycker
522 809 46 19 med
581 810 123 24 nyssnämäa
718 810 113 23 undantag,
841 809 42 19 kan

125 842 28 24 af
163 843 183 24 stadsfullmäktige
361 844 53 21 eller,
431 844 36 19 der
481 841 82 22 sådana
577 844 45 19 icke
635 845 75 25 finnas,
721 842 161 21 rädhusstämma

125 876 89 25 beviljas,
234 877 37 24 för
294 877 39 20 den
355 878 7 19 i
375 878 14 24 $
404 877 14 20 6
434 883 56 14 mom.
507 877 13 20 1
537 877 103 20 bestämda
656 879 54 19 tiden
725 878 28 24 af
764 876 32 21 twå
812 875 30 26 är,
859 875 21 22 ät

126 910 65 27 bolag,
207 917 42 14 som
265 912 44 23 afse
324 909 65 22 sådan
404 912 85 20 rörelses
498 911 134 25 bedrifvande
639 913 44 19 icke
692 913 37 24 för
739 918 50 19 egen
799 912 82 24 vinning

125 947 50 18 utan
199 946 36 23 för
262 946 175 25 aryckenskapens
451 946 158 20 motarbetande.
640 947 95 20 Ansökan
754 953 30 14 om
801 945 80 21 sådana

124 980 126 25 rättigheter,
268 978 74 27 åtföljd
356 981 27 23 af
394 980 90 25 bolagets
494 981 87 24 stadgar
593 981 97 20 inlemnas
703 982 30 19 till
742 982 139 23 magistraten,

124 1019 42 14 som
188 1015 117 23 hänskjuter
326 1015 137 24 ansökningen
482 1015 30 19 till
525 1015 192 25 stadsfullmäktiges
732 1016 48 19 eller
794 1013 88 21 rådhus-

123 1049 95 19 stämmas
230 1049 99 24 pröfning
344 1049 37 20 och
396 1054 55 22 eger,
469 1050 36 19 der
518 1048 66 26 fräga
598 1050 44 19 icke
658 1051 25 18 är
698 1055 31 14 om
737 1049 146 25 öfvertagande

125 1083 28 24 af
167 1083 29 19 all
212 1083 143 25 utminutering
370 1083 37 20 och
423 1084 142 25 utskänkning,
578 1082 78 26 föreslä
672 1085 25 19 de
712 1085 113 23 undantag,
840 1089 42 14 som

124 1118 7 19 i
147 1117 96 25 afseende
258 1115 13 22 å
286 1118 135 25 utskänkning
433 1117 63 21 borde
505 1119 63 24 göras
576 1119 36 24 för
621 1119 89 27 hoteller,
721 1119 162 19 restaurationer

125 1152 38 20 och
188 1152 132 20 konditorier.
351 1153 68 23 Hafva
444 1154 184 24 stadsfullmäktige
651 1154 48 19 eller
720 1151 161 22 rädhusstämma

125 1186 78 20 beslutit
226 1187 122 24 öfverlemna
369 1188 191 24 spritvaruhandein
584 1186 20 21 ät
622 1188 46 19 slikt
686 1187 66 26 bolag,
770 1188 53 19 skall
836 1187 46 19 med

124 1221 85 19 ärendet
224 1222 70 19 vidare
306 1222 97 24 förfaras
413 1220 32 27 pä
459 1223 46 23 sätt,
520 1222 28 24 $$
562 1222 14 19 6
592 1222 37 19 och
644 1222 14 19 7
672 1222 7 19 i
693 1222 118 24 tillämpliga
824 1222 58 19 delar

122 1256 134 24 föreskrifva.

193 1290 19 20 2.
244 1290 72 26 Bolag,
339 1296 41 14 som
403 1289 80 21 erhållit
500 1292 126 19 uteslutande
640 1292 43 18 rätt
697 1292 30 19 till
739 1290 143 24 utminutering

124 1324 48 20 eller
194 1325 136 24 utskänkning
354 1326 27 23 af
401 1326 42 18 alla
461 1323 59 22 såväl
536 1326 102 19 inhemska
655 1331 42 14 som
712 1325 95 20 utlänska
821 1325 60 24 sprit-

123 1364 69 16 varor,
215 1364 47 19 eger
284 1360 42 19 rätt
342 1362 28 17 att
385 1362 39 17 mot
440 1359 95 27 bestämd,
555 1360 30 20 till
600 1360 80 24 bolaget
695 1361 74 24 erlagd
783 1360 63 24 afgift
861 1356 21 22 ät

123 1394 135 23 innehafvare
282 1394 28 24 af
321 1394 64 25 hotell,
408 1395 138 19 restauration
570 1395 48 19 eller
640 1395 103 19 konditori
757 1392 85 28 upplåta
858 1398 24 14 en

124 1428 33 19 del
186 1428 27 24 af
231 1428 25 19 de
278 1428 50 20 utaf
344 1428 80 25 bolaget
446 1429 121 24 öfvertagna
586 1429 295 25 utskänkningsrättigheterna

192 1466 193 18 Ekonomiutskottets
397 1467 117 17 betänkande
526 1468 39 18 N:o
577 1468 17 18 3.
