1086 1700
390 97 29 23 U.
433 97 28 23 B.
478 110 27 2 —
521 97 74 29 Prop.
611 97 45 23 N:o
672 98 36 22 12.

445 475 55 28 Lag-
517 476 46 22 och
578 476 253 22 Ekonomiutskottets
845 476 76 22 andra

372 509 93 28 förslag
488 510 41 22 till
550 510 235 28 sammanjemkning
807 510 26 22 af
852 510 66 22 Stän-

373 544 58 22 dens
447 544 143 29 skiljaktiga
601 544 81 22 beslut
692 544 41 22 vid
740 544 180 29 behandlingen

373 579 27 21 af
413 579 136 22 Utskottets
565 579 155 22 betänkande
736 579 43 22 N:o
796 579 13 22 3
820 579 9 22 i
840 579 80 22 anled-

373 613 59 27 ning
453 613 27 22 af
500 613 65 22 Hans
587 613 136 28 Kejserliga
745 613 120 28 Majestäts
882 613 38 22 nä-

373 647 56 27 diga
451 647 154 28 proposition
626 647 55 22 med
702 647 93 28 förslag
817 648 40 21 till
872 647 48 23 för-

374 681 105 27 ordning
501 687 39 16 om
562 681 124 22 allmänna
710 682 210 27 upplagsmagasin

373 715 55 22 med
444 716 51 21 rätt
509 716 37 22 att
561 715 94 28 utgifva
670 717 127 22 warrants.

234 812 34 22 Af
282 812 28 21 de
325 812 36 21 till
376 812 60 29 Lag-
453 812 42 22 och
510 812 231 22 Ekonomiutskottet
757 813 115 21 ankomna
886 817 34 17 ut-

167 847 57 28 drag
240 846 26 22 af
284 846 109 22 ständens
410 847 116 28 protokoll
542 847 40 21 vid
597 847 173 28 behandlingen
787 847 25 22 af
826 847 94 22 Utskot-

166 883 44 19 tets
226 881 73 22 första
314 879 87 30 förslag
417 881 36 21 till
468 881 226 29 sammanjemkning
710 881 25 22 af
748 881 28 22 de
787 881 133 29 skiljaktiga

165 915 106 22 besluten
286 915 8 21 i
310 915 63 22 detta
390 915 84 21 ärende
490 915 42 22 har
546 915 122 22 Utskottet
683 915 114 22 inhemtat

234 952 35 19 att
291 950 156 27 Ridderskapet
469 951 38 20 och
529 950 70 21 Adelm
621 949 105 29 godkänt
745 949 175 29 sammanjemk-

165 984 188 29 ningsförslaget,
372 984 77 21 sävidt
467 984 38 21 det
520 984 113 21 hänförde
650 984 36 28 sig
701 984 36 21 till
753 983 166 30 förordningen

165 1025 36 14 om
226 1018 117 22 allmänna
358 1018 205 29 upplagsmagasin
578 1018 53 22 med
646 1020 47 20 rätt
708 1020 35 20 att
757 1017 91 30 utgifva
863 1025 56 15 war-

165 1055 70 25 rants,
252 1060 52 13 men
320 1053 103 21 deremot
438 1053 114 21 förkastat
562 1053 118 28 förslaget,
697 1053 4 21 i
713 1052 61 22 hvad
787 1052 39 21 det
836 1053 84 28 angick

165 1087 173 28 förordningen,
359 1087 162 21 innefattande
551 1087 84 28 tillägg
665 1087 37 21 till
724 1087 85 28 nädiga
831 1086 89 22 förord-

164 1121 88 29 ningen
274 1121 44 22 den
342 1123 12 20 9
376 1121 131 22 November
528 1123 54 21 1868
598 1129 36 15 om
650 1121 150 29 borgenärers
815 1123 47 20 rätt
877 1121 43 22 och

165 1156 113 22 företräde
298 1156 35 22 för
356 1156 130 22 hvarandra
506 1156 37 22 till
558 1156 121 29 betalning
694 1164 27 14 ur
735 1156 120 30 egendom,
871 1163 47 15 som

163 1190 80 22 blifvit
261 1191 37 21 till
310 1190 102 22 konkurs
428 1190 99 28 afträdd,
543 1193 60 19 samt
618 1191 8 21 i
642 1191 76 22 denna
733 1191 38 22 del
787 1191 26 21 af
825 1191 95 22 ärendet

164 1225 121 22 vidblifvit
300 1225 40 21 sitt
355 1225 100 29 tidigare
470 1225 90 22 fattade
575 1225 85 28 beslut;

232 1262 35 19 att
290 1260 159 21 Presteständet
472 1260 106 28 godkänt
600 1259 318 29 sammanjemkningsförsla-

163 1294 60 28 get
213 1289 13 38 i
239 1294 45 21 alla
301 1293 74 29 öfriga
391 1294 69 25 delar,
469 1296 64 20 utom
548 1294 145 22 beträffande
708 1295 24 27 $$
747 1296 20 25 3,
785 1295 32 26 19,
833 1295 24 21 21
876 1294 42 22 och

163 1328 25 21 31
213 1328 8 20 i
244 1327 265 29 författningsförslaget
529 1335 37 15 om
582 1328 118 22 allmänna
715 1328 203 29 upplagsmagasin

163 1361 52 22 med
236 1364 48 19 rätt
299 1364 34 19 att
347 1362 92 28 utgifva
454 1364 118 26 warrants,
590 1362 121 29 angående
725 1362 81 22 hvilka
826 1362 92 22 ståndet

161 1395 119 23 vidblifvit
303 1396 41 22 sitt
365 1396 64 22 förut
450 1396 89 22 fattade
555 1397 82 28 beslut,
654 1396 42 22 och
712 1396 26 22 af
750 1396 72 22 sädan
838 1396 78 22 anled-
