1086 1700
213 121 27 20 28
407 138 7 6 3
510 124 43 22 N:o
576 126 38 22 16.

183 188 757 11 o

185 242 2 13 |
279 235 52 21 icke.
361 236 60 21 Dock
436 236 99 22 karteras
550 236 207 23 fideikommissbref
770 227 2 41 |
879 257 1 7 |

278 270 68 26 enligt
361 270 176 28 nästföregäende
553 272 69 26 punkt
638 280 20 13 a.
770 276 1 4 |
879 270 59 23 oi

206 304 128 26 Transport-
357 305 53 21 eller
437 305 185 22 öfverlätelsebref
643 306 13 22 &
678 307 77 21 krono-
879 306 1 4 |

234 338 100 28 rusthäll,
354 338 168 22 kronohemman
537 340 41 21 och
594 340 67 22 andra
676 341 79 22 krono-

234 372 126 27 lägenheter
376 374 23 20 af
413 374 55 21 hvad
483 380 64 15 namn
558 375 27 21 de
596 381 52 15 vara
658 375 41 28 mä,
711 376 44 21 lika

235 408 49 20 med
299 407 111 27 köpebref.
769 414 1 8 |

205 442 74 26 Vexel,
296 448 22 14 se
334 442 145 28 förskrifning.

183 484 1 22 |
204 471 220 33 Äktenskapsförord,
445 478 27 20 dä
487 478 43 21 viss
546 485 82 15 summa
644 480 6 20 i
666 480 88 26 pennin-
768 495 1 6 |

183 507 1 6 |
212 503 14 40 —
233 517 39 20 gar
288 513 24 19 är
327 511 105 28 bestämd,
449 512 97 22 karteras
563 514 44 21 lika
622 514 48 21 med
681 510 72 35 gäfvo-
877 531 1 10 |

234 544 54 27 bref,
304 552 48 14 men
367 546 7 20 i
389 548 66 20 annat
470 546 38 22 fall
534 564 2 5 .
568 564 4 5 .
604 564 4 5 .
641 565 4 4 .
713 566 39 4 0.0.
844 544 73 34 5i—

205 575 196 32 Öfverlätelsebref,
418 587 21 15 se
455 583 165 26 transportbref.

249 637 161 30 Anmärkning.
439 640 41 21 Vid
503 641 135 22 inlemnande
658 641 23 21 af
694 641 129 27 handlingar
838 642 33 21 till
887 642 49 21 Fin-

181 672 61 21 lands
265 673 61 20 Bank
348 674 7 20 i
377 673 100 22 afseende
501 675 12 21 &
529 676 47 21 läns
592 676 121 21 erhällande
729 676 67 27 gäller
811 676 19 27 ej
847 676 40 20 den
903 675 33 22 för

180 707 112 22 anlitande
315 707 23 22 af
356 709 91 21 domstol
465 710 39 20 och
521 711 208 26 embetsmyndighet
745 711 40 20 här
801 710 61 21 ofvan
878 711 56 20 stad-

179 741 55 26 gade
250 741 253 29 karteringsskyldighet.

459 848 63 16 ITI
542 849 112 20 Kap.

347 903 106 28 Angäende
469 904 71 22 bruket
555 905 21 21 af
591 905 172 27 stämpelpapper.

533 969 11 26 8
562 969 18 20 7.

248 1007 97 21 Skrifvas
361 1007 13 21 å
389 1014 81 15 samma
491 1009 38 20 ark
544 1008 52 21 flera
613 1008 88 22 skrifter
716 1009 53 20 eller
784 1008 150 27 afhandlingar

179 1040 23 21 af
216 1040 67 22 sädan
300 1041 153 28 beskaffenhet,
473 1045 32 18 att
523 1043 25 20 de
564 1043 53 21 hvar
633 1043 33 20 för
681 1043 39 26 sig,
737 1042 54 21 efter
807 1043 69 20 denna
891 1042 42 21 för-

179 1075 97 27 ordning,
293 1078 37 19 äro
347 1077 108 27 kartering
470 1077 165 26 underkastade,
651 1077 53 21 böra
716 1077 25 21 de
752 1077 99 21 karteras
863 1077 69 21 säsom

179 1115 33 14 om
229 1115 26 14 en
271 1109 53 22 hvar
339 1109 23 22 af
377 1110 47 21 dem
440 1111 69 21 blifvit
525 1111 93 21 skrifven
634 1111 12 21 å
662 1111 103 22 särskildt
781 1111 45 20 ark.

532 1182 47 27 88

247 1220 11 20 1
274 1220 117 22 allmänhet
413 1221 72 21 kunna
508 1221 25 21 de
553 1221 95 27 skrifter,
664 1221 33 21 för
712 1221 73 21 hvilka
800 1221 111 27 kartering
926 1221 6 21 i

176 1253 70 21 denna
262 1254 125 27 förordning
402 1255 108 27 päbjudes,
526 1256 102 26 antingen
645 1255 92 21 skrifvas
748 1249 10 37 ä
775 1256 32 20 ett
819 1255 52 21 eller
881 1255 51 21 flera

176 1288 39 20 ark
238 1289 120 27 stämpladt
376 1296 88 21 papper,
481 1290 52 20 eller
548 1290 41 21 ock
604 1290 50 21 med
671 1290 138 20 kartamärke
826 1290 106 26 beläggas,

175 1322 79 22 endast
270 1324 148 26 karteringens
433 1324 161 27 sammanlagda
610 1325 65 20 värde
691 1326 120 19 motsvarar
823 1324 35 20 det
874 1324 58 21 stad-

175 1357 55 27 gade
255 1358 108 26 beloppet.
392 1354 31 25 Är
447 1358 88 22 skriften
550 1358 87 22 försedd
653 1358 48 22 med
717 1358 24 21 sä
756 1358 43 27 hög
814 1358 69 26 karta,
900 1361 32 18 att

173 1391 71 21 denna
268 1392 72 21 tillika
360 1398 73 16 svarar
448 1395 58 19 emot
521 1393 78 21 kartan
616 1394 33 20 till
664 1393 119 27 bilagorna,
799 1392 92 22 behöfva
906 1393 26 21 de

172 1426 136 22 sistnämnda
324 1427 46 21 icke
387 1428 124 26 ytterligare
527 1427 106 21 karteras.
