1086 1700
456 136 42 22 N:v
521 138 36 21 16.
829 138 26 20 39

128 203 102 21 kontoret
246 202 149 26 öfverlemnar,
416 202 88 22 hvarvid
521 203 38 21 bör
575 210 56 20 noga
646 203 95 27 efterses,
759 206 32 19 att
807 206 26 20 de
848 205 37 21 be-

128 238 96 26 gagnade
242 237 103 21 kartorna
361 237 52 21 eller
433 237 197 27 stämpelmärkena
646 240 37 18 äro
700 238 22 21 af
735 238 150 26 kyrkoherden

129 272 118 27 behörigen
265 272 144 20 makulerade.
441 272 45 20 Och
502 278 50 15 vare
569 272 40 21 den
626 272 22 21 af
656 272 168 29 presterskapet,
841 280 45 15 som

128 307 93 21 nämnda
237 306 77 21 termin
334 306 134 26 försummar,
488 306 99 21 förfallen
603 306 33 21 till
652 306 61 27 tjugu
729 307 70 21 marks
816 308 69 22 böter.

129 336 63 26 Öfver
208 341 44 21 alla
268 340 46 21 från
331 340 146 27 prosterierna
489 341 101 21 inkomna
602 340 159 28 förteckningar
772 344 113 24 upprättar

130 375 162 21 landskontoret
309 375 63 21 sedan
389 376 32 20 ett
441 376 137 20 summariskt
594 376 149 26 sammandrag
759 376 40 21 och
814 377 71 21 insän-

129 410 38 20 der
183 410 119 20 detsamma
316 410 66 26 jemte
397 410 195 26 lysningssedlarne
608 410 64 20 innan
688 410 49 20 Juni
753 410 88 22 månads
852 412 33 20 ut-

128 444 56 26 gång
210 450 76 20 genom
319 444 138 20 Guvernören
484 444 33 20 till
546 444 104 21 Senatens
677 444 208 28 Finansexpedition,

129 478 33 20 för
178 480 30 19 att
226 478 33 21 till
276 478 89 26 behörig
381 478 133 26 granskning
526 478 6 21 i
543 478 211 22 Revisionskontoret
765 479 120 21 hefordras.

475 542 11 27 S
503 543 34 20 24.

198 583 65 25 Hvar,
283 588 51 19 som,
356 581 31 21 för
408 584 32 19 att
460 582 80 21 bereda
555 582 32 27 sig
603 582 51 21 eller
670 589 70 14 annan
757 585 60 24 nytta
833 583 53 22 eller

129 617 66 21 skada
220 623 75 20 annan,
320 616 92 27 eftergör
435 617 53 20 eller
512 616 114 22 förfalskar
645 617 173 28 stämpelpapper
834 618 52 21 eller

129 651 173 26 stämpelmärke,
326 650 81 21 straffes
426 651 49 20 med
494 651 88 21 tukthus
598 651 7 20 i
620 651 63 26 högst
698 651 35 21 tvä
748 653 24 20 är
787 652 40 21 och
843 652 42 21 för-

129 686 42 21 lust
187 685 23 21 af
224 685 166 26 medborgerligt
406 685 129 26 förtroende,
552 685 58 26 eller,
628 685 36 22 der
675 686 211 27 omständigheterna

129 722 36 19 äro
182 720 133 27 synnerligen
332 719 125 27 mildrande,
474 720 49 21 med
539 719 95 27 fängelse
650 720 18 27 ej
685 719 58 22 öfver
760 720 35 21 tvä
811 720 30 21 är.

198 754 78 27 Gjorde
299 754 41 21 han
363 754 55 21 bruk
442 754 23 21 af
487 755 35 20 det
542 755 130 26 eftergjorda
688 755 51 20 eller
755 755 131 21 förfalskade

129 789 181 27 stämpelpappret
334 789 51 20 eller
408 789 186 26 stämpelmärket;
621 789 71 20 dömes
715 789 32 21 till
770 789 89 21 tukthus
879 789 7 20 i

129 825 63 26 högst
212 823 47 27 fyra
279 825 24 18 är
324 823 38 20 och
378 823 77 20 förlust
471 822 23 22 af
508 823 166 26 medborgerligt
690 823 127 26 förtroende,
834 823 51 21 eller

129 859 95 26 fängelse
241 858 17 26 ej
276 857 60 21 öfver
351 859 32 19 tre
399 857 30 21 är.

197 893 46 20 Har
266 898 78 19 annan,
367 893 26 19 än
416 891 200 27 gerningsmannen,
640 892 5 19 i
669 891 64 27 afsigt
755 898 45 15 som
823 891 62 22 ofvan

129 929 54 24 sägs,
206 927 55 26 gjort
285 927 33 26 sig
340 926 51 21 eller
410 932 71 15 annan
499 925 167 27 förfalskningen
681 926 33 21 till
729 926 65 27 godo;
821 926 64 21 varde

129 962 81 21 ansedd
225 961 29 25 sä,
272 967 44 14 som
333 961 53 20 hade
402 961 41 20 han
461 960 49 27 sjelf
524 960 93 21 föröfvat
633 960 128 21 densamma.

200 1065 44 22 Gör
260 1065 68 27 nägon
344 1065 54 21 bruk
414 1065 23 21 af
451 1065 52 21 eller
519 1067 67 19 sätter
602 1065 7 20 i
625 1065 85 26 omlopp
725 1065 50 20 äkta
786 1064 100 26 stämpel-

130 1107 81 20 papper
230 1100 52 21 eller
302 1100 173 26 stämpelmärke,
496 1100 80 21 hvilket
595 1100 77 20 honom
689 1099 115 26 veterligen
820 1098 67 21 redan

131 1135 70 21 blifvit
217 1135 33 21 för
266 1136 37 20 sitt
320 1135 99 21 ändamål
436 1135 100 25 användt,
548 1133 82 23 straffes
642 1134 48 21 med
701 1133 94 27 fängelse
806 1133 7 21 i
823 1133 64 27 högst

131 1176 36 14 sex
184 1170 102 20 mänader
302 1170 52 20 eller
368 1170 68 26 böter,
453 1170 55 20 dock
524 1169 46 21 icke
585 1169 84 21 utöfver
684 1170 82 19 ettusen
783 1168 67 21 mark.

200 1204 46 21 Den
268 1210 44 15 som
337 1204 61 20 fälles
421 1204 33 20 till
478 1204 68 25 böter,
571 1210 47 14 men
642 1203 78 21 saknar
742 1202 89 27 tillgäng
855 1204 32 19 att

132 1238 46 21 dem
199 1238 32 21 till
251 1238 52 20 fullo
323 1238 70 27 gälda,
417 1238 55 20 skall
489 1238 69 20 hällas
573 1238 7 20 i
595 1237 94 27 fängelse
705 1237 32 21 för
752 1237 49 20 hela
816 1236 71 21 bötes-

132 1273 106 26 beloppet,
262 1272 88 21 hvarvid
373 1272 47 27 fyra
443 1272 77 26 dagars
544 1272 94 26 fängelse
662 1278 73 14 svarar
753 1272 57 20 emot
825 1271 62 21 böter

132 1307 32 21 till
188 1307 38 21 och
250 1307 48 21 med
318 1306 59 27 tjugu
393 1306 72 26 mark;
489 1306 32 21 för
537 1306 35 21 det
588 1306 82 26 belopp,
687 1312 45 15 som
748 1305 141 26 öfverskjuter

131 1342 62 26 tjugu
216 1341 61 21 mark
300 1341 39 21 och
362 1340 67 27 stiger
448 1341 33 21 till
501 1340 115 22 etthundra
633 1340 67 26 mark,
718 1340 51 20 ökas
785 1339 104 27 fängelse-

132 1375 81 21 straffet
238 1376 46 20 med
309 1382 25 14 en
358 1375 42 27 dag
422 1375 33 21 för
479 1375 73 26 hvarje
572 1374 48 21 fullt
635 1374 77 26 belopp
727 1374 22 21 af
763 1374 42 20 fem
821 1373 67 25 mark,

133 1410 38 21 och
187 1410 33 20 för
236 1410 40 20 den
293 1410 34 20 del
344 1409 21 21 af
379 1410 96 24 böterna,
488 1416 45 15 som
545 1409 141 26 öfverskjuter
696 1409 115 21 etthundra
822 1408 67 26 mark,

133 1444 53 21 ökas
209 1443 178 27 fängelsestraffet
407 1444 47 20 med
476 1450 26 14 en
519 1444 40 26 dag
575 1443 33 21 för
624 1443 72 26 hvarje
711 1443 48 21 fullt
775 1442 77 27 belopp
869 1442 24 20 af
