1086 1700
470 127 46 24 N:o
537 129 39 22 11.
849 127 26 20 43

144 204 62 20 egare
230 197 18 27 ej
271 196 112 22 fortsättas
405 197 76 26 längre
503 198 26 19 än
544 196 33 21 till
593 196 66 21 slutet
675 196 23 21 af
711 196 93 27 löpande
820 196 84 26 försälj-

144 231 85 27 ningsår
244 232 38 21 och
299 232 74 20 endast
388 231 49 21 med
453 230 71 22 vilkor
540 232 31 20 att
588 230 77 22 sådant
680 230 117 27 behörigen
807 230 97 21 anmäles

145 268 56 19 samt
225 269 32 18 att
279 266 33 21 för
327 266 108 21 rörelsens
451 265 116 21 utöfvande
583 266 73 20 ställes
674 272 69 14 annan
757 271 85 21 person,
859 272 45 14 som

146 300 22 22 af
182 301 138 27 magistraten
336 300 86 28 pröfvas
439 300 90 27 lämplig
545 300 38 22 och
600 300 7 21 i
624 300 65 26 öfrigt
704 300 98 26 behörig.

218 336 18 20 3.
267 336 111 26 Flyttning
401 335 24 21 af
439 335 216 27 minutförsäljnings-
671 335 52 21 eller
740 334 165 28 utskänknings-

147 370 61 22 ställe
224 370 35 21 må
274 370 46 21 icke
336 370 36 21 ske
388 372 53 18 utan
458 370 92 21 erhållet
566 369 98 21 tillstånd
681 369 22 21 af
718 370 119 26 magistrat.

496 434 8 27 s
523 434 35 27 21.

221 476 17 20 1.
268 474 83 21 Handel
368 474 48 21 med
431 474 92 21 bränvin
538 474 35 21 mä
589 480 40 20 ega
643 480 47 15 rum
708 474 75 21 endast
803 474 13 21 å
831 474 76 27 helgfri

148 510 41 26 dag
204 509 48 21 frän
268 509 90 21 klockan
374 509 35 21 nio
426 516 34 14 om
482 515 117 21 morgonen
615 509 34 21 till
665 509 92 21 klockan
774 515 37 15 sex
827 515 34 15 om
877 508 31 22 af-

148 546 72 19 tonen.

220 580 19 20 2.
269 579 72 21 Under
363 578 131 21 marknader
517 579 38 20 och
579 579 117 26 torgdagar
719 580 24 19 är
758 579 150 20 minuthande!

148 615 48 20 med
213 614 89 21 bränvin
319 613 124 26 förbjuden;
456 613 40 21 och
508 613 112 21 ankomme
625 609 12 35 ä
655 613 141 27 länestyrelse
808 615 32 19 att
852 619 56 15 ome-

149 649 85 20 delbart
256 649 53 20 eller
333 647 27 28 pä
384 648 160 26 framställning
568 648 22 21 af
612 648 121 26 magistrat,
753 648 155 27 ordningsrätt,

149 683 194 26 stadsfullmäktige
367 683 52 20 eller
443 683 177 20 rädhusstämmäa
643 683 100 26 förbjuda
766 683 41 20 slik
830 683 77 20 handel

147 717 78 27 jemväl
248 717 36 21 vid
300 718 65 20 andra
381 717 107 26 tillfällen,
506 717 27 21 dä
548 719 69 19 större
633 717 140 27 folksamling
788 723 50 20 eger
854 723 54 15 rum.

224 753 18 20 3.
274 753 58 20 Intill
349 753 47 20 dess
413 752 75 21 derom
499 752 43 21 kan
553 752 67 21 varda
630 752 135 21 annorlunda
775 752 134 27 förordnadt,

151 787 123 22 ankommer
290 789 12 19 ä
318 788 141 26 länestyrelse
483 789 40 25 att,
540 787 53 21 efter
608 788 37 20 det
660 787 161 21 vederbörande
837 787 73 21 lokala

149 822 147 27 myndigheter
318 821 69 22 blifvit
410 822 76 26 hörde,
511 821 109 28 angäende
639 822 58 21 tiden
714 822 27 21 dä
764 821 146 27 utskänkning

151 857 34 21 mä
201 863 39 20 ega
262 863 47 14 rum
319 852 17 39 ä
356 857 99 30 hoteller,
472 857 134 21 konditorier
622 857 39 21 och
678 856 231 27 spishällningsställen

149 892 8 20 i
180 891 46 21 stad
250 895 56 17 samt
328 891 27 27 pä
370 892 82 26 landet,
470 892 39 21 der
525 891 188 22 värdshusrörelse
730 891 67 26 idkas,
814 891 98 21 meddela

151 926 26 21 de
192 927 99 20 närmare
306 926 141 26 föreskrifter,
465 933 48 14 som
524 926 33 21 för
568 926 74 27 hvarje
654 928 34 19 ort
699 926 39 21 och
750 926 49 21 med
809 925 102 22 afseende

151 960 13 21 &
180 961 189 26 näringsställenas
390 961 59 20 olika
465 960 151 22 beskaffenhet
631 961 73 21 kunna
718 960 70 22 finnas
804 960 107 27 lämpliga.

501 1024 12 27 8
529 1025 33 20 22.

222 1065 142 20 Förekomma
387 1066 13 19 &
424 1065 71 25 ställe,
520 1065 38 20 der
578 1064 147 22 minuthandel
745 1064 48 21 med
810 1064 53 21 eller
878 1066 34 19 ut-

151 1099 119 27 skänkning
286 1099 23 21 af
323 1099 146 27 spritdrycker
484 1099 69 26 idkas,
570 1099 34 21 vid
621 1099 106 22 särskilda
737 1099 101 21 tillfällen
851 1099 61 21 oord-

151 1134 74 27 ningar
248 1133 24 22 af
292 1134 39 22 den
348 1136 39 24 art,
405 1136 33 19 att
454 1133 154 22 innehafvaren
624 1134 23 21 af
660 1133 131 27 rättigheten
807 1133 48 21 icke
870 1133 42 21 kan

152 1175 62 15 anses
230 1168 134 22 fortfarande
380 1175 39 20 ega
437 1168 25 21 de
479 1168 35 21 för
530 1168 134 22 densammas
678 1168 116 22 utöfvande
806 1168 106 21 erforder-

151 1203 45 27 liga
211 1204 139 26 egenskaper,
366 1203 54 21 eller
435 1203 41 20 har
491 1203 70 27 någon
578 1203 23 21 af
610 1203 26 21 de
648 1203 87 27 enligt
729 1198 12 36 8
749 1204 25 20 12
786 1202 126 21 meddelade

152 1237 127 27 rättigheter
295 1238 55 20 visat
366 1238 32 26 sig
419 1237 116 21 föranleda
550 1238 101 21 störande
667 1238 135 26 oordningar,
819 1236 34 22 mä
869 1243 44 15 ma-

153 1272 76 26 gistrat
252 1272 6 21 i
275 1272 48 21 stad
340 1272 39 21 och
395 1272 144 27 länestyrelse
555 1272 132 21 beträffande
704 1272 72 26 dylika
791 1272 77 20 ställen
885 1271 27 27 pä

151 1306 81 22 landet.
248 1306 55 22 efter
318 1306 89 27 behörig
419 1307 101 20 anmälan
533 1307 37 21 och
583 1307 84 21 anstäld
678 1306 167 26 undersökning,
858 1305 54 21 före-

154 1341 91 21 nämnde
262 1341 103 27 rättighet
381 1340 127 27 inskränka,
525 1341 96 27 indraga,
638 1342 52 20 eller
706 1341 39 21 ock
761 1340 151 21 innehafvaren

153 1375 93 21 derifrän
263 1375 74 27 skilja;
354 1375 38 21 och
413 1382 38 20 ege
468 1375 42 21 den
527 1375 91 21 sälunda
634 1375 70 21 skilde
719 1376 47 20 icke
783 1376 44 20 rätt
843 1376 33 20 att
892 1374 23 21 af

152 1410 66 20 redan
235 1410 73 26 erlagd
324 1410 222 26 utskänkningsskatt
562 1410 66 27 nägot
644 1410 75 21 äterfä.
