1086 1700
139 211 167 22 Bondeståndet.

520 212 124 21 Utskottets
660 211 81 27 förslag
758 212 33 21 till
807 212 83 26 åtgärd.

208 1035 28 84 *BL[510]
214 900 22 119 SI91)0N48)0
209 788 27 96 JURYPOS
214 734 22 39 18y

61 310 48 22 och
124 309 154 25 distillering
292 308 30 22 af
335 309 117 21 bränvin.

409 365 96 22 Emedan
522 366 36 22 två
574 366 64 22 stånd
653 367 83 26 antagit
752 367 39 21 den
807 366 78 27 nådiga
896 366 98 27 proposi-

439 394 78 26 tionen,
533 401 46 16 som
592 395 81 28 jemväl
689 395 200 22 öfverensstämmer
904 395 49 21 med
967 401 28 15 nu

439 424 98 26 gällande
552 424 131 26 förordning,
700 424 124 22 hemställer
837 424 114 26 utskottet,
963 426 33 19 att

438 452 86 22 Preste-
540 453 40 21 och
595 453 168 21 Bondestånden
775 452 56 26 ville,
842 452 48 22 med
905 452 89 28 frångå-

439 482 54 21 ende
517 482 22 21 af
560 482 47 21 sina
627 482 77 24 beslut,
720 481 73 22 förena
808 481 33 27 sig
856 481 48 21 med
920 481 26 22 de
963 481 31 22 öf-

439 510 47 26 riga
501 510 98 22 stånden.

435 538 104 22 händelse
554 539 86 22 Preste-
651 539 41 21 och
702 538 168 23 Bondestånden
881 538 115 27 godkänna

438 568 119 22 utskottets
568 568 129 22 hemställan
708 567 132 23 beträffande
851 569 13 20 2
882 568 6 26 $
902 574 64 16 mom.
978 569 18 24 1,

439 597 62 21 torde
522 597 78 28 jemväl
623 599 11 23 &
650 599 12 19 3
679 597 22 21 af
716 597 65 27 sagde
800 596 63 22 stånd
882 599 90 25 antagas
988 597 7 20 i

439 625 96 27 enlighet
550 627 48 20 med
615 626 40 21 den
670 626 77 27 nådiga
763 625 165 28 propositionen.

410 653 96 22 Emedan
523 655 99 27 samtliga
638 655 64 21 stånd
718 655 96 26 godkänt
827 654 37 21 det
879 653 22 22 af
908 654 87 22 utskot-

439 685 32 19 tet
493 683 115 22 förordade
630 683 103 28 beloppet
748 683 23 21 af
784 683 210 26 tillverkningsskat-

438 713 43 25 ten,
498 714 25 19 är
538 711 10 28 $
564 713 100 26 godkänd
680 713 65 26 enligt
761 711 154 22 betänkandet.

409 538 10 21 [-]

409 911 97 22 Emedan
523 912 100 27 samtliga
638 912 62 21 ständ
716 912 83 27 antagit
814 912 118 21 utskottets
947 911 47 22 för-

439 940 47 27 slag
509 940 40 21 och
573 941 28 20 dä
620 941 185 26 Borgareständet
821 943 23 19 är
860 942 83 20 ensamt
958 946 35 15 om

439 969 39 21 sitt
500 969 73 22 beslut
595 969 132 22 beträffande
742 969 161 27 motiveringen,
919 968 72 22 förfal-

438 998 31 21 ler
485 997 73 22 vidare
575 998 84 27 ätgärd.

409 1083 81 23 Senare
513 1084 119 27 meningen,
653 1090 47 15 som
715 1084 21 21 af
749 1083 137 22 förbiseende
901 1083 71 27 ingätt
987 1083 6 20 i

438 1113 40 21 den
494 1113 80 27 nädiga
589 1113 159 27 propositionen
765 1113 40 21 och
821 1112 117 21 utskottets
946 1111 44 22 för-

437 1142 53 26 slag,
507 1142 63 22 torde
584 1142 7 21 i
602 1142 95 26 enlighet
707 1142 49 22 med
766 1141 170 27 Ridderskapets
949 1140 41 22 och

437 1170 81 22 Adelns
544 1172 56 20 samt
625 1170 195 27 Borgareständets
843 1170 71 22 beslut
936 1170 54 20 böra

437 1198 115 22 uteslutas.

405 1398 197 27 Borgareständets
625 1400 89 21 rättelse
733 1400 21 21 af
769 1399 112 28 tryckfelet
897 1400 11 20 &
923 1400 12 20 2
952 1405 34 15 ra-

435 1427 40 22 den
507 1428 63 22 torde
600 1428 22 22 af
646 1428 250 27 Expeditionsutskottet
918 1428 74 22 obser-

434 1462 73 16 veras.
