1086 1700
210 128 26 19 42
405 126 29 22 U.
449 126 28 22 B.
493 138 27 4 —
536 126 75 28 Prop.
626 126 42 22 N:o
684 126 34 22 11.

249 194 21 27 0)
293 200 34 16 om
349 194 116 28 forslingen
489 195 129 22 verkställes
642 195 13 21 å
678 195 82 27 saltsjö,
777 195 52 21 eller
845 195 66 22 delvis
927 196 13 21 &

181 228 81 28 saltsjö,
280 229 40 21 och
335 235 70 15 annan
420 231 41 25 väg
476 229 58 21 inom
548 229 80 25 landet,
644 229 23 21 af
685 229 158 27 tullkammare,
853 230 86 22 hvilken

183 262 54 22 efter
252 262 70 22 skedd
338 263 161 27 undersökning
515 263 22 21 af
546 264 119 21 innehållet
674 264 8 21 i
692 264 74 21 kärlen
777 266 57 19 samt
841 258 11 37 &
869 264 70 25 dessa,

180 296 44 22 ifall
247 297 48 21 skäl
318 298 32 20 till
373 299 79 25 vägran
476 298 17 27 ej
518 297 150 25 förekommer,
689 298 110 21 verkstäld
815 298 124 27 försegling,

180 331 112 21 meddelar
313 331 190 27 varuförpassning
525 333 33 20 att
581 332 113 22 bränvinet
712 332 80 28 ätfölja.
822 332 61 22 Dock
898 333 40 24 mä,

181 365 38 21 der
233 365 91 27 forsling
340 365 22 22 af
375 366 88 21 bränvin
481 366 12 21 å
508 366 78 27 saltsjö
602 366 51 22 sker
668 366 47 22 från
729 366 101 22 bränneri
846 366 52 22 eller
909 366 29 21 di-

180 399 170 27 stilleringsverk
367 400 13 21 ä
394 400 80 24 landet,
489 400 91 22 hvarest
595 400 150 22 tullkammare
760 400 48 22 icke
823 400 75 25 finnes,
907 400 32 22 till

180 433 132 27 närbelägen
335 434 48 22 stad
407 435 48 21 med
477 434 222 28 passagerarefartyg,
720 441 45 15 som
781 435 110 27 begagnas
906 434 33 22 till

180 467 148 27 regelbundna
343 472 59 18 turer
417 469 80 21 inrikes
513 471 62 19 orter
590 469 97 25 emellan,
701 469 137 27 förpassning
849 469 13 21 &
872 469 66 21 sädan

180 500 141 29 försändning
335 503 96 21 utfärdas
448 503 23 21 af
484 503 127 25 kontrollör,
626 503 133 27 kronofogde
774 504 53 21 eller
841 504 97 20 länsman

181 536 6 20 i
205 536 41 21 den
264 539 40 22 ort,
321 536 38 22 der
373 537 124 21 bränneriet
513 537 53 21 eller
582 537 215 27 distilleringsverket
812 540 23 18 är
846 538 92 26 beläget.

250 578 20 19 2.
300 577 42 22 För
365 577 138 22 utfärdandet
525 577 23 22 af
569 577 137 28 förpassning
729 577 22 22 af
767 578 89 21 bränvin
872 578 67 26 enligt

180 609 181 29 nästföregäende
376 614 95 19 moment
485 612 55 21 skall
556 612 187 27 ursprungsbevis,
760 612 91 27 utgifvet
865 611 22 22 af
896 611 42 22 till-

180 645 99 26 verkare,
302 645 51 22 eller
375 645 107 22 certifikat
505 645 23 22 af
553 646 160 27 återförsäljare
733 646 101 21 aflemnas
849 646 33 21 till
897 646 41 21 den

180 679 165 27 förpassningen
367 680 98 21 utfärdar
487 680 40 22 och
551 681 23 21 af
587 681 78 21 honom
681 680 102 22 förvaras.
814 681 43 21 För
872 681 65 21 sädan

182 713 138 27 förpassning
334 713 35 22 mä
384 715 6 20 i
406 714 60 22 lösen
483 714 109 27 uppbäras
608 721 26 15 en
650 715 67 21 mark.

250 755 19 20 3.
299 753 41 22 Vid
363 754 88 27 forsling
475 754 21 21 af
518 754 109 22 förbrutet
650 755 75 21 dömdt
745 755 39 21 och
800 755 67 27 enligt
882 755 13 26 &
911 757 26 19 28

179 787 94 22 försäldt
296 788 87 21 bränvin
406 787 46 23 frän
477 795 25 15 en
527 789 32 20 till
580 795 69 15 annan
666 791 35 19 ort
716 789 56 21 inom
788 789 79 24 landet,
883 789 55 21 skall

179 821 115 22 bränvinet
317 822 60 21 alltid
400 822 85 28 ätföljas
509 822 22 22 af
552 823 142 27 förpassning,
711 823 100 21 utfärdad
827 823 22 22 af
863 824 74 21 veder-

180 855 96 22 börande
299 856 132 27 kronofogde
454 857 52 21 eller
521 857 98 22 länsman
636 857 28 27 pä
678 857 75 22 landet
768 859 56 20 samt
839 857 99 22 tullkam-

180 895 58 16 mare
255 891 53 21 eller
323 890 124 22 stadsfiskal
462 891 7 21 i
485 891 54 22 stad.

531 955 13 25 s
560 956 33 19 32.

250 1005 20 20 1.
299 1004 11 21 1
330 1004 117 22 allmänhet
467 1005 36 21 mä
518 1005 91 21 bränvin
625 1005 18 27 ej
660 1005 120 27 uppläggas
797 1005 140 22 annorstädes

180 1039 27 20 än
224 1038 38 21 der
278 1045 64 15 varan
358 1038 69 22 blifvit
442 1039 114 22 tillverkad
572 1040 52 21 eller
638 1039 107 27 förädlad;
762 1045 48 16 men
825 1039 36 22 vill
874 1045 64 21 egare

180 1071 23 22 af
220 1072 102 21 bränneri
338 1073 52 21 eller
405 1073 197 28 distilleringsverk
617 1074 28 27 pä
660 1073 74 22 landet
749 1073 58 22 hälla
823 1073 79 28 upplag
918 1073 21 22 af

180 1112 53 21 egen
250 1106 137 27 tillverkning
402 1107 7 21 i
425 1108 54 25 stad,
497 1108 51 21 eller
566 1108 46 25 den,
629 1113 45 16 som
690 1107 91 22 innehar
791 1107 104 26 rättighet
906 1107 32 21 till

179 1140 138 27 partihandel
332 1142 49 21 med
395 1142 97 25 bränvin,
510 1142 108 27 upplägga
634 1142 22 21 af
670 1142 67 21 sådan
747 1148 52 15 vara
809 1142 66 21 minst
882 1141 55 28 fyra-

179 1174 87 22 hundra
288 1175 50 21 liter
363 1176 3 20 i
389 1182 84 15 samma
495 1176 55 27 stad,
569 1176 38 21 der
622 1176 42 21 han
680 1176 33 21 sin
728 1176 105 26 rättighet
847 1175 90 26 utöfvar,

179 1208 64 22 hafve
266 1208 32 22 lof
319 1209 78 26 dertill,
417 1210 50 21 med
482 1210 70 21 vilkor
567 1211 33 20 att
615 1210 99 22 anmälan
729 1216 34 16 om
779 1210 91 22 sålunda
885 1216 53 21 upp-

179 1242 61 26 lagdt
264 1242 89 22 bränvin
375 1245 64 25 göres
463 1244 39 21 hos
518 1244 40 21 den
575 1244 33 21 för
623 1244 71 27 tillsyn
711 1243 58 22 öfver
785 1244 153 21 bränvinshan-

180 1276 49 21 deln
253 1277 91 21 tillsatte
367 1278 126 25 kontrollör,
508 1278 33 21 till
556 1278 86 22 hvilken
658 1279 41 21 den
716 1278 12 21 &
743 1278 113 22 bränvinet
871 1278 67 22 utfär-

180 1310 55 22 dade
257 1310 142 28 förpassning,
423 1312 53 22 eller
499 1312 205 27 ursprungsbeviset
726 1313 58 26 derä,
804 1312 80 28 jemväl
899 1313 39 21 bör

180 1346 58 19 emot
256 1346 68 26 gvitto
340 1345 107 23 aflemnas.

249 1385 20 20 2.
299 1384 64 22 Emot
386 1386 124 22 erhällande
533 1386 23 22 af
578 1386 111 22 enahanda
713 1387 68 27 gvitto
805 1386 68 28 äligge
889 1388 47 24 den,

179 1423 46 16 som
241 1418 63 22 idkar
319 1420 147 22 minuthandel
481 1421 50 21 med
545 1421 89 21 bränvin
650 1421 53 22 eller
713 1421 147 27 utskänkning
871 1420 66 26 deraf,

249 1458 194 19 Ekonomiutskottets
457 1459 116 18 betänkande
586 1461 36 17 N:o
634 1461 16 17 3.
