1086 1700
541 124 43 22 N:o
607 126 37 21 16.

308 236 69 22 finska
396 237 117 21 militärens
533 243 71 15 reserv
620 237 97 21 utfärdas
733 237 53 22 dock
801 245 2 8 :

310 271 77 21 endast
403 272 12 20 å
431 271 65 21 sådan
513 272 70 26 karta,
594 278 45 15 som
651 272 33 20 till
696 272 90 21 embets-
801 277 1 3 :

309 305 86 21 verkets
423 306 145 26 expeditioner
594 306 114 21 användes.
746 306 41 21 Vid

309 339 114 22 befordran
449 340 32 21 till
505 340 66 26 högre
593 340 135 28 militärgrad
748 337 55 29 'be-
797 333 11 39 :

309 374 80 21 räknas
412 374 182 27 stämpelafgiften
619 375 104 21 likaledes
739 376 48 20 med

310 410 12 20 2
341 411 87 24 procent
448 410 12 19 å
477 409 35 20 det
527 409 83 27 belopp,
627 410 102 20 hvarmed
746 410 40 21 den

309 443 48 20 med
373 443 40 21 den
430 443 64 27 högre
511 443 80 27 graden
606 443 102 21 förenade
723 444 63 21 lönen
801 438 1 5 '

311 477 124 27 öfverstiger
455 478 39 20 den
513 477 59 21 förra
588 478 69 25 lönen,
674 478 61 21 äfven
753 485 32 14 om

310 512 41 20 den
367 511 127 22 befordrade
510 512 46 21 icke
571 512 108 22 tillträder
690 513 32 20 sin
733 514 53 26 grad

310 546 147 21 motsvarande
474 547 40 20 lön.
540 546 100 22 Deremot
658 549 24 19 är
697 547 42 21 han
750 547 36 21 fri-

309 581 72 20 kallad
407 581 46 20 från
481 581 124 27 ytterligare
632 581 155 28 stämpelafgift

310 615 28 21 då
360 615 41 22 han
426 616 96 21 kommer
544 616 5 20 i
574 616 126 27 åtnjutande
717 617 23 20 af
754 616 32 21 så-

311 649 40 21 dan
366 650 43 20 lön.
801 678 1 3 i

338 679 31 26 Är
392 684 39 21 den
450 685 48 20 med
515 685 38 20 den
570 691 41 20 nya
627 685 91 26 tjensten
735 685 52 21 eller
801 689 1 21 :

310 719 81 26 graden
413 718 101 22 förenade
533 719 62 21 lönen
612 719 47 21 icke
675 721 68 19 större
759 721 26 19 än
801 722 1 10 '

311 753 40 20 den
370 753 57 21 förut
443 753 119 27 innehafda,
579 753 90 22 skrifves
688 753 98 21 fullmak-

310 789 35 19 ten
361 787 52 21 eller
427 788 81 26 intyget
531 787 6 22 &
552 787 40 22 den
608 787 33 22 för
658 789 127 20 embetsver-
801 790 1 4 '

310 822 48 21 kets
373 822 146 27 expeditioner
530 823 112 20 bestämda
653 823 69 26 karta,
734 823 52 20 hvil-

310 856 37 21 ket
369 857 55 20 skall
447 857 107 26 iakttagas
575 857 77 26 jemväl
672 857 27 20 dä
715 856 87 24 officer
795 852 9 36 ;

311 891 51 21 eller
381 891 123 22 underbefäl
523 894 156 24 transporteras
696 891 31 21 till
743 891 44 21 lika

310 925 53 21 eller
377 925 150 22 motsvarande
542 926 120 27 befattning
673 926 34 21 vid
718 932 68 15 annan

309 961 70 25 trupp,
395 960 62 21 äfven
475 966 32 15 om
524 961 64 20 lönen
603 962 24 19 är
643 960 63 21 olika.

281 995 33 20 2:0
337 993 13 21 &
372 994 127 27 beställning
518 996 27 25 pä
561 995 111 21 obestämd
688 995 31 20 tid
735 995 51 20 eller
801 1016 1 3 ;

309 1029 28 26 pä
360 1029 97 21 bestämd
477 1029 30 21 tid
525 1029 22 20 af
561 1031 30 19 ett
607 1029 24 21 är
646 1029 54 21 eller
715 1029 72 20 derut-

310 1063 59 21 öfver
383 1064 48 21 med
447 1064 52 21 visst
515 1063 63 28 ärligt
594 1064 78 21 arvode
688 1063 52 22 eller
751 1070 36 14 an-

309 1098 46 26 slag
373 1100 7 19 1
398 1101 89 23 procent
502 1097 23 22 af
539 1100 31 19 ett
586 1098 35 21 ärs
636 1098 85 21 arvode.

282 1133 33 20 3:0
338 1133 13 20 å
375 1132 127 28 beställning
520 1133 28 27 pä
563 1132 87 21 kortare
666 1131 32 22 tid
713 1133 26 19 än
756 1133 31 19 ett
801 1138 2 14 i

309 1166 23 21 år
355 1166 90 22 skrifves
471 1166 153 22 förordnandet
649 1168 13 19 &
689 1167 39 20 den
754 1166 48 20 föri

309 1202 156 20 embetsverket
479 1202 115 20 faststälda
609 1201 69 21 karta.
801 1204 1 9 i

338 1236 157 27 Anmärkning.
516 1234 158 28 Stämpelafgift
684 1241 48 20 eger
740 1234 47 22 icke
801 1260 2 3 :

309 1276 47 15 rum
379 1270 34 21 vid
433 1270 277 26 tjenstekommenderingar
726 1270 56 19 inom

308 1305 116 21 militären.

280 1340 20 26 e)
316 1340 13 20 &
346 1345 63 15 namn
429 1340 52 20 eller
500 1339 113 27 värdighet
632 1341 52 18 utan
701 1318 79 51 dermed
792 1322 11 36 |

308 1374 88 21 förenad
412 1373 129 27 befattning:
802 1376 1 21 |

282 1409 31 19 1:0
337 1408 32 21 för
389 1408 47 26 den,
459 1414 44 15 som
521 1410 23 19 är
560 1408 52 21 eller
628 1407 56 21 varit
700 1407 5 19 i
722 1406 65 26 civil-,
802 1412 1 12 i

308 1442 89 22 militär-
417 1443 51 21 eller
487 1442 185 26 skolläraretjenst
688 1441 48 21 med
752 1440 35 20 lön
801 1440 2 21 |
