1086 1700
214 114 26 19 70
365 112 83 22 Ständ.
467 112 38 23 Sv.
523 126 27 3 —
567 113 75 29 Prop.
658 113 44 22 N:o
718 113 34 21 11.

255 180 19 20 2.
304 178 35 22 Dä
362 178 141 28 förbrytelse,
526 185 46 16 som
592 179 70 27 enligt
685 181 5 19 1
707 186 62 14 mom.
789 179 86 23 medför
891 180 43 22 för-

181 213 47 22 lust
243 213 26 22 af
282 214 94 22 bränvin
392 215 40 21 och
447 215 51 21 kärl
512 215 69 27 jemte
604 215 203 27 forslingsredskap
831 216 40 21 och
887 216 48 21 dra-

182 255 54 21 gare
260 250 56 22 eller
338 250 93 28 farkost,
455 250 76 22 blifvit
552 251 116 27 begängen
684 250 25 22 af
722 257 72 15 annan
815 253 28 20 än
859 252 76 21 dessas

182 291 74 22 egare,
280 286 40 22 och
344 286 71 22 denne
438 293 85 20 senare,
541 287 76 21 derest
640 287 43 21 han
700 287 19 27 ej
736 287 59 22 varit
813 287 99 27 delaktig
928 288 8 21 i

181 320 159 29 förbrytelsen,
363 322 60 28 förty
439 325 26 19 är
481 323 127 27 berättigad
632 324 33 20 att
688 322 49 22 dem
760 323 95 27 behålla,
877 323 59 21 skall

182 356 43 22 den
248 357 117 28 brottslige
389 358 87 28 utgifva
500 364 88 22 varans,
612 359 98 27 kärlens,
734 358 138 27 redskapens
895 358 40 22 och

182 392 122 27 dragarens
321 394 55 21 eller
391 393 128 23 farkostens
535 394 75 22 värde.

255 431 19 19 3.
306 424 144 28 Öfverträdes
472 430 104 21 förbudet
598 430 8 21 i
630 432 28 19 29
684 430 6 28 $
716 432 10 19 1
752 436 61 15 mom.
838 432 45 20 mot
903 430 32 21 in-

181 464 71 22 försel
268 464 24 22 af
313 466 94 21 bränvin
422 466 36 21 till
474 466 168 26 Lappmarkens
666 466 75 24 härad,
765 472 53 16 vare
841 466 94 21 bränvin

182 500 40 21 och
237 500 52 22 kärl
306 503 56 19 samt
385 501 93 27 dragare
502 502 40 21 och
560 502 104 26 redskap,
682 508 44 14 som
743 502 35 20 till
795 502 68 21 sädan
879 501 55 22 fors-

184 536 47 26 ling
254 536 119 28 begagnas,
397 536 122 22 förbrutne.
551 537 11 21 I
578 537 108 21 händelse
702 536 19 28 ej
738 537 96 27 utredes,
850 539 33 19 att
898 537 37 21 det

182 571 98 22 forslade
296 573 117 21 bränvinet
429 575 26 19 är
471 573 24 21 af
509 573 69 27 laglig
601 573 59 21 finsk
678 573 153 27 tillverkning,
847 573 87 21 ädömes

183 607 112 22 dessutom
312 615 79 15 ansvar
407 608 35 22 för
457 609 153 27 lurendrejeri.

527 677 29 20 44
572 675 19 28 8.

255 716 138 22 Missbrukar
398 717 245 27 bränvinstillverkare,
650 716 225 27 distilleringsidkare
881 717 55 21 eller

184 751 118 28 försäljare
326 753 7 20 i
354 753 71 26 nägon
441 753 68 21 mätto
526 753 43 21 den
585 753 49 21 dem
650 752 111 27 medgifna
776 752 109 27 rättighet
899 752 36 21 till

183 787 134 23 utfärdande
338 788 24 21 af
382 789 187 27 ursprungsbevis
593 789 56 21 eller
664 787 117 28 certifikat,
798 788 52 21 böte
865 787 70 22 första

182 829 68 16 resan
266 823 49 22 frän
332 825 39 20 och
387 825 48 21 med
452 824 118 22 etthundra
586 824 35 21 till
638 824 39 21 och
688 823 49 22 med
748 823 125 22 tvähundra
883 823 52 22 fem-

183 859 31 21 tio
230 860 64 21 mark
310 862 55 19 samt
381 860 68 21 andra
465 861 88 26 gängen
568 859 51 22 frän
635 860 40 21 och
686 859 49 22 med
746 859 125 22 tvähundra
881 859 53 22 fem-

183 895 31 21 tio
238 895 37 22 till
298 896 39 21 och
352 896 49 21 med
417 896 131 22 femhundra
564 896 62 21 mark
642 896 40 21 och
698 901 53 16 vare
767 895 107 27 derjemte
889 895 45 22 till-

183 931 140 28 verknings-,
333 931 156 28 distillerings-
499 932 56 21 eller
563 931 254 28 försäljningsrättighet
825 931 109 27 förlustig.

530 999 28 20 45
575 998 17 27 $.

255 1039 113 22 Anträffas
392 1040 94 22 bränvin
508 1040 36 21 till
563 1041 72 20 större
651 1039 79 26 belopp
747 1041 27 19 än
791 1039 77 22 ättatio
884 1039 52 22 liter

183 1075 8 20 i
207 1075 112 28 skärgärd
334 1075 56 22 eller
405 1075 7 22 i
427 1076 77 21 landet
519 1076 58 21 inom
593 1075 75 22 femtio
684 1075 118 21 kilometer
817 1075 51 22 frän
883 1076 52 21 salt-

184 1110 54 28 sjön,
264 1111 106 27 upplagdt
389 1111 7 21 i
412 1111 152 28 strandbodar,
582 1111 62 22 lador
660 1111 55 22 eller
731 1111 123 27 aflägsnare
870 1111 65 22 uthus

184 1146 56 22 eller
262 1147 54 27 eljes
332 1147 88 25 afsides,
437 1154 53 16 vare
506 1148 119 22 bränvinet
641 1148 49 21 med
706 1147 50 21 kärl
772 1147 64 21 alltid
851 1146 84 23 förver-

183 1182 55 22 kadt
262 1183 40 21 och
321 1189 80 21 egaren
417 1184 112 22 dessutom
545 1184 104 21 förfallen
664 1184 36 21 till
716 1189 81 16 ansvar
812 1182 36 22 för
863 1183 72 21 luren-

183 1218 90 27 drejeri,
298 1218 73 22 derest
387 1219 49 22 icke
453 1220 97 27 lagligen
565 1220 97 27 utredes,
678 1221 34 19 att
726 1219 119 21 bränvinet
861 1220 26 20 är
901 1219 34 21 sä-

184 1253 59 28 dant,
262 1260 45 16 som
322 1255 8 21 i
347 1256 26 20 28
391 1255 12 29 &
419 1256 40 20 och
475 1258 27 19 29
519 1256 13 28 $
551 1258 10 18 1
579 1262 61 15 mom.
656 1255 146 22 omförmäles.

530 1316 28 20 46
575 1315 19 29 &.

256 1350 167 28 Öfverkommes
443 1357 37 22 vid
496 1356 95 28 forsling
606 1356 96 22 bränvin
717 1356 36 21 till
768 1357 73 20 större
857 1355 78 27 belopp

183 1392 29 20 än
235 1397 82 16 varans
336 1392 82 27 köpare
434 1393 56 21 eller
505 1394 123 26 mottagare
644 1392 70 27 enligt
731 1393 27 20 33
775 1390 12 29 &
804 1393 25 19 är
845 1391 91 21 berätti-
