1086 1700
224 136 28 20 44
521 139 46 24 N:o
588 141 38 23 11.

542 214 12 28 8
570 215 35 20 23.

268 253 18 20 1.
316 247 19 27 Å
358 254 77 26 apotek
458 256 35 20 mä
515 254 91 22 bränvin
630 255 52 21 eller
706 254 55 28 sprit
777 254 97 21 hvarken
889 254 66 27 säljas

196 286 52 22 eller
264 288 126 22 annorledes
402 289 115 27 utlemnas,
533 292 59 19 utom
608 290 34 21 för
658 289 127 22 medicinskt
801 289 109 25 ändamål,
927 290 27 26 på

194 320 90 29 behörig
306 322 84 22 läkares
406 326 80 25 recept,
502 324 34 22 för
550 324 99 22 tekniskt
664 324 71 27 behof,
753 324 28 21 då
797 324 59 21 detta
871 324 84 21 behöri-

193 362 41 20 gen
249 357 84 27 styrkes
349 358 92 22 medelst
459 358 60 28 intyg
535 358 24 22 af
572 359 210 27 magistratsperson,
799 358 155 28 kronobetjent,

193 390 218 23 kommunalstämma
427 392 52 22 eller
494 392 348 22 kommunalnämndsordförande
859 393 51 21 eller
924 392 31 21 vi-

194 425 160 27 ceordförande,
377 429 55 19 samt
455 427 33 21 för
512 428 162 27 vetenskapliga
698 427 100 22 ändamål
817 427 28 27 på
860 427 95 27 skriftlig

193 460 125 26 reqvisition
341 461 24 21 af
385 462 58 21 känd
466 463 216 27 vetenskapsidkare;
698 462 96 22 börande
814 462 43 22 alla
873 463 82 21 sådana

192 496 79 26 recept,
288 495 60 28 intyg
363 496 40 22 och
419 497 151 27 reqvisitioner
585 498 13 21 å
614 498 105 27 apoteken
731 497 124 27 qvarhållas
867 497 38 21 och
917 497 38 21 der

194 529 104 23 förvaras.

264 566 20 21 2.
315 566 10 21 I
340 566 101 22 afseende
458 567 13 22 å
481 567 127 28 försäljning
618 568 23 21 af
650 567 81 22 sådana
742 567 128 26 läkemedel,
881 567 72 21 hvilka

192 599 109 22 innehålla
316 601 89 21 bränvin
422 602 53 21 eller
491 603 61 26 sprit,
569 602 57 27 gälle
641 602 56 21 hvad
713 601 240 22 medicinalförfattnin-

190 640 68 22 garna
272 634 135 23 föreskrifva.

539 701 11 28 $
568 703 33 20 24.

266 742 18 20 1.
314 741 34 21 Då
365 741 149 22 minuthandel
530 742 48 21 med
594 742 53 21 eller
662 741 150 26 utskänkning
828 741 24 21 af
865 741 87 21 bränvin

192 775 56 27 sker,
264 775 34 22 får
314 775 76 22 dörren
407 776 33 21 till
456 776 232 27 försäljningsrummet
703 776 48 21 icke
767 782 54 15 vara
837 775 115 27 tillreglad.

263 811 19 20 2.
313 810 53 27 Den,
382 817 45 15 som
444 817 50 21 eger
509 811 104 27 rättighet
624 811 32 21 till
668 811 149 20 minuthandel
829 810 49 21 med
888 811 64 20 brän-

191 844 34 21 vin
250 845 53 20 eller
326 845 147 27 utskänkning
496 845 67 27 deraf,
580 852 50 15 vare
646 845 111 28 förbjudet
773 847 32 19 att
821 845 63 21 äfven
899 847 52 19 utan

189 879 110 27 betalning
322 879 96 22 utlemna
441 880 67 21 sådan
532 887 52 14 vara
603 881 35 21 vid
654 880 93 27 tillfälle,
765 879 28 22 då
808 879 144 28 försäljnings-

190 913 133 27 rättigheten
338 914 19 27 ej
373 914 33 21 får
421 915 92 21 utöfvas.

264 949 19 20 3.
314 948 126 28 Spritdryck
455 949 36 21 må
506 949 19 27 ej
541 949 106 21 utlemnas
663 949 34 21 till
709 949 48 26 den,
767 955 46 15 som
825 950 24 19 är
859 948 94 21 drucken

190 982 54 21 eller
260 982 18 27 ej
294 982 50 27 fyllt
359 983 81 22 femton
457 985 31 20 är.

261 1018 21 20 4.
311 1017 53 26 Den,
388 1023 45 16 som
457 1019 14 20 å
489 1018 222 27 utskänkningsställe
731 1019 24 20 är
771 1017 25 22 sä
812 1017 93 22 drucken
921 1019 32 19 att

190 1051 44 22 han
250 1053 24 20 är
289 1051 7 21 i
312 1051 67 22 behof
392 1052 25 21 af
430 1052 81 27 tillsyn,
528 1052 34 21 må
578 1052 18 27 ej
613 1053 80 21 lemnas
709 1054 54 19 utan
780 1052 65 27 nödig
859 1051 59 22 vård.

539 1127 12 28 $
567 1128 35 21 25.

264 1166 129 22 Handlande
409 1167 39 21 och
464 1168 73 26 andre,
554 1174 45 15 som
615 1168 58 20 hålla
684 1169 73 25 öppna
769 1167 122 26 salubodar,
903 1174 51 14 vare

192 1200 108 28 förbjudet
317 1203 33 19 att
369 1201 112 22 derstädes
497 1202 71 21 såsom
584 1202 64 27 gåfva
663 1202 32 21 till
713 1202 111 26 förtäring
839 1201 28 27 på
883 1202 71 21 stället

191 1235 97 21 utlemna
302 1236 96 21 bränvin.
429 1236 26 27 Ej
471 1236 68 22 heller
555 1236 35 22 må
606 1236 12 22 å
633 1236 80 27 apotek
729 1236 90 21 bränvin
836 1236 49 22 med
900 1236 52 21 eller

189 1271 53 20 utan
258 1270 105 21 tillsatser
379 1270 124 27 utskänkas,
520 1271 33 21 för
569 1273 33 19 att
618 1271 38 21 der
671 1270 103 22 förtäras.

541 1346 11 27 8
569 1346 34 20 26.

264 1385 94 21 Bränvin
373 1384 36 22 mä
424 1385 35 21 vid
470 1385 153 27 utminutering
634 1385 52 22 eller
698 1385 149 27 utskänkning
858 1385 94 22 hvarken

188 1419 109 27 utborgas,
314 1420 34 20 till
364 1419 107 27 förtäring
486 1419 28 27 pä
529 1420 73 21 stället
618 1421 71 20 säsom
705 1419 65 27 gäfva
786 1418 83 27 aflätas,
881 1419 72 21 säsom

192 1453 36 21 län
244 1453 92 27 utgifvas
354 1454 52 21 eller
420 1460 77 21 genom
505 1454 141 27 byteshandel
656 1455 54 21 eller
721 1455 46 20 mot
777 1456 54 24 pant
844 1454 111 27 föryttras.
