1086 1700
255 116 27 20 18

405 114 84 23 Ständ.
505 114 38 22 Sv.
559 127 30 3 —
604 114 74 28 Prop.
694 113 45 23 N:o
755 113 37 22 16.

224 174 750 21 —.Tc|nT--—

306 222 46 22 per,
376 216 125 22 beräknadt
523 216 59 22 efter
604 218 15 20 4
639 218 91 25 procent
749 216 25 21 af

306 252 120 28 penninge-
447 253 40 21 och
508 254 26 20 12
554 254 92 25 procent
662 252 24 22 af
699 252 71 21 indelt

306 288 37 22 lön
361 288 35 22 för
411 288 49 22 året
475 288 36 22 för
526 288 49 28 den,
592 288 91 22 hvilken
699 288 72 21 första

305 324 88 27 gängen
410 324 114 22 tillträder
539 324 69 27 tjenst
623 324 49 22 med
688 324 37 21 lön
741 324 28 27 pä

306 360 103 27 kronans,
432 360 73 27 nägon
528 360 61 22 stads
612 360 56 22 eller
688 360 81 21 allmän

306 396 135 27 inrättnings
457 397 52 25 stat;
526 396 40 21 och
582 396 57 21 skall
656 396 113 21 enahanda

305 432 208 26 beräkningsgrund
523 432 112 26 tillämpas
643 432 89 27 jemväl,
742 432 28 21 dä

306 473 86 22 person,
409 474 46 15 som
470 467 69 22 sädan
554 467 69 27 tjenst
638 467 60 22 förut
708 467 60 22 inne-

305 503 55 28 haft,
384 510 49 14 men
457 502 99 23 derifrän
579 503 89 21 undfätt
682 503 85 27 afsked,

305 540 57 26 ånyo
376 539 112 22 tillträder
503 539 69 27 tjenst
588 539 25 21 af
622 538 142 22 omförmälda

305 575 158 22 beskaffenhet.
486 575 51 22 Men
553 575 37 22 vid
606 575 118 21 befordran
733 575 35 21 till

306 617 71 15 annan
392 611 69 27 tjenst
476 611 110 21 beräknas
600 611 80 21 kartan
690 611 79 22 endast

306 646 57 22 efter
387 647 122 27 skilnaden,
533 647 105 22 hvarmed
662 647 42 21 den
724 647 44 22 till-

305 683 79 21 trädda
403 683 66 22 lönen
485 683 150 27 öfverskjuter
651 683 42 22 den
708 682 60 23 förut

305 718 124 22 innehafda.
468 713 33 27 Är
523 719 66 22 lönen
611 719 37 22 vid
667 719 42 21 den
724 725 45 21 nya

304 754 97 27 tjensten
423 755 49 22 icke
495 757 79 25 större,
595 754 99 22 utfärdas
717 755 50 21 full-

305 791 88 21 makten
409 790 29 27 pä
453 790 69 22 sädan
537 791 71 27 karta,
622 797 45 15 som
678 790 34 22 för
723 797 44 15 em-

305 826 140 22 betsverkets
462 826 152 27 expeditioner
628 827 9 20 i
648 827 120 21 allmänhet

302 862 76 26 gäller.

334 915 46 22 För
410 915 103 22 fullmakt
535 916 13 21 &
570 916 196 27 häradshöfdinge-

305 951 68 27 tjenst
396 951 58 22 skall
475 951 70 22 likväl
565 951 8 22 i
589 952 76 21 stället
680 952 35 21 för
730 952 37 21 lön

306 987 36 21 det
358 987 84 27 belopp,
459 987 174 28 häradshöfding
649 994 52 21 eger
712 987 7 22 i
731 988 36 21 hel

304 1023 92 26 pension
411 1023 91 27 ätnjuta,
519 1023 77 27 läggas
606 1023 36 22 till
650 1023 72 28 grund
729 1023 38 22 vid

305 1059 198 27 stämpelafgiftens
519 1059 145 22 uträknande.

334 1106 156 28 Anmärkning
506 1106 19 21 1.
547 1106 35 21 Dä
592 1107 144 22 innehafvare
745 1107 25 22 af

305 1143 186 21 senatorsembete
506 1142 71 22 kallas
594 1143 39 21 och
650 1142 116 23 förordnas

304 1180 34 19 att
360 1178 77 21 sådant
461 1178 84 22 embete
568 1178 137 22 fortfarande
728 1180 37 20 be-

304 1214 73 26 kläda,
397 1220 52 20 eger
468 1214 160 27 stämpelafgift
646 1214 50 22 icke
711 1221 55 15 rum.

334 1260 154 29 Anmärkning
519 1262 19 20 2
571 1261 158 22 Förordnande
753 1262 24 21 äi

304 1296 86 22 fänriks
412 1297 136 27 beställning
568 1297 38 22 vid
624 1297 72 22 finska
711 1298 55 20 mili-

304 1335 75 19 tärens
390 1339 77 15 reserv
477 1332 100 22 utfärdas
589 1333 78 21 endast
675 1334 13 20 ä
696 1333 69 21 sädan

304 1368 70 27 karta,
396 1375 45 15 som
457 1369 35 21 till
508 1369 176 21 embetsverkets
700 1375 76 20 expe-
768 1364 12 36 |

304 1404 94 22 ditioner
413 1405 119 21 användes.
774 1395 2 31 |
