1086 1700
339 132 30 23 U.
384 132 28 22 B.
427 144 29 4 —
471 132 73 28 Prop.
560 132 42 22 N:o
618 130 36 23 11.
826 130 28 21 67

129 199 142 22 vinstmedlen
286 198 40 22 har
340 199 65 21 vuxit.
429 198 47 22 Den
491 198 33 22 för
539 197 119 22 utredande
674 196 23 22 af
710 195 176 27 bränvinsfrägan

131 235 54 20 1890
201 234 93 21 tillsatta
308 233 96 21 komitön
419 232 99 22 lemnade
533 232 52 22 kvar
600 232 23 22 ät
638 232 102 21 städerna
751 230 27 28 5/;
789 230 23 22 af
821 231 65 21 dessa

129 267 81 27 medel;
232 267 162 27 propositionen
417 267 33 21 till
468 266 144 22 innevarande
630 266 105 27 landtdag
751 267 37 25 tog
803 264 83 28 ytterli-

130 308 51 20 gare
203 302 49 21 bort
272 301 34 28 ?/;,
330 308 49 15 men
401 301 110 21 utskottet
525 300 33 22 får
576 301 18 27 ej
611 306 49 21 nog,
676 303 52 19 utan
744 301 33 20 att
791 298 94 28 tillgripa

131 338 56 20 ännu
202 335 34 28 1/s.
267 336 41 26 Jag
324 336 65 26 vågar
404 336 55 21 dock
475 335 88 27 hoppas,
580 337 32 19 att
628 334 121 22 Ständerna
764 334 61 21 skola
836 335 49 19 veta

131 372 32 20 att
185 370 65 27 stäfja
272 370 128 26 begärelsen
422 370 58 21 inom
503 369 116 27 tillbörliga
638 371 90 25 gränser
744 368 40 22 och
799 367 33 21 till
847 367 39 21 sitt

130 407 57 19 rätta
202 404 66 22 värde
284 404 103 22 reducera
403 404 27 22 de
445 404 23 21 af
480 404 108 22 utskottet
604 403 89 22 anförda
708 403 100 22 motiven.

199 439 78 22 Såsom
296 438 78 22 sådant
394 438 60 22 anför
472 439 108 21 utskottet
598 438 142 27 naturligtvis,
756 439 33 19 att
803 436 86 22 städer-

131 480 37 14 nas
184 473 140 22 uteslutande
339 473 186 27 dispositionsrätt
540 473 32 21 till
585 472 163 28 ifrågavarande
759 470 128 24 vinstmedel

130 514 50 15 vore
201 514 26 16 en
247 508 111 26 obillighet
373 509 44 20 mot
431 507 154 28 landsbygden,
600 514 47 15 som
663 506 61 23 äfven
739 506 101 26 bidrager
855 504 33 22 till

130 542 102 27 bolagens
248 542 64 27 vinst,
328 548 48 16 men
391 542 36 21 vill
443 542 56 21 dock
509 542 140 27 godhetsfullt
660 541 57 22 afstå
727 547 26 15 en
764 540 35 22 hel
809 540 79 27 fjerde-

132 577 34 22 del
182 577 22 22 åt
220 577 109 25 städerna,
349 583 46 16 som
416 577 105 22 erkännas
537 577 76 21 främst
628 577 22 21 få
665 577 119 21 vidkännas
801 575 86 26 olägen-

130 611 90 22 heterna
236 611 22 22 af
271 611 194 22 bränvinshandeln
487 612 39 21 och
542 612 111 21 dessutom
670 611 85 22 direkta
769 608 120 23 kostnader

130 645 33 22 för
179 645 129 27 ordningens
324 646 189 27 upprätthållande
530 653 26 14 m.
572 652 26 15 m.
615 657 27 4 —
659 646 37 21 Att
712 645 28 27 på
754 643 134 23 förstnämda

131 679 47 22 skäl
194 679 37 22 det
246 679 62 22 äfven
324 680 69 21 måste
408 687 51 14 vara
475 680 83 27 obilligt
573 682 33 19 att
621 681 49 20 stad
687 686 73 15 ensam
775 678 114 22 beskattar

131 714 42 21 alla
196 714 39 21 där
258 714 135 21 existerande
416 714 155 27 affärsföretag,
594 714 32 21 till
649 714 82 22 hvilkas
752 712 136 23 räntabilitet

131 748 213 27 landtbefolkningen
366 749 82 21 lemnar
470 749 81 26 bidrag,
571 749 91 21 likasom
682 748 60 22 äfven
759 749 32 20 att
807 747 36 22 det
857 747 32 20 in-

131 782 93 27 galunda
239 783 56 20 varit
310 783 108 24 städerna,
435 789 46 16 som
495 783 153 22 åstadkommit
658 782 101 23 förbudet
769 784 46 19 mot
824 782 64 21 brän-

131 816 173 28 vinsförsäljning
324 817 28 26 på
366 817 74 22 landet
456 817 40 22 och
512 818 90 21 sålunda
617 817 79 22 skaffat
712 817 33 27 sig
759 815 100 28 monopol
875 815 13 21 å

132 851 69 21 denna
216 851 136 27 handtering,
367 854 37 19 äro
421 852 190 27 omständigheter,
622 852 73 21 hvilka
706 852 113 22 utskottet,
833 851 55 20 kon-

131 885 90 22 sekvent
240 887 7 19 i
268 885 32 21 sin
324 886 163 27 inkonseqvens,
509 886 88 22 allsicke
617 886 96 21 beaktat.
743 885 50 22 Men
809 885 28 21 då
852 886 36 19 ut-

131 919 81 22 skottet
236 919 50 28 sjelf
307 920 104 27 åberopar
430 920 160 28 landsbygdens
605 921 76 26 bidrag
697 920 31 21 till
744 919 141 22 vinstmedlen

131 953 72 22 såsom
219 953 47 22 skäl
281 954 32 21 till
329 956 33 19 att
376 954 89 22 beröfva
480 955 102 21 städerna
598 961 24 16 en
640 955 34 21 del
689 954 23 22 af
725 955 54 24 dem,
795 954 25 21 så
831 953 56 21 hade

130 994 49 15 man
195 988 55 21 dock
265 990 82 25 väntat,
363 991 33 19 att
411 989 37 21 det
463 989 122 27 föreslagna
600 989 110 26 afdragets
724 988 81 22 storlek
817 987 71 22 skulle

131 1022 35 21 stå
180 1022 6 21 i
202 1022 70 27 någon
291 1023 70 27 rimlig
381 1024 124 27 proportion
522 1024 32 21 till
569 1023 67 28 sagda
650 1024 82 26 bidrag.
763 1023 31 27 Ty
810 1022 76 22 åtmin-

131 1058 61 19 stone
208 1057 6 20 i
230 1057 43 22 alla
288 1059 70 20 större
374 1058 80 27 städer,
470 1070 28 3 —
514 1058 40 22 och
570 1059 37 21 det
617 1061 24 19 är
648 1059 48 27 just
706 1058 81 21 sådana
797 1057 7 21 i
815 1057 72 22 hvilka

131 1091 281 28 rusdrycksförsäljningens
428 1093 111 21 ordnande
554 1093 54 22 efter
624 1094 31 21 ett
670 1095 86 25 system,
773 1098 45 16 mer
833 1091 55 22 eller

131 1125 82 23 mindre
229 1127 117 21 närmande
361 1127 33 27 sig
410 1127 36 22 det
463 1127 155 28 Göteborgska,
636 1129 24 20 är
675 1127 22 22 af
711 1129 80 20 största
805 1125 82 23 sociala

130 1160 110 28 betydelse
256 1161 41 21 och
312 1161 72 22 hvilka
399 1162 71 22 derför
485 1162 54 22 böra
553 1162 75 22 främst
642 1164 62 24 tagas
720 1162 7 21 i
743 1160 144 24 betraktande

130 1194 34 21 vid
184 1194 134 28 lagstiftning
338 1196 6 21 i
365 1198 78 24 ämnet,
459 1208 28 3 —
502 1196 92 28 härflyta
612 1196 101 27 bolagens
729 1196 58 22 vinst
802 1196 31 21 till
849 1196 37 21 all-

131 1228 59 22 deles
211 1228 158 29 öfvervägande
390 1230 35 22 del
442 1230 47 22 från
505 1231 65 21 dessa
585 1231 84 21 städers
686 1237 54 21 egen
755 1230 133 26 befolkning.

130 1262 113 23 Utskottet
265 1264 39 21 har
326 1264 34 22 väl
383 1265 68 21 också
473 1264 50 28 sjelf
544 1266 72 23 insett,
636 1267 33 19 att
684 1267 32 20 ett
731 1264 76 27 afdrag
823 1264 23 22 af
859 1264 29 28 3/,

130 1296 47 22 utaf
197 1298 142 22 vinstmedlen
361 1299 49 21 icke
431 1299 74 21 kunde
527 1299 49 21 med
592 1300 49 21 stöd
656 1299 23 21 af
693 1300 49 21 dess
758 1300 74 20 senast
847 1305 38 15 an-

129 1331 61 21 förda
210 1332 48 22 skäl
277 1333 92 27 påyrkas
391 1333 40 22 och
447 1334 68 21 måste
531 1333 71 22 därför
617 1334 71 21 känna
703 1334 32 27 sig
751 1333 136 28 synnerligen

130 1366 106 22 tacksamt
258 1369 46 19 mot
326 1368 41 21 den
389 1367 59 22 förut
467 1368 79 22 nämda
560 1368 104 25 komitén,
680 1374 46 16 som
741 1368 76 28 gjorde
833 1374 54 21 upp-

130 1401 88 21 täckten
240 1403 34 19 att
296 1402 26 22 de
345 1402 186 27 monopoliserade
551 1402 102 28 bolagens
674 1403 56 21 vinst
751 1405 23 19 är
790 1409 26 15 en
831 1402 53 22 kon-

130 1435 171 26 sumtionsskatt,
325 1436 22 22 af
368 1436 84 22 hvilken
468 1437 91 27 premiss
575 1438 108 21 utskottet
698 1438 66 21 sedan
781 1438 48 21 drar
845 1437 40 21 den

199 1474 195 19 Ekonomiutskottets
407 1476 117 18 betänkande
536 1477 36 17 N:o
584 1478 16 16 3.
