1086 1700
326 116 82 23 Ständ.
425 116 38 23 Sv.
479 130 30 2 —
526 116 73 28 Prop.
615 116 45 23 N:o
676 117 34 21 11.
834 118 27 20 27

145 182 25 22 af
183 183 27 21 de
226 182 7 22 i
251 184 10 19 1
285 182 6 28 $
308 184 12 19 3
336 189 60 15 mom.
407 182 96 22 nämnda
513 188 113 22 personer,
638 183 60 26 gälle
708 183 48 27 ock,
765 182 68 28 jemte
843 182 51 22 från

145 218 68 27 sagda
228 218 80 22 förbud
323 218 120 27 medgifvet
458 218 119 28 undantag,
594 218 7 21 i
613 218 105 22 afseende
723 214 12 36 ä
753 218 140 27 distillering.

488 280 28 18 21
535 278 17 28 8.

218 326 17 20 1.
266 324 146 28 Distillering,
434 331 47 15 som
501 325 8 21 i
531 327 27 19 20
577 325 13 28 &
606 327 132 25 omnämnes,
755 325 35 21 mä
805 324 88 23 utöfvas

145 360 50 22 frän
211 360 40 22 och
267 360 49 22 med
331 360 72 22 första
417 361 97 27 helgfria
531 361 42 27 dag
588 361 8 21 i
606 361 94 21 Januari
710 361 79 21 mänad
799 361 94 21 klockan

144 396 44 22 tolf
200 396 89 27 middag
303 396 36 22 till
354 397 39 21 och
409 397 49 21 med
474 397 43 21 den
529 398 27 20 31
568 397 122 21 December
702 403 81 15 samma
793 397 39 27 tid,
844 396 50 22 med

145 432 111 28 undantag
271 432 51 22 från
337 432 94 22 klockan
447 439 39 15 sex
503 432 145 28 eftermiddag
659 434 51 20 näst
721 432 46 22 före
779 434 48 20 sön-
838 432 55 22 eller

145 468 95 28 helgdag
255 468 35 22 till
306 468 93 21 klockan
410 468 44 22 fem
465 469 28 26 på
504 475 119 20 morgonen
634 468 97 28 följande
742 468 95 27 helgfria
845 468 48 27 dag.

217 506 19 19 2.
266 504 12 21 I
293 504 103 21 afseende
412 504 13 21 å
441 504 244 28 distilleringsredskap
701 504 66 22 lände
777 504 115 22 föreskrif-

144 541 64 21 terna
223 540 7 21 i
246 542 12 19 5
276 539 12 30 &
304 540 112 26 angående
432 540 201 27 bränneriredskap
650 541 36 21 till
702 540 156 22 efterrättelse.

488 602 27 19 22
533 600 18 29 8.

215 647 209 28 Distilleringsverk
437 648 36 21 må
483 648 50 21 icke
544 648 93 21 inrättas
648 648 8 21 i
666 648 48 27 hus,
727 647 166 28 sammanbygdt

144 683 50 21 med
212 683 113 27 bränneri;
341 683 40 22 och
398 683 33 22 får
447 683 38 22 vid
501 684 80 21 sådant
596 684 56 21 verk
668 684 94 21 bränvin
777 683 78 22 endast
871 683 24 21 af

143 719 112 21 inhemskt
275 725 110 21 ursprung
405 719 120 28 användas,
544 719 56 21 dock
616 719 49 22 icke
682 719 75 22 förrän
773 719 120 22 detsamma

144 753 74 23 blifvit
234 754 24 21 af
272 755 121 21 kontrollör
408 755 36 21 till
459 755 80 26 belopp
556 755 40 21 och
611 755 79 27 styrka
705 755 128 22 undersökt.

488 816 27 19 23
534 814 17 29 8.

215 861 147 22 Innehafvare
383 861 24 22 af
425 862 210 27 distilleringsverk,
658 869 45 14 som
720 861 105 22 åstundar
841 861 52 22 idka

145 897 141 27 distillering,
309 897 57 22 skall
382 898 92 27 årligen,
492 898 68 21 minst
574 897 82 28 fjorton
672 898 68 27 dagar
756 898 76 21 förrän
848 897 44 21 till-

144 933 139 27 verkningen
298 935 26 19 är
339 933 77 22 afsedd
432 935 33 20 att
480 934 109 27 begynna,
606 935 39 21 hos
661 934 154 27 länestyrelse,
825 933 68 27 jemte

145 969 121 26 styrkande
289 969 25 20 af
332 969 34 21 sin
386 969 109 28 rättighet
516 969 82 28 dertill,
615 969 128 28 skriftligen
759 969 85 22 anmäla
859 975 34 14 om

144 1004 67 27 tiden,
228 1005 126 22 hvarunder
369 1005 40 21 och
425 1005 82 28 stället,
525 1006 91 21 hvarest
631 1006 44 21 han
691 1012 66 15 ernar
772 1005 34 22 sin
823 1004 70 21 distil-

144 1040 130 27 leringsrätt
289 1041 82 27 utöfva,
389 1043 56 20 samt
455 1041 75 22 tillika
541 1041 105 27 uppgifva
657 1041 137 26 redskapens
805 1039 87 23 beskaf-

144 1075 82 22 fenhet.
257 1071 33 26 Är
306 1076 37 22 det
358 1077 71 27 bolag,
447 1083 46 15 som
504 1077 136 27 distillering
650 1077 54 21 idka
714 1077 46 27 vill,
772 1077 40 20 bör
824 1075 24 22 af
856 1076 36 21 be-

143 1111 66 28 hörig
224 1112 128 28 myndighet
367 1113 76 27 styrkt
458 1113 90 27 uppgift
563 1113 13 21 å
591 1113 119 27 delegarne
726 1113 47 21 deri
786 1112 107 27 biläggas.

145 1142 69 27 Öfver
234 1148 68 22 sådan
323 1149 99 21 anmälan
439 1148 90 23 utfärde
544 1150 148 26 länestyrelse
708 1150 69 26 bevis,
794 1148 99 22 innehäl-

144 1183 65 22 lande
226 1184 82 26 jemväl
326 1184 117 22 föreskrift
459 1191 33 15 om
509 1185 59 22 hvad
583 1185 225 27 distilleringsidkare
824 1184 70 27 enligt

145 1220 27 20 37
189 1219 13 29 &
218 1220 40 21 har
273 1221 34 20 att
322 1220 8 21 i
345 1220 194 22 kontrollkostnad
554 1221 95 27 erlägga.

488 1281 29 20 24
535 1280 17 28 &.

217 1328 17 19 1.
265 1326 71 22 Innan
356 1327 147 27 tillverkning
522 1328 38 22 vid
576 1328 203 26 distilleringsverk
795 1326 35 22 för
845 1327 49 21 äret

143 1361 109 28 vidtager,
272 1362 58 21 skall
346 1362 129 28 kontrollör,
493 1369 46 15 som
555 1370 33 14 om
606 1363 59 22 tiden
681 1363 75 21 derför
772 1364 40 20 bör
827 1362 66 22 minst

143 1397 39 21 två
203 1397 68 27 dagar
291 1398 60 21 förut
371 1397 26 22 af
411 1398 225 28 distilleringsidkare
652 1399 147 27 underrättas,
816 1399 13 21 å
845 1404 48 15 ver-
