1086 1700
275 129 27 21 22
571 130 45 23 N:o
638 131 37 22 12.

244 196 72 28 nödig,
340 196 109 22 äfvensom
473 196 62 22 deraf
555 198 77 26 uttaga
655 196 54 28 prof,
731 197 116 21 verkställa
862 198 141 26 ompackning

245 231 53 21 eller
321 231 126 27 aftappning
470 231 23 21 af
514 232 76 26 godset
613 232 52 21 eller
687 231 121 27 fördelning
823 232 7 20 i
846 232 81 21 mindre
942 232 60 27 kolli,

246 265 55 21 dock
317 267 32 19 att
365 265 122 27 aftappnins
503 265 39 21 och
558 265 121 27 fördelning
694 266 8 20 i
717 266 82 21 mindre
809 266 53 21 kolli
872 266 28 26 pä
911 273 26 15 en
948 268 56 25 gång

246 299 127 21 verkställes
395 300 49 20 med
467 299 66 21 insatt
556 299 63 21 kollis
641 300 49 20 hela
713 299 102 28 innehäll,
831 306 117 21 varuegare
964 301 40 21 och

246 334 187 27 upplagsmagasin
454 334 101 27 obetaget
574 336 32 19 att
622 334 48 21 med
686 334 26 21 de
727 334 92 21 sälunda
835 334 111 22 tillkomna
962 341 42 21 nya

246 368 54 21 kolli
316 368 34 21 vid
366 368 67 21 behof
446 368 124 27 ytterligare
586 368 28 27 pä
629 368 113 22 enahanda
757 370 44 20 sätt
811 368 88 22 förfara.
924 369 81 21 Dervid

246 409 39 20 ege
308 402 150 22 tullkammare
481 403 96 21 anordna
593 403 65 27 nödig
672 403 84 26 tillsyn;
773 403 40 21 och
830 404 34 20 mä
880 409 33 15 om
929 403 75 27 hvarje

246 437 132 27 förändring,
401 444 45 14 som
469 438 48 20 med
541 438 66 20 insatt
630 438 52 20 kolli
702 438 55 26 sker,
774 438 128 27 anteckning
917 440 63 24 göras
997 438 7 21 i

247 472 92 20 särskild
353 472 92 26 journal,
461 472 87 21 hvilken
564 474 112 24 upprättas
693 472 66 27 enligt
769 472 110 26 formulär,
891 478 44 16 som
946 472 58 21 Tull-

247 506 106 27 styrelsen
369 506 123 22 fastställer.

602 536 12 26 8
631 536 19 20 7.

316 575 121 22 Utländska
459 582 70 21 varor,
552 582 45 15 som
621 576 6 21 i
652 576 94 26 enlighet
769 576 49 21 med
834 575 169 27 stadgandena
987 571 18 36 i

248 611 68 21 denna
339 610 126 27 kungörelse
487 610 79 21 insatts
589 610 30 21 uti
644 611 91 20 allmänt
758 610 194 27 upplagsmagasin,
969 612 35 19 mä

248 645 112 22 derstädes
377 645 128 21 oförtullade
521 645 109 27 gvarligga
646 645 68 21 under
730 651 25 15 en
770 645 32 21 tid
817 645 24 21 af
854 645 55 21 ända
925 645 33 21 till
969 645 36 21 tvä

248 680 31 21 år.
302 680 10 21 I
328 679 100 21 händelse
450 679 77 27 godset
549 679 46 22 icke
619 679 55 22 inom
691 680 93 21 nämnda
800 679 31 21 tid
847 681 23 19 är
886 679 119 28 förtulladt,

248 714 30 28 pä
299 714 99 27 nederlag
421 714 146 27 öfvertlyttadt
590 715 52 20 eller
666 715 46 20 åter
735 713 89 28 utfördt,
845 714 55 21 skall
916 714 88 21 dermed

248 748 93 22 förfaras
357 748 28 27 pä
401 750 42 19 sätt
459 749 6 20 i
487 749 6 27 $
511 749 38 21 117
566 749 24 20 af
603 749 141 26 Tullstadgan
759 749 62 26 sagdt
837 750 30 20 är.

603 810 49 29 88

319 851 116 27 Angående
451 851 127 22 oförtullade
594 857 73 16 varors
683 851 121 21 insättande
819 851 28 26 pä
863 851 100 26 nederlag
974 851 31 20 uti

250 886 89 21 allmänt
354 886 194 27 upplagsmagasin,
569 887 55 26 gälle
640 886 56 21 hvad
712 892 33 15 om
761 886 103 27 nederlag
878 885 66 22 finnes
961 887 44 20 sär-

250 921 66 22 skildt
331 921 108 27 stadgadt.

370 1444 123 23 Helsingfors,
506 1444 106 22 Kejserliga
625 1444 91 18 Senatens
729 1444 88 22 tryckeri,
831 1444 49 18 1891,
