1086 1700
207 124 25 20 12
504 124 44 24 N:o
571 126 39 23 12,

177 192 135 26 berättigadt
335 194 32 18 att
389 191 90 22 framför
503 198 143 21 varuegarens
670 192 44 21 alla
737 192 69 20 andra
822 192 118 27 fordrings-

178 232 64 21 egare
266 226 138 22 utbekomma
427 226 110 27 betalning
556 226 35 22 för
606 227 39 21 sitt
661 226 199 28 tillgodohafvande
876 227 65 27 enligt

178 260 129 27 stadgandet
321 261 8 21 i
344 261 12 27 $
372 262 12 20 5
401 263 55 19 samt
472 261 33 21 för
523 260 291 28 försäljningskostnaderna.

247 295 55 21 Näst
317 295 55 22 efter
387 296 147 26 inrättningen
541 296 65 27 Feger
625 295 250 22 warrantinnehafvaren
892 302 50 14 ena-

177 330 73 21 handa
275 332 43 19 rätt
340 330 33 21 för
395 330 32 21 sin
450 330 89 22 fordran
558 331 66 26 jemte
640 332 63 20 ränta
720 330 51 21 derä
788 330 54 22 efter
859 337 36 15 sex
909 330 33 21 för

177 364 112 22 hundrade
305 371 34 15 om
356 364 46 22 äret
417 365 47 21 frän
480 365 157 27 förfallodagen
654 365 38 21 och
711 365 121 27 ersättning
849 365 33 21 för
893 371 47 21 pro-

178 400 170 20 testkostnaden.
378 394 131 27 Äterstoden
521 400 24 20 af
554 400 173 26 köpeskillingen
740 400 132 20 tillkommer
883 400 58 20 inne-

179 434 103 21 hafvaren
299 434 23 20 af
336 434 180 27 upplagsbeviset.

531 512 10 24 8
558 510 33 20 25.

248 554 63 22 Hvad
335 555 66 27 enligt
424 555 179 27 nästföregäende
626 556 10 27 $
655 555 132 28 tillkommer
803 555 137 22 innehafvare

180 589 23 21 af
217 591 95 20 warrant
332 590 51 21 eller
402 590 158 27 upplagsbevis,
580 593 24 18 är
619 590 214 27 upplagsmagasinet
849 590 92 27 skyldigt

180 624 82 27 utgifva
285 624 75 21 endast
383 627 44 19 mot
449 625 123 21 erhällande
598 625 23 20 af
642 627 121 19 warranten
788 625 39 21 och
843 625 99 26 upplags-

180 658 90 22 beviset.

250 693 89 27 Uppgår
361 693 41 21 den
425 694 108 21 behållna:
549 694 180 27 köpeskillingen,
753 693 55 22 efter
828 693 75 27 afdrag
921 693 23 21 af

180 728 158 26 inrättningens
366 728 197 27 tillgodohafvande
587 728 40 21 och
650 728 291 27 försäljningskostnaderna,

180 763 47 20 icke
251 763 33 20 till
308 762 36 21 det
365 763 84 26 belopp,
473 763 34 20 för
526 763 82 20 hvilket
627 762 249 21 warrantinnehafvaren
894 768 48 20 eger

180 799 104 25 panträtt,
308 797 40 22 bör
367 800 118 18 warranten
502 797 33 21 till
551 797 78 21 honom
646 797 131 21 äterlemnas
793 796 48 21 med
857 796 84 21 anteck-

180 831 51 27 ning
247 837 34 15 om
298 832 36 20 det
350 831 111 22 utbetalda
477 832 108 26 beloppet.

530 906 11 27 $
558 907 33 20 26.

250 952 247 26 Warrantinnehafvare,
513 953 64 20 hvars
592 953 88 20 fordran
698 952 18 27 ej
733 952 33 21 till
777 951 53 21 fullo
842 951 100 21 betäckes

180 987 24 21 af
224 987 58 21 hvad
304 993 76 21 genom
403 993 78 15 varans
505 987 128 26 försäljning
656 986 87 24 influtit,
760 988 31 24 är,
808 985 75 22 såvida
900 986 41 20 han

179 1022 58 21 inom
262 1022 40 21 den
326 1022 37 27 tid,
387 1028 46 15 som
454 1022 6 20 i
476 1022 11 27 $
503 1023 28 20 20
546 1023 69 25 säges,
632 1021 82 21 anmält
730 1027 66 14 varan
812 1021 32 20 till
860 1020 82 27 försälj-

179 1056 57 27 ning,
261 1056 123 27 berättigad
407 1058 32 19 att
463 1056 22 21 af
507 1057 41 20 den
564 1062 46 15 som
626 1055 54 21 först
697 1055 110 21 öfverlåtit
823 1057 118 18 warranten

180 1090 74 21 fordra
271 1091 108 26 betalning
399 1090 34 21 för
453 1090 36 21 det
504 1090 94 27 oguldna
613 1090 102 27 beloppet
729 1090 67 25 jemte
812 1091 62 19 ränta
890 1089 51 20 derå

180 1124 56 22 efter
260 1131 36 15 sex
320 1125 32 21 för
374 1125 112 21 hundrade
510 1131 33 15 om
564 1124 48 22 året
628 1126 56 19 samt
701 1123 122 27 ersättning
839 1123 32 21 för
887 1123 53 21 hvad

180 1160 43 21 han
238 1160 34 21 för
288 1160 65 27 öfrigt
367 1160 55 20 varit
437 1160 113 21 nödsakad
567 1162 33 18 att
616 1159 12 21 å
644 1159 66 21 saken
727 1158 71 21 kosta.

250 1195 119 21 Enahanda
385 1196 45 19 rätt
444 1194 34 21 till
495 1194 175 26 återgångstalan
686 1199 51 21 eger
753 1193 41 21 han
807 1192 80 27 jemväl
899 1196 43 17 mot

181 1235 76 15 senare
282 1228 127 22 öfverlätare
432 1228 23 21 af
470 1231 126 23 warranten,
614 1228 39 21 der
668 1228 44 20 han
728 1228 7 20 i
751 1226 99 22 afseende
867 1228 12 19 å
895 1233 47 20 pro-

180 1265 44 19 test
240 1263 41 21 och
301 1270 76 14 varans
396 1264 99 20 anmälan
516 1263 32 21 till
565 1262 126 26 försäljning
708 1262 101 26 iakttagit
825 1262 56 20 hvad
896 1262 6 20 i
917 1261 24 27 $$

182 1298 25 20 19
224 1298 41 21 och
282 1299 27 20 20
325 1300 67 24 säges.

251 1332 40 21 Om
315 1332 136 21 anställande
475 1332 22 21 af
518 1332 42 21 slik
577 1331 178 27 ätergängstalan
771 1331 69 26 gäller
856 1331 5 20 i
878 1330 64 27 öfrigt

180 1366 57 22 hvad
253 1372 35 15 om
304 1367 59 20 vexel
379 1367 101 26 stadgadt
496 1368 31 24 är,
543 1366 93 21 förutom
653 1368 33 19 att
703 1366 59 20 tiden
773 1365 34 21 för
819 1364 123 28 ätergängs-

180 1402 72 20 talans
269 1401 108 21 väckande
395 1401 80 21 räknas
495 1400 48 22 från
560 1401 40 20 den
616 1401 48 26 dag,
681 1400 28 21 dä
725 1406 78 14 varans
818 1399 124 27 försäljning

181 1435 125 27 slutfördes,
323 1436 65 26 sagda
404 1436 41 26 dag
461 1436 54 20 dock
532 1435 102 21 oräknad.
