1086 1700
231 114 12 18 2
386 110 83 23 Ständ.
486 111 39 22 Sv.
541 124 29 3 —
585 111 75 29 Prop.
676 111 45 22 N:o
737 111 34 22 11.

199 177 198 21 nästinstundande
415 178 25 20 är
458 179 56 20 1892
531 178 71 27 utgär,
619 178 41 20 har
676 177 72 22 Eders
765 177 128 27 Kejserliga
907 178 46 21 Ma-

197 212 70 28 jestät
287 214 34 20 till
341 213 135 22 Ständernas
494 213 168 27 handläggning
680 213 148 22 öfverlemnat
844 220 27 15 cn
887 214 67 27 nädig

199 249 142 27 proposition,
358 249 153 22 innefattande
527 249 85 27 förslag
626 249 35 21 till
672 248 156 28 förordningar
840 249 113 27 angående

199 284 19 28 ej
235 285 86 21 mindre
336 285 147 27 tillverkning
499 285 41 21 och
556 284 135 28 distillering
707 286 27 20 än
746 284 139 29 försäljning,
898 284 54 23 fors-

198 320 48 27 ling
266 321 40 21 och
322 321 82 27 upplag
420 320 25 22 af
457 321 96 21 bränvin
569 321 40 21 och
626 320 68 22 andra
710 320 84 22 brända
811 321 55 21 eller
882 321 70 21 distil-

199 356 75 22 lerade
291 356 159 28 spritdrycker.

270 392 51 22 Med
337 392 86 28 hänsyn
437 392 36 22 till
489 392 43 22 den
548 392 135 28 erfarenhet,
701 399 45 15 som
761 392 138 22 beträffande
910 393 42 21 den

198 428 113 22 härintills
326 428 97 22 varande
439 428 171 28 lagstiftningen
625 428 8 21 i
649 430 74 20 ämnet
738 428 97 27 vunnits,
851 430 34 20 att
895 434 57 16 nem-

198 464 60 27 ligen
283 464 71 22 denna
373 464 8 21 i
397 464 103 27 förening
516 464 49 22 med
581 464 69 21 andra
668 464 162 22 samverkande
846 463 105 29 faktorer,

198 500 108 22 särskildt
322 500 42 22 den
380 500 41 21 allt
435 500 125 27 mäktigare
576 500 245 27 nykterhetsrörelsen,
838 500 13 21 å
867 506 41 16 ena
923 500 28 21 si-

198 536 42 21 dan
265 536 166 27 otvifvelaktigt
453 536 86 27 verkat,
560 538 33 20 att
614 536 176 27 förbrukningen
813 536 24 21 af
850 536 101 26 bränvin,

198 572 150 27 synnerligast
369 572 28 26 pä
413 572 161 27 landsbygden,
591 572 7 21 i
615 572 101 27 betydlig
731 573 50 20 män
799 572 86 27 aftagit,
901 577 49 16 men

197 613 79 21 genom
292 608 27 21 de
335 608 91 26 skärpta
441 608 200 21 bestämmelserna
657 608 106 27 derjemte
780 608 13 21 &
809 607 69 22 andra
889 607 62 22 sidan

197 643 129 22 framkallat
348 645 33 20 ett
403 643 133 28 tilltagande
560 643 25 22 af
604 643 176 22 öfverträdelser
802 646 57 19 emot
884 643 67 27 sagda

197 679 164 28 författningar,
378 679 108 22 särskildt
503 679 25 22 af
541 680 155 27 lönbränning,
713 679 40 21 har
769 679 33 22 uti
818 679 41 22 den
872 679 80 26 nädiga

196 715 172 27 propositionen,
381 721 46 16 som
437 715 128 22 tillkommit
576 715 58 22 efter
645 715 37 22 det
693 715 93 22 ärendet
795 715 90 21 beredts
894 714 24 21 af
924 721 27 15 en

197 750 35 22 för
255 751 126 21 ändamålet
403 751 81 22 tillsatt
505 751 88 27 komit6,
616 751 42 21 den
679 751 81 21 hittills
783 751 103 26 gällande
902 751 48 20 ord-

197 786 83 27 ningen
295 787 8 20 i
318 786 64 27 fråga
397 793 34 14 om
447 787 272 26 bränvinshandteringen
734 786 77 22 blifvit
826 787 7 20 i
845 786 47 21 sina
903 785 47 22 huf-

196 822 102 27 vuddrag
317 822 126 21 bibehällen
463 823 39 20 och
519 822 132 27 ytterligare
667 822 158 21 restriktioner
841 821 25 22 af
879 823 71 20 större

196 857 116 28 betydelse
328 857 146 23 öfverhufvud
485 858 121 22 undvikits.
631 857 43 22 Vid
685 857 164 28 behandlingen
860 857 25 22 af
893 857 57 22 förc-

195 893 98 22 varande
314 894 82 21 ärende
417 893 66 22 hafva
505 893 130 28 Stäuderna,
662 900 46 15 som
728 893 67 22 äfven
813 893 34 21 för
864 893 34 22 sin
914 893 36 22 del

196 935 53 16 anse
266 929 66 27 nägot
348 929 103 22 afseende
467 929 35 22 för
518 929 139 22 närvarande
673 929 50 22 icke
739 929 75 21 kunna
829 928 70 22 fästas
912 929 38 21 vid

196 965 27 21 de
232 965 83 27 jemväl
326 965 69 22 under
405 965 150 22 innevarande
566 965 106 27 landtdag
683 965 130 21 framstälda
821 965 129 26 yrkandena

195 1001 29 25 pä
239 1000 116 22 införande
371 1001 24 21 af
409 1007 27 15 en
450 1001 132 27 fullständig
593 1000 136 27 förbudslag,
741 1000 8 21 i
760 1000 126 21 hufvudsak
897 1000 51 27 god-

195 1036 55 21 känt
272 1036 26 21 de
319 1036 130 22 framstälda
467 1036 159 27 lagförslagen.
656 1037 64 20 Dock
734 1036 69 22 hafva
819 1035 128 28 Ständerna,

195 1071 110 28 utgäende
320 1071 50 22 frän
387 1072 42 21 den
445 1072 65 27 äsigt,
527 1074 33 19 att
576 1072 28 21 de
619 1071 100 22 faktiska
729 1071 170 22 förhällandena
909 1072 39 21 och

194 1107 44 22 den
262 1107 109 22 allmänna
395 1108 117 27 meningen
535 1108 7 21 i
566 1108 76 21 landet
663 1108 33 21 uti
716 1107 61 22 vissa
793 1107 118 22 afseenden
928 1107 19 27 ej

194 1143 96 21 allenast
304 1144 129 26 möjliggöra
449 1146 51 19 utan
518 1143 66 23 äfven
595 1144 91 26 päkalla
695 1143 68 27 nägot
774 1143 79 27 längre
863 1143 85 27 gäende

194 1178 106 28 ätgärder
323 1179 8 21 i
352 1179 42 21 den
415 1179 24 21 af
457 1178 170 28 lagstiftningen
650 1179 102 27 inslagna
768 1178 130 27 riktningen
912 1179 36 21 till

193 1214 162 27 nykterhetens
375 1214 129 28 främjande,
527 1217 27 19 än
575 1215 59 21 hvad
652 1215 7 20 i
675 1214 165 27 propositionen
856 1214 91 22 föresla-

193 1250 52 27 gits,
263 1249 73 22 funnit
351 1250 60 22 vissa
427 1250 120 28 ändringar
562 1251 8 21 i
587 1250 79 22 sädant
682 1249 60 28 syfte
758 1249 113 22 äfvensom
882 1250 8 21 i
901 1252 45 19 sär-

192 1285 75 21 skilda
293 1285 69 21 andra
388 1285 120 22 afseenden
529 1286 122 26 påkallade.
695 1285 73 21 Dessa
791 1284 156 28 förändringar

191 1320 96 22 hänföra
302 1321 35 27 sig
352 1320 187 28 hufvudsakligen
554 1322 36 21 till
605 1320 97 28 följande
714 1320 86 28 frägor:
812 1320 135 28 utvidgande

192 1356 25 21 af
234 1356 167 22 vederbörande
422 1357 140 21 kommuners
583 1358 47 20 rätt
645 1358 34 20 att
694 1357 122 21 bestämma
832 1362 33 16 om
881 1357 64 21 brän-

191 1391 185 28 vinsförsäljning
396 1392 59 22 inom
475 1393 143 21 kemmunens
640 1392 98 27 område;
758 1392 165 27 inskränkning
939 1392 6 20 i
