1086 1700
310 121 82 23 Ständ.
409 122 38 22 Sv.
465 134 28 3 —
508 121 74 28 Prop.
599 121 45 23 N:o
660 122 36 22 12.
820 125 27 19 27

341 189 36 20 sin
392 188 120 27 uppburits
523 189 51 20 eller
584 188 39 21 hos
634 188 61 26 dylik
704 190 124 25 inrättning
842 188 35 22 de-

338 225 107 25 ponerats
460 224 32 20 till
508 224 128 21 betäckande
645 224 28 26 af
677 224 200 27 warrantinnehaf-

342 266 64 14 vares
419 259 104 27 fordran.

199 378 84 22 Genom
307 378 42 22 den
367 380 80 26 nådiga
466 379 164 26 propositionen
645 379 41 21 har
701 378 72 22 Eders
788 378 89 28 Kejser-

127 414 46 27 liga
187 414 106 27 Majestät
308 415 77 21 beredt
403 415 124 21 Ständerna
542 414 90 22 tillfälle
648 416 33 20 att
696 415 70 21 uttala
781 415 34 27 sig
823 415 54 27 jem-

127 450 38 21 väl
188 450 114 26 angäende
326 450 26 22 de
373 450 142 28 stadganden,
537 450 77 21 hvilka
634 452 38 19 äro
693 450 90 22 afsedda
799 453 32 19 att
847 450 32 21 uti

128 485 162 22 administrativ
306 488 44 24 väg
365 485 106 22 utfärdas.

199 527 142 21 Beträffande
349 527 108 27 förslaget
468 528 35 20 till
513 528 141 27 kungörelse,
665 528 155 21 innehällande
828 530 50 19 när-

127 569 61 15 mare
208 562 143 23 föreskrifter
367 563 114 28 angäende
496 564 110 21 allmänna
621 564 193 27 upplagsmagasin
829 564 50 21 med

127 600 48 19 rätt
197 600 33 19 att
253 599 87 27 utgifva
362 601 116 26 warrants,
494 599 67 22 hafva
578 599 123 22 Ständerna
716 599 68 22 redan
799 599 79 22 under-

129 633 89 28 dänigst
241 634 122 22 framhällit
385 635 34 21 sin
442 635 143 27 uppfattning
608 635 81 27 derom,
706 637 32 19 att
754 635 125 27 grunderna

129 669 35 22 för
187 669 105 28 pröfning
315 670 25 21 af
360 671 98 21 ansökan
480 677 33 15 om
535 671 101 21 tillständ
654 673 34 18 att
703 671 82 20 inrätta
801 671 78 20 sädant

128 705 194 28 upplagsmagasin
345 707 120 26 rätteligen
488 707 54 20 höra
560 707 35 20 till
611 707 43 20 den
670 707 109 20 allmänna
794 706 84 21 förord-

129 741 82 26 ningen
226 741 8 21 i
250 743 79 20 ämnet.

200 783 66 21 Hvad
290 784 68 26 angär
381 783 72 28 öfriga
473 785 7 20 i
500 784 108 27 förslaget
626 784 34 21 till
676 784 133 27 kungörelse
825 790 53 20 upp-

129 820 67 25 tagna
212 818 150 28 föreskrifter,
379 819 66 22 hafva
461 819 124 22 Ständerna
600 821 74 20 ansett
690 820 34 26 sig
739 820 54 21 böra
802 819 77 22 under-

129 854 90 27 dänigst
235 855 85 26 afgifva
335 855 96 27 följande
447 855 109 27 yttrande.

200 890 96 21 Jemlikt
319 893 5 18 2
342 897 61 16 mom.
420 891 24 21 af
458 893 12 19 2
488 891 11 28 &
517 891 63 21 skola
594 891 107 21 Senatens
712 891 119 21 resolution
839 891 40 20 och

129 925 38 21 det
182 925 118 22 faststälda
316 927 151 27 reglementet,
484 927 7 20 i
507 926 104 22 afseende
622 927 9 20 ä
643 927 116 26 intagning
767 927 32 20 uti
808 928 71 25 proto-

129 960 76 27 kollet,
222 961 68 22 bland
306 964 71 25 annat,
395 961 83 22 förctes
494 963 39 20 hos
550 963 115 26 magistrat
681 963 55 20 eller
752 961 129 22 häradsrätt

129 996 6 20 i
153 996 42 21 den
211 998 41 26 ort,
270 997 40 22 der
321 998 217 27 upplagsmagasinet
549 998 97 21 kommer
658 999 32 20 att
701 998 100 27 inrättas,
813 998 67 21 innan

130 1032 120 21 detsamma
266 1033 113 27 begynner
391 1034 34 21 sin
436 1034 148 21 verksamhet.
615 1034 39 21 Uti
662 1033 137 27 underdänig
807 1039 72 16 svars-

129 1067 121 22 skrifvelse
273 1069 8 20 i
304 1069 119 27 anledning
446 1069 24 22 af
489 1069 81 28 nädiga
588 1069 163 27 propositionen
767 1069 113 26 angäende

129 1103 38 27 lag
182 1109 33 15 om
232 1104 127 28 aktiebolag
373 1105 67 21 hafva
457 1105 123 21 Ständerna
594 1105 59 21 varit
672 1105 6 20 i
690 1104 89 21 tillfälle
791 1104 88 27 föreslå,

129 1141 40 26 att,
185 1140 36 21 till
243 1140 111 22 vinnande
377 1140 24 22 af
419 1140 132 28 erforderlig
566 1141 121 27 publicitet,
707 1141 18 26 ej
743 1140 84 21 mindre
843 1146 36 15 an-

129 1175 85 27 gående
235 1176 94 26 bolagen
350 1178 27 19 än
393 1176 77 27 hvarje
487 1182 72 15 annan
574 1176 8 21 i
598 1178 72 19 större
686 1176 63 21 skala
764 1175 117 22 bedrifven

129 1210 236 27 näringsverksamhet
389 1218 26 15 en
432 1211 35 21 för
482 1212 51 20 hela
548 1212 76 20 landet
640 1217 123 21 gemensam
775 1211 105 27 registre-

129 1246 195 27 ringsmyndighet
340 1247 72 21 skulle
429 1247 114 21 anordnas.
575 1247 33 21 De
620 1247 173 26 önskningsmål,
805 1246 76 22 hvilka

128 1281 138 22 beträffande
283 1288 27 15 en
327 1283 173 26 ändamålsenlig
516 1283 147 27 registrering
678 1282 35 21 för
729 1282 68 27 öfrigt
807 1282 74 21 kunna

129 1318 55 24 göra
207 1317 35 26 sig
265 1318 108 27 gällande,
398 1318 67 22 hafva
489 1318 67 22 äfven
578 1318 8 21 i
610 1318 96 26 antydda
726 1318 155 26 sammanhang

129 1350 75 23 blifvit
228 1352 138 22 framhållna.
397 1354 51 21 Med
471 1354 129 26 anslutning
623 1353 75 21 dertill
720 1353 21 21 få
758 1353 123 21 Ständerna

129 1387 42 21 här
185 1387 9 21 i
209 1388 177 28 underdånighet
401 1389 99 27 tillägga,
517 1390 33 20 att
559 1389 27 21 då
597 1389 110 21 allmänna
715 1389 164 26 upplagsmaga-
