1086 1700
213 130 13 19 4
402 128 29 22 U.
447 128 28 22 B.
492 142 27 2 —
534 128 76 29 Prop.
626 128 46 23 N:o
687 128 37 23 13.

184 192 116 27 utgifterna
320 192 33 20 för
375 192 217 27 indragningsstaten,
615 192 87 21 hvilken
724 192 77 27 åtgärd
821 195 62 23 synts
899 192 41 20 Ut-

184 226 84 21 skottet
283 226 35 20 väl
332 226 43 21 låta
391 226 73 21 förena
485 228 34 25 sig
541 227 50 20 med
613 226 252 28 krigsmanshuskassans
887 233 55 20 upp-

184 260 41 27 gift
240 263 33 17 att
288 267 50 14 vara
354 268 27 13 en
401 260 76 21 allmän
500 260 237 28 militiepensionsfond.
768 260 114 21 Utskottet
904 260 39 20 har

185 294 48 21 icke
249 294 105 26 förbisett,
371 299 32 17 att
419 295 105 27 beloppet
539 295 25 21 af
576 296 27 20 de
619 296 46 20 från
680 295 94 21 nämnda
795 295 64 20 kassa
882 294 61 27 utgå-

186 328 56 21 ende
260 330 116 26 pensioner
391 330 22 20 år
429 329 32 21 för
476 330 23 20 år
514 329 60 25 ökas,
590 336 50 14 men
655 330 28 20 då
698 330 13 20 å
726 329 66 20 andra
808 329 61 20 sidan
884 328 59 20 kost-

186 363 72 21 naden
274 363 32 21 för
320 364 211 26 indragningsstaten
546 364 82 26 årligen
643 363 100 25 minskas,
753 363 66 27 enligt
830 362 114 28 uppskatt-

187 398 51 26 ning
253 399 6 19 i
275 398 48 20 nåd.
339 399 165 26 propositionen
518 398 51 20 med
584 398 99 27 omkring
700 402 62 22 5,000
777 397 66 25 mark,
859 396 85 27 förelig-

187 438 39 20 ger
242 433 64 25 ingen
321 432 44 20 fara
381 435 32 18 att
427 432 90 21 kassans
533 432 114 27 tillgångar
670 432 48 20 icke
739 432 62 20 skola
823 431 35 20 väl
880 430 65 21 förslå

188 469 32 17 att
236 466 95 20 bestrida
345 466 80 26 jämväl
439 466 133 21 sistnämnda
587 466 125 21 kostnader.
742 466 53 20 Med
810 466 83 25 hänsyn
914 464 32 22 till

188 500 58 20 hvad
262 500 115 21 Utskottet
393 500 44 21 haft
453 501 51 20 äran
520 500 64 21 ofvan
598 500 81 26 anföra,
696 500 30 20 får
742 500 115 20 Utskottet
873 499 72 21 därför

188 535 112 21 vördsamt
315 534 87 21 föreslå:

467 624 33 17 att
523 621 125 20 Ständerna
669 621 50 20 ville
741 621 9 19 i
777 619 170 27 underdånighet

397 655 37 21 hos
460 655 65 20 Hans
549 655 125 27 Kejserliga
699 655 108 27 Majestät
827 653 119 25 hemställa,

397 689 109 21 huruvida
526 689 44 20 icke
590 690 120 26 utgifterna
725 689 45 26 för
797 688 151 27 indragnings-

397 728 69 17 staten
488 724 70 20 kunde
574 724 60 27 från
655 723 38 21 och
711 723 50 20 med
773 722 175 21 nästkommande

399 759 28 19 år
438 759 93 26 påföras
545 757 250 28 krigsmanshuskassan.

263 843 76 21 Under
354 843 153 27 förutsättning
521 843 24 20 af
558 843 74 27 nådigt
648 843 58 20 bifall
721 843 31 21 till
767 850 27 13 en
809 843 67 20 sådan
886 842 62 21 fram-

194 877 102 27 ställning
318 877 38 21 har
379 877 114 21 Utskottet
516 877 96 21 uteslutit
635 877 162 27 ifrågavarande
823 877 127 26 utgiftspost

194 911 47 21 från
256 913 33 19 sin
304 912 119 27 beräkning
437 912 25 20 af
473 911 167 21 militiefondens
656 911 88 27 utgifter
759 911 67 20 under
841 911 109 20 nästkom-

194 946 79 20 mande
288 946 165 27 budgetperiod.

263 980 16 20 I
287 980 176 27 gratifikationer
470 981 45 26 för
528 980 114 27 oförvitlig
659 980 65 27 tjenst
745 979 38 21 och
803 979 149 27 begrafnings-

195 1014 63 27 hjälp
274 1015 36 20 till
322 1015 79 27 afidne
416 1015 137 27 tjenstemäns
568 1014 96 21 steröhus
679 1014 39 20 har
739 1014 67 20 under
828 1014 50 20 åren
900 1014 51 25 1887

195 1049 86 26 —1889
297 1049 115 20 utbetalats
427 1056 57 20 resp.
500 1049 54 20 Fmk
571 1054 67 21 5,017:
655 1055 34 19 20,
708 1049 61 25 1,800
785 1048 41 20 och
841 1053 42 20 290
903 1047 50 20 eller

196 1083 6 19 i
218 1082 63 27 årligt
296 1083 101 20 medeltal
413 1083 62 26 2,360
494 1083 60 20 mark
576 1088 12 21 7
613 1085 71 25 penni.
715 1083 72 20 Ehuru
810 1083 70 20 denna
903 1085 51 23 post

195 1116 49 21 icke
259 1117 43 20 kan
318 1118 28 26 pä
362 1117 90 21 förhand
467 1118 50 20 med
533 1117 101 21 säkerhet
649 1118 113 24 beräknas,
778 1117 39 20 har
839 1115 115 22 Utskottet

196 1150 59 21 dock
278 1155 71 17 ansett
372 1152 37 20 det
432 1152 81 20 äskade
535 1152 98 26 anslaget
652 1152 32 20 för
700 1152 125 20 densamma
841 1150 24 20 af
879 1150 76 24 16,000

196 1184 62 21 mark
281 1192 36 14 om
337 1186 46 20 äret
405 1186 47 21 icke
471 1187 33 20 stä
519 1187 6 19 i
541 1186 79 27 skäligt
635 1186 133 20 förhällande
783 1185 32 21 till
829 1184 126 21 förberörda

196 1219 104 21 medeltal
316 1220 41 20 och
372 1220 88 21 föreslär
475 1220 137 25 fördenskull,
629 1224 33 17 att
680 1220 120 20 detsamma
819 1220 35 19 mä
869 1218 87 21 nedsät-

197 1256 34 18 tas
247 1254 33 20 till
297 1259 75 20 10,000
387 1255 59 20 mark
462 1262 36 13 om
513 1256 46 19 äret
575 1254 50 21 eller
654 1259 77 22 30,000
746 1254 32 20 för
793 1253 49 21 hela
865 1252 91 27 budget-

198 1288 112 26 perioden.

268 1322 123 27 Angående
421 1323 68 27 öfriga
519 1324 6 19 i
556 1323 42 20 den
628 1323 78 26 nådiga
730 1322 165 27 propositionen
920 1328 37 13 un-

198 1356 40 20 der
276 1356 99 21 rubriken
407 1358 110 20 ordinarie
546 1358 93 26 utgifter
673 1360 113 24 upptagna
816 1355 75 27 anslag
919 1356 39 19 har

198 1389 118 22 Utskottet
350 1391 47 21 icke
427 1393 46 21 haft
502 1395 67 25 något
605 1396 32 19 att
672 1392 68 20 erinra
778 1390 42 20 och
859 1390 99 26 öfvergär

198 1424 75 23 därför
302 1426 32 22 till
363 1427 100 29 pröfning
493 1430 25 20 af
537 1429 27 21 de
597 1427 123 27 föreslagna
746 1427 63 19 extra
829 1425 129 25 utgifterna

270 1470 140 17 Statsutskottets
423 1468 110 19 betänkande
545 1469 36 16 N:o
595 1468 17 17 6.
