1086 1700
246 170 12 20 2
400 168 84 24 Ständ.
504 168 38 23 Sv.
560 182 27 3 —
605 169 73 29 Prop.
694 168 45 24 N:o
755 169 38 22 14.

286 232 52 21 Dels
354 233 49 21 med
419 233 86 27 ledning
521 232 24 21 af
556 232 175 28 räkenskaperna
751 232 60 21 öfver
827 232 144 22 kostnaderna

218 266 32 20 för
266 266 131 28 landtdagen
412 268 23 20 år
453 268 60 24 1888,
530 267 46 20 dels
592 267 50 21 med
658 267 80 21 fästadt
753 267 103 21 afseende
867 268 12 20 å
891 267 27 21 de
929 267 41 21 för-

216 300 116 28 ändringar
350 302 6 20 i
377 301 142 27 landtdagens
542 301 107 25 ekonomi,
673 308 48 14 som
743 302 80 20 inträdt
846 302 124 26 derigenom

218 338 31 18 att
266 342 26 14 en
308 335 90 21 särskild
413 335 104 27 byggnad
532 336 50 20 med
598 335 81 21 lokaler
695 336 32 20 för
738 336 28 20 de
777 339 32 17 tre
821 336 77 20 ofrälse
913 336 57 20 stån-

216 370 42 20 den
274 369 43 21 och
332 370 98 26 samtliga
446 370 185 27 lantdagsutskott
646 369 70 21 blifvit
731 370 102 27 uppförd,
854 370 38 20 har
906 370 61 20 Stän-

216 404 78 20 dernas
312 403 144 22 Statsutskott
479 404 103 27 uppgjort
604 404 162 21 nedanstående
787 404 119 27 beräkning
928 404 41 20 och

215 438 81 27 förslag
312 438 111 27 angående
437 438 145 21 kostnaderna
599 438 32 20 för
642 438 131 27 landtdagen
789 439 22 20 år
829 439 53 25 1894
897 438 72 21 äfven-

214 479 48 14 som
278 472 32 21 för
325 472 80 22 vården
421 473 41 20 och
478 472 132 22 underhållet
632 473 67 20 under
719 474 51 20 åren
795 473 138 26 1892—1894
948 473 25 20 af

214 506 151 22 ständerhuset
381 510 55 18 samt
451 507 131 21 Ständernas
598 507 60 21 arkiv
674 507 42 21 och
731 507 115 21 bibliotek:

643 1472 87 20 Summa

776 663 47 26 Fm:
845 659 22 42 |
889 663 41 26 Fi

223 767 97 21 Ständen
340 770 55 18 samt
419 767 61 21 deras
503 766 171 28 kanslipersonal
696 766 41 20 och

266 797 109 35 betjening
775 804 78 21 95,000

223 835 120 22 Utskotten
357 835 65 26 jemte
435 817 62 39 deras
509 817 171 45 kanslipersonal
696 817 41 38 och

265 869 109 26 betjening
775 869 78 24 30,000|

212 915 1 26 |
231 903 135 28 Trycknings-
382 903 41 20 och
439 885 226 45 haftningskostnader
774 898 81 34 70,000

212 938 1 3 i
221 938 125 20 Kostnader
371 938 32 20 för
426 938 163 25 öfversättning,
613 937 122 20 korrektur-
854 934 1 13 |

264 972 84 27 läsning
362 979 27 13 m.
405 979 27 13 m.
776 967 79 33 14,000]
961 994 1 3 j

210 1020 2 14 |
220 1006 93 28 Diverse
328 1005 87 27 utgifter
773 1011 78 19 20,000]
868 1010 94 21 279,000!

220 1039 167 21 Ständerhusets
404 1040 157 27 uppvärmning
747 1033 103 33 14,00

292 1090 13 9 30
403 1073 114 27 belysning
775 1079 75 20 10,000

209 1104 2 13 |
292 1124 12 9 35
403 1107 99 25 ekonom,
519 1107 81 20 arvode
622 1123 4 4 .
788 1108 62 26 3,600

291 1158 13 9 5
402 1142 115 26 betjening,
548 1141 185 27 gaturenhällning

438 1183 27 13 m.
481 1183 27 13 m.
774 1181 75 20 12,000

291 1226 12 9 »
401 1217 98 13 assurans
515 1226 3 4 .
787 1215 62 21 3,300]

290 1260 12 8 5
400 1248 84 17 remont
504 1244 42 20 och
569 1226 91 38 diverse.
669 1225 63 45 TA

437 1282 34 16 ter
619 1293 3 4 ,
727 1294 3 3 |
773 1282 75 20 10,000|
881 1282 79 21 52,9001

217 1312 133 21 Ständernas
365 1312 154 25 bibliotekarie,
537 1294 81 38 arvode
727 1328 4 4 é
740 1301 112 41 3,500!

206 1356 1 5 :
217 1346 100 27 Uppköp
338 1346 24 20 af
383 1346 86 25 böcker,
495 1346 111 20 ordnande
625 1346 25 20 af
672 1345 59 21 arkiv

260 1381 42 20 och
328 1380 109 25 bibliotek,
464 1380 130 27 inbindning,
622 1387 109 20 expenser

258 1422 28 14 m.
302 1422 28 14 m.
785 1418 61 22 5,500]
870 1407 16 37 —
892 1419 63 20 9,000

540 1434 74 28 ee

847 1495 2 3 |
862 1471 92 25 340,900
