1086 1700
227 131 27 19 22
519 131 44 23 N:o
585 132 37 22 11.

266 198 99 21 Derefter
391 198 70 27 åligge
488 198 240 22 bränneriinehafvaren
753 205 91 15 ansvara
867 199 33 21 för
923 201 32 19 att

197 232 97 26 plomber
318 233 37 21 och
379 232 140 28 förseglingar
541 233 46 21 icke
603 233 74 27 brytas
693 233 53 21 eller
761 234 112 26 borttagas
890 234 64 20 innan

197 267 125 27 kontrollör,
335 268 27 20 då
371 268 166 26 tillverkningen
549 269 54 25 ånyo
615 268 54 20 skall
680 268 93 27 vidtaga,
785 268 71 21 dertill
866 268 88 21 skrider.

540 342 10 26 8
568 342 33 21 35.

264 381 41 21 Vid
328 382 197 26 distilleringsverk,
550 382 38 20 der
604 382 136 27 distillering,
757 382 67 27 enligt
840 382 11 27 $
867 384 33 24 20,
917 382 34 21 sä-

195 422 45 14 som
258 416 91 21 särskild
371 417 75 26 näring
462 417 91 26 utöfvas,
570 416 100 22 förordne
686 417 145 27 länestyrelse,
849 417 54 21 efter
918 417 36 21 det

195 450 180 22 Ofverkontrollör
391 452 92 20 lemnats
499 451 84 21 tillfälle
599 454 32 18 att
642 453 58 25 yttra
710 452 32 26 sig
754 452 112 26 angående
877 452 76 20 sökan-

195 485 53 21 dene
265 485 33 21 till
314 485 155 27 befattningen,
486 486 80 26 ärligen
584 492 24 14 en
624 486 121 26 sakkunnig
761 486 39 21 och
811 485 84 27 pälitlig
905 492 48 20 per-

195 525 39 15 son
258 520 31 20 att
312 520 122 20 handhafva
457 520 93 21 kontroll
575 520 58 21 öfver
656 520 109 21 fabrikens
781 520 170 26 tillverkningar.

194 554 74 21 Denne
292 554 79 27 åligger
395 557 32 19 att
450 554 57 22 tillse
525 555 35 21 det
583 555 258 27 distilleringsredskapen
858 555 45 21 icke
919 555 33 20 till

195 589 72 26 olotlig
283 589 240 27 bränvinstillverkning
538 590 107 26 begagnas
662 592 56 18 samt
735 592 31 19 att
783 589 76 21 endast
875 589 77 21 sådant

194 623 97 26 bränvin,
308 630 46 15 som
370 623 6 21 i
393 624 10 27 &
421 625 26 20 22
463 623 142 28 omförmäles,
622 624 34 21 vid
673 624 156 27 distilleringen
838 623 113 22 användes.

538 693 10 26 8
565 693 33 20 36.

262 733 127 20 Kontrollör
404 733 34 20 vid
454 733 191 26 distilleringsverk
661 733 42 20 kan
719 733 112 21 förordnas
849 734 32 19 att
897 739 54 14 sam-

194 767 64 26 tidigt
282 767 120 20 handhafva
422 767 72 26 tillsyn
510 767 35 21 vid
561 767 50 21 flere
628 767 72 26 dylika
716 768 57 25 verk,
790 773 48 15 men
853 767 47 21 icke
916 767 35 20 vid

194 801 106 26 bränneri,
318 801 39 21 och
373 801 82 27 ätnjute
467 802 5 19 i
485 801 63 26 årligt
556 801 85 28 arvode,
651 801 38 22 der
697 801 41 21 han
746 803 24 19 är
781 801 83 22 anstäld
876 801 33 21 vid
920 803 31 18 ett

194 835 58 28 verk,
269 835 47 22 frän
333 838 83 19 ettusen
433 836 33 21 till
484 838 84 19 ettusen
579 836 127 21 femhundra
716 837 67 25 mark,
793 835 56 22 efter
860 835 91 27 länesty-

192 870 66 21 relses
271 870 168 26 bestämmande,
453 873 56 18 samt
518 870 106 21 dessutom
634 870 125 21 femhundra
768 870 61 21 mark
837 869 33 22 för
878 869 72 27 hvarje

193 904 23 21 af
230 905 26 20 de
274 904 68 27 öfriga
359 905 200 26 distilleringsverk,
576 905 34 20 vid
627 904 71 21 hvilka
715 904 41 21 han
771 904 71 21 tillika
858 904 39 20 har
907 903 43 21 till-

193 944 44 20 syn.
275 938 79 21 Finnes
377 938 138 27 tillverkning
538 939 35 20 vid
596 938 193 27 distilleringsverk
806 944 51 15 vara
873 937 23 21 af
910 937 39 21 den

192 972 138 27 betydenhet,
354 975 33 19 att
409 973 120 20 kontrollör
552 973 33 20 för
608 973 99 26 tillsynen
730 973 99 20 deröfver
852 978 61 15 anses
930 972 18 26 ej

193 1013 51 14 vara
270 1007 48 21 med
344 1007 77 21 sädant
445 1008 78 20 arvode
547 1007 97 27 skäligen
668 1009 74 24 ersatt,
765 1007 36 21 mä
825 1007 123 26 detsamma,

193 1041 57 26 uppä
266 1042 150 26 länestyrelses
432 1042 164 26 framställning,
612 1041 23 21 af
644 1042 305 26 Ekonomie-Departementet

194 1076 6 20 i
217 1075 93 22 Senaten
326 1076 32 21 till
374 1076 66 27 högre
456 1077 77 26 belopp
549 1076 137 21 bestämmas.

536 1150 11 26 8
564 1151 33 20 37.

263 1192 18 19 1.
311 1190 10 21 1
344 1190 187 21 kontrollkostnad
554 1190 34 21 vid
611 1190 190 26 distilleringsverk
821 1190 82 26 äligger
917 1190 31 20 di-

192 1224 191 27 stilleringsidkare
403 1224 45 21 före
464 1224 72 26 hvarje
552 1224 184 26 tillverkningsärs
747 1224 77 27 början
836 1224 33 20 till
879 1224 70 20 landt-

192 1258 104 22 ränteriet
319 1259 85 26 erlägga
427 1258 128 22 femhundra
570 1259 61 20 mark
647 1259 38 21 och
701 1260 109 20 dessutom
826 1259 57 21 inom
899 1259 48 26 fjor-

191 1295 38 19 ton
247 1294 67 26 dagar
330 1292 53 22 efter
400 1293 72 26 hvarje
492 1294 93 26 gvartals
601 1293 79 27 utgäng
696 1294 31 20 dit
742 1294 117 20 inleverera
876 1300 24 14 en
918 1293 30 21 af-

191 1328 40 26 gift
255 1328 24 20 af
300 1334 25 14 en
348 1328 62 26 penni
433 1328 32 20 för
489 1328 72 26 hvarje
577 1328 50 20 liter
642 1328 89 21 bränvin
747 1328 24 21 af
784 1328 163 26 normalstyrka,

190 1368 46 15 som
252 1362 68 21 under
336 1362 106 26 gvartalet
457 1362 34 21 till
508 1363 213 27 distilleringsverket
736 1363 120 21 inkommit.

259 1398 20 20 2.
310 1396 46 21 Den
372 1397 7 20 i
394 1403 63 15 mom.
476 1398 9 20 1
502 1397 129 21 föreskrifna
647 1398 117 26 leverering
776 1397 125 21 verkställes
912 1404 35 14 cn-

189 1432 40 26 ligt
245 1430 23 22 af
282 1431 119 21 kontrollör
417 1432 96 26 bestyrkt
529 1432 99 27 reversal,
645 1432 137 27 upptagande
793 1432 154 27 myckenheten
