1086 1700
351 142 30 22 U.
397 142 28 22 B.
441 154 27 3 —
484 142 73 27 Prop.
574 142 43 22 N:o
632 141 37 22 16.
854 143 14 21 5

136 209 66 21 orden
224 208 51 22 eller
296 207 261 28 mationalitetscertifikat,
574 208 87 20 hvilken
677 214 74 15 senare
767 208 128 27 benämning

136 244 108 20 dessutom
260 242 109 27 upptagits
384 242 71 22 säsom
470 242 142 27 uppslagsord
627 242 31 21 uti
674 242 36 21 det
725 242 127 23 alfabetiska
861 249 34 15 re-

135 278 83 26 gistret.

204 310 111 22 Fullmakt
330 311 22 27 a)
366 312 43 20 2:0.

205 346 48 21 Den
272 346 66 21 under
354 346 59 20 detta
428 347 94 19 moment
537 346 30 20 uti
583 345 41 22 den
639 345 79 27 nädiga
732 346 160 26 propositionen

135 380 88 28 tillagda
245 380 167 26 anmärkningen
435 386 35 15 om
492 380 152 27 stämpelafgift
666 380 13 20 &
698 379 143 23 förordnande
859 380 35 21 för

136 414 94 22 ledamot
244 414 7 21 i
266 414 189 27 Lagberedningen
470 416 33 19 att
518 414 70 22 säsom
604 414 66 22 sädan
686 414 130 22 fortfarande
831 415 63 21 kvar-

137 449 38 25 stä,
184 449 40 21 har
240 455 26 15 en
281 448 90 22 medlem
386 448 23 22 af
422 448 180 27 Borgareständet
616 450 72 20 ansett
704 449 141 27 oberättigad,
855 455 40 15 un-

137 483 37 21 der
188 483 102 27 yrkande,
306 484 31 20 att
352 483 123 21 densamma
489 482 55 22 ifrän
560 483 41 21 den
616 482 109 22 blifvande
741 482 152 28 förordningen

137 517 65 21 borde
218 517 123 26 utelemnas,
356 517 55 21 helst
427 524 25 14 en
467 517 68 21 sädan
547 517 62 27 afgift
618 517 19 27 ej
653 517 68 21 heller
732 517 76 22 hittills
816 517 79 27 utgätt.

137 551 111 22 Utskottet
268 552 39 21 har
326 552 116 21 emellertid
457 552 47 21 icke
519 552 71 22 funnit
605 552 47 21 skäl
667 552 33 21 till
716 552 40 21 den
771 551 123 27 föreslagna

137 587 123 26 ändringen,
281 589 51 18 enär
347 587 144 21 ledamöterna
506 587 7 21 i
529 587 190 26 Lagberedningen
734 588 112 19 utnämnas
860 585 35 22 för

137 623 32 18 tre
185 619 24 22 är
224 621 7 20 i
246 621 77 21 sender
339 621 39 21 och
394 621 82 27 ätnjuta
491 628 26 14 en
533 621 46 22 icke
596 621 108 27 obetydlig
720 620 100 27 aflöning.

205 655 21 26 a)
249 655 41 21 3:0.
320 655 60 22 Efter
404 657 59 20 detta
485 657 94 20 moment
597 656 40 21 har
656 655 106 22 utskottet
777 656 70 20 ansett
862 654 32 27 sig

136 689 53 22 böra
207 689 89 28 tillägga
311 697 26 14 en
352 690 140 27 anmärkning
507 689 133 22 beträffande
655 690 136 21 besättandet
806 689 23 21 af
842 689 53 20 min-

137 723 37 22 dre
190 724 79 26 sysslor
284 724 35 21 vid
332 725 146 26 jernvägarne.
494 724 112 22 Utskottet
618 725 39 20 har
667 724 106 27 nemligen
784 724 111 25 inhemtat,

137 759 32 20 att
187 758 119 27 Kejserliga
321 758 98 27 Senaten,
436 759 27 27 pä
477 759 156 27 framställning
648 759 24 21 af
683 758 212 27 jernvägsstyrelsen,

137 793 31 20 uti
184 792 112 21 skrifvelse
311 793 23 21 af
348 793 41 21 den
404 793 13 21 9
433 793 42 27 Maj
493 793 55 22 1878
564 793 70 21 funnit
650 793 46 21 skäl
711 793 102 21 förordna
827 792 30 21 bl.
868 799 27 19 a.,

137 828 32 19 att
191 827 35 21 vid
246 827 137 22 besättandet
398 828 23 21 af
435 828 80 21 sädana
529 828 79 27 sysslor
623 828 35 21 vid
670 827 225 27 jernvägsförvaltnin-

137 867 46 20 gen,
199 861 73 22 hvilka
287 861 84 28 ätföljas
388 863 75 21 endast
478 862 23 21 af
515 863 77 20 arvode
609 862 39 21 och
664 862 123 21 innehafvas
802 862 27 26 pä
844 862 49 21 obe-

137 896 70 21 stämd
222 896 32 21 tid
269 898 55 19 samt
339 896 23 21 af
376 896 216 22 Generaldirektören
607 903 73 15 ensam
696 897 107 26 tillsättas,
815 897 80 20 konsti-

137 930 89 21 tutorial
248 930 34 21 för
304 931 40 21 den
360 931 33 21 till
408 931 83 27 sysslan
506 933 91 25 antagne
613 932 47 20 icke
676 931 34 21 mä
725 931 102 26 utfärdas,
843 932 52 19 utan

138 964 68 21 denne
221 965 76 20 endast
312 965 108 22 meddelas
437 967 31 19 ett
483 966 193 27 antagningsbevis,
684 966 34 21 för
732 965 81 22 hvilket
828 965 66 26 nägra

137 998 85 27 afgifter
244 999 47 21 icke
309 999 21 21 få
346 999 112 22 debiteras.
489 1000 40 26 Dä,
544 1000 70 21 såsom
630 1000 86 24 bekant,
732 999 162 27 ifrågavarande

137 1033 79 26 sysslor
238 1035 38 19 äro
298 1033 157 22 underkastade
478 1035 98 26 ständiga
599 1035 100 26 ombyten
722 1034 22 21 af
758 1033 137 22 innehafvare

137 1067 41 20 och
193 1067 71 22 dertill
280 1068 85 27 åtföljas
381 1068 23 21 af
415 1069 153 26 jemförelsevis
583 1069 61 26 ringa
660 1069 92 21 arvoden
763 1068 39 21 och
813 1068 33 26 då,
857 1074 36 15 en-

137 1101 38 26 ligt
198 1103 77 20 nämda
290 1102 116 27 skrifvelse,
427 1103 213 27 antagningsbevisen
656 1103 33 21 till
705 1103 107 21 desamma
827 1102 67 21 redan

138 1136 66 21 under
220 1143 59 15 mera
294 1139 27 19 än
336 1138 31 20 ett
382 1138 97 21 årtionde
494 1138 56 21 varit
561 1138 97 21 befriade
668 1138 55 21 ifrån
734 1136 163 28 stämpelafgift,

137 1170 40 21 har
199 1170 112 22 Utskottet
331 1171 69 22 funnit
415 1172 37 21 det
466 1178 52 15 vara
533 1172 103 27 lämpligt,
652 1174 32 19 att
699 1173 31 21 uti
744 1172 103 26 förslaget
862 1172 33 20 till

137 1204 126 28 förordning
278 1206 7 20 i
300 1208 72 19 ämnet
382 1208 93 25 upptaga
486 1213 26 14 en
523 1206 134 27 bestämning
668 1213 34 15 om
712 1207 66 27 sagda
788 1206 106 21 befrielse.

206 1241 22 23 a)
245 1240 40 20 5:o.
315 1240 57 21 Enär
388 1240 66 27 enligt
469 1240 118 28 Kejserliga
602 1240 83 22 brefvet
700 1241 23 21 af
737 1241 40 21 den
792 1241 29 21 24
836 1240 60 27 April

139 1272 55 22 1865
209 1274 68 26 några
291 1276 97 24 pastorat
403 1274 113 22 framdeles
532 1275 46 21 icke
594 1275 21 21 få
630 1276 71 20 såsom
716 1281 68 15 annex
795 1275 98 26 dispone-

137 1313 35 15 ras
194 1308 40 21 och
257 1308 27 21 då
308 1308 79 22 sådana
407 1315 87 15 numera
513 1310 47 20 icke
575 1309 138 27 förekomma,
730 1310 39 20 har
784 1309 112 21 Utskottet

137 1343 77 25 ansett,
235 1344 32 19 att
287 1344 67 20 orden
369 1344 80 24 ,såsom
465 1350 68 15 annex
550 1344 137 26 disponeras"
704 1344 65 21 borde
785 1343 54 22 ifrån
855 1343 41 21 den

136 1375 108 23 blifvande
260 1376 151 28 förordningen
426 1378 7 21 i
448 1380 71 19 ämnet
534 1379 57 26 utgå.

208 1410 170 29 Lysningssedel
393 1412 33 21 till
436 1412 124 28 äktenskap.
576 1413 47 21 Mot
634 1413 70 21 denna
714 1414 108 26 afdelning
832 1414 64 23 hafva

205 1462 215 24 Bevillningsutskottets
433 1464 119 20 betänkande
563 1465 35 18 N:o
610 1466 17 17 4.
