<?xml version="1.0" encoding="UTF-8"?>
<alto xmlns="http://www.loc.gov/standards/alto/ns-v3#" xmlns:xlink="http://www.w3.org/1999/xlink" xmlns:xsi="http://www.w3.org/2001/XMLSchema-instance" xsi:schemaLocation="http://www.loc.gov/standards/alto/ns-v3# http://www.loc.gov/alto/v3/alto-3-0.xsd">
	<Description>
		<MeasurementUnit>pixel</MeasurementUnit>
		<sourceImageInformation>
			<fileName>/tmp/tess_j8qqip84_input.PNG</fileName>
		</sourceImageInformation>
		<OCRProcessing ID="OCR_0">
			<ocrProcessingStep>
				<processingSoftware>
					<softwareName>tesseract 5.3.4</softwareName>
				</processingSoftware>
			</ocrProcessingStep>
		</OCRProcessing>
	</Description>
	<Layout>
		<Page WIDTH="1086" HEIGHT="1700" PHYSICAL_IMG_NR="0" ID="page_0">
			<PrintSpace HPOS="0" VPOS="0" WIDTH="1086" HEIGHT="1700">
				<ComposedBlock ID="cblock_0" HPOS="339" VPOS="120" WIDTH="317" HEIGHT="28">
					<TextBlock ID="block_0" HPOS="339" VPOS="120" WIDTH="317" HEIGHT="28">
						<TextLine ID="line_0" HPOS="339" VPOS="120" WIDTH="317" HEIGHT="28">
							<String ID="string_0" HPOS="339" VPOS="120" WIDTH="30" HEIGHT="23" WC="0.90" CONTENT="U."/><SP WIDTH="15" VPOS="120" HPOS="369"/>
							<String ID="string_1" HPOS="384" VPOS="121" WIDTH="28" HEIGHT="21" WC="0.88" CONTENT="B."/><SP WIDTH="16" VPOS="121" HPOS="412"/>
							<String ID="string_2" HPOS="428" VPOS="133" WIDTH="28" HEIGHT="3" WC="0.90" CONTENT="—"/><SP WIDTH="16" VPOS="133" HPOS="456"/>
							<String ID="string_3" HPOS="472" VPOS="121" WIDTH="74" HEIGHT="27" WC="0.94" CONTENT="Prop."/><SP WIDTH="15" VPOS="121" HPOS="546"/>
							<String ID="string_4" HPOS="561" VPOS="121" WIDTH="43" HEIGHT="22" WC="0.94" CONTENT="N:o"/><SP WIDTH="16" VPOS="121" HPOS="604"/>
							<String ID="string_5" HPOS="620" VPOS="120" WIDTH="36" HEIGHT="23" WC="0.96" CONTENT="16."/>
						</TextLine>
					</TextBlock>
				</ComposedBlock>
				<ComposedBlock ID="cblock_1" HPOS="210" VPOS="186" WIDTH="576" HEIGHT="1227">
					<TextBlock ID="block_1" HPOS="224" VPOS="186" WIDTH="557" HEIGHT="370">
						<TextLine ID="line_1" HPOS="224" VPOS="186" WIDTH="555" HEIGHT="27">
							<String ID="string_6" HPOS="224" VPOS="189" WIDTH="49" HEIGHT="19" WC="0.92" CONTENT="män"/><SP WIDTH="14" VPOS="189" HPOS="273"/>
							<String ID="string_7" HPOS="287" VPOS="187" WIDTH="128" HEIGHT="26" WC="0.92" CONTENT="inrättnings"/><SP WIDTH="15" VPOS="187" HPOS="415"/>
							<String ID="string_8" HPOS="430" VPOS="188" WIDTH="53" HEIGHT="24" WC="0.96" CONTENT="stat;"/><SP WIDTH="17" VPOS="188" HPOS="483"/>
							<String ID="string_9" HPOS="500" VPOS="187" WIDTH="39" HEIGHT="21" WC="0.96" CONTENT="och"/><SP WIDTH="15" VPOS="187" HPOS="539"/>
							<String ID="string_10" HPOS="554" VPOS="186" WIDTH="55" HEIGHT="22" WC="0.96" CONTENT="skall"/><SP WIDTH="11" VPOS="186" HPOS="609"/>
							<String ID="string_11" HPOS="620" VPOS="187" WIDTH="112" HEIGHT="21" WC="0.91" CONTENT="enahanda"/><SP WIDTH="10" VPOS="187" HPOS="732"/>
							<String ID="string_12" HPOS="742" VPOS="187" WIDTH="37" HEIGHT="21" WC="0.91" CONTENT="be-"/>
						</TextLine>
						<TextLine ID="line_2" HPOS="224" VPOS="220" WIDTH="554" HEIGHT="28">
							<String ID="string_13" HPOS="224" VPOS="221" WIDTH="171" HEIGHT="27" WC="0.92" CONTENT="räkningsgrund"/><SP WIDTH="23" VPOS="221" HPOS="395"/>
							<String ID="string_14" HPOS="418" VPOS="220" WIDTH="108" HEIGHT="28" WC="0.93" CONTENT="tillämpas"/><SP WIDTH="20" VPOS="220" HPOS="526"/>
							<String ID="string_15" HPOS="546" VPOS="221" WIDTH="84" HEIGHT="27" WC="0.92" CONTENT="jemväl,"/><SP WIDTH="21" VPOS="221" HPOS="630"/>
							<String ID="string_16" HPOS="651" VPOS="221" WIDTH="27" HEIGHT="21" WC="0.96" CONTENT="då"/><SP WIDTH="16" VPOS="221" HPOS="678"/>
							<String ID="string_17" HPOS="694" VPOS="227" WIDTH="84" HEIGHT="21" WC="0.96" CONTENT="person,"/>
						</TextLine>
						<TextLine ID="line_3" HPOS="224" VPOS="254" WIDTH="555" HEIGHT="27">
							<String ID="string_18" HPOS="224" VPOS="260" WIDTH="47" HEIGHT="16" WC="0.95" CONTENT="som"/><SP WIDTH="22" VPOS="260" HPOS="271"/>
							<String ID="string_19" HPOS="293" VPOS="254" WIDTH="67" HEIGHT="22" WC="0.93" CONTENT="sådan"/><SP WIDTH="21" VPOS="254" HPOS="360"/>
							<String ID="string_20" HPOS="381" VPOS="254" WIDTH="66" HEIGHT="27" WC="0.92" CONTENT="tjenst"/><SP WIDTH="22" VPOS="254" HPOS="447"/>
							<String ID="string_21" HPOS="469" VPOS="254" WIDTH="60" HEIGHT="22" WC="0.96" CONTENT="förut"/><SP WIDTH="20" VPOS="254" HPOS="529"/>
							<String ID="string_22" HPOS="549" VPOS="254" WIDTH="104" HEIGHT="26" WC="0.95" CONTENT="innehaft,"/><SP WIDTH="16" VPOS="254" HPOS="653"/>
							<String ID="string_23" HPOS="669" VPOS="261" WIDTH="47" HEIGHT="15" WC="0.93" CONTENT="men"/><SP WIDTH="16" VPOS="261" HPOS="716"/>
							<String ID="string_24" HPOS="732" VPOS="255" WIDTH="47" HEIGHT="21" WC="0.91" CONTENT="der-"/>
						</TextLine>
						<TextLine ID="line_4" HPOS="224" VPOS="288" WIDTH="555" HEIGHT="28">
							<String ID="string_25" HPOS="224" VPOS="289" WIDTH="56" HEIGHT="21" WC="0.92" CONTENT="ifrån"/><SP WIDTH="22" VPOS="289" HPOS="280"/>
							<String ID="string_26" HPOS="302" VPOS="288" WIDTH="85" HEIGHT="22" WC="0.90" CONTENT="undfått"/><SP WIDTH="22" VPOS="288" HPOS="387"/>
							<String ID="string_27" HPOS="409" VPOS="288" WIDTH="82" HEIGHT="28" WC="0.95" CONTENT="afsked,"/><SP WIDTH="22" VPOS="288" HPOS="491"/>
							<String ID="string_28" HPOS="513" VPOS="289" WIDTH="54" HEIGHT="27" WC="0.94" CONTENT="ånyo"/><SP WIDTH="21" VPOS="289" HPOS="567"/>
							<String ID="string_29" HPOS="588" VPOS="289" WIDTH="106" HEIGHT="21" WC="0.91" CONTENT="tillträder"/><SP WIDTH="21" VPOS="289" HPOS="694"/>
							<String ID="string_30" HPOS="715" VPOS="289" WIDTH="64" HEIGHT="27" WC="0.91" CONTENT="tjenst"/>
						</TextLine>
						<TextLine ID="line_5" HPOS="224" VPOS="322" WIDTH="555" HEIGHT="23">
							<String ID="string_31" HPOS="224" VPOS="322" WIDTH="24" HEIGHT="22" WC="0.92" CONTENT="af"/><SP WIDTH="22" VPOS="322" HPOS="248"/>
							<String ID="string_32" HPOS="270" VPOS="322" WIDTH="141" HEIGHT="22" WC="0.91" CONTENT="omförmälda"/><SP WIDTH="22" VPOS="322" HPOS="411"/>
							<String ID="string_33" HPOS="433" VPOS="322" WIDTH="155" HEIGHT="23" WC="0.95" CONTENT="beskaffenhet."/><SP WIDTH="31" VPOS="322" HPOS="588"/>
							<String ID="string_34" HPOS="619" VPOS="323" WIDTH="51" HEIGHT="21" WC="0.95" CONTENT="Men"/><SP WIDTH="18" VPOS="323" HPOS="670"/>
							<String ID="string_35" HPOS="688" VPOS="323" WIDTH="36" HEIGHT="21" WC="0.93" CONTENT="vid"/><SP WIDTH="18" VPOS="323" HPOS="724"/>
							<String ID="string_36" HPOS="742" VPOS="324" WIDTH="37" HEIGHT="20" WC="0.93" CONTENT="be-"/>
						</TextLine>
						<TextLine ID="line_6" HPOS="225" VPOS="356" WIDTH="554" HEIGHT="28">
							<String ID="string_37" HPOS="225" VPOS="356" WIDTH="88" HEIGHT="22" WC="0.95" CONTENT="fordran"/><SP WIDTH="15" VPOS="356" HPOS="313"/>
							<String ID="string_38" HPOS="328" VPOS="357" WIDTH="33" HEIGHT="21" WC="0.96" CONTENT="till"/><SP WIDTH="14" VPOS="357" HPOS="361"/>
							<String ID="string_39" HPOS="375" VPOS="363" WIDTH="70" HEIGHT="15" WC="0.93" CONTENT="annan"/><SP WIDTH="16" VPOS="363" HPOS="445"/>
							<String ID="string_40" HPOS="461" VPOS="358" WIDTH="67" HEIGHT="26" WC="0.92" CONTENT="tjenst"/><SP WIDTH="15" VPOS="358" HPOS="528"/>
							<String ID="string_41" HPOS="543" VPOS="357" WIDTH="106" HEIGHT="22" WC="0.96" CONTENT="beräknas"/><SP WIDTH="10" VPOS="357" HPOS="649"/>
							<String ID="string_42" HPOS="659" VPOS="357" WIDTH="76" HEIGHT="22" WC="0.93" CONTENT="kartan"/><SP WIDTH="8" VPOS="357" HPOS="735"/>
							<String ID="string_43" HPOS="743" VPOS="364" WIDTH="36" HEIGHT="15" WC="0.92" CONTENT="en-"/>
						</TextLine>
						<TextLine ID="line_7" HPOS="226" VPOS="391" WIDTH="553" HEIGHT="25">
							<String ID="string_44" HPOS="226" VPOS="391" WIDTH="48" HEIGHT="21" WC="0.92" CONTENT="dast"/><SP WIDTH="15" VPOS="391" HPOS="274"/>
							<String ID="string_45" HPOS="289" VPOS="391" WIDTH="55" HEIGHT="22" WC="0.96" CONTENT="efter"/><SP WIDTH="15" VPOS="391" HPOS="344"/>
							<String ID="string_46" HPOS="359" VPOS="391" WIDTH="118" HEIGHT="25" WC="0.93" CONTENT="skilnaden,"/><SP WIDTH="17" VPOS="391" HPOS="477"/>
							<String ID="string_47" HPOS="494" VPOS="391" WIDTH="102" HEIGHT="21" WC="0.90" CONTENT="hvarmed"/><SP WIDTH="16" VPOS="391" HPOS="596"/>
							<String ID="string_48" HPOS="612" VPOS="392" WIDTH="42" HEIGHT="21" WC="0.92" CONTENT="den"/><SP WIDTH="15" VPOS="392" HPOS="654"/>
							<String ID="string_49" HPOS="669" VPOS="392" WIDTH="110" HEIGHT="21" WC="0.92" CONTENT="tillträdda"/>
						</TextLine>
						<TextLine ID="line_8" HPOS="224" VPOS="421" WIDTH="556" HEIGHT="31">
							<String ID="string_50" HPOS="224" VPOS="425" WIDTH="65" HEIGHT="21" WC="0.93" CONTENT="lönen"/><SP WIDTH="21" VPOS="425" HPOS="289"/>
							<String ID="string_51" HPOS="310" VPOS="425" WIDTH="141" HEIGHT="27" WC="0.91" CONTENT="öfverskjuter"/><SP WIDTH="18" VPOS="425" HPOS="451"/>
							<String ID="string_52" HPOS="469" VPOS="426" WIDTH="40" HEIGHT="21" WC="0.96" CONTENT="den"/><SP WIDTH="16" VPOS="426" HPOS="509"/>
							<String ID="string_53" HPOS="525" VPOS="426" WIDTH="59" HEIGHT="21" WC="0.93" CONTENT="förut"/><SP WIDTH="15" VPOS="426" HPOS="584"/>
							<String ID="string_54" HPOS="599" VPOS="425" WIDTH="122" HEIGHT="22" WC="0.88" CONTENT="innehafda."/><SP WIDTH="28" VPOS="425" HPOS="721"/>
							<String ID="string_55" HPOS="749" VPOS="421" WIDTH="31" HEIGHT="26" WC="0.96" CONTENT="Är"/>
						</TextLine>
						<TextLine ID="line_9" HPOS="225" VPOS="460" WIDTH="555" HEIGHT="27">
							<String ID="string_56" HPOS="225" VPOS="460" WIDTH="64" HEIGHT="20" WC="0.96" CONTENT="lönen"/><SP WIDTH="15" VPOS="460" HPOS="289"/>
							<String ID="string_57" HPOS="304" VPOS="460" WIDTH="35" HEIGHT="20" WC="0.96" CONTENT="vid"/><SP WIDTH="16" VPOS="460" HPOS="339"/>
							<String ID="string_58" HPOS="355" VPOS="460" WIDTH="40" HEIGHT="20" WC="0.96" CONTENT="den"/><SP WIDTH="16" VPOS="460" HPOS="395"/>
							<String ID="string_59" HPOS="411" VPOS="466" WIDTH="41" HEIGHT="20" WC="0.93" CONTENT="nya"/><SP WIDTH="15" VPOS="466" HPOS="452"/>
							<String ID="string_60" HPOS="467" VPOS="460" WIDTH="93" HEIGHT="27" WC="0.92" CONTENT="tjensten"/><SP WIDTH="10" VPOS="460" HPOS="560"/>
							<String ID="string_61" HPOS="570" VPOS="460" WIDTH="47" HEIGHT="21" WC="0.96" CONTENT="icke"/><SP WIDTH="11" VPOS="460" HPOS="617"/>
							<String ID="string_62" HPOS="628" VPOS="462" WIDTH="75" HEIGHT="24" WC="0.93" CONTENT="större,"/><SP WIDTH="11" VPOS="462" HPOS="703"/>
							<String ID="string_63" HPOS="714" VPOS="460" WIDTH="66" HEIGHT="21" WC="0.92" CONTENT="utfär-"/>
						</TextLine>
						<TextLine ID="line_10" HPOS="227" VPOS="493" WIDTH="554" HEIGHT="27">
							<String ID="string_64" HPOS="227" VPOS="493" WIDTH="38" HEIGHT="21" WC="0.96" CONTENT="das"/><SP WIDTH="15" VPOS="493" HPOS="265"/>
							<String ID="string_65" HPOS="280" VPOS="493" WIDTH="127" HEIGHT="22" WC="0.96" CONTENT="fullmakten"/><SP WIDTH="16" VPOS="493" HPOS="407"/>
							<String ID="string_66" HPOS="423" VPOS="494" WIDTH="28" HEIGHT="26" WC="0.96" CONTENT="på"/><SP WIDTH="15" VPOS="494" HPOS="451"/>
							<String ID="string_67" HPOS="466" VPOS="494" WIDTH="67" HEIGHT="22" WC="0.96" CONTENT="sådan"/><SP WIDTH="16" VPOS="494" HPOS="533"/>
							<String ID="string_68" HPOS="549" VPOS="494" WIDTH="69" HEIGHT="26" WC="0.96" CONTENT="karta,"/><SP WIDTH="16" VPOS="494" HPOS="618"/>
							<String ID="string_69" HPOS="634" VPOS="500" WIDTH="46" HEIGHT="15" WC="0.96" CONTENT="som"/><SP WIDTH="15" VPOS="500" HPOS="680"/>
							<String ID="string_70" HPOS="695" VPOS="494" WIDTH="33" HEIGHT="21" WC="0.93" CONTENT="för"/><SP WIDTH="9" VPOS="494" HPOS="728"/>
							<String ID="string_71" HPOS="737" VPOS="501" WIDTH="44" HEIGHT="15" WC="0.92" CONTENT="em-"/>
						</TextLine>
						<TextLine ID="line_11" HPOS="226" VPOS="528" WIDTH="540" HEIGHT="28">
							<String ID="string_72" HPOS="226" VPOS="528" WIDTH="134" HEIGHT="22" WC="0.90" CONTENT="betsverkets"/><SP WIDTH="15" VPOS="528" HPOS="360"/>
							<String ID="string_73" HPOS="375" VPOS="528" WIDTH="148" HEIGHT="27" WC="0.96" CONTENT="expeditioner"/><SP WIDTH="14" VPOS="528" HPOS="523"/>
							<String ID="string_74" HPOS="537" VPOS="528" WIDTH="7" HEIGHT="21" WC="0.96" CONTENT="i"/><SP WIDTH="17" VPOS="528" HPOS="544"/>
							<String ID="string_75" HPOS="561" VPOS="528" WIDTH="117" HEIGHT="22" WC="0.96" CONTENT="allmänhet"/><SP WIDTH="14" VPOS="528" HPOS="678"/>
							<String ID="string_76" HPOS="692" VPOS="528" WIDTH="74" HEIGHT="28" WC="0.96" CONTENT="gäller."/>
						</TextLine>
					</TextBlock>
					<TextBlock ID="block_2" HPOS="226" VPOS="562" WIDTH="555" HEIGHT="133">
						<TextLine ID="line_12" HPOS="262" VPOS="562" WIDTH="519" HEIGHT="28">
							<String ID="string_77" HPOS="262" VPOS="562" WIDTH="43" HEIGHT="21" WC="0.96" CONTENT="För"/><SP WIDTH="14" VPOS="562" HPOS="305"/>
							<String ID="string_78" HPOS="319" VPOS="562" WIDTH="100" HEIGHT="22" WC="0.93" CONTENT="fullmakt"/><SP WIDTH="15" VPOS="562" HPOS="419"/>
							<String ID="string_79" HPOS="434" VPOS="563" WIDTH="13" HEIGHT="21" WC="0.89" CONTENT="å"/><SP WIDTH="15" VPOS="563" HPOS="447"/>
							<String ID="string_80" HPOS="462" VPOS="562" WIDTH="250" HEIGHT="28" WC="0.91" CONTENT="häradshöfdingetjenst"/><SP WIDTH="13" VPOS="562" HPOS="712"/>
							<String ID="string_81" HPOS="725" VPOS="563" WIDTH="56" HEIGHT="22" WC="0.96" CONTENT="skall"/>
						</TextLine>
						<TextLine ID="line_13" HPOS="226" VPOS="597" WIDTH="555" HEIGHT="27">
							<String ID="string_82" HPOS="226" VPOS="599" WIDTH="66" HEIGHT="22" WC="0.95" CONTENT="likväl"/><SP WIDTH="22" VPOS="599" HPOS="292"/>
							<String ID="string_83" HPOS="314" VPOS="598" WIDTH="7" HEIGHT="21" WC="0.96" CONTENT="i"/><SP WIDTH="22" VPOS="598" HPOS="321"/>
							<String ID="string_84" HPOS="343" VPOS="597" WIDTH="72" HEIGHT="22" WC="0.96" CONTENT="stället"/><SP WIDTH="20" VPOS="597" HPOS="415"/>
							<String ID="string_85" HPOS="435" VPOS="597" WIDTH="33" HEIGHT="21" WC="0.96" CONTENT="för"/><SP WIDTH="21" VPOS="597" HPOS="468"/>
							<String ID="string_86" HPOS="489" VPOS="597" WIDTH="36" HEIGHT="21" WC="0.96" CONTENT="lön"/><SP WIDTH="16" VPOS="597" HPOS="525"/>
							<String ID="string_87" HPOS="541" VPOS="597" WIDTH="36" HEIGHT="22" WC="0.96" CONTENT="det"/><SP WIDTH="15" VPOS="597" HPOS="577"/>
							<String ID="string_88" HPOS="592" VPOS="597" WIDTH="86" HEIGHT="27" WC="0.92" CONTENT="belopp,"/><SP WIDTH="16" VPOS="597" HPOS="678"/>
							<String ID="string_89" HPOS="694" VPOS="597" WIDTH="87" HEIGHT="22" WC="0.92" CONTENT="härads-"/>
						</TextLine>
						<TextLine ID="line_14" HPOS="226" VPOS="631" WIDTH="555" HEIGHT="29">
							<String ID="string_90" HPOS="226" VPOS="634" WIDTH="89" HEIGHT="26" WC="0.92" CONTENT="höfding"/><SP WIDTH="15" VPOS="634" HPOS="315"/>
							<String ID="string_91" HPOS="330" VPOS="638" WIDTH="50" HEIGHT="21" WC="0.96" CONTENT="eger"/><SP WIDTH="15" VPOS="638" HPOS="380"/>
							<String ID="string_92" HPOS="395" VPOS="633" WIDTH="7" HEIGHT="20" WC="0.96" CONTENT="i"/><SP WIDTH="15" VPOS="633" HPOS="402"/>
							<String ID="string_93" HPOS="417" VPOS="632" WIDTH="36" HEIGHT="21" WC="0.95" CONTENT="hel"/><SP WIDTH="10" VPOS="632" HPOS="453"/>
							<String ID="string_94" HPOS="463" VPOS="633" WIDTH="88" HEIGHT="26" WC="0.96" CONTENT="pension"/><SP WIDTH="13" VPOS="633" HPOS="551"/>
							<String ID="string_95" HPOS="564" VPOS="632" WIDTH="89" HEIGHT="27" WC="0.96" CONTENT="åtnjuta,"/><SP WIDTH="12" VPOS="632" HPOS="653"/>
							<String ID="string_96" HPOS="665" VPOS="632" WIDTH="73" HEIGHT="27" WC="0.96" CONTENT="läggas"/><SP WIDTH="10" VPOS="632" HPOS="738"/>
							<String ID="string_97" HPOS="748" VPOS="631" WIDTH="33" HEIGHT="22" WC="0.96" CONTENT="till"/>
						</TextLine>
						<TextLine ID="line_15" HPOS="226" VPOS="666" WIDTH="485" HEIGHT="29">
							<String ID="string_98" HPOS="226" VPOS="668" WIDTH="70" HEIGHT="27" WC="0.96" CONTENT="grund"/><SP WIDTH="15" VPOS="668" HPOS="296"/>
							<String ID="string_99" HPOS="311" VPOS="667" WIDTH="35" HEIGHT="21" WC="0.93" CONTENT="vid"/><SP WIDTH="15" VPOS="667" HPOS="346"/>
							<String ID="string_100" HPOS="361" VPOS="666" WIDTH="193" HEIGHT="27" WC="0.92" CONTENT="stämpelafgiftens"/><SP WIDTH="15" VPOS="666" HPOS="554"/>
							<String ID="string_101" HPOS="569" VPOS="666" WIDTH="142" HEIGHT="22" WC="0.92" CONTENT="uträknande."/>
						</TextLine>
					</TextBlock>
					<TextBlock ID="block_3" HPOS="227" VPOS="700" WIDTH="555" HEIGHT="131">
						<TextLine ID="line_16" HPOS="262" VPOS="700" WIDTH="519" HEIGHT="28">
							<String ID="string_102" HPOS="262" VPOS="700" WIDTH="156" HEIGHT="28" WC="0.95" CONTENT="Anmärkning"/><SP WIDTH="18" VPOS="700" HPOS="418"/>
							<String ID="string_103" HPOS="436" VPOS="700" WIDTH="18" HEIGHT="21" WC="0.95" CONTENT="1."/><SP WIDTH="29" VPOS="700" HPOS="454"/>
							<String ID="string_104" HPOS="483" VPOS="701" WIDTH="34" HEIGHT="20" WC="0.93" CONTENT="Då"/><SP WIDTH="15" VPOS="701" HPOS="517"/>
							<String ID="string_105" HPOS="532" VPOS="701" WIDTH="138" HEIGHT="21" WC="0.91" CONTENT="innehafvare"/><SP WIDTH="16" VPOS="701" HPOS="670"/>
							<String ID="string_106" HPOS="686" VPOS="700" WIDTH="23" HEIGHT="21" WC="0.93" CONTENT="af"/><SP WIDTH="13" VPOS="700" HPOS="709"/>
							<String ID="string_107" HPOS="722" VPOS="707" WIDTH="59" HEIGHT="14" WC="0.91" CONTENT="sena-"/>
						</TextLine>
						<TextLine ID="line_17" HPOS="227" VPOS="734" WIDTH="554" HEIGHT="23">
							<String ID="string_108" HPOS="227" VPOS="735" WIDTH="129" HEIGHT="22" WC="0.92" CONTENT="torsembete"/><SP WIDTH="23" VPOS="735" HPOS="356"/>
							<String ID="string_109" HPOS="379" VPOS="735" WIDTH="69" HEIGHT="21" WC="0.96" CONTENT="kallas"/><SP WIDTH="24" VPOS="735" HPOS="448"/>
							<String ID="string_110" HPOS="472" VPOS="735" WIDTH="40" HEIGHT="21" WC="0.96" CONTENT="och"/><SP WIDTH="19" VPOS="735" HPOS="512"/>
							<String ID="string_111" HPOS="531" VPOS="735" WIDTH="113" HEIGHT="22" WC="0.96" CONTENT="förordnas"/><SP WIDTH="16" VPOS="735" HPOS="644"/>
							<String ID="string_112" HPOS="660" VPOS="736" WIDTH="32" HEIGHT="20" WC="0.96" CONTENT="att"/><SP WIDTH="15" VPOS="736" HPOS="692"/>
							<String ID="string_113" HPOS="707" VPOS="734" WIDTH="74" HEIGHT="22" WC="0.96" CONTENT="sådant"/>
						</TextLine>
						<TextLine ID="line_18" HPOS="228" VPOS="769" WIDTH="554" HEIGHT="27">
							<String ID="string_114" HPOS="228" VPOS="770" WIDTH="85" HEIGHT="21" WC="0.92" CONTENT="embete"/><SP WIDTH="23" VPOS="770" HPOS="313"/>
							<String ID="string_115" HPOS="336" VPOS="769" WIDTH="133" HEIGHT="22" WC="0.92" CONTENT="fortfarande"/><SP WIDTH="23" VPOS="769" HPOS="469"/>
							<String ID="string_116" HPOS="492" VPOS="769" WIDTH="99" HEIGHT="26" WC="0.92" CONTENT="bekläda,"/><SP WIDTH="25" VPOS="769" HPOS="591"/>
							<String ID="string_117" HPOS="616" VPOS="775" WIDTH="49" HEIGHT="21" WC="0.93" CONTENT="eger"/><SP WIDTH="19" VPOS="775" HPOS="665"/>
							<String ID="string_118" HPOS="684" VPOS="769" WIDTH="98" HEIGHT="26" WC="0.93" CONTENT="stämpel-"/>
						</TextLine>
						<TextLine ID="line_19" HPOS="228" VPOS="804" WIDTH="193" HEIGHT="27">
							<String ID="string_119" HPOS="228" VPOS="804" WIDTH="62" HEIGHT="27" WC="0.91" CONTENT="afgift"/><SP WIDTH="15" VPOS="804" HPOS="290"/>
							<String ID="string_120" HPOS="305" VPOS="804" WIDTH="47" HEIGHT="21" WC="0.96" CONTENT="icke"/><SP WIDTH="15" VPOS="804" HPOS="352"/>
							<String ID="string_121" HPOS="367" VPOS="810" WIDTH="54" HEIGHT="15" WC="0.96" CONTENT="rum."/>
						</TextLine>
					</TextBlock>
					<TextBlock ID="block_4" HPOS="228" VPOS="837" WIDTH="555" HEIGHT="130">
						<TextLine ID="line_20" HPOS="264" VPOS="837" WIDTH="519" HEIGHT="27">
							<String ID="string_122" HPOS="264" VPOS="838" WIDTH="175" HEIGHT="26" WC="0.96" CONTENT="Anmärkning"/><SP WIDTH="22" VPOS="838" HPOS="439"/>
							<String ID="string_123" HPOS="461" VPOS="838" WIDTH="20" HEIGHT="21" WC="0.91" CONTENT="2."/><SP WIDTH="36" VPOS="838" HPOS="481"/>
							<String ID="string_124" HPOS="517" VPOS="837" WIDTH="160" HEIGHT="22" WC="0.91" CONTENT="Förordnande"/><SP WIDTH="21" VPOS="837" HPOS="677"/>
							<String ID="string_125" HPOS="698" VPOS="837" WIDTH="14" HEIGHT="21" WC="0.88" CONTENT="&amp;"/><SP WIDTH="21" VPOS="837" HPOS="712"/>
							<String ID="string_126" HPOS="733" VPOS="837" WIDTH="50" HEIGHT="27" WC="0.92" CONTENT="fän-"/>
						</TextLine>
						<TextLine ID="line_21" HPOS="228" VPOS="871" WIDTH="555" HEIGHT="28">
							<String ID="string_127" HPOS="228" VPOS="872" WIDTH="175" HEIGHT="27" WC="0.88" CONTENT="riksbeställning"/><SP WIDTH="22" VPOS="872" HPOS="403"/>
							<String ID="string_128" HPOS="425" VPOS="871" WIDTH="37" HEIGHT="22" WC="0.96" CONTENT="vid"/><SP WIDTH="22" VPOS="871" HPOS="462"/>
							<String ID="string_129" HPOS="484" VPOS="871" WIDTH="72" HEIGHT="27" WC="0.93" CONTENT="finska"/><SP WIDTH="19" VPOS="871" HPOS="556"/>
							<String ID="string_130" HPOS="575" VPOS="871" WIDTH="122" HEIGHT="22" WC="0.91" CONTENT="militärens"/><SP WIDTH="18" VPOS="871" HPOS="697"/>
							<String ID="string_131" HPOS="715" VPOS="877" WIDTH="68" HEIGHT="15" WC="0.89" CONTENT="reserv"/>
						</TextLine>
						<TextLine ID="line_22" HPOS="228" VPOS="905" WIDTH="555" HEIGHT="29">
							<String ID="string_132" HPOS="228" VPOS="906" WIDTH="102" HEIGHT="28" WC="0.96" CONTENT="utfärdas"/><SP WIDTH="15" VPOS="906" HPOS="330"/>
							<String ID="string_133" HPOS="345" VPOS="906" WIDTH="76" HEIGHT="21" WC="0.93" CONTENT="endast"/><SP WIDTH="15" VPOS="906" HPOS="421"/>
							<String ID="string_134" HPOS="436" VPOS="906" WIDTH="14" HEIGHT="21" WC="0.92" CONTENT="å"/><SP WIDTH="15" VPOS="906" HPOS="450"/>
							<String ID="string_135" HPOS="465" VPOS="905" WIDTH="72" HEIGHT="22" WC="0.96" CONTENT="sådan"/><SP WIDTH="15" VPOS="905" HPOS="537"/>
							<String ID="string_136" HPOS="552" VPOS="905" WIDTH="71" HEIGHT="27" WC="0.95" CONTENT="karta,"/><SP WIDTH="16" VPOS="905" HPOS="623"/>
							<String ID="string_137" HPOS="639" VPOS="912" WIDTH="44" HEIGHT="15" WC="0.96" CONTENT="som"/><SP WIDTH="16" VPOS="912" HPOS="683"/>
							<String ID="string_138" HPOS="699" VPOS="905" WIDTH="33" HEIGHT="21" WC="0.93" CONTENT="till"/><SP WIDTH="10" VPOS="905" HPOS="732"/>
							<String ID="string_139" HPOS="742" VPOS="912" WIDTH="41" HEIGHT="14" WC="0.93" CONTENT="em-"/>
						</TextLine>
						<TextLine ID="line_23" HPOS="229" VPOS="939" WIDTH="421" HEIGHT="28">
							<String ID="string_140" HPOS="229" VPOS="940" WIDTH="123" HEIGHT="22" WC="0.91" CONTENT="betsverkets"/><SP WIDTH="15" VPOS="940" HPOS="352"/>
							<String ID="string_141" HPOS="367" VPOS="939" WIDTH="150" HEIGHT="28" WC="0.96" CONTENT="expeditioner"/><SP WIDTH="16" VPOS="939" HPOS="517"/>
							<String ID="string_142" HPOS="533" VPOS="939" WIDTH="117" HEIGHT="22" WC="0.96" CONTENT="användes."/>
						</TextLine>
					</TextBlock>
					<TextBlock ID="block_5" HPOS="210" VPOS="974" WIDTH="574" HEIGHT="125">
						<TextLine ID="line_24" HPOS="210" VPOS="974" WIDTH="574" HEIGHT="27">
							<String ID="string_143" HPOS="210" VPOS="976" WIDTH="33" HEIGHT="21" WC="0.88" CONTENT="2:0"/><SP WIDTH="17" VPOS="976" HPOS="243"/>
							<String ID="string_144" HPOS="260" VPOS="975" WIDTH="13" HEIGHT="21" WC="0.92" CONTENT="å"/><SP WIDTH="15" VPOS="975" HPOS="273"/>
							<String ID="string_145" HPOS="288" VPOS="975" WIDTH="129" HEIGHT="26" WC="0.95" CONTENT="beställning"/><SP WIDTH="16" VPOS="975" HPOS="417"/>
							<String ID="string_146" HPOS="433" VPOS="975" WIDTH="28" HEIGHT="26" WC="0.96" CONTENT="på"/><SP WIDTH="15" VPOS="975" HPOS="461"/>
							<String ID="string_147" HPOS="476" VPOS="974" WIDTH="112" HEIGHT="22" WC="0.95" CONTENT="obestämd"/><SP WIDTH="15" VPOS="974" HPOS="588"/>
							<String ID="string_148" HPOS="603" VPOS="974" WIDTH="32" HEIGHT="21" WC="0.96" CONTENT="tid"/><SP WIDTH="13" VPOS="974" HPOS="635"/>
							<String ID="string_149" HPOS="648" VPOS="974" WIDTH="52" HEIGHT="21" WC="0.96" CONTENT="eller"/><SP WIDTH="10" VPOS="974" HPOS="700"/>
							<String ID="string_150" HPOS="710" VPOS="974" WIDTH="28" HEIGHT="27" WC="0.93" CONTENT="på"/><SP WIDTH="8" VPOS="974" HPOS="738"/>
							<String ID="string_151" HPOS="746" VPOS="974" WIDTH="38" HEIGHT="21" WC="0.92" CONTENT="be-"/>
						</TextLine>
						<TextLine ID="line_25" HPOS="230" VPOS="1008" WIDTH="554" HEIGHT="23">
							<String ID="string_152" HPOS="230" VPOS="1009" WIDTH="70" HEIGHT="22" WC="0.96" CONTENT="stämd"/><SP WIDTH="16" VPOS="1009" HPOS="300"/>
							<String ID="string_153" HPOS="316" VPOS="1009" WIDTH="30" HEIGHT="22" WC="0.96" CONTENT="tid"/><SP WIDTH="16" VPOS="1009" HPOS="346"/>
							<String ID="string_154" HPOS="362" VPOS="1009" WIDTH="23" HEIGHT="21" WC="0.96" CONTENT="af"/><SP WIDTH="14" VPOS="1009" HPOS="385"/>
							<String ID="string_155" HPOS="399" VPOS="1010" WIDTH="31" HEIGHT="20" WC="0.96" CONTENT="ett"/><SP WIDTH="11" VPOS="1010" HPOS="430"/>
							<String ID="string_156" HPOS="441" VPOS="1008" WIDTH="24" HEIGHT="21" WC="0.96" CONTENT="år"/><SP WIDTH="11" VPOS="1008" HPOS="465"/>
							<String ID="string_157" HPOS="476" VPOS="1008" WIDTH="53" HEIGHT="21" WC="0.93" CONTENT="eller"/><SP WIDTH="12" VPOS="1008" HPOS="529"/>
							<String ID="string_158" HPOS="541" VPOS="1008" WIDTH="122" HEIGHT="22" WC="0.91" CONTENT="derutöfver"/><SP WIDTH="10" VPOS="1008" HPOS="663"/>
							<String ID="string_159" HPOS="673" VPOS="1009" WIDTH="49" HEIGHT="20" WC="0.95" CONTENT="med"/><SP WIDTH="10" VPOS="1009" HPOS="722"/>
							<String ID="string_160" HPOS="732" VPOS="1008" WIDTH="52" HEIGHT="22" WC="0.96" CONTENT="visst"/>
						</TextLine>
						<TextLine ID="line_26" HPOS="230" VPOS="1043" WIDTH="554" HEIGHT="27">
							<String ID="string_161" HPOS="230" VPOS="1043" WIDTH="64" HEIGHT="27" WC="0.95" CONTENT="årligt"/><SP WIDTH="24" VPOS="1043" HPOS="294"/>
							<String ID="string_162" HPOS="318" VPOS="1043" WIDTH="77" HEIGHT="21" WC="0.95" CONTENT="arvode"/><SP WIDTH="23" VPOS="1043" HPOS="395"/>
							<String ID="string_163" HPOS="418" VPOS="1043" WIDTH="51" HEIGHT="22" WC="0.96" CONTENT="eller"/><SP WIDTH="20" VPOS="1043" HPOS="469"/>
							<String ID="string_164" HPOS="489" VPOS="1043" WIDTH="80" HEIGHT="27" WC="0.96" CONTENT="anslag,"/><SP WIDTH="16" VPOS="1043" HPOS="569"/>
							<String ID="string_165" HPOS="585" VPOS="1043" WIDTH="13" HEIGHT="21" WC="0.95" CONTENT="2"/><SP WIDTH="16" VPOS="1043" HPOS="598"/>
							<String ID="string_166" HPOS="614" VPOS="1044" WIDTH="89" HEIGHT="26" WC="0.96" CONTENT="procent"/><SP WIDTH="15" VPOS="1044" HPOS="703"/>
							<String ID="string_167" HPOS="718" VPOS="1043" WIDTH="22" HEIGHT="20" WC="0.96" CONTENT="af"/><SP WIDTH="13" VPOS="1043" HPOS="740"/>
							<String ID="string_168" HPOS="753" VPOS="1044" WIDTH="31" HEIGHT="19" WC="0.96" CONTENT="ett"/>
						</TextLine>
						<TextLine ID="line_27" HPOS="231" VPOS="1077" WIDTH="135" HEIGHT="22">
							<String ID="string_169" HPOS="231" VPOS="1078" WIDTH="35" HEIGHT="21" WC="0.94" CONTENT="års"/><SP WIDTH="15" VPOS="1078" HPOS="266"/>
							<String ID="string_170" HPOS="281" VPOS="1077" WIDTH="85" HEIGHT="22" WC="0.96" CONTENT="arvode."/>
						</TextLine>
					</TextBlock>
					<TextBlock ID="block_6" HPOS="230" VPOS="1111" WIDTH="555" HEIGHT="97">
						<TextLine ID="line_28" HPOS="266" VPOS="1111" WIDTH="519" HEIGHT="28">
							<String ID="string_171" HPOS="266" VPOS="1111" WIDTH="155" HEIGHT="28" WC="0.96" CONTENT="Anmärkning"/><SP WIDTH="16" VPOS="1111" HPOS="421"/>
							<String ID="string_172" HPOS="437" VPOS="1111" WIDTH="17" HEIGHT="21" WC="0.92" CONTENT="1."/><SP WIDTH="21" VPOS="1111" HPOS="454"/>
							<String ID="string_173" HPOS="475" VPOS="1111" WIDTH="154" HEIGHT="22" WC="0.92" CONTENT="Förordnande"/><SP WIDTH="15" VPOS="1111" HPOS="629"/>
							<String ID="string_174" HPOS="644" VPOS="1111" WIDTH="34" HEIGHT="21" WC="0.96" CONTENT="för"/><SP WIDTH="14" VPOS="1111" HPOS="678"/>
							<String ID="string_175" HPOS="692" VPOS="1111" WIDTH="93" HEIGHT="21" WC="0.96" CONTENT="ledamot"/>
						</TextLine>
						<TextLine ID="line_29" HPOS="230" VPOS="1145" WIDTH="555" HEIGHT="28">
							<String ID="string_176" HPOS="230" VPOS="1147" WIDTH="6" HEIGHT="20" WC="0.92" CONTENT="i"/><SP WIDTH="24" VPOS="1147" HPOS="236"/>
							<String ID="string_177" HPOS="260" VPOS="1146" WIDTH="189" HEIGHT="27" WC="0.91" CONTENT="Lagberedningen"/><SP WIDTH="24" VPOS="1146" HPOS="449"/>
							<String ID="string_178" HPOS="473" VPOS="1147" WIDTH="33" HEIGHT="20" WC="0.96" CONTENT="att"/><SP WIDTH="23" VPOS="1147" HPOS="506"/>
							<String ID="string_179" HPOS="529" VPOS="1146" WIDTH="70" HEIGHT="22" WC="0.96" CONTENT="såsom"/><SP WIDTH="25" VPOS="1146" HPOS="599"/>
							<String ID="string_180" HPOS="624" VPOS="1146" WIDTH="67" HEIGHT="22" WC="0.92" CONTENT="sådan"/><SP WIDTH="20" VPOS="1146" HPOS="691"/>
							<String ID="string_181" HPOS="711" VPOS="1145" WIDTH="74" HEIGHT="22" WC="0.92" CONTENT="fortfa-"/>
						</TextLine>
						<TextLine ID="line_30" HPOS="230" VPOS="1180" WIDTH="554" HEIGHT="28">
							<String ID="string_182" HPOS="230" VPOS="1181" WIDTH="67" HEIGHT="21" WC="0.93" CONTENT="rande"/><SP WIDTH="21" VPOS="1181" HPOS="297"/>
							<String ID="string_183" HPOS="318" VPOS="1180" WIDTH="85" HEIGHT="27" WC="0.91" CONTENT="qvarstå"/><SP WIDTH="16" VPOS="1180" HPOS="403"/>
							<String ID="string_184" HPOS="419" VPOS="1180" WIDTH="92" HEIGHT="22" WC="0.92" CONTENT="skrifves"/><SP WIDTH="15" VPOS="1180" HPOS="511"/>
							<String ID="string_185" HPOS="526" VPOS="1180" WIDTH="28" HEIGHT="27" WC="0.95" CONTENT="på"/><SP WIDTH="15" VPOS="1180" HPOS="554"/>
							<String ID="string_186" HPOS="569" VPOS="1180" WIDTH="47" HEIGHT="28" WC="0.96" CONTENT="fyra"/><SP WIDTH="14" VPOS="1180" HPOS="616"/>
							<String ID="string_187" HPOS="630" VPOS="1180" WIDTH="72" HEIGHT="22" WC="0.96" CONTENT="marks"/><SP WIDTH="15" VPOS="1180" HPOS="702"/>
							<String ID="string_188" HPOS="717" VPOS="1180" WIDTH="67" HEIGHT="22" WC="0.96" CONTENT="karta."/>
						</TextLine>
					</TextBlock>
					<TextBlock ID="block_7" HPOS="230" VPOS="1214" WIDTH="556" HEIGHT="90">
						<TextLine ID="line_31" HPOS="266" VPOS="1214" WIDTH="520" HEIGHT="28">
							<String ID="string_189" HPOS="266" VPOS="1215" WIDTH="185" HEIGHT="26" WC="0.96" CONTENT="Anmärkning"/><SP WIDTH="13" VPOS="1215" HPOS="451"/>
							<String ID="string_190" HPOS="464" VPOS="1216" WIDTH="20" HEIGHT="20" WC="0.93" CONTENT="2."/><SP WIDTH="25" VPOS="1216" HPOS="484"/>
							<String ID="string_191" HPOS="509" VPOS="1214" WIDTH="163" HEIGHT="28" WC="0.91" CONTENT="Stämpelafgift"/><SP WIDTH="10" VPOS="1214" HPOS="672"/>
							<String ID="string_192" HPOS="682" VPOS="1221" WIDTH="47" HEIGHT="21" WC="0.96" CONTENT="eger"/><SP WIDTH="12" VPOS="1221" HPOS="729"/>
							<String ID="string_193" HPOS="741" VPOS="1214" WIDTH="45" HEIGHT="21" WC="0.96" CONTENT="icke"/>
						</TextLine>
						<TextLine ID="line_32" HPOS="230" VPOS="1248" WIDTH="555" HEIGHT="28">
							<String ID="string_194" HPOS="230" VPOS="1256" WIDTH="50" HEIGHT="14" WC="0.93" CONTENT="rum"/><SP WIDTH="21" VPOS="1256" HPOS="280"/>
							<String ID="string_195" HPOS="301" VPOS="1249" WIDTH="37" HEIGHT="21" WC="0.93" CONTENT="vid"/><SP WIDTH="18" VPOS="1249" HPOS="338"/>
							<String ID="string_196" HPOS="356" VPOS="1248" WIDTH="282" HEIGHT="28" WC="0.91" CONTENT="tjenstekommenderingar"/><SP WIDTH="17" VPOS="1248" HPOS="638"/>
							<String ID="string_197" HPOS="655" VPOS="1248" WIDTH="60" HEIGHT="22" WC="0.93" CONTENT="inom"/><SP WIDTH="14" VPOS="1248" HPOS="715"/>
							<String ID="string_198" HPOS="729" VPOS="1248" WIDTH="56" HEIGHT="22" WC="0.91" CONTENT="mili-"/>
						</TextLine>
						<TextLine ID="line_33" HPOS="232" VPOS="1285" WIDTH="68" HEIGHT="19">
							<String ID="string_199" HPOS="232" VPOS="1285" WIDTH="68" HEIGHT="19" WC="0.91" CONTENT="tären."/>
						</TextLine>
					</TextBlock>
					<TextBlock ID="block_8" HPOS="211" VPOS="1317" WIDTH="575" HEIGHT="96">
						<TextLine ID="line_34" HPOS="211" VPOS="1317" WIDTH="574" HEIGHT="28">
							<String ID="string_200" HPOS="211" VPOS="1318" WIDTH="33" HEIGHT="21" WC="0.80" CONTENT="3:0"/><SP WIDTH="19" VPOS="1318" HPOS="244"/>
							<String ID="string_201" HPOS="263" VPOS="1317" WIDTH="13" HEIGHT="21" WC="0.91" CONTENT="å"/><SP WIDTH="14" VPOS="1317" HPOS="276"/>
							<String ID="string_202" HPOS="290" VPOS="1317" WIDTH="129" HEIGHT="27" WC="0.96" CONTENT="beställning"/><SP WIDTH="10" VPOS="1317" HPOS="419"/>
							<String ID="string_203" HPOS="429" VPOS="1318" WIDTH="28" HEIGHT="27" WC="0.96" CONTENT="pä"/><SP WIDTH="11" VPOS="1318" HPOS="457"/>
							<String ID="string_204" HPOS="468" VPOS="1318" WIDTH="43" HEIGHT="22" WC="0.96" CONTENT="viss"/><SP WIDTH="11" VPOS="1318" HPOS="511"/>
							<String ID="string_205" HPOS="522" VPOS="1318" WIDTH="30" HEIGHT="22" WC="0.97" CONTENT="tid"/><SP WIDTH="11" VPOS="1318" HPOS="552"/>
							<String ID="string_206" HPOS="563" VPOS="1318" WIDTH="68" HEIGHT="21" WC="0.97" CONTENT="under"/><SP WIDTH="11" VPOS="1318" HPOS="631"/>
							<String ID="string_207" HPOS="642" VPOS="1319" WIDTH="32" HEIGHT="20" WC="0.97" CONTENT="ett"/><SP WIDTH="9" VPOS="1319" HPOS="674"/>
							<String ID="string_208" HPOS="683" VPOS="1318" WIDTH="30" HEIGHT="26" WC="0.93" CONTENT="år,"/><SP WIDTH="12" VPOS="1318" HPOS="713"/>
							<String ID="string_209" HPOS="725" VPOS="1317" WIDTH="60" HEIGHT="22" WC="0.92" CONTENT="skrif-"/>
						</TextLine>
						<TextLine ID="line_35" HPOS="231" VPOS="1352" WIDTH="555" HEIGHT="27">
							<String ID="string_210" HPOS="231" VPOS="1358" WIDTH="36" HEIGHT="16" WC="0.92" CONTENT="ves"/><SP WIDTH="23" VPOS="1358" HPOS="267"/>
							<String ID="string_211" HPOS="290" VPOS="1352" WIDTH="13" HEIGHT="21" WC="0.92" CONTENT="&amp;"/><SP WIDTH="23" VPOS="1352" HPOS="303"/>
							<String ID="string_212" HPOS="326" VPOS="1352" WIDTH="40" HEIGHT="22" WC="0.95" CONTENT="den"/><SP WIDTH="23" VPOS="1352" HPOS="366"/>
							<String ID="string_213" HPOS="389" VPOS="1352" WIDTH="34" HEIGHT="21" WC="0.93" CONTENT="för"/><SP WIDTH="22" VPOS="1352" HPOS="423"/>
							<String ID="string_214" HPOS="445" VPOS="1352" WIDTH="86" HEIGHT="22" WC="0.91" CONTENT="verkets"/><SP WIDTH="23" VPOS="1352" HPOS="531"/>
							<String ID="string_215" HPOS="554" VPOS="1352" WIDTH="68" HEIGHT="27" WC="0.90" CONTENT="öfriga"/><SP WIDTH="19" VPOS="1352" HPOS="622"/>
							<String ID="string_216" HPOS="641" VPOS="1352" WIDTH="145" HEIGHT="27" WC="0.91" CONTENT="expeditioner"/>
						</TextLine>
						<TextLine ID="line_36" HPOS="231" VPOS="1386" WIDTH="188" HEIGHT="27">
							<String ID="string_217" HPOS="231" VPOS="1386" WIDTH="103" HEIGHT="27" WC="0.92" CONTENT="stadgade"/><SP WIDTH="16" VPOS="1386" HPOS="334"/>
							<String ID="string_218" HPOS="350" VPOS="1386" WIDTH="69" HEIGHT="21" WC="0.96" CONTENT="karta."/>
						</TextLine>
					</TextBlock>
				</ComposedBlock>
				<ComposedBlock ID="cblock_2" HPOS="199" VPOS="1436" WIDTH="423" HEIGHT="24">
					<TextBlock ID="block_9" HPOS="199" VPOS="1436" WIDTH="423" HEIGHT="24">
						<TextLine ID="line_37" HPOS="199" VPOS="1436" WIDTH="423" HEIGHT="24">
							<String ID="string_219" HPOS="199" VPOS="1436" WIDTH="213" HEIGHT="24" WC="0.85" CONTENT="Bevillningsutskottets"/><SP WIDTH="13" VPOS="1436" HPOS="412"/>
							<String ID="string_220" HPOS="425" VPOS="1437" WIDTH="119" HEIGHT="19" WC="0.96" CONTENT="betänkande"/><SP WIDTH="13" VPOS="1437" HPOS="544"/>
							<String ID="string_221" HPOS="557" VPOS="1437" WIDTH="36" HEIGHT="19" WC="0.96" CONTENT="N:o"/><SP WIDTH="12" VPOS="1437" HPOS="593"/>
							<String ID="string_222" HPOS="605" VPOS="1438" WIDTH="17" HEIGHT="17" WC="0.96" CONTENT="4."/>
						</TextLine>
					</TextBlock>
				</ComposedBlock>
				<ComposedBlock ID="cblock_3" HPOS="826" VPOS="122" WIDTH="27" HEIGHT="21">
					<TextBlock ID="block_10" HPOS="826" VPOS="122" WIDTH="27" HEIGHT="21">
						<TextLine ID="line_38" HPOS="826" VPOS="122" WIDTH="27" HEIGHT="21">
							<String ID="string_223" HPOS="826" VPOS="122" WIDTH="27" HEIGHT="21" WC="0.96" CONTENT="13"/>
						</TextLine>
					</TextBlock>
				</ComposedBlock>
				<GraphicalElement ID="cblock_4" HPOS="1078" VPOS="25" WIDTH="8" HEIGHT="1099"></GraphicalElement >
			</PrintSpace>
		</Page>
	</Layout>
</alto>
