1086 1700
226 114 28 19 28
391 111 83 23 Ständ.
491 110 38 23 Sv.
544 123 30 3 —
590 110 100 28 Prop.
680 109 45 22 N:o
740 108 38 23 16.

236 221 34 19 att
277 220 71 21 vistas
355 220 8 20 i
371 219 118 28 Ryssland,
499 219 114 22 äfvensom
618 217 124 23 tillstånds-

236 255 74 27 biljett
325 255 36 21 till
377 255 103 27 förlängd
495 255 93 22 vistelse
604 253 121 23 derstädes:

266 290 34 22 för
316 291 124 22 handlande
455 291 41 22 och
512 290 113 22 fabrikant
664 307 4 4 .
699 306 4 4 .
736 294 16 22 «i

266 326 34 22 för
316 333 72 15 annan
403 326 170 28 näringsidkare
592 342 4 4 .

195 351 2 30 |
214 347 194 47 Tullkammarpass
425 362 113 22 äfvensom
554 361 162 28 sjömansrulla:

236 399 22 26 a)
275 398 34 22 för
325 399 86 21 utrikes
427 398 85 28 gäende
528 397 86 28 fartyg:

264 434 69 22 finskt
348 434 40 22 och
403 434 72 27 ryskt,
492 434 105 21 däckadt.

353 488 9 9 5
427 487 10 10 v
462 458 12 43 =
485 470 109 22 odäekadt
630 488 3 4 .
666 485 4 4 .
701 486 3 3 .
737 462 15 26 |

264 487 116 41 utländskt

234 541 20 25 b)
270 541 34 22 för
320 542 85 22 inrikes
421 542 54 21 eller
486 540 36 22 till
532 523 112 45 Ryssland
656 522 79 46 gående
742 521 9 52 |

194 570 2 34 |
265 577 85 28 fartyg:

264 613 116 22 däckadt
367 609 17 37 .

264 649 109 22 odäckadt

193 675 2 37 |
211 684 126 23 Patentbref
350 686 101 21 karteras
468 686 28 26 pä
513 665 44 42 sätt
573 691 33 16 om
589 667 3 3 m
618 664 121 48 prhikä

233 720 52 22 bref
298 721 8 21 i
322 722 71 26 punkt
410 723 10 20 1
438 724 25 19 är
479 721 108 28 stadgadt.

193 750 2 37 |
203 755 166 23 Pensionsbref:
749 767 1 11 |

193 803 2 21 |
313 793 13 20 ä
342 793 91 26 pension
443 800 27 15 ur
480 793 103 27 kronans,
595 793 72 27 någon
678 793 61 21 stads
748 793 2 26 |

193 825 1 30 |
294 829 56 21 eller
359 835 71 15 annan
435 829 81 21 allmän
527 829 72 27 kassa,
611 829 38 22 vid
660 828 78 22 afsked

192 858 2 13 |
293 863 51 22 frän
364 865 85 22 embete
471 865 54 21 eller
546 865 74 28 tjenst,
644 871 27 15 en
691 863 50 22 half

293 902 92 24 procent
399 900 25 21 af
437 901 207 26 pensionsbeloppet
660 900 34 22 för
706 901 33 20 ett

293 936 33 25 är;

192 988 1 7 |
263 973 33 20 2:0
312 972 14 20 &
342 972 79 26 gratial
430 972 34 21 till
475 972 142 27 lotsbetjente
628 979 26 14 ur
665 971 72 27 krigs-
747 984 2 17 |

291 1008 186 21 manshuskassan
504 1010 56 19 samt
585 1008 91 27 pension
703 1007 35 21 för

292 1043 58 21 enka
371 1044 39 21 och
431 1044 55 21 barn
507 1043 58 22 efter
586 1044 94 21 embets-
698 1043 40 21 och

290 1079 133 26 tjensteman
453 1079 38 22 vid
521 1079 87 22 landets
640 1079 108 32 militär-
739 1075 11 40 |

291 1114 61 22 civil-
376 1117 56 19 samt
453 1115 152 22 ecklesiastik-
622 1115 40 22 och
678 1114 70 26 skol-'

290 1152 77 26 stater,
377 1150 112 23 äfvensom
498 1151 10 21 ä
517 1151 97 27 pension,
625 1157 46 15 som
680 1150 57 22 enka

188 1213 2 8 |
290 1186 40 21 och
350 1186 55 21 barn
426 1187 84 21 erhålla
525 1193 26 15 ur
567 1186 27 22 de
610 1186 25 22 af
647 1187 90 26 borger-

188 1223 2 14 |
290 1222 79 26 skapet
385 1222 8 21 i
409 1223 60 21 vissa
485 1222 75 22 städer
575 1222 111 22 inrättade
697 1228 39 15 un-

290 1257 187 28 derstödskassor,
501 1260 38 20 äro
563 1258 35 22 för
617 1258 120 27 stämpladt

289 1299 84 21 papper
382 1293 48 28 fria,
443 1294 70 27 enligt
526 1296 26 19 14
564 1294 12 28 $
590 1296 25 19 19
628 1288 119 33 punkten;
740 1284 11 42 |

259 1330 33 20 3:0
308 1329 14 21 &
345 1331 63 19 extra
431 1330 116 26 pensioner
568 1330 40 21 och
624 1330 69 22 andra
709 1336 37 25 ur;

289 1365 144 22 statsmedlen
455 1366 109 26 utgäende
590 1365 143 23 understöds-

288 1400 78 27 anslag
391 1401 24 21 ät
445 1401 120 22 afskedade
591 1402 142 27 tjenstemän,

805 290 41 20 100

818 326 27 20 25

832 434 13 90 Ot
828 468 24 18 =
828 430 24 20 VW

890 647 26 20 50
