1086 1700
207 137 27 21 32

415 138 20 21 U.
452 137 22 23 B.
489 150 29 4 —
533 138 60 28 Prop.
610 138 37 23 N:o
664 138 30 21 12.

457 200 61 22 Både
544 200 176 29 upplagsbeviset
744 201 39 21 och
807 203 127 19 warranten

384 234 60 21 skola
467 234 15 21 å
503 235 230 28 upplagsmagasinets
752 237 85 26 vägnar
851 236 81 20 under-

387 268 85 22 tecknas
487 268 29 28 af
529 268 87 28 behörig
628 276 87 21 person.

626 338 15 25 $
656 338 34 20 13.

458 382 177 28 Upplagsbeviset
655 382 39 21 och
711 384 128 20 warranten
857 383 76 21 kunna

385 416 108 27 antingen
507 416 103 27 förenade
626 416 52 21 eller
694 416 97 27 afskilda
801 416 54 28 från
863 417 67 21 hvar-

384 450 71 21 andra
469 450 125 28 öfrverlåtas,
610 450 63 21 såväl
688 450 35 21 till
737 450 46 21 viss
794 458 81 20 person
885 458 47 14 som

382 490 78 20 genom
489 484 152 21 indossament
662 484 26 20 in
711 484 88 26 blanco;
822 485 38 21 och
886 484 46 21 står

383 518 35 20 det
432 518 146 28 innehafvare
593 518 51 28 fritt
655 520 33 19 att
696 518 235 22 blanco-indossament

383 552 57 28 fylla
453 559 79 21 genom
546 552 128 22 insättande
689 552 29 28 af
729 553 63 21 dens
807 560 76 20 namn,
897 553 35 21 till

383 586 88 21 hvilken
485 594 31 21 ny
533 587 134 27 öfverlätelse
682 587 54 21 sker.

452 621 31 21 Sä
502 621 62 28 länge
584 621 175 28 upplagsbeviset
774 621 38 21 och
827 628 101 14 warran-

385 656 35 19 ten
435 657 38 19 äro
488 655 109 27 förenade,
613 655 57 21 skall
684 655 151 27 öfverlätelsen
843 655 87 21 tecknas

383 689 76 20 endast
474 689 13 21 å
502 689 181 28 upplagsbeviset.

456 723 242 28 Upplagsmagasin
737 724 65 21 eller
831 731 98 19 annan,

383 757 108 21 hvilken
500 757 88 28 nägon
600 757 173 28 förpligtelse
789 758 141 27 äliggerpä

381 792 88 26 grund
483 791 32 28 af
525 792 185 27 upplagsbevis
725 792 63 21 eller
802 794 128 24 warrant,

382 827 29 18 är
442 826 58 21 icke
529 826 150 27 förbunden
708 827 39 20 att
773 826 99 27 pröfva
893 833 37 14 om

382 859 223 28 öfverlätelserna
617 861 46 20 äro
678 860 68 21 äkta.

626 929 15 27 $
655 929 32 20 14.

450 979 56 27 Den,
522 986 46 14 som
580 979 9 21 i
603 979 132 28 egenskap
750 979 32 28 af
793 979 138 22 insättare

382 1013 67 21 eller
476 1020 96 21 genom
599 1013 171 28 öfverlätelse
788 1013 30 21 in
833 1013 98 22 blanco

382 1047 66 21 eller
469 1055 29 13 en
521 1047 41 21 till
582 1047 93 21 honom
693 1047 154 28 fortgäende
865 1047 67 28 följd

381 1081 32 27 af
438 1081 184 28 öfverlätelser
644 1082 117 20 innehar
779 1081 152 28 upplagsbevis

382 1115 39 21 och
442 1115 97 21 dertill
558 1115 123 21 hörande
696 1117 107 25 warrant,
821 1117 27 19 är
863 1115 68 21 berät-

383 1149 60 27 tigad
457 1152 34 18 att
504 1150 88 27 förfoga
606 1150 62 26 öfver
679 1150 42 20 den
731 1156 60 20 vara,
808 1150 70 20 hvarä
893 1150 35 20 be-

376 1183 66 32 visen
458 1184 57 27 lyda.

621 1248 15 24 $
651 1247 35 19 15.

450 1296 148 28 Innehafvare
614 1297 29 27 af
654 1297 153 27 upplagsbevis
817 1297 50 21 med
878 1297 50 21 der-

381 1330 36 21 till
431 1331 97 21 hörande
542 1333 107 25 warrant,
666 1338 47 14 som
728 1331 41 21 vill
784 1331 96 27 begagna
887 1331 42 21 den

379 1364 86 22 insatta
479 1372 72 14 varan
565 1365 73 21 säsom
653 1365 98 21 säkerhet
763 1364 35 28 för
804 1365 124 27 penninge-

379 1398 170 28 försträckning,
568 1406 48 20 eger
625 1399 109 27 öfverläta
744 1400 127 20 warranten
879 1400 49 20 sär-

379 1433 67 21 skildt
460 1433 36 27 för
510 1433 33 27 sig
560 1434 35 20 till
611 1433 147 27 längifvaren.

242 1470 49 24 Lag-
304 1472 32 17 och
348 1471 181 19 Ekonomiutskottets
542 1472 111 18 betänkande
666 1472 38 18 N:o
718 1472 17 17 3.
