1086 1700
229 120 27 20 26
382 117 81 23 Ständ.
481 117 38 23 Sv.
537 131 26 3 —
580 118 74 28 Prop.
671 117 45 22 N:o
733 117 35 22 12.

199 184 96 28 säljning
318 184 24 21 af
363 184 68 22 insatt
451 190 54 16 vara
524 190 78 21 genom
618 183 100 27 offentlig
733 184 90 21 auktion
839 184 25 21 af
877 190 71 21 maga-

200 220 58 21 sinet
282 220 115 27 uppburits
418 220 55 21 eller
494 220 39 21 hos
550 220 63 26 dylik
628 219 124 27 inrättning
767 219 132 27 deponerats
914 220 34 21 till

198 256 138 22 betäckande
351 256 24 21 af
388 256 254 22 warrantinnehafvares
658 255 96 21 fordran.

269 291 32 22 På
318 292 71 26 grund
404 291 66 22 häraf
481 291 22 21 få
515 291 125 21 Ständerna
650 291 8 21 i
669 290 176 28 underdånighet
856 291 90 27 anmäla,

457 358 32 20 att
513 356 132 28 Ständerna,
660 356 47 21 med
725 355 114 29 afböjande
863 358 28 23 af
906 356 41 21 den

413 392 82 28 nådiga
507 392 164 28 propositionen
688 392 9 20 i
712 392 73 21 denna
801 392 38 26 del,
863 392 85 27 antagit

412 435 25 15 en
454 428 134 27 sälydande:

483 487 167 27 Förordning,
674 487 170 22 innefattande
862 487 86 27 tillägg

412 523 40 22 till
469 523 27 22 13
512 523 13 29 $
541 523 10 21 i
566 523 90 27 nådiga
672 522 181 28 förordningen
869 523 47 21 den
932 522 14 22 9

411 558 137 23 November
573 558 59 23 1868
656 564 40 17 om
717 558 162 27 borgenärers
899 558 47 22 rätt

411 595 46 22 och
473 595 124 22 företräde
612 595 42 22 för
668 595 141 21 hvarandra
823 595 40 21 till
873 595 73 21 betal-

411 631 62 27 ning
488 637 30 16 ur
534 631 126 27 egendom,
677 636 52 16 som
744 630 83 22 blifvit
838 631 40 21 till
888 630 58 22 kon-

411 667 59 22 kurs
486 667 106 22 afträdd.

483 710 137 27 Härigenom
644 710 97 26 stadgas,
761 711 32 20 att
807 711 14 24 $
838 710 27 20 13
881 711 8 20 i
901 710 45 26 för-

411 746 122 26 ordningen
556 746 28 26 af
604 746 41 21 den
668 746 14 20 9
705 745 116 22 November
839 745 57 21 1868
911 751 33 15 om

411 781 145 27 borgenärers
578 783 47 19 rätt
649 781 37 21 och
705 781 112 26 företräde
831 781 37 26 för
883 781 62 20 hvar-

411 817 75 20 andra
501 818 33 20 till
550 817 108 26 betalning
674 823 30 15 ur
720 817 108 26 egendom,
843 823 46 15 som
901 817 44 26 blif-

410 853 31 20 vit
463 853 31 20 till
509 853 99 20 konkurs
623 853 100 26 afträdd,
739 853 56 20 skall
810 852 84 22 erhålla
906 853 40 26 föl-

405 889 70 26 jande
491 889 89 26 lydelse:

481 930 67 21 Sitter
564 931 108 26 borgenär
689 931 8 20 i
710 931 47 26 fast
767 932 63 25 pant,
848 932 53 19 utan
914 932 32 19 att

410 966 48 21 deri
471 966 66 27 hafva
546 967 134 26 inteckning;
691 966 60 26 njute
761 966 45 21 han
817 973 29 14 ur
851 967 95 25 pantens

409 1002 69 21 värde
493 1003 109 26 betalning
617 1004 51 19 näst
684 1003 53 26 efter
753 1002 55 27 dem,
825 1008 46 15 som
883 1003 63 26 förut

412 1038 95 21 nämnde
523 1040 46 19 äro.

482 1073 51 21 Har
548 1079 62 20 vara,
628 1079 46 15 som
686 1073 104 27 upplagts
801 1074 7 20 i
818 1073 50 21 med
875 1073 70 20 veder-

411 1109 78 26 börligt
505 1108 99 21 tillstånd
620 1109 110 20 inrättadt
741 1109 93 20 allmänt
844 1109 101 26 upplags-

411 1145 108 25 magasin,
537 1145 114 21 derstädes
666 1144 91 21 skadats
768 1145 49 20 eller
826 1145 70 25 finnes
904 1144 41 21 den

410 1180 19 25 ej
444 1180 8 20 i
468 1179 74 26 behåll,
559 1180 56 20 skall
626 1180 41 20 den
675 1181 129 25 ersättning,
813 1186 48 14 som
869 1180 76 20 inrätt-

408 1215 81 25 ningen
507 1216 6 19 i
529 1214 82 22 sådant
624 1216 42 25 fall
677 1217 28 19 är
716 1216 85 25 skyldig
812 1216 32 20 att
853 1216 90 25 utgifva,

409 1250 91 21 dernäst
520 1250 53 27 utgå
591 1251 50 21 med
658 1250 151 27 förmånsrätt
824 1257 29 14 ur
868 1252 76 19 inrätt-

407 1286 93 26 ningens
515 1287 108 25 egendom.

481 1322 48 20 Med
553 1328 88 14 samma
664 1323 48 20 rätt
734 1321 52 27 utgå
811 1322 36 20 ock
869 1322 74 26 medel,

411 1356 79 26 hvilka,
501 1357 37 21 vid
546 1357 136 26 försäljning
693 1357 28 26 af
727 1358 68 20 insatt
805 1363 55 15 vara
867 1364 77 20 genom

410 1392 95 27 offentlig
521 1392 96 26 auktion,
634 1393 28 26 af
669 1393 94 21 allmänt
773 1393 171 27 upplagsmaga-
