1086 1700
274 118 82 22 Ständ.
372 118 38 22 Sv.
427 131 26 4 —
470 118 75 28 Prop.
560 117 46 23 N:o
621 117 37 22 16.
815 119 27 19 37

416 179 39 24 III
475 179 69 31 Kap.
566 188 2 2 *

250 242 129 28 Angående
394 242 91 22 bruket
500 242 28 22 af
541 242 202 28 stämpelpapper.

476 302 48 29 78.

194 344 102 22 Skrifvas
312 344 13 21 å
341 350 81 16 samma
433 344 41 21 ark
485 344 54 22 flera
550 343 94 22 skrifter
655 344 55 21 eller
719 342 155 28 afhandlingar

123 380 24 22 af
169 380 67 22 sådan
260 380 158 27 beskaffenhet,
444 381 33 20 att
499 380 28 21 de
546 380 56 21 hvar
620 379 36 22 för
672 380 41 27 sig,
729 378 59 22 efter
803 379 72 21 denna

123 416 135 27 förordning,
279 418 38 19 äro
337 416 116 27 kartering
473 415 171 28 underkastade,
660 416 54 20 böra
729 415 27 21 de
771 415 102 21 karteras

123 452 71 21 såsom
210 458 35 15 om
261 458 27 15 en
303 452 56 22 hvar
374 452 24 21 af
413 452 48 22 dem
477 452 75 22 blifvit
568 451 102 23 skrifven
686 452 13 20 å
710 451 107 22 särskildt
827 450 46 22 ark.

473 525 13 19 8
504 523 18 29 &.

194 565 11 21 I
226 565 120 22 allmänhet
366 565 75 22 kunna
457 565 26 22 de
500 565 98 28 skrifter,
616 564 35 23 för
666 564 77 22 hvilka
759 564 115 27 kartering

122 601 8 20 i
147 601 71 21 denna
233 600 129 28 förordning
376 601 113 27 päbjudes,
507 601 105 27 antingen
628 600 98 23 skrifvas
741 601 14 20 å
771 602 32 19 ett
819 600 55 21 eller

123 636 54 21 flera
192 637 41 20 ark
250 637 118 26 stämpladt
383 643 91 21 papper,
491 637 56 21 eller
563 637 41 21 ock
620 637 50 22 med
684 636 142 21 kartamärke
836 636 37 21 be-

123 672 85 27 läggas,
226 672 77 21 endast
318 673 157 26 karteringens
491 673 164 26 sammanlagda
670 672 69 22 värde
751 673 123 20 motsvarar

123 707 39 22 det
184 707 106 28 stadgade
313 708 108 27 beloppet.
452 703 33 26 Är
507 708 97 21 skriften
619 707 91 22 försedd
724 707 51 22 med
791 707 24 22 sä
831 707 44 26 hög

123 743 71 28 karta,
217 745 33 19 att
266 743 70 22 denna
351 744 73 21 tillika
440 750 78 15 svarar
535 746 57 19 emot
606 744 81 21 kartan
702 743 36 22 till
753 743 120 27 bilagorna,

123 779 95 22 behöfva
234 779 26 21 de
276 779 135 22 sistnämnda
425 780 50 21 icke
491 780 131 27 ytterligare
638 780 107 21 karteras.

473 845 48 29 98.

196 892 154 28 Embetsverk,
368 899 46 15 som
429 893 36 21 till
481 893 135 27 fullmakter,
632 892 197 27 konstitutorialer,
841 891 32 21 af-

124 927 78 22 skeds-
226 928 40 21 och
289 928 156 27 pensionsbref
457 929 51 21 med
523 928 54 22 flera
593 928 152 27 expeditioner
761 928 112 27 begagnar

123 963 91 27 tryckta
229 963 127 22 blanketter
376 964 24 21 af
413 964 133 27 ostämpladt
562 970 90 21 papper,
668 964 86 27 äligger
765 963 66 28 tillse,
841 964 33 20 att

124 998 77 28 hvarje
218 999 68 21 sädan
300 999 133 28 expedition,
449 1000 68 21 innan
533 1000 43 21 den
587 1000 35 21 till
633 999 166 22 vederbörande
807 998 66 27 utgif-

123 1040 47 21 ves,
194 1035 13 20 &
230 1035 265 27 kartasigillatakontoret
516 1035 111 27 undergär
647 1035 92 27 behörig
755 1034 119 27 stämpling

124 1069 36 22 till
175 1069 115 22 faststäldt
305 1071 84 26 belopp.

467 1108 27 19 10
511 1106 18 29 &.

193 1148 270 27 Kartasigillatakontoret
478 1142 135 28 tillkommer
624 1150 38 26 att,
683 1149 36 21 med
731 1148 143 27 iakttagande

123 1182 25 22 af
161 1183 58 22 hvad
236 1184 50 21 dess
301 1184 136 26 reglemente
448 1184 40 21 och
499 1184 187 28 författningarna
696 1185 8 21 i
713 1184 68 27 öfrigt
789 1184 84 27 stadga,

125 1218 20 28 ej
163 1219 94 22 allenast
272 1220 124 21 verkställa
411 1220 43 21 den
470 1220 120 28 stämpling
606 1220 25 22 af
644 1220 134 27 fullmakter,
790 1219 83 22 konsti-

122 1254 122 28 tutorialer,
260 1254 100 22 afskeds-
376 1255 40 21 och
427 1255 157 27 pensionsbref
592 1256 50 21 med
652 1256 54 21 flera
714 1255 157 27 expeditioner,

122 1295 46 16 som
190 1290 175 28 embetsverken,
387 1290 50 22 med
453 1291 50 21 stöd
519 1290 24 22 af
556 1291 123 22 tillätelsen
694 1292 8 20 i
718 1293 12 19 9
747 1292 40 21 och
803 1292 27 20 38
847 1290 27 29 $$

122 1325 101 27 ästunda,
245 1328 40 19 när
301 1326 58 21 slika
375 1326 152 27 expeditioner
539 1326 69 28 jemte
624 1326 55 22 fulla
690 1326 185 28 stämpelafgifter

121 1360 36 21 till
178 1361 104 21 kontoret
299 1361 104 22 insändas
422 1362 56 21 eller
494 1362 72 21 säsom
581 1362 242 27 kartasigillataremiss
839 1362 36 21 till

121 1395 173 23 landtränteriet
312 1396 85 22 komma
415 1399 33 19 att
466 1397 128 28 behandlas,
610 1400 54 19 utan
680 1398 46 27 ock,
743 1398 28 21 dä
787 1397 87 23 enskild
