1086 1700
300 111 82 23 Ständ.
399 111 38 23 Sv.
454 124 30 2 —
500 110 74 28 Prop.
590 110 44 23 N:o
650 111 34 21 11.
810 112 25 20 17

459 184 28 20 51
504 182 19 29 &.

186 243 52 22 Med
261 242 103 22 afseende
387 243 14 21 å
421 242 59 22 hvad
501 242 43 22 den
563 242 25 22 af
602 242 123 22 Ständerna
741 242 70 27 enligt
826 241 43 22 den

116 278 81 28 nådiga
212 278 163 27 propositionen
390 280 97 25 antagna
505 280 26 19 16
548 278 12 29 &
576 278 131 28 innehåller,
722 278 41 21 har
779 278 37 21 det
831 278 37 21 be-

117 314 84 22 funnits
217 314 25 21 af
257 314 72 21 nöden
344 315 33 20 att
392 314 36 21 till
444 316 28 19 51
489 313 14 29 &
518 314 94 27 tillägga
627 315 33 20 ett
675 313 121 27 stadgande
811 313 7 21 i
834 313 34 21 sä-

117 350 53 22 dant
192 350 66 28 syfte,
282 352 34 19 att
333 350 170 27 bestämningen
522 350 9 21 i
548 349 154 23 förstnämnda
716 348 107 28 paragraf
835 355 34 15 om

117 386 42 22 den
182 386 78 27 styrka
282 385 117 23 bränvinet
422 386 69 21 borde
515 386 67 21 minst
604 385 125 28 innehafva,
748 386 49 21 icke
813 384 56 28 egde

116 422 142 27 tillämpning
274 422 13 20 å
302 421 27 22 de
345 421 101 28 drycker,
463 421 79 22 hvilka
557 421 8 21 i
576 421 70 22 denna
657 421 107 27 paragraf
771 423 96 19 nämnas.

459 512 28 20 61
505 511 12 29 $

118 568 25 19 är
168 565 168 22 omformulerad
358 564 25 22 af
406 571 82 16 samma
513 565 49 22 skäl
586 572 46 15 som
655 568 27 19 72
706 566 13 29 8
740 566 7 21 i
767 565 101 23 tillverk-

117 601 137 28 ningslagen.

189 666 173 22 Vidkommande
381 666 106 27 slutligen
506 666 108 28 förslaget
636 667 36 21 till
688 667 128 27 förordning
831 673 37 15 an-

120 703 85 27 gående
225 702 106 21 tillåtelse
351 702 8 21 i
378 702 61 22 vissa
454 702 166 27 undantagsfall
635 702 35 22 för
684 703 82 21 handel
780 703 29 26 på
823 703 46 21 lan-

120 738 37 22 det
173 737 49 22 med
238 738 122 26 spritvaror
375 738 39 21 och
430 739 158 27 maltdrycker,
604 738 66 23 hafva
686 738 123 22 Ständerna
819 738 50 22 icke

119 773 73 22 funnit
208 773 51 22 skäl
274 774 35 21 till
324 774 71 27 någon
411 774 96 27 ändring
523 774 25 22 af
561 775 124 21 detsamma.

190 850 279 28 Författningsförslagens
495 851 73 22 finska
592 853 48 20 text
662 852 41 21 har
725 852 8 21 i
759 851 111 28 språkligt

120 886 126 23 hänseende
261 886 74 23 blifvit
350 887 6 21 i
373 887 111 22 särskilda
500 887 63 22 delar
578 888 131 21 omarbetad.

189 975 32 22 På
237 976 71 27 grund
324 975 24 22 af
361 976 37 22 det
413 975 94 23 anförda
522 976 24 22 få
562 977 123 22 Ständerna
700 978 7 21 i
723 977 146 27 underdånig-

119 1011 39 22 het
173 1011 95 22 anmäla:

332 1084 33 20 att
384 1083 26 21 de
429 1083 34 22 uti
482 1083 146 26 förevarande
642 1085 82 28 nådiga
737 1084 134 28 proposition

265 1117 156 28 öfverlemmade
450 1118 112 30 förslagen
588 1120 34 22 till
644 1120 159 29 förordningar
831 1127 40 15 an

261 1154 95 27 gående:

335 1197 23 26 a)
375 1196 142 29 tillverkning
534 1198 36 21 och
586 1198 130 28 distillering
731 1198 27 27 af
766 1198 104 26 bränvin;

334 1237 20 28 b)
369 1238 142 29 försäljning,
521 1238 100 30 forsling
636 1240 37 21 och
683 1240 81 28 upplag
774 1240 27 27 af
806 1240 63 21 brän-

262 1272 39 22 vin
326 1274 36 20 och
384 1274 71 22 andra
477 1274 86 23 brända
586 1276 51 21 eller
657 1276 132 22 distillerade
807 1276 63 27 sprit-

262 1308 101 28 drycker;
377 1312 55 19 samt

332 1352 19 24 c)
367 1351 100 23 tillåtelse
483 1352 9 21 i
503 1352 59 22 vissa
572 1353 165 28 undantagsfall
746 1353 36 27 för
792 1352 79 22 handel

261 1386 31 27 på
308 1387 74 21 landet
396 1388 48 21 med
459 1388 123 27 spritvaror
597 1388 37 22 och
649 1389 144 27 maltdrycker

787 1431 12 17 2
