1086 1700
213 125 25 19 14
509 125 44 24 N:o
576 127 37 22 12.

182 192 72 22 stället
277 192 35 22 för
334 193 150 27 upplagsbevis
507 194 38 20 och
569 196 93 19 warrant
682 193 83 21 erhålla
781 194 76 20 endast
873 194 71 20 enkelt

182 227 68 26 qvitto
266 226 59 22 öfver
340 233 77 15 varans
433 228 146 26 mottagande,
597 234 49 14 vare
658 228 147 25 inrättningen
817 227 85 27 skyldig
912 230 32 18 att

182 260 68 28 dylikt
266 262 68 26 qvitto
350 261 89 27 utgifva.

252 295 82 22 Sådant
350 296 67 27 qvitto
433 298 24 18 är
467 296 47 21 icke
525 296 158 22 underkastadt
694 296 150 26 stadgandena
857 296 6 20 i
875 296 68 20 denna

181 329 133 28 förordning.

530 372 11 27 8
557 373 35 19 31.

251 417 43 21 För
310 417 155 22 öfvervakande
482 417 22 21 af
519 418 89 20 allmänt
624 417 200 27 upplagsmagasins
842 417 101 27 behöriga

181 452 81 20 skötsel
279 455 59 18 utser
354 452 102 21 Senatens
474 452 267 27 Ekonomiedepartement
759 452 12 20 å
790 454 62 18 orten
871 452 71 20 bosatt

181 486 89 27 lämplig
293 493 84 20 person,
401 486 85 22 hvilken
503 486 33 21 för
552 487 38 20 sitt
605 486 99 27 uppdrag
721 492 50 21 eger
787 486 22 20 af
824 486 117 26 magasinet

182 520 84 27 åtnjuta
282 520 118 28 ersättning
415 521 33 21 till
464 521 84 27 belopp,
566 527 44 15 som
627 520 23 21 af
665 520 94 22 Senaten
779 520 125 22 fastställes.

250 556 10 20 I
277 556 69 20 denna
365 555 152 27 öfvervakning
538 555 34 21 må
588 555 62 21 äfven
665 554 191 27 handelsförening
872 555 6 20 i
895 555 46 20 stad

181 590 39 21 och
235 590 206 21 kommunalnämnd
461 592 27 25 på
505 591 79 25 landet,
602 591 38 20 der
656 590 26 21 de
699 590 76 21 sådant
792 590 98 26 åstunda,
907 596 34 20 ge-

180 631 49 14 nom
246 625 90 21 utsedde
351 625 173 21 förtroendemän
541 628 51 23 taga
608 625 40 21 del.

250 659 73 28 Yppas
346 660 46 21 skäl
413 660 32 21 till
461 660 141 26 anmärkning
618 662 45 19 mot
678 659 160 27 inrättningens
855 659 86 21 förvalt-

180 693 57 28 ning,
254 694 82 27 åligger
352 695 36 20 det
404 695 41 20 den
461 694 89 21 sålunda
561 695 90 20 utsedde
666 694 163 21 kontrollanten
837 696 39 25 att,
889 693 53 21 efter

180 734 112 21 noggrann
316 729 159 27 undersökning
497 729 24 21 af
543 729 150 26 förhållandet,
718 729 98 21 meddela
840 729 26 20 de
886 728 54 21 före-

181 762 88 22 skrifter
292 763 33 20 till
348 763 141 22 missbrukets
507 763 181 27 undanrödjande,
706 769 46 15 som
767 763 69 21 finnas
852 769 52 14 vara
920 763 23 20 af

180 797 102 22 behofvet
305 797 120 27 påkallade.
455 798 73 27 Följer
551 798 46 21 icke
621 798 95 27 rättelse,
741 797 55 21 skall
813 803 33 15 om
863 796 77 21 förhål-

180 831 74 22 landet
270 832 97 21 anmälas
383 832 37 21 hos
436 832 160 21 vederbörande
614 832 124 27 expedition
753 832 6 20 i
775 831 98 27 Senaten,
889 831 53 20 hvil-

180 866 42 21 ken
247 866 63 21 äfven
334 873 79 14 annars
433 867 43 20 kan
491 866 128 21 föranstalta
635 867 94 20 särskild
745 865 160 27 undersökning
921 865 23 21 af

180 901 199 27 upplagsmagasins
395 901 137 26 förvaltning.

248 935 79 22 Finnes
342 935 142 28 inrättningen
497 935 63 22 hafva
576 935 140 22 öfverskridit
731 935 161 27 stadgandena
879 931 11 37 i
902 935 38 20 sitt

180 970 132 26 reglemente
330 970 52 21 eller
401 970 68 21 denna
485 970 131 27 förordning,
632 970 43 21 kan
692 970 104 21 Senatens
812 969 128 21 Ekonomie-

180 1005 150 26 departement
350 1005 55 21 efter
419 1005 99 27 pröfning
536 1005 96 22 förklara
647 1005 214 27 upplagsmagasinet
877 1003 63 22 hafva

179 1039 111 22 förverkat
306 1041 26 20 de
349 1040 120 21 detsamma
484 1040 108 27 medgifna
607 1040 166 27 rättigheterna,
790 1039 88 20 hvarom
889 1039 52 20 kun-

179 1074 83 27 görelse
279 1075 56 20 skall
351 1075 6 20 i
373 1075 26 20 de
415 1075 108 20 allmänna
539 1075 137 26 tidningarna
692 1073 90 22 införas.

528 1150 11 26 s
556 1150 34 20 32.

249 1195 83 21 Varder
348 1201 63 21 egare
426 1195 23 21 af
464 1196 89 20 allmänt
569 1195 191 27 upplagsmagasin
777 1194 79 20 försatt
871 1194 8 20 i
889 1194 51 20 kon-

178 1229 58 27 kurs,
254 1230 61 20 skola
335 1229 136 21 innehafvare
488 1230 23 20 af
524 1226 150 30 upplagsbevis
692 1229 39 21 och
747 1232 93 17 warrant
857 1228 83 27 åtnjuta

179 1262 148 23 oförminskad
350 1266 43 19 rätt
415 1264 33 21 till
473 1264 39 22 den
536 1264 81 21 insatta
633 1270 75 20 varan,
725 1263 37 21 der
778 1263 41 21 den
835 1263 43 21 kan
893 1262 47 21 från

179 1297 71 27 öfriga
265 1304 65 15 varor
345 1298 117 28 särskiljas.

247 1332 81 22 Finnas
350 1339 63 15 varor
435 1334 83 20 insatta
538 1334 48 20 med
602 1332 136 22 förbehållen
753 1334 46 19 rätt
815 1332 33 21 för
863 1332 77 21 inrätt-

177 1373 42 21 gen
235 1368 33 20 att
284 1367 95 21 utlemna
395 1368 40 20 den
452 1368 81 20 insatta
548 1374 66 15 varan
630 1368 54 21 eller
694 1373 70 15 annan
776 1366 88 22 dermed
872 1367 67 26 jemn-

177 1401 49 27 god,
250 1407 40 21 ega
309 1402 43 20 alla
371 1401 32 27 de,
420 1408 46 15 som
481 1402 67 21 insatt
564 1408 83 15 samma
662 1402 48 26 slag
725 1401 23 21 af
763 1407 57 20 vara,
837 1401 44 21 lika
896 1403 44 19 rätt

177 1436 33 20 till
226 1436 78 27 denna,
320 1436 81 21 enhvar
416 1436 7 21 i
439 1436 135 22 förhållande
590 1436 33 21 till
640 1436 56 21 hvad
713 1436 42 20 han
771 1436 75 21 insatt.
