1086 1700
324 115 82 23 Ständ.
419 115 38 23 Sv.
474 128 27 4 —
519 115 75 28 Prop.
608 115 45 22 N:o
669 116 35 21 11.
848 117 12 19 5

136 181 104 22 frestelse
256 181 35 21 till
307 181 133 27 lönkrögeri.
471 180 48 22 För
535 182 33 20 att
583 181 137 22 förekomma
735 181 42 22 den
793 181 97 21 demora-

136 216 111 22 liserande
263 217 85 21 verkan
363 217 28 27 pä
408 217 42 21 den
466 218 114 20 närmaste
592 216 160 28 omgifningen,
769 223 46 15 som
825 216 25 22 af
859 218 32 20 ett

136 252 106 22 bränneri
262 252 131 27 isynnerhet
411 252 29 27 pä
456 252 154 28 landsbygden
626 252 94 22 sälunda
735 253 44 21 kan
795 252 95 28 utöfvas,

135 288 68 22 hafva
212 288 122 21 Ständerna
343 290 73 19 ansett
424 294 28 16 en
461 288 70 22 sädan
539 288 131 27 förändring
678 294 54 16 vara
741 288 25 21 af
773 288 78 27 nöden,
858 290 33 19 att

137 324 50 21 frän
200 324 106 21 bränneri
319 324 40 21 och
375 323 205 27 distilleringsverk
594 324 96 21 bränvin
704 324 50 21 icke
766 323 35 21 fär
812 323 78 22 försäl-

134 360 35 26 jas
185 360 23 21 ät
224 359 69 21 andra
308 365 106 21 personer
431 361 28 19 än
474 360 123 26 behörigen
611 361 97 25 antagna
718 358 172 28 äterförsäljare.

208 431 11 21 I
234 430 64 28 fräga
314 437 34 15 om
363 430 217 22 bränvinshandelns
596 431 112 21 ordnande
724 431 41 21 har
781 430 42 22 den
834 432 57 20 mest

137 466 228 28 anmärkningsvärda
381 466 135 22 företeelsen
533 466 70 22 under
619 467 38 21 det
673 468 88 20 senaste
775 466 116 22 decenniet

137 502 167 27 otvifvelaktigt
324 502 58 22 varit
397 502 180 22 minuthandelns
593 502 40 22 och
649 502 193 27 utskänkningens
859 502 31 21 öf-

136 538 158 22 verlemnande
318 538 70 22 såsom
411 538 101 27 monopol
536 538 23 21 ät
579 538 61 22 vissa
662 539 71 26 bolag,
757 538 88 22 bildade
868 537 25 22 af

137 580 113 21 personer,
276 580 45 15 som
342 574 120 27 öfvertagit
477 574 101 22 rörelsen
594 575 50 21 icke
660 574 35 21 för
711 575 103 26 vinnings
831 573 60 22 skull

139 610 55 21 eller
215 610 72 21 säsom
307 609 152 28 näringsfäng,
479 611 54 20 utan
551 610 8 21 i
576 610 151 27 sedlighetens
743 610 40 21 och
799 609 90 28 nykter-

137 646 79 21 hetens
232 646 102 21 intresse.

209 681 12 21 I
244 681 90 21 anfördt
357 681 59 27 syfte
439 681 67 22 hafva
522 682 66 27 bolag
604 682 102 26 uppstätt
721 682 7 21 i
743 681 88 22 landets
847 681 44 21 alla

139 717 84 27 städer,
240 717 49 22 med
305 717 112 27 undantag
433 717 79 22 endast
528 717 25 22 af
566 717 92 22 Torneä.

208 753 42 21 Att
260 753 169 27 ifrägavarande
441 753 78 27 bolags
530 753 143 22 verksamhet
683 753 79 22 främst
770 753 8 21 i
787 753 103 21 afseende

137 789 14 21 &
167 789 250 27 dryckenskapslastens
433 789 130 21 hämmande
579 789 59 22 varit
655 789 144 27 synnerligen
810 795 80 20 gagne-

137 824 38 27 lig,
199 830 78 21 genom
301 824 140 21 uteslutande
462 824 24 21 af
505 824 39 21 det
560 825 102 21 enskilda
677 825 165 26 vinstbegärets
858 824 31 21 in-

137 859 97 28 flytande
260 860 28 26 pä
313 859 269 28 hränvinsförsäljningen
604 861 39 20 och
664 860 43 21 den
728 860 99 27 ordning,
845 866 45 15 som

137 895 78 22 dervid
230 895 87 27 införts,
334 897 56 20 samt
405 902 79 21 genom
500 895 43 22 den
558 895 156 22 underlättade
724 896 114 27 tillsynen,
850 896 40 20 har

137 930 157 23 erfarenheten
319 931 68 21 redan
411 931 90 21 tillfullo
526 931 123 27 ådagalagt.
689 931 135 27 Härigenom
849 931 41 21 har

137 966 67 22 äfven
225 966 35 22 för
283 967 170 27 allmännyttiga
473 967 103 21 ändamäl
594 968 104 21 bevarats
714 974 27 15 en
758 967 36 22 del
810 967 24 21 af
848 967 42 22 den

136 1002 114 27 betydliga
265 1002 65 27 vinst,
348 1009 45 14 som
409 1003 96 21 handeln
521 1003 49 21 med
586 1003 154 27 spritdrycker
756 1003 107 21 afkastar.

208 1038 131 21 Emellertid
361 1037 67 23 hafva
447 1038 27 21 de
490 1044 128 21 gynsamma
634 1039 165 27 verkningarna
816 1037 24 22 af
854 1039 35 21 bo-

137 1073 203 28 lagsinstitutionen
356 1074 7 21 i
378 1074 102 27 betydlig
495 1074 56 27 grad
566 1075 132 21 inskränkts
714 1075 40 20 och
765 1075 125 26 försvagats

138 1109 132 28 derigenom,
287 1111 33 20 att
335 1110 215 27 monopoliseringen
566 1110 49 21 icke
631 1110 59 21 varit
701 1110 142 27 fullständigt
854 1115 36 21 ge-

136 1145 106 21 nomförd.
273 1145 45 22 Det
333 1146 49 27 mäl,
399 1152 46 15 som
461 1145 171 28 lagstiftningen
647 1146 138 22 beträffande
799 1146 91 21 ordnan-

137 1181 38 21 det
191 1181 25 21 af
228 1181 97 21 handeln
341 1182 48 21 med
406 1182 155 26 spritdrycker
576 1182 41 21 bör
632 1181 36 22 för
682 1182 35 26 sig
727 1182 118 26 uppställa,
858 1183 31 25 är,

137 1216 71 28 enligt
225 1216 135 22 Ständernas
376 1217 65 27 äsigt,
454 1217 191 22 öfverlemnandet
656 1217 24 21 af
689 1218 31 20 all
730 1217 160 27 utminutering

137 1252 41 22 och
188 1252 153 27 utskänkning
352 1252 24 21 af
385 1253 63 21 såväl
460 1253 116 21 inhemska
587 1259 46 15 som
641 1253 120 21 utländska
770 1252 120 27 spritdryc-

136 1288 43 22 ker
194 1289 23 21 ät
230 1289 71 27 bolag,
318 1288 87 22 bildade
420 1289 8 21 i
449 1289 162 27 nykterhetens
621 1289 102 26 intresse,
738 1289 5 21 i
753 1288 136 22 hufvudsak-

136 1324 33 27 lig
184 1324 231 22 öfverensstämmelse
431 1324 50 22 med
497 1324 38 22 det
550 1331 16 15 s.
578 1324 21 21 k.
611 1324 155 28 Göteborgska
777 1326 112 25 systemet.

137 1360 11 21 I
167 1359 27 22 de
216 1362 72 20 större
307 1360 104 22 städerna
431 1360 64 22 torde
516 1360 62 22 detta
594 1360 49 22 icke
659 1360 72 22 heller
746 1362 59 20 möta
821 1360 69 26 några

137 1395 145 27 svärigheter.
306 1396 51 22 Men
371 1396 27 20 dä
413 1396 38 21 det
465 1396 133 22 ätminstone
611 1396 70 21 under
695 1395 139 22 närvarande
845 1394 44 22 för-
