1086 1700
305 104 78 23 Ständ.
401 104 38 23 Sv.
499 104 75 28 Prop.
590 104 45 22 N:o
652 104 34 22 11.
821 106 26 20 15

123 171 95 22 nämnda
236 172 85 26 lagrum
340 171 40 21 har
396 171 111 21 dessutom
524 177 26 15 en
567 170 69 22 sädan
652 170 96 27 ändring
763 170 114 27 vidtagits,

124 208 33 20 att
173 207 26 21 de
215 206 78 28 medel,
310 212 45 16 som
372 206 90 22 tillfalla
477 206 201 26 stadskommunen,
695 206 64 21 skola
769 206 108 22 inbetalas

124 243 35 21 till
175 243 217 26 drätselkammaren,
408 242 93 22 hvilken
517 242 137 22 verkställer
665 241 67 23 äfven
743 248 71 15 annan
823 248 54 20 upp-

123 279 55 21 börd
194 278 35 22 för
245 278 89 22 stadens
350 278 101 27 räkning.

469 327 27 19 14
513 326 19 28 &.

196 368 44 21 Till
264 369 13 19 2
301 374 61 15 mom.
385 367 40 21 har
441 367 73 27 fogats
531 369 33 20 ett
579 367 130 27 stadgande,
725 367 105 22 afseende
845 369 34 19 att

123 403 131 27 möjliggöra
274 403 42 21 den
332 403 92 27 lättnad,
442 409 46 15 som
503 403 8 21 i
528 404 26 20 51
572 402 12 29 $
602 405 12 19 3
632 409 62 15 mom.
712 405 25 19 är
752 403 127 27 medgifven

125 438 34 22 för
175 438 123 28 afsättning
314 438 25 22 af
352 438 116 28 inhemska
483 438 69 22 finare
569 438 91 22 likörer.

471 506 25 20 17
510 504 12 29 8

124 547 40 22 har
187 546 127 23 förändrats
336 546 8 21 i
367 546 66 28 syfte,
458 547 33 20 att
511 546 95 22 bränvin
626 546 83 28 jemväl
725 546 58 28 finge
799 546 79 22 försäl-

122 583 35 28 jas
173 584 7 21 i
196 589 82 16 samma
293 583 59 21 lokal
368 583 49 21 med
433 589 95 20 svagare
538 582 142 28 rusdrycker,
693 583 64 22 viner
767 583 40 21 och
815 583 63 21 malt-

125 619 101 27 drycker,
251 618 90 22 emedan
358 618 37 21 det
411 619 38 21 väl
465 619 71 20 mäste
551 624 65 15 anses
632 619 139 27 lämpligare,
788 620 39 26 att,
844 625 35 15 om

124 654 144 22 innehafvare
288 653 25 22 af
326 654 280 27 utminuteringsrättighet
619 654 84 27 jemväl
719 655 64 20 idkar
798 655 81 21 handel

124 691 49 21 med
195 690 68 21 andra
284 696 71 21 varor,
377 690 27 21 de
421 696 93 21 svagare
530 689 165 27 rusdryckerna
711 690 101 27 afskiljas
829 690 50 21 frän

125 726 64 21 dessa
205 726 40 21 och
261 725 67 28 säljas
344 725 145 22 tillsammans
505 725 49 22 med
570 725 190 27 spritdryckerna.
790 725 35 22 De
841 731 37 16 an-

125 761 84 28 gående
236 761 94 22 bränvin
354 761 105 27 stadgade
484 763 116 25 strängare
624 761 195 28 bestämningarna
842 762 36 21 be-

123 797 109 22 träffande
255 797 61 22 tiden
340 797 34 22 för
397 797 189 27 utminuteringen
608 797 87 22 komma
717 797 8 21 i
744 797 79 22 sådant
839 797 40 22 fall

125 835 32 19 att
173 833 59 27 gälla
248 833 66 22 äfven
330 833 26 21 de
373 833 68 21 andra
457 833 197 27 dryckesvarorna.

249 904 8 7 N
465 899 27 20 21
513 898 18 29 &.

194 941 74 21 Jemte
284 940 38 21 det
341 940 4 21 i
361 943 12 18 2
390 947 61 14 mom.
468 940 86 27 tillagts
570 941 33 20 ett
614 939 80 22 förbud
705 942 45 19 mot
761 940 116 21 utminute-

123 976 51 27 ring
194 976 71 27 dagen
286 977 51 20 näst
352 975 48 22 före
416 976 108 21 marknad
540 976 55 21 eller
610 976 96 27 torgdag
721 976 40 21 och
777 976 35 21 till
828 975 27 22 de
871 976 7 21 i

124 1013 11 19 3
161 1017 61 16 mom.
246 1011 143 27 uppräknade
413 1011 81 22 ställen
515 1011 73 26 fogats
605 1011 83 27 jemväl
704 1011 174 27 utskänknings-

123 1047 87 27 ställen,
234 1047 42 21 har
298 1047 8 20 i
329 1047 136 21 sistnämnda
486 1053 62 15 mom.
570 1047 92 26 intagits
684 1048 32 20 ett
732 1047 146 26 stadgande
862 1043 19 35 i

123 1082 59 27 syfte
205 1084 33 20 att
260 1083 97 21 utesluta
377 1082 83 22 tvekan
477 1089 34 14 om
526 1082 82 22 vidden
624 1082 25 21 af
663 1082 43 22 den
721 1082 134 27 befogenhet
870 1082 7 21 i

123 1117 105 23 afseende
250 1119 14 21 &
286 1118 175 22 bestämmandet
484 1117 25 22 af
527 1118 61 22 tiden
605 1117 35 23 för
655 1118 159 28 utskänkning,
832 1124 45 16 som

123 1154 147 28 länestyrelse
286 1154 140 21 tillkommer.

467 1198 28 19 28
511 1196 19 28 8.

192 1238 109 26 Beloppet
324 1237 114 23 sextiofem
462 1238 53 21 liter
537 1238 7 20 i
562 1239 11 19 3
591 1244 62 15 mom.
669 1238 41 21 har
725 1238 101 21 nedsatts
841 1237 36 21 till

121 1272 75 22 femtio
212 1274 58 21 liter.

464 1310 28 20 33
509 1308 19 29 &.

192 1350 44 22 Det
252 1351 8 21 i
277 1352 11 20 1
304 1357 61 15 mom.
383 1350 24 22 af
421 1350 72 22 denna
509 1350 107 28 paragraf
624 1352 112 25 upptagna
745 1350 132 27 stadgandet

121 1392 33 15 om
177 1386 43 21 den
243 1386 110 26 gvantitet
373 1386 102 28 bränvin,
497 1386 115 22 husbonde
632 1388 53 19 utan
706 1386 109 21 särskildt
830 1385 45 21 till-
