1034 1673
283 156 13 20 2
489 154 24 23 U.
529 155 23 22 B.
570 167 24 3 —
612 155 65 29 Prop.
693 154 38 23 N:o
747 152 32 24 37.

357 220 9 21 i
380 220 100 22 städerna
495 221 37 21 och
544 222 32 26 pä
591 221 77 27 landet,
683 220 32 23 till
725 220 190 28 löneförhöjningar
925 220 24 21 åt
957 218 53 28 folk-

357 255 115 22 skollärare
487 256 37 22 och
538 256 122 22 lärarinnor
674 257 57 20 samt
741 255 170 28 pensionerande
926 254 27 28 af
958 253 53 28 folk-

357 289 115 23 skollärare
489 290 37 22 och
541 290 121 22 lärarinnor
674 291 34 27 pä
723 290 70 22 landet
808 290 109 27 äfvensom
932 288 31 23 till
978 288 32 21 be-

358 324 101 22 täckande
474 325 26 27 af
511 325 39 21 den
566 325 60 27 brist,
642 332 46 15 som
704 324 31 22 till
749 326 108 26 utgången
872 324 27 28 af
910 324 25 21 är
949 324 62 21 1882

357 359 111 23 beräknats
487 361 81 27 uppstå
582 360 10 22 i
606 360 34 22 det
660 360 27 27 af
698 362 83 19 senaste
797 359 101 28 landtdag
913 357 98 29 beviljade

358 394 180 28 folkskoleanslag.

322 456 11 22 I
355 456 61 29 fräga
438 463 34 16 om
491 457 37 22 det
548 457 93 22 tillskott
660 457 33 22 till
713 457 109 22 allmänna
836 456 136 23 statsfonden
989 455 22 22 af

255 492 92 26 415,000
368 491 60 22 mark
449 491 22 22 af
485 492 244 28 stämpelbevillningen,
745 491 86 22 hvartill
847 491 113 22 Utskottet
975 490 35 22 vid

253 525 105 28 förslaget
372 528 33 20 att
420 527 105 22 öfverföra
539 526 214 23 folkskoleväsendet
769 526 12 22 &
796 526 149 22 förstnämnda
959 525 52 22 fond

254 561 55 27 tagit
324 561 89 28 hänsyn,
429 562 54 21 skall
498 561 114 23 Utskottet
626 563 59 26 yttra
701 561 33 28 sig
748 561 7 22 i
771 561 38 22 sitt
822 560 81 28 förslag
913 561 32 21 till
955 566 56 16 sam-

253 595 159 29 manjemkning
434 596 23 22 af
477 597 103 22 ständens
600 597 73 22 beslut
691 596 92 23 rörande
803 595 148 23 betänkandet
969 595 41 22 N:o

256 632 25 20 14
305 631 111 27 angäende
438 631 98 28 samtliga
558 631 36 22 vid
617 631 71 22 denna
710 631 105 27 landtdag
835 630 80 22 äskade
935 629 76 28 anslag

254 671 27 16 m.
298 672 27 15 m.

323 711 142 29 Helsingfors,
481 712 41 22 den
538 714 27 20 30
580 712 42 28 Maj
640 713 62 21 1882.

339 1508 123 24 Helsingfors,
474 1508 70 19 Finska
556 1508 219 24 Litteratursällskapets
787 1508 81 24 tryckeri
882 1510 49 18 1882.
