1014 1670
330 126 18 20 U.
364 125 19 20 B.
398 136 28 3 —
441 126 55 24 Prop.
511 126 29 19 N:o
554 125 32 20 36.
778 126 27 19 51

417 190 11 26 $
442 191 45 20 158
503 190 63 25 (160).

214 232 43 25 Äro
272 237 36 19 två
323 237 51 20 eller
388 236 50 21 flere
453 236 107 27 delaktige
573 236 8 20 i
595 236 63 26 brott,
669 236 69 21 derför
748 238 42 20 åtal
799 237 36 20 vid

146 271 155 27 Krigsdomstol
322 271 39 20 bör
382 271 45 25 ske,
450 271 39 20 och
510 271 61 26 lyder
588 272 69 25 någon
672 271 24 20 af
708 271 47 21 dem
769 271 66 21 under

147 302 249 30 Öfverkrigsdomstolens
416 305 131 21 omedelbara
566 305 106 25 domsrätt,
688 306 58 20 döme
762 302 72 25 Öfver-

146 340 175 26 krigsdomstolen
336 340 128 20 omedelbart
478 340 59 20 öfver
552 340 46 20 dem
612 340 47 20 alla.
683 340 61 26 Lyda
758 340 26 20 de
798 347 36 13 an-

146 375 89 26 klagade
257 374 66 21 under
345 374 104 20 särskilda
468 374 137 26 Krigsrätter,
620 375 88 20 ransake
722 375 39 20 och
776 375 58 19 döme

147 410 40 20 den
205 410 114 25 Krigsrätt,
339 409 119 20 hvarunder
472 409 168 20 hufvudmannen
655 410 65 25 lyder.
750 404 42 25 Äro
808 409 26 20 de

146 445 43 20 lika
205 444 111 26 delaktige,
331 446 103 23 upptages
449 443 64 20 mälet
526 443 37 20 vid
578 443 40 20 den
627 443 114 27 Krigsrätt,
752 443 37 20 der
800 443 35 20 det

146 479 120 26 lämpligast
281 478 37 19 ske
333 478 48 24 kan,
397 478 91 25 hvarom,
505 478 27 19 dä
546 480 118 24 trupperna,
680 479 32 19 till
726 478 72 20 hvilka
809 477 25 20 de

147 513 102 20 tilltalade
270 513 57 24 höra,
350 512 83 20 befinna
455 512 33 26 sig
508 513 12 19 &
538 519 76 13 samma
629 515 38 22 ort,
683 513 40 19 den
738 513 74 25 högste
827 512 7 19 i

147 547 51 26 grad
219 547 38 20 och
275 547 37 21 vid
331 547 41 20 lika
393 547 55 26 grad
470 547 40 21 den
526 547 66 20 äldste
607 547 7 19 i
629 547 90 25 tjensten
734 546 24 21 af
769 545 65 21 befäl-

147 582 118 25 hafvarene,
287 588 47 13 men
356 581 7 19 i
386 584 63 17 annat
470 581 37 20 fall
530 577 237 30 Öfverkrigsdomstolen
786 587 49 20 eger

147 617 103 20 förordna.
280 617 73 25 Yppas
375 616 66 20 under
462 617 128 25 ransakning
611 617 36 20 vid
664 617 108 26 Krigsrätt
786 616 49 20 flere

147 651 128 20 hufvudmän
290 651 50 20 eller
354 650 44 20 lika
409 650 111 27 delaktige,
531 651 85 20 fortfare
625 651 47 20 med
681 651 154 26 ransakningen

147 686 39 19 och
207 685 59 20 döme
286 685 40 20 den
340 685 115 25 Krigsrätt,
471 692 44 13 som
530 685 47 20 med
591 686 73 19 mälets
679 685 156 26 handläggning

146 720 74 26 börjat.

273 766 14 27 $
302 767 44 20 159
361 766 43 20 lika
420 766 47 20 med
482 767 11 26 $
511 768 38 19 161
567 767 7 19 i
588 767 46 20 nåd.
650 774 58 19 prop.

441 865 27 20 18
484 867 62 23 Kap.

408 915 37 22 Om
460 916 118 28 häktning.

189 978 31 28 $$
235 980 118 20 160—163
367 979 44 19 lika
425 979 47 19 med
488 980 23 26 $$
528 980 110 20 162—165
654 979 7 20 i
675 978 47 20 nåd.
736 985 58 19 prop.

441 1078 26 20 19
483 1079 63 23 Kap.

283 1128 37 22 Om
336 1128 123 28 angifvelse
474 1128 42 22 och
531 1128 46 22 åtal
592 1128 26 22 af
630 1128 66 22 brott.

147 1189 31 29 $$
198 1192 116 19 164—166
332 1191 44 20 lika
391 1191 47 20 med
454 1191 22 26 $$
495 1191 110 20 166—168
620 1191 7 19 i
642 1191 46 20 nåd.
704 1197 59 19 prop.
779 1192 57 17 utom

240 1228 31 18 att
286 1226 6 19 i
308 1226 11 25 &
336 1226 40 20 165
393 1226 75 19 citeras
484 1227 10 25 $
513 1227 39 19 164
568 1226 7 19 i
590 1228 25 18 st.
631 1225 14 21 f.
662 1226 10 26 $
690 1226 47 19 166.

416 1288 11 26 $
442 1289 46 20 167
504 1288 65 28 (169).

215 1328 105 32 Åklagare
334 1334 37 20 vid
385 1334 109 26 Krigsrätt
510 1334 153 27 (uteslutning)
678 1334 60 20 ställe
754 1333 34 25 sig
803 1332 33 20 till

147 1368 144 25 efterrättelse,
314 1368 56 20 hvad
384 1368 33 20 för
432 1368 98 26 åklagare
545 1368 7 20 i
567 1369 111 19 allmänhet
692 1367 100 27 stadgadt
806 1370 30 22 är,

147 1405 54 17 samt
214 1402 121 26 krigsfiskal
349 1402 8 20 i
372 1402 125 26 tillämpliga
512 1402 58 21 delar
579 1402 55 21 hvad
640 1402 33 21 för
683 1401 153 22 advokatfiskal

147 1437 7 19 i
168 1437 85 19 Hofrätt
268 1437 66 20 finnes
349 1436 141 21 föreskrifvet.

146 1476 140 23 Lagutskottets
300 1476 117 18 betänkande
429 1478 37 16 N:o
478 1478 18 17 8.
