1073 1698
363 126 23 21 U,
399 126 22 21 B.
433 136 24 7 —
468 128 62 24 Prop.
543 129 38 19 N:o
594 130 33 19 43.
833 134 12 18 3

110 182 76 21 sädant
201 183 55 27 syfte
273 185 31 20 att
319 185 33 26 de,
368 185 72 22 hvilka
450 186 71 23 blifvit
531 188 34 21 till
576 189 59 22 aktiv
645 189 127 28 krigstjenst
783 187 82 36 dömde,

109 215 84 23 komme
209 218 32 20 att
251 217 33 22 till
295 219 90 27 truppen
395 221 107 27 mottagas
513 222 55 21 först
577 223 124 28 påföljande
717 225 9 20 1
739 225 126 22 November.

178 251 42 22 Vid
235 253 157 27 granskningen
409 255 23 21 af
446 255 41 22 den
501 257 79 27 nädiga
598 259 160 26 propositionen
773 260 40 21 har
827 261 39 21 Ut-

109 284 81 22 skottet
212 285 71 22 funnit
301 287 140 24 omförmälda
460 290 46 22 deri
525 293 110 26 upptagna
655 293 185 28 ändringsförslag
859 295 7 21 i

108 319 44 21 alla
170 319 116 23 afseenden
305 322 190 29 ändamålsenliga,
515 325 70 22 såsom
605 327 112 28 åsyftande
736 330 32 20 att
785 329 81 22 bereda

108 353 26 21 de
150 354 155 28 värnepligtige
320 356 83 23 lättnad
417 358 36 21 vid
465 359 146 28 fullgörandet
621 362 24 21 af
655 362 63 22 deras
729 363 135 27 åligganden.

107 387 83 22 Endast
204 389 37 21 två
255 389 82 23 mindre
353 391 119 28 betydande
487 393 151 29 förändringar
652 396 8 21 i
675 397 140 27 lagförslaget
825 397 40 22 har

107 421 112 23 Utskottet
234 423 61 22 aktat
309 425 75 28 nödigt
398 428 59 25 göra.

175 457 11 20 I
202 457 27 22 15
244 458 31 27 $:s
291 459 8 21 1
317 462 94 20 moment
426 462 61 21 torde
503 463 61 22 ordet
579 464 176 28 »9bligatoriska"
766 472 51 15 vara
833 466 30 21 öf-

106 489 114 29 verflödigt
235 492 39 21 och
289 493 110 23 dessutom
413 495 73 22 kunna
497 493 116 27 föranleda
626 499 33 22 till
671 500 40 21 den
721 501 142 28 misstydning

106 526 32 19 att
157 525 130 27 stadgandet
303 527 7 21 i
330 529 67 26 sagda
415 533 94 20 moment
531 532 47 22 icke
598 539 51 16 vore
667 534 70 22 afsedt
755 537 32 20 att
805 536 58 26 gälla

105 558 80 27 jemväl
202 560 55 27 dem,
273 561 72 22 hvilka
360 563 70 22 såsom
446 565 102 28 frivillige
563 567 94 27 fullgöra
672 569 31 21 sin
722 570 141 27 värnepligts-

106 593 127 27 skyldighet.
264 595 112 24 Utskottet
390 598 39 22 har
445 599 72 22 derför
533 603 70 20 ansett
618 603 33 20 att
665 603 66 27 sagda
747 605 38 20 ord
796 604 67 22 borde

105 627 47 22 från
168 629 73 21 texten
256 631 57 26 utgå.

173 662 52 22 Med
232 663 101 24 afseende
341 665 13 22 å
362 667 31 20 att
404 667 65 28 tiden,
482 669 41 21 den
534 669 14 22 5
558 669 96 28 Januari,
666 671 109 23 hvarinom
787 673 74 22 veder-

104 696 95 22 börande
213 699 139 28 presterskap
367 707 51 21 eger
433 703 32 20 till
481 704 203 27 uppbädsnämnden
699 707 91 22 aflemna
803 708 58 22 den
850 700 16 37 i

104 730 12 27 8
132 731 28 20 53
175 731 141 24 omförmälda
335 734 140 29 förteckning,
495 743 63 22 synes
576 745 43 21 nog
633 740 55 27 kort,
705 742 88 21 emedan
812 742 49 22 full-

104 765 95 27 ständigt
207 767 97 22 materia]
314 768 34 21 för
356 771 66 26 sagda
431 771 146 28 förtecknings
586 776 137 25 uppgörande
732 776 19 27 ej
760 777 61 21 torde
831 777 30 22 ef-

103 800 33 20 ter
146 800 136 27 vanligheten
298 809 51 15 vara
363 805 33 20 att
405 805 62 27 tillgå
478 806 45 21 förr
535 809 27 19 än
573 810 45 19 mot
629 809 65 22 slutet
705 810 23 21 af
737 811 53 27 året,
803 811 39 22 och
853 812 7 21 i

103 833 53 27 följd
172 834 63 22 deraf
249 836 108 28 svärighet
373 839 47 21 med
436 839 173 30 förteckningens
625 843 132 23 aflemnande
772 846 7 21 i
795 846 64 22 behö-

103 868 33 26 rig
152 868 30 22 tid
197 869 72 23 kunde
283 872 78 26 uppstä
376 874 95 22 serdeles
487 875 13 21 &
515 877 59 21 orter
589 878 48 21 med
653 879 82 22 mindre
748 881 43 26 god
801 882 58 25 post-

103 902 189 30 kommunikation,
308 906 39 22 har
362 907 139 27 pluraliteten
516 910 57 22 inom
587 912 106 22 utskottet
703 916 70 20 ansett
783 916 32 20 att
825 921 33 15 or-

102 936 37 22 det
154 937 113 27 ,aflemna*
282 940 67 22 borde
363 942 86 27 utbytas
465 946 58 20 emot
538 946 119 26 vafsända”,
682 948 103 22 Deremot
795 956 63 20 synes

101 971 47 21 icke
163 972 112 23 enahanda
293 975 249 31 redaktionsförändring
561 981 65 27 nödig
644 982 133 23 beträffande
796 985 29 21 54
836 981 22 36 8,

102 1007 51 19 enär
175 1006 200 25 häradsskrifvaren
395 1012 134 22 omedelbart
548 1014 54 22 efter
621 1013 237 36 mantalsskrifningens

102 1039 133 24 slutförande
251 1042 42 22 kan
307 1044 90 28 påbörja
412 1048 150 25 uppgörandet
576 1049 24 21 af
613 1050 40 22 den
669 1051 140 29 förteckning,
820 1053 37 21 ho-

101 1080 49 15 nom
176 1076 67 26 enligt
271 1079 141 22 nästnämnda
441 1081 11 27 $
480 1081 83 28 åligger
592 1084 34 21 till
655 1086 201 26 uppbädsnämnden

100 1107 96 23 aflemna.

168 1143 32 22 Ur
215 1144 156 25 ofvannämnda
387 1148 47 22 frän
449 1150 160 29 Ridderskapet
623 1153 39 21 och
681 1154 69 22 Adeln
769 1156 32 21 till
817 1156 39 22 Ut-

99 1177 81 22 skottet
194 1179 139 24 remitterade
348 1183 200 30 protokollsutdrag
564 1186 95 28 framgär
673 1190 32 20 att
720 1195 25 16 en
761 1190 96 23 ledamot

98 1211 24 22 af
136 1213 66 26 sagde
218 1214 68 27 ständ,
302 1216 68 21 under
381 1217 135 28 åberopande
527 1220 23 22 af
559 1222 128 26 stadgandet
697 1224 6 21 i
715 1221 141 35 värnepligts-

98 1246 74 27 lagens
188 1247 27 21 88
232 1248 18 27 &,
266 1249 123 29 framhällit,
405 1252 102 23 hurusom
522 1255 105 22 formulär
641 1257 32 21 till
688 1258 65 21 sädan
765 1259 33 27 ed,
809 1260 46 21 deri

98 1280 144 29 omförmäles,
265 1283 46 22 icke
334 1285 71 22 blifvit
423 1286 112 24 faststälät
554 1290 38 21 och
611 1290 64 30 förty
686 1291 117 29 föreslagit,
823 1295 32 20 att

98 1314 111 23 Utskottet
228 1316 7 21 i
257 1319 153 28 sammanhang
429 1322 49 21 med
497 1323 157 28 behandlingen
673 1326 23 21 af
717 1327 40 21 den
776 1328 79 27 nädiga

97 1349 160 26 propositionen
272 1352 66 22 mätte
354 1355 50 26 taga
418 1355 76 27 frägan
510 1358 68 21 under
597 1360 134 27 ompröfning
750 1363 56 20 samt
820 1363 33 20 till

98 1382 120 23 Ständerna
240 1385 108 23 inkomma
370 1389 48 21 med
437 1389 84 29 förslag
542 1393 33 20 till
594 1393 69 27 dylikt
681 1395 108 22 formulär.
820 1397 46 21 Där

97 1417 141 23 omförmälda
260 1420 56 21 inom
339 1422 160 29 Ridderskapet
525 1427 39 20 och
586 1428 63 22 adeln
665 1429 82 24 väckta
771 1430 82 29 förslag

169 1457 193 24 Värnepligtsutskottets
374 1463 104 19 betänkande
489 1465 36 18 N:o
538 1467 17 18 2,
