1014 1670
252 113 82 23 Ständ.
350 113 38 23 Sv.
404 125 28 4 —
447 113 70 28 Prop.
534 113 40 22 N:o
589 113 36 22 34.

335 391 137 25 Finlands
507 391 137 26 Ständers
671 391 144 26 underdä-

262 431 69 31 niga
350 431 90 24 svari
450 431 117 31 anledning
577 431 27 25 af
611 431 58 25 Hans
685 431 130 31 Kejserliga

262 470 118 31 Majestäts
403 469 81 33 nädiga
506 471 138 32 proposition
669 478 33 18 om
720 471 94 30 ändring

264 510 27 24 af
315 510 159 30 förordningen
503 511 41 24 den
571 510 13 24 8
608 510 119 25 December
755 510 59 25 1873

264 549 115 32 angäende
398 550 261 32 kommunalförvaltning
677 551 7 24 i
703 550 59 25 stad.

91 617 241 29 Stormäktigste,
351 616 225 30 Allernädigste
591 617 127 29 Kejsare
733 618 52 21 och

346 656 173 23 Storfurste!

125 720 59 22 Enär
199 720 74 28 nädiga
288 720 150 28 förordningen
453 720 23 21 af
488 720 40 22 den
545 721 12 21 8
570 720 119 22 December
705 720 61 25 1873,
778 728 34 13 an-

53 754 84 28 gående
152 754 251 28 kommunalförvaltning
419 754 7 21 i
442 754 52 26 stad,
510 754 108 22 befunnits
634 754 66 22 delvis
715 754 39 22 och
769 758 39 18 sär-

57 788 66 22 skildt
139 788 55 22 hvad
208 789 98 21 beträffar
321 788 142 28 stadgandena
478 788 108 28 angående
596 788 213 22 kommunalbeskatt-

58 822 78 29 ningen
159 822 67 22 tarfva
249 822 94 29 ändring,
363 823 39 20 har
423 822 91 22 Eders
532 822 171 28 Kejserliga
725 822 88 28 Maje-

58 859 59 20 stät
132 856 47 23 lätit
197 857 95 22 utarbeta
307 857 39 21 och
361 856 105 29 förelägga
482 856 119 23 Ständerna
611 856 64 28 nädig
684 855 129 30 proposition

57 891 9 21 i
77 891 55 28 syfte
147 893 32 20 att
193 891 33 22 till
244 891 68 28 grund
324 890 32 22 för
366 891 287 27 kommunalbeskattningen
664 891 69 21 skulle
743 891 70 28 läggas

58 925 41 22 den
115 925 106 22 allmänna
235 925 258 28 bevillningstaxeringen,
505 925 109 22 äfvensom
629 927 31 20 att
670 925 94 28 afhjelpa
779 925 33 21 nä-

58 967 37 21 gra
111 959 64 22 andra
190 959 110 22 anmärkta
322 959 173 28 bristfälligheter
510 959 7 22 i
532 959 137 22 förenämnda
684 959 128 27 förordning.

129 993 44 23 Vid
188 993 153 28 öfvervägande
357 993 23 22 af
393 994 69 21 denna
484 993 76 29 nådiga
582 993 128 29 proposition
725 993 39 21 har
779 993 34 21 det

58 1029 35 21 väl
118 1030 59 26 synts
192 1027 119 23 Ständerna
333 1028 121 26 önskvärdt,
473 1030 31 19 att
519 1035 26 14 en
561 1027 145 22 kombination
721 1027 24 22 af
757 1029 56 20 taxe-

58 1063 99 28 ringarne
172 1061 33 23 för
219 1062 259 28 kommunalbeskattning
494 1062 39 21 och
548 1061 32 22 för
595 1061 116 29 bevillning
727 1061 33 22 till
775 1064 38 19 sta-

58 1099 37 20 ten
118 1097 71 21 kunde
215 1096 156 29 ävägabringas,
396 1101 51 17 enär
473 1096 121 29 derigenom
616 1096 25 21 de
666 1095 147 29 öfverklagade

59 1131 78 22 dubbla
158 1130 148 29 taxeringarna
327 1138 77 20 genom
422 1130 56 21 olika
494 1130 148 28 myndigheter
657 1130 68 21 skulle
741 1129 73 22 undvi-

58 1165 39 22 kas
119 1167 55 20 samt
189 1173 26 13 en
236 1164 95 29 jemnare
354 1165 39 21 och
415 1164 111 23 rättvisare
548 1165 135 28 beskattning
697 1164 24 22 af
734 1172 79 14 samma

58 1199 143 28 skatteobjekt
215 1199 145 28 tilläfventyrs
375 1199 71 22 kunde
458 1199 66 22 ernäs.
548 1199 60 22 Dock
618 1204 35 17 äro
664 1199 119 22 Ständerna
793 1198 23 21 af

59 1233 41 22 den
122 1233 60 29 &sigt,
201 1235 31 20 att
246 1233 252 29 bevillningstaxeringen
513 1241 85 14 snarare
612 1233 63 22 borde
690 1233 84 21 baseras
788 1232 27 28 pä

59 1267 41 22 den
115 1267 33 21 för
163 1266 93 29 fyllande
270 1267 23 21 af
308 1267 25 21 de
348 1268 137 21 kommunala
506 1267 105 22 behofven
634 1267 108 28 företagna
764 1274 51 20 upp-

59 1301 135 29 skattningen
210 1300 23 23 af
245 1301 41 21 den
302 1301 164 29 skattskyldiges
481 1302 99 25 inkomst,
596 1306 27 17 än
638 1304 97 19 tvärtom.

128 1335 35 22 De
177 1335 8 21 i
200 1335 97 22 städerna
320 1336 124 21 uttaxerade
466 1335 100 29 bidragen
582 1336 32 20 för
629 1335 136 21 kommunala
780 1338 33 17 än-

59 1369 70 22 damäl
145 1370 72 20 kunna
232 1369 107 29 nemligen
360 1377 60 14 anses
434 1369 64 22 hafva
513 1369 126 22 karakteren
654 1369 24 21 af
691 1377 26 13 en
733 1368 82 28 ständig

59 1404 64 25 skatt,
146 1404 110 21 hvaremot
280 1403 144 29 bevillningen
447 1404 33 21 till
495 1404 127 22 statsverket
636 1408 23 16 är
674 1402 23 22 af
709 1406 106 25 temporär

59 1440 68 20 natur.
166 1437 130 23 Grunderna
318 1438 32 22 för
372 1438 116 28 utgörande
510 1438 24 22 af
554 1437 117 28 bevillning
691 1438 34 21 till
746 1439 68 20 staten
