<?xml version="1.0" encoding="UTF-8"?>
<alto xmlns="http://www.loc.gov/standards/alto/ns-v3#" xmlns:xlink="http://www.w3.org/1999/xlink" xmlns:xsi="http://www.w3.org/2001/XMLSchema-instance" xsi:schemaLocation="http://www.loc.gov/standards/alto/ns-v3# http://www.loc.gov/alto/v3/alto-3-0.xsd">
	<Description>
		<MeasurementUnit>pixel</MeasurementUnit>
		<sourceImageInformation>
			<fileName>/tmp/tess_xow5a0fr_input.PNG</fileName>
		</sourceImageInformation>
		<OCRProcessing ID="OCR_0">
			<ocrProcessingStep>
				<processingSoftware>
					<softwareName>tesseract 5.3.4</softwareName>
				</processingSoftware>
			</ocrProcessingStep>
		</OCRProcessing>
	</Description>
	<Layout>
		<Page WIDTH="1053" HEIGHT="1692" PHYSICAL_IMG_NR="0" ID="page_0">
			<PrintSpace HPOS="0" VPOS="0" WIDTH="1053" HEIGHT="1692">
				<ComposedBlock ID="cblock_0" HPOS="238" VPOS="116" WIDTH="513" HEIGHT="24">
					<TextBlock ID="block_0" HPOS="238" VPOS="116" WIDTH="513" HEIGHT="24">
						<TextLine ID="line_0" HPOS="238" VPOS="116" WIDTH="513" HEIGHT="24">
							<String ID="string_0" HPOS="238" VPOS="116" WIDTH="13" HEIGHT="19" WC="0.96" CONTENT="8"/><SP WIDTH="174" VPOS="116" HPOS="251"/>
							<String ID="string_1" HPOS="425" VPOS="116" WIDTH="20" HEIGHT="19" WC="0.93" CONTENT="U."/><SP WIDTH="16" VPOS="116" HPOS="445"/>
							<String ID="string_2" HPOS="461" VPOS="116" WIDTH="20" HEIGHT="20" WC="0.91" CONTENT="B."/><SP WIDTH="16" VPOS="116" HPOS="481"/>
							<String ID="string_3" HPOS="497" VPOS="126" WIDTH="28" HEIGHT="4" WC="0.93" CONTENT="—"/><SP WIDTH="17" VPOS="126" HPOS="525"/>
							<String ID="string_4" HPOS="542" VPOS="116" WIDTH="54" HEIGHT="24" WC="0.89" CONTENT="Prop."/><SP WIDTH="16" VPOS="116" HPOS="596"/>
							<String ID="string_5" HPOS="612" VPOS="116" WIDTH="31" HEIGHT="20" WC="0.96" CONTENT="N:o"/><SP WIDTH="15" VPOS="116" HPOS="643"/>
							<String ID="string_6" HPOS="658" VPOS="116" WIDTH="24" HEIGHT="20" WC="0.95" CONTENT="41"/><SP WIDTH="15" VPOS="116" HPOS="682"/>
							<String ID="string_7" HPOS="697" VPOS="121" WIDTH="24" HEIGHT="14" WC="0.27" CONTENT="m."/><SP WIDTH="11" VPOS="121" HPOS="721"/>
							<String ID="string_8" HPOS="732" VPOS="116" WIDTH="19" HEIGHT="20" WC="0.86" CONTENT="fl."/>
						</TextLine>
					</TextBlock>
				</ComposedBlock>
				<ComposedBlock ID="cblock_1" HPOS="206" VPOS="178" WIDTH="761" HEIGHT="720">
					<TextBlock ID="block_1" HPOS="207" VPOS="178" WIDTH="759" HEIGHT="112">
						<TextLine ID="line_1" HPOS="208" VPOS="178" WIDTH="758" HEIGHT="26">
							<String ID="string_9" HPOS="208" VPOS="179" WIDTH="33" HEIGHT="18" WC="0.90" CONTENT="väl"/><SP WIDTH="12" VPOS="179" HPOS="241"/>
							<String ID="string_10" HPOS="253" VPOS="179" WIDTH="44" HEIGHT="18" WC="0.92" CONTENT="med"/><SP WIDTH="12" VPOS="179" HPOS="297"/>
							<String ID="string_11" HPOS="309" VPOS="179" WIDTH="90" HEIGHT="19" WC="0.93" CONTENT="afseende"/><SP WIDTH="12" VPOS="179" HPOS="399"/>
							<String ID="string_12" HPOS="411" VPOS="178" WIDTH="11" HEIGHT="20" WC="0.91" CONTENT="ä"/><SP WIDTH="8" VPOS="178" HPOS="422"/>
							<String ID="string_13" HPOS="430" VPOS="179" WIDTH="130" HEIGHT="19" WC="0.91" CONTENT="folkrikedom"/><SP WIDTH="13" VPOS="179" HPOS="560"/>
							<String ID="string_14" HPOS="573" VPOS="186" WIDTH="41" HEIGHT="13" WC="0.93" CONTENT="som"/><SP WIDTH="12" VPOS="186" HPOS="614"/>
							<String ID="string_15" HPOS="626" VPOS="180" WIDTH="82" HEIGHT="18" WC="0.93" CONTENT="industri"/><SP WIDTH="12" VPOS="180" HPOS="708"/>
							<String ID="string_16" HPOS="720" VPOS="180" WIDTH="74" HEIGHT="24" WC="0.92" CONTENT="intager"/><SP WIDTH="12" VPOS="180" HPOS="794"/>
							<String ID="string_17" HPOS="806" VPOS="181" WIDTH="29" HEIGHT="17" WC="0.93" CONTENT="ett"/><SP WIDTH="12" VPOS="181" HPOS="835"/>
							<String ID="string_18" HPOS="847" VPOS="180" WIDTH="119" HEIGHT="24" WC="0.78" CONTENT="jemförelse-"/>
						</TextLine>
						<TextLine ID="line_2" HPOS="208" VPOS="208" WIDTH="757" HEIGHT="24">
							<String ID="string_19" HPOS="208" VPOS="208" WIDTH="30" HEIGHT="18" WC="0.95" CONTENT="vis"/><SP WIDTH="12" VPOS="208" HPOS="238"/>
							<String ID="string_20" HPOS="250" VPOS="208" WIDTH="73" HEIGHT="18" WC="0.93" CONTENT="mindre"/><SP WIDTH="13" VPOS="208" HPOS="323"/>
							<String ID="string_21" HPOS="336" VPOS="208" WIDTH="126" HEIGHT="20" WC="0.92" CONTENT="framstäende"/><SP WIDTH="13" VPOS="208" HPOS="462"/>
							<String ID="string_22" HPOS="475" VPOS="215" WIDTH="46" HEIGHT="17" WC="0.96" CONTENT="rum,"/><SP WIDTH="13" VPOS="215" HPOS="521"/>
							<String ID="string_23" HPOS="534" VPOS="210" WIDTH="38" HEIGHT="18" WC="0.96" CONTENT="kan"/><SP WIDTH="13" VPOS="210" HPOS="572"/>
							<String ID="string_24" HPOS="585" VPOS="215" WIDTH="43" HEIGHT="13" WC="0.93" CONTENT="man"/><SP WIDTH="12" VPOS="215" HPOS="628"/>
							<String ID="string_25" HPOS="640" VPOS="209" WIDTH="74" HEIGHT="19" WC="0.91" CONTENT="förutse"/><SP WIDTH="12" VPOS="209" HPOS="714"/>
							<String ID="string_26" HPOS="726" VPOS="210" WIDTH="29" HEIGHT="17" WC="0.93" CONTENT="att"/><SP WIDTH="7" VPOS="210" HPOS="755"/>
							<String ID="string_27" HPOS="762" VPOS="208" WIDTH="83" HEIGHT="19" WC="0.92" CONTENT="trafiken"/><SP WIDTH="12" VPOS="208" HPOS="845"/>
							<String ID="string_28" HPOS="857" VPOS="208" WIDTH="12" HEIGHT="20" WC="0.91" CONTENT="ä"/><SP WIDTH="12" VPOS="208" HPOS="869"/>
							<String ID="string_29" HPOS="881" VPOS="210" WIDTH="23" HEIGHT="18" WC="0.93" CONTENT="de"/><SP WIDTH="13" VPOS="210" HPOS="904"/>
							<String ID="string_30" HPOS="917" VPOS="208" WIDTH="48" HEIGHT="19" WC="0.92" CONTENT="före-"/>
						</TextLine>
						<TextLine ID="line_3" HPOS="209" VPOS="237" WIDTH="756" HEIGHT="25">
							<String ID="string_31" HPOS="209" VPOS="237" WIDTH="66" HEIGHT="23" WC="0.91" CONTENT="slagna"/><SP WIDTH="11" VPOS="237" HPOS="275"/>
							<String ID="string_32" HPOS="286" VPOS="237" WIDTH="109" HEIGHT="23" WC="0.92" CONTENT="kanalerna,"/><SP WIDTH="14" VPOS="237" HPOS="395"/>
							<String ID="string_33" HPOS="409" VPOS="238" WIDTH="36" HEIGHT="18" WC="0.93" CONTENT="och"/><SP WIDTH="12" VPOS="238" HPOS="445"/>
							<String ID="string_34" HPOS="457" VPOS="237" WIDTH="57" HEIGHT="19" WC="0.92" CONTENT="alltsä"/><SP WIDTH="12" VPOS="237" HPOS="514"/>
							<String ID="string_35" HPOS="526" VPOS="238" WIDTH="58" HEIGHT="19" WC="0.92" CONTENT="äfven"/><SP WIDTH="12" VPOS="238" HPOS="584"/>
							<String ID="string_36" HPOS="596" VPOS="239" WIDTH="37" HEIGHT="18" WC="0.96" CONTENT="den"/><SP WIDTH="8" VPOS="239" HPOS="633"/>
							<String ID="string_37" HPOS="641" VPOS="240" WIDTH="57" HEIGHT="22" WC="0.92" CONTENT="nyttä"/><SP WIDTH="11" VPOS="240" HPOS="698"/>
							<String ID="string_38" HPOS="709" VPOS="244" WIDTH="41" HEIGHT="12" WC="0.96" CONTENT="som"/><SP WIDTH="13" VPOS="244" HPOS="750"/>
							<String ID="string_39" HPOS="763" VPOS="238" WIDTH="23" HEIGHT="18" WC="0.93" CONTENT="de"/><SP WIDTH="9" VPOS="238" HPOS="786"/>
							<String ID="string_40" HPOS="795" VPOS="238" WIDTH="75" HEIGHT="18" WC="0.92" CONTENT="komme"/><SP WIDTH="9" VPOS="238" HPOS="870"/>
							<String ID="string_41" HPOS="879" VPOS="240" WIDTH="28" HEIGHT="16" WC="0.93" CONTENT="att"/><SP WIDTH="8" VPOS="240" HPOS="907"/>
							<String ID="string_42" HPOS="915" VPOS="238" WIDTH="50" HEIGHT="18" WC="0.92" CONTENT="med-"/>
						</TextLine>
						<TextLine ID="line_4" HPOS="207" VPOS="266" WIDTH="325" HEIGHT="24">
							<String ID="string_43" HPOS="207" VPOS="266" WIDTH="47" HEIGHT="23" WC="0.92" CONTENT="föra,"/><SP WIDTH="13" VPOS="266" HPOS="254"/>
							<String ID="string_44" HPOS="267" VPOS="266" WIDTH="65" HEIGHT="18" WC="0.93" CONTENT="blefve"/><SP WIDTH="12" VPOS="266" HPOS="332"/>
							<String ID="string_45" HPOS="344" VPOS="266" WIDTH="73" HEIGHT="24" WC="0.93" CONTENT="ganska"/><SP WIDTH="12" VPOS="266" HPOS="417"/>
							<String ID="string_46" HPOS="429" VPOS="266" WIDTH="103" HEIGHT="24" WC="0.92" CONTENT="obetydlig."/>
						</TextLine>
					</TextBlock>
					<TextBlock ID="block_2" HPOS="207" VPOS="295" WIDTH="760" HEIGHT="197">
						<TextLine ID="line_5" HPOS="279" VPOS="295" WIDTH="686" HEIGHT="24">
							<String ID="string_47" HPOS="279" VPOS="295" WIDTH="59" HEIGHT="19" WC="0.91" CONTENT="Skola"/><SP WIDTH="18" VPOS="295" HPOS="338"/>
							<String ID="string_48" HPOS="356" VPOS="296" WIDTH="95" HEIGHT="18" WC="0.92" CONTENT="desamma"/><SP WIDTH="18" VPOS="296" HPOS="451"/>
							<String ID="string_49" HPOS="469" VPOS="296" WIDTH="51" HEIGHT="18" WC="0.96" CONTENT="dock"/><SP WIDTH="17" VPOS="296" HPOS="520"/>
							<String ID="string_50" HPOS="537" VPOS="296" WIDTH="76" HEIGHT="18" WC="0.95" CONTENT="komma"/><SP WIDTH="17" VPOS="296" HPOS="613"/>
							<String ID="string_51" HPOS="630" VPOS="296" WIDTH="30" HEIGHT="18" WC="0.93" CONTENT="till"/><SP WIDTH="17" VPOS="296" HPOS="660"/>
							<String ID="string_52" HPOS="677" VPOS="296" WIDTH="108" HEIGHT="23" WC="0.92" CONTENT="utförande,"/><SP WIDTH="19" VPOS="296" HPOS="785"/>
							<String ID="string_53" HPOS="804" VPOS="296" WIDTH="55" HEIGHT="18" WC="0.96" CONTENT="torde"/><SP WIDTH="19" VPOS="296" HPOS="859"/>
							<String ID="string_54" HPOS="878" VPOS="296" WIDTH="33" HEIGHT="18" WC="0.93" CONTENT="det"/><SP WIDTH="10" VPOS="296" HPOS="911"/>
							<String ID="string_55" HPOS="921" VPOS="296" WIDTH="44" HEIGHT="18" WC="0.90" CONTENT="icke"/>
						</TextLine>
						<TextLine ID="line_6" HPOS="207" VPOS="324" WIDTH="758" HEIGHT="24">
							<String ID="string_56" HPOS="207" VPOS="329" WIDTH="48" HEIGHT="13" WC="0.92" CONTENT="vara"/><SP WIDTH="12" VPOS="329" HPOS="255"/>
							<String ID="string_57" HPOS="267" VPOS="324" WIDTH="44" HEIGHT="18" WC="0.93" CONTENT="fullt"/><SP WIDTH="11" VPOS="324" HPOS="311"/>
							<String ID="string_58" HPOS="322" VPOS="324" WIDTH="119" HEIGHT="24" WC="0.93" CONTENT="välbetänkt,"/><SP WIDTH="13" VPOS="324" HPOS="441"/>
							<String ID="string_59" HPOS="454" VPOS="326" WIDTH="29" HEIGHT="16" WC="0.97" CONTENT="att"/><SP WIDTH="11" VPOS="326" HPOS="483"/>
							<String ID="string_60" HPOS="494" VPOS="327" WIDTH="48" HEIGHT="21" WC="0.93" CONTENT="göra"/><SP WIDTH="11" VPOS="327" HPOS="542"/>
							<String ID="string_61" HPOS="553" VPOS="325" WIDTH="82" HEIGHT="23" WC="0.93" CONTENT="längden"/><SP WIDTH="14" VPOS="325" HPOS="635"/>
							<String ID="string_62" HPOS="649" VPOS="325" WIDTH="36" HEIGHT="18" WC="0.93" CONTENT="och"/><SP WIDTH="13" VPOS="325" HPOS="685"/>
							<String ID="string_63" HPOS="698" VPOS="325" WIDTH="68" HEIGHT="23" WC="0.92" CONTENT="djupet"/><SP WIDTH="11" VPOS="325" HPOS="766"/>
							<String ID="string_64" HPOS="777" VPOS="325" WIDTH="20" HEIGHT="18" WC="0.93" CONTENT="at"/><SP WIDTH="12" VPOS="325" HPOS="797"/>
							<String ID="string_65" HPOS="809" VPOS="325" WIDTH="94" HEIGHT="18" WC="0.92" CONTENT="slussarne"/><SP WIDTH="12" VPOS="325" HPOS="903"/>
							<String ID="string_66" HPOS="915" VPOS="325" WIDTH="6" HEIGHT="17" WC="0.93" CONTENT="i"/><SP WIDTH="14" VPOS="325" HPOS="921"/>
							<String ID="string_67" HPOS="935" VPOS="325" WIDTH="30" HEIGHT="17" WC="0.93" CONTENT="de-"/>
						</TextLine>
						<TextLine ID="line_7" HPOS="209" VPOS="354" WIDTH="758" HEIGHT="23">
							<String ID="string_68" HPOS="209" VPOS="358" WIDTH="71" HEIGHT="14" WC="0.94" CONTENT="samma"/><SP WIDTH="12" VPOS="358" HPOS="280"/>
							<String ID="string_69" HPOS="292" VPOS="354" WIDTH="73" HEIGHT="18" WC="0.96" CONTENT="mindre"/><SP WIDTH="12" VPOS="354" HPOS="365"/>
							<String ID="string_70" HPOS="377" VPOS="354" WIDTH="24" HEIGHT="17" WC="0.96" CONTENT="än"/><SP WIDTH="12" VPOS="354" HPOS="401"/>
							<String ID="string_71" HPOS="413" VPOS="354" WIDTH="6" HEIGHT="17" WC="0.93" CONTENT="i"/><SP WIDTH="12" VPOS="354" HPOS="419"/>
							<String ID="string_72" HPOS="431" VPOS="354" WIDTH="102" HEIGHT="23" WC="0.91" CONTENT="Wesijärvi"/><SP WIDTH="18" VPOS="354" HPOS="533"/>
							<String ID="string_73" HPOS="551" VPOS="354" WIDTH="62" HEIGHT="18" WC="0.96" CONTENT="kanal."/><SP WIDTH="23" VPOS="354" HPOS="613"/>
							<String ID="string_74" HPOS="636" VPOS="354" WIDTH="43" HEIGHT="18" WC="0.93" CONTENT="Den"/><SP WIDTH="18" VPOS="354" HPOS="679"/>
							<String ID="string_75" HPOS="697" VPOS="354" WIDTH="110" HEIGHT="23" WC="0.95" CONTENT="härigenom"/><SP WIDTH="12" VPOS="354" HPOS="807"/>
							<String ID="string_76" HPOS="819" VPOS="359" WIDTH="64" HEIGHT="13" WC="0.92" CONTENT="vunna"/><SP WIDTH="17" VPOS="359" HPOS="883"/>
							<String ID="string_77" HPOS="900" VPOS="354" WIDTH="67" HEIGHT="22" WC="0.64" CONTENT="bespa-"/>
						</TextLine>
						<TextLine ID="line_8" HPOS="208" VPOS="382" WIDTH="758" HEIGHT="24">
							<String ID="string_78" HPOS="208" VPOS="383" WIDTH="68" HEIGHT="23" WC="0.92" CONTENT="ringen"/><SP WIDTH="11" VPOS="383" HPOS="276"/>
							<String ID="string_79" HPOS="287" VPOS="383" WIDTH="56" HEIGHT="18" WC="0.93" CONTENT="torde"/><SP WIDTH="12" VPOS="383" HPOS="343"/>
							<String ID="string_80" HPOS="355" VPOS="382" WIDTH="93" HEIGHT="24" WC="0.92" CONTENT="nemligen"/><SP WIDTH="12" VPOS="382" HPOS="448"/>
							<String ID="string_81" HPOS="460" VPOS="383" WIDTH="73" HEIGHT="23" WC="0.96" CONTENT="ganska"/><SP WIDTH="13" VPOS="383" HPOS="533"/>
							<String ID="string_82" HPOS="546" VPOS="384" WIDTH="52" HEIGHT="17" WC="0.96" CONTENT="snart"/><SP WIDTH="12" VPOS="384" HPOS="598"/>
							<String ID="string_83" HPOS="610" VPOS="383" WIDTH="64" HEIGHT="18" WC="0.93" CONTENT="kunna"/><SP WIDTH="12" VPOS="383" HPOS="674"/>
							<String ID="string_84" HPOS="686" VPOS="383" WIDTH="82" HEIGHT="18" WC="0.92" CONTENT="förloras"/><SP WIDTH="18" VPOS="383" HPOS="768"/>
							<String ID="string_85" HPOS="786" VPOS="388" WIDTH="68" HEIGHT="18" WC="0.96" CONTENT="genom"/><SP WIDTH="13" VPOS="388" HPOS="854"/>
							<String ID="string_86" HPOS="867" VPOS="383" WIDTH="23" HEIGHT="17" WC="0.93" CONTENT="de"/><SP WIDTH="13" VPOS="383" HPOS="890"/>
							<String ID="string_87" HPOS="903" VPOS="382" WIDTH="63" HEIGHT="18" WC="0.92" CONTENT="ökade"/>
						</TextLine>
						<TextLine ID="line_9" HPOS="209" VPOS="411" WIDTH="756" HEIGHT="24">
							<String ID="string_88" HPOS="209" VPOS="412" WIDTH="131" HEIGHT="18" WC="0.96" CONTENT="kostnaderna"/><SP WIDTH="11" VPOS="412" HPOS="340"/>
							<String ID="string_89" HPOS="351" VPOS="412" WIDTH="7" HEIGHT="18" WC="0.93" CONTENT="i"/><SP WIDTH="12" VPOS="412" HPOS="358"/>
							<String ID="string_90" HPOS="370" VPOS="412" WIDTH="118" HEIGHT="23" WC="0.91" CONTENT="omlastning,"/><SP WIDTH="13" VPOS="412" HPOS="488"/>
							<String ID="string_91" HPOS="501" VPOS="417" WIDTH="39" HEIGHT="13" WC="0.96" CONTENT="som"/><SP WIDTH="13" VPOS="417" HPOS="540"/>
							<String ID="string_92" HPOS="553" VPOS="412" WIDTH="65" HEIGHT="18" WC="0.93" CONTENT="kunna"/><SP WIDTH="12" VPOS="412" HPOS="618"/>
							<String ID="string_93" HPOS="630" VPOS="412" WIDTH="112" HEIGHT="18" WC="0.92" CONTENT="förorsakas"/><SP WIDTH="8" VPOS="412" HPOS="742"/>
							<String ID="string_94" HPOS="750" VPOS="412" WIDTH="22" HEIGHT="18" WC="0.97" CONTENT="af"/><SP WIDTH="10" VPOS="412" HPOS="772"/>
							<String ID="string_95" HPOS="782" VPOS="414" WIDTH="28" HEIGHT="16" WC="0.93" CONTENT="att"/><SP WIDTH="9" VPOS="414" HPOS="810"/>
							<String ID="string_96" HPOS="819" VPOS="412" WIDTH="95" HEIGHT="18" WC="0.92" CONTENT="farkoster"/><SP WIDTH="8" VPOS="412" HPOS="914"/>
							<String ID="string_97" HPOS="922" VPOS="411" WIDTH="43" HEIGHT="18" WC="0.93" CONTENT="icke"/>
						</TextLine>
						<TextLine ID="line_10" HPOS="208" VPOS="440" WIDTH="758" HEIGHT="24">
							<String ID="string_98" HPOS="208" VPOS="441" WIDTH="65" HEIGHT="18" WC="0.93" CONTENT="kunna"/><SP WIDTH="12" VPOS="441" HPOS="273"/>
							<String ID="string_99" HPOS="285" VPOS="440" WIDTH="25" HEIGHT="24" WC="0.92" CONTENT="gä"/><SP WIDTH="12" VPOS="440" HPOS="310"/>
							<String ID="string_100" HPOS="322" VPOS="441" WIDTH="75" HEIGHT="18" WC="0.92" CONTENT="direkte"/><SP WIDTH="12" VPOS="441" HPOS="397"/>
							<String ID="string_101" HPOS="409" VPOS="446" WIDTH="39" HEIGHT="18" WC="0.93" CONTENT="upp"/><SP WIDTH="15" VPOS="446" HPOS="448"/>
							<String ID="string_102" HPOS="463" VPOS="440" WIDTH="42" HEIGHT="19" WC="0.92" CONTENT="frän"/><SP WIDTH="16" VPOS="440" HPOS="505"/>
							<String ID="string_103" HPOS="521" VPOS="441" WIDTH="67" HEIGHT="18" WC="0.93" CONTENT="Lahtis"/><SP WIDTH="14" VPOS="441" HPOS="588"/>
							<String ID="string_104" HPOS="602" VPOS="441" WIDTH="30" HEIGHT="18" WC="0.96" CONTENT="till"/><SP WIDTH="12" VPOS="441" HPOS="632"/>
							<String ID="string_105" HPOS="644" VPOS="441" WIDTH="29" HEIGHT="18" WC="0.93" CONTENT="sin"/><SP WIDTH="13" VPOS="441" HPOS="673"/>
							<String ID="string_106" HPOS="686" VPOS="441" WIDTH="157" HEIGHT="18" WC="0.92" CONTENT="destinationsort"/><SP WIDTH="12" VPOS="441" HPOS="843"/>
							<String ID="string_107" HPOS="855" VPOS="441" WIDTH="6" HEIGHT="18" WC="0.96" CONTENT="i"/><SP WIDTH="12" VPOS="441" HPOS="861"/>
							<String ID="string_108" HPOS="873" VPOS="441" WIDTH="24" HEIGHT="18" WC="0.96" CONTENT="de"/><SP WIDTH="12" VPOS="441" HPOS="897"/>
							<String ID="string_109" HPOS="909" VPOS="446" WIDTH="57" HEIGHT="12" WC="0.96" CONTENT="norra"/>
						</TextLine>
						<TextLine ID="line_11" HPOS="207" VPOS="470" WIDTH="146" HEIGHT="22">
							<String ID="string_110" HPOS="207" VPOS="470" WIDTH="146" HEIGHT="22" WC="0.92" CONTENT="vattendragen."/>
						</TextLine>
					</TextBlock>
					<TextBlock ID="block_3" HPOS="206" VPOS="498" WIDTH="761" HEIGHT="400">
						<TextLine ID="line_12" HPOS="277" VPOS="498" WIDTH="688" HEIGHT="24">
							<String ID="string_111" HPOS="277" VPOS="498" WIDTH="29" HEIGHT="18" WC="0.95" CONTENT="En"/><SP WIDTH="13" VPOS="498" HPOS="306"/>
							<String ID="string_112" HPOS="319" VPOS="500" WIDTH="62" HEIGHT="17" WC="0.93" CONTENT="större"/><SP WIDTH="6" VPOS="500" HPOS="381"/>
							<String ID="string_113" HPOS="387" VPOS="498" WIDTH="62" HEIGHT="19" WC="0.92" CONTENT="fördel"/><SP WIDTH="6" VPOS="498" HPOS="449"/>
							<String ID="string_114" HPOS="455" VPOS="498" WIDTH="30" HEIGHT="19" WC="0.96" CONTENT="för"/><SP WIDTH="7" VPOS="498" HPOS="485"/>
							<String ID="string_115" HPOS="492" VPOS="499" WIDTH="61" HEIGHT="18" WC="0.93" CONTENT="denna"/><SP WIDTH="6" VPOS="499" HPOS="553"/>
							<String ID="string_116" HPOS="559" VPOS="498" WIDTH="87" HEIGHT="18" WC="0.92" CONTENT="landsdel"/><SP WIDTH="5" VPOS="498" HPOS="646"/>
							<String ID="string_117" HPOS="651" VPOS="498" WIDTH="37" HEIGHT="18" WC="0.96" CONTENT="och"/><SP WIDTH="6" VPOS="498" HPOS="688"/>
							<String ID="string_118" HPOS="694" VPOS="498" WIDTH="99" HEIGHT="24" WC="0.96" CONTENT="möjlighet"/><SP WIDTH="9" VPOS="498" HPOS="793"/>
							<String ID="string_119" HPOS="802" VPOS="498" WIDTH="30" HEIGHT="18" WC="0.93" CONTENT="till"/><SP WIDTH="6" VPOS="498" HPOS="832"/>
							<String ID="string_120" HPOS="838" VPOS="499" WIDTH="127" HEIGHT="23" WC="0.92" CONTENT="uppkomsten"/>
						</TextLine>
						<TextLine ID="line_13" HPOS="209" VPOS="526" WIDTH="758" HEIGHT="25">
							<String ID="string_121" HPOS="209" VPOS="528" WIDTH="102" HEIGHT="18" WC="0.92" CONTENT="derstädes"/><SP WIDTH="6" VPOS="528" HPOS="311"/>
							<String ID="string_122" HPOS="317" VPOS="527" WIDTH="22" HEIGHT="19" WC="0.93" CONTENT="af"/><SP WIDTH="4" VPOS="527" HPOS="339"/>
							<String ID="string_123" HPOS="343" VPOS="526" WIDTH="62" HEIGHT="25" WC="0.92" CONTENT="nägon"/><SP WIDTH="6" VPOS="526" HPOS="405"/>
							<String ID="string_124" HPOS="411" VPOS="526" WIDTH="116" HEIGHT="25" WC="0.93" CONTENT="sägindustri"/><SP WIDTH="6" VPOS="526" HPOS="527"/>
							<String ID="string_125" HPOS="533" VPOS="528" WIDTH="64" HEIGHT="18" WC="0.93" CONTENT="kunde"/><SP WIDTH="7" VPOS="528" HPOS="597"/>
							<String ID="string_126" HPOS="604" VPOS="528" WIDTH="81" HEIGHT="18" WC="0.92" CONTENT="beredas"/><SP WIDTH="7" VPOS="528" HPOS="685"/>
							<String ID="string_127" HPOS="692" VPOS="533" WIDTH="31" HEIGHT="12" WC="0.96" CONTENT="om"/><SP WIDTH="13" VPOS="533" HPOS="723"/>
							<String ID="string_128" HPOS="736" VPOS="528" WIDTH="24" HEIGHT="18" WC="0.93" CONTENT="de"/><SP WIDTH="8" VPOS="528" HPOS="760"/>
							<String ID="string_129" HPOS="768" VPOS="526" WIDTH="145" HEIGHT="25" WC="0.91" CONTENT="ifrägavarande"/><SP WIDTH="12" VPOS="526" HPOS="913"/>
							<String ID="string_130" HPOS="925" VPOS="529" WIDTH="42" HEIGHT="16" WC="0.92" CONTENT="vat-"/>
						</TextLine>
						<TextLine ID="line_14" HPOS="208" VPOS="556" WIDTH="757" HEIGHT="24">
							<String ID="string_131" HPOS="208" VPOS="557" WIDTH="106" HEIGHT="23" WC="0.92" CONTENT="tendragen"/><SP WIDTH="11" VPOS="557" HPOS="314"/>
							<String ID="string_132" HPOS="325" VPOS="557" WIDTH="65" HEIGHT="18" WC="0.93" CONTENT="kunde"/><SP WIDTH="13" VPOS="557" HPOS="390"/>
							<String ID="string_133" HPOS="403" VPOS="558" WIDTH="59" HEIGHT="17" WC="0.93" CONTENT="sättas"/><SP WIDTH="13" VPOS="558" HPOS="462"/>
							<String ID="string_134" HPOS="475" VPOS="557" WIDTH="5" HEIGHT="17" WC="0.96" CONTENT="i"/><SP WIDTH="14" VPOS="557" HPOS="480"/>
							<String ID="string_135" HPOS="494" VPOS="557" WIDTH="64" HEIGHT="18" WC="0.93" CONTENT="direkt"/><SP WIDTH="11" VPOS="557" HPOS="558"/>
							<String ID="string_136" HPOS="569" VPOS="556" WIDTH="196" HEIGHT="24" WC="0.92" CONTENT="sjökommunikation"/><SP WIDTH="7" VPOS="556" HPOS="765"/>
							<String ID="string_137" HPOS="772" VPOS="557" WIDTH="44" HEIGHT="18" WC="0.96" CONTENT="med"/><SP WIDTH="7" VPOS="557" HPOS="816"/>
							<String ID="string_138" HPOS="823" VPOS="557" WIDTH="71" HEIGHT="18" WC="0.93" CONTENT="Finska"/><SP WIDTH="8" VPOS="557" HPOS="894"/>
							<String ID="string_139" HPOS="902" VPOS="556" WIDTH="63" HEIGHT="19" WC="0.92" CONTENT="viken."/>
						</TextLine>
						<TextLine ID="line_15" HPOS="207" VPOS="585" WIDTH="759" HEIGHT="25">
							<String ID="string_140" HPOS="207" VPOS="586" WIDTH="60" HEIGHT="18" WC="0.95" CONTENT="Detta"/><SP WIDTH="12" VPOS="586" HPOS="267"/>
							<String ID="string_141" HPOS="279" VPOS="586" WIDTH="64" HEIGHT="18" WC="0.93" CONTENT="kunde"/><SP WIDTH="13" VPOS="586" HPOS="343"/>
							<String ID="string_142" HPOS="356" VPOS="586" WIDTH="90" HEIGHT="24" WC="0.92" CONTENT="möjligen"/><SP WIDTH="12" VPOS="586" HPOS="446"/>
							<String ID="string_143" HPOS="458" VPOS="585" WIDTH="55" HEIGHT="19" WC="0.92" CONTENT="ernäs"/><SP WIDTH="12" VPOS="585" HPOS="513"/>
							<String ID="string_144" HPOS="525" VPOS="592" WIDTH="67" HEIGHT="18" WC="0.96" CONTENT="genom"/><SP WIDTH="17" VPOS="592" HPOS="592"/>
							<String ID="string_145" HPOS="609" VPOS="592" WIDTH="22" HEIGHT="12" WC="0.93" CONTENT="en"/><SP WIDTH="13" VPOS="592" HPOS="631"/>
							<String ID="string_146" HPOS="644" VPOS="586" WIDTH="175" HEIGHT="18" WC="0.91" CONTENT="kanalförbindelse"/><SP WIDTH="13" VPOS="586" HPOS="819"/>
							<String ID="string_147" HPOS="832" VPOS="586" WIDTH="79" HEIGHT="18" WC="0.92" CONTENT="emellan"/><SP WIDTH="12" VPOS="586" HPOS="911"/>
							<String ID="string_148" HPOS="923" VPOS="586" WIDTH="43" HEIGHT="18" WC="0.92" CONTENT="Päi-"/>
						</TextLine>
						<TextLine ID="line_16" HPOS="206" VPOS="614" WIDTH="760" HEIGHT="24">
							<String ID="string_149" HPOS="206" VPOS="616" WIDTH="59" HEIGHT="22" WC="0.96" CONTENT="jänne"/><SP WIDTH="13" VPOS="616" HPOS="265"/>
							<String ID="string_150" HPOS="278" VPOS="615" WIDTH="36" HEIGHT="18" WC="0.96" CONTENT="och"/><SP WIDTH="10" VPOS="615" HPOS="314"/>
							<String ID="string_151" HPOS="324" VPOS="615" WIDTH="63" HEIGHT="18" WC="0.93" CONTENT="Saima"/><SP WIDTH="11" VPOS="615" HPOS="387"/>
							<String ID="string_152" HPOS="398" VPOS="615" WIDTH="138" HEIGHT="23" WC="0.92" CONTENT="vattendragen"/><SP WIDTH="12" VPOS="615" HPOS="536"/>
							<String ID="string_153" HPOS="548" VPOS="615" WIDTH="33" HEIGHT="18" WC="0.96" CONTENT="via"/><SP WIDTH="13" VPOS="615" HPOS="581"/>
							<String ID="string_154" HPOS="594" VPOS="614" WIDTH="123" HEIGHT="24" WC="0.93" CONTENT="Suonenjoki,"/><SP WIDTH="13" VPOS="614" HPOS="717"/>
							<String ID="string_155" HPOS="730" VPOS="614" WIDTH="157" HEIGHT="24" WC="0.91" CONTENT="Suonteenselkä,"/><SP WIDTH="14" VPOS="614" HPOS="887"/>
							<String ID="string_156" HPOS="901" VPOS="615" WIDTH="65" HEIGHT="18" WC="0.91" CONTENT="Sorsa-"/>
						</TextLine>
						<TextLine ID="line_17" HPOS="207" VPOS="644" WIDTH="760" HEIGHT="23">
							<String ID="string_157" HPOS="207" VPOS="644" WIDTH="42" HEIGHT="18" WC="0.96" CONTENT="vesi"/><SP WIDTH="13" VPOS="644" HPOS="249"/>
							<String ID="string_158" HPOS="262" VPOS="644" WIDTH="36" HEIGHT="18" WC="0.96" CONTENT="och"/><SP WIDTH="12" VPOS="644" HPOS="298"/>
							<String ID="string_159" HPOS="310" VPOS="644" WIDTH="94" HEIGHT="18" WC="0.96" CONTENT="Varkaus."/><SP WIDTH="29" VPOS="644" HPOS="404"/>
							<String ID="string_160" HPOS="433" VPOS="644" WIDTH="38" HEIGHT="18" WC="0.96" CONTENT="Det"/><SP WIDTH="11" VPOS="644" HPOS="471"/>
							<String ID="string_161" HPOS="482" VPOS="645" WIDTH="22" HEIGHT="17" WC="0.96" CONTENT="är"/><SP WIDTH="12" VPOS="645" HPOS="504"/>
							<String ID="string_162" HPOS="516" VPOS="644" WIDTH="68" HEIGHT="18" WC="0.96" CONTENT="endast"/><SP WIDTH="13" VPOS="644" HPOS="584"/>
							<String ID="string_163" HPOS="597" VPOS="645" WIDTH="28" HEIGHT="17" WC="0.93" CONTENT="ett"/><SP WIDTH="16" VPOS="645" HPOS="625"/>
							<String ID="string_164" HPOS="641" VPOS="644" WIDTH="56" HEIGHT="18" WC="0.92" CONTENT="smalt"/><SP WIDTH="12" VPOS="644" HPOS="697"/>
							<String ID="string_165" HPOS="709" VPOS="644" WIDTH="37" HEIGHT="18" WC="0.96" CONTENT="och"/><SP WIDTH="13" VPOS="644" HPOS="746"/>
							<String ID="string_166" HPOS="759" VPOS="644" WIDTH="61" HEIGHT="18" WC="0.93" CONTENT="delvis"/><SP WIDTH="12" VPOS="644" HPOS="820"/>
							<String ID="string_167" HPOS="832" VPOS="644" WIDTH="135" HEIGHT="23" WC="0.88" CONTENT="genombrutet"/>
						</TextLine>
						<TextLine ID="line_18" HPOS="207" VPOS="671" WIDTH="758" HEIGHT="25">
							<String ID="string_168" HPOS="207" VPOS="674" WIDTH="34" HEIGHT="17" WC="0.96" CONTENT="näs"/><SP WIDTH="20" VPOS="674" HPOS="241"/>
							<String ID="string_169" HPOS="261" VPOS="678" WIDTH="40" HEIGHT="13" WC="0.96" CONTENT="som"/><SP WIDTH="18" VPOS="678" HPOS="301"/>
							<String ID="string_170" HPOS="319" VPOS="673" WIDTH="35" HEIGHT="18" WC="0.93" CONTENT="här"/><SP WIDTH="18" VPOS="673" HPOS="354"/>
							<String ID="string_171" HPOS="372" VPOS="671" WIDTH="87" HEIGHT="25" WC="0.39" CONTENT="ätskiljerx"/><SP WIDTH="18" VPOS="671" HPOS="459"/>
							<String ID="string_172" HPOS="477" VPOS="673" WIDTH="23" HEIGHT="18" WC="0.93" CONTENT="de"/><SP WIDTH="18" VPOS="673" HPOS="500"/>
							<String ID="string_173" HPOS="518" VPOS="672" WIDTH="50" HEIGHT="19" WC="0.93" CONTENT="båda"/><SP WIDTH="18" VPOS="672" HPOS="568"/>
							<String ID="string_174" HPOS="586" VPOS="674" WIDTH="170" HEIGHT="22" WC="0.92" CONTENT="vattensystemen."/><SP WIDTH="24" VPOS="674" HPOS="756"/>
							<String ID="string_175" HPOS="780" VPOS="673" WIDTH="29" HEIGHT="17" WC="0.93" CONTENT="En"/><SP WIDTH="17" VPOS="673" HPOS="809"/>
							<String ID="string_176" HPOS="826" VPOS="672" WIDTH="139" HEIGHT="19" WC="0.96" CONTENT="förberedande"/>
						</TextLine>
						<TextLine ID="line_19" HPOS="207" VPOS="700" WIDTH="758" HEIGHT="25">
							<String ID="string_177" HPOS="207" VPOS="702" WIDTH="145" HEIGHT="22" WC="0.96" CONTENT="undersökning"/><SP WIDTH="11" VPOS="702" HPOS="352"/>
							<String ID="string_178" HPOS="363" VPOS="702" WIDTH="7" HEIGHT="17" WC="0.96" CONTENT="i"/><SP WIDTH="13" VPOS="702" HPOS="370"/>
							<String ID="string_179" HPOS="383" VPOS="702" WIDTH="61" HEIGHT="18" WC="0.92" CONTENT="denna"/><SP WIDTH="11" VPOS="702" HPOS="444"/>
							<String ID="string_180" HPOS="455" VPOS="702" WIDTH="85" HEIGHT="23" WC="0.92" CONTENT="riktning"/><SP WIDTH="16" VPOS="702" HPOS="540"/>
							<String ID="string_181" HPOS="556" VPOS="702" WIDTH="56" HEIGHT="18" WC="0.96" CONTENT="torde"/><SP WIDTH="18" VPOS="702" HPOS="612"/>
							<String ID="string_182" HPOS="630" VPOS="700" WIDTH="25" HEIGHT="24" WC="0.96" CONTENT="pä"/><SP WIDTH="15" VPOS="700" HPOS="655"/>
							<String ID="string_183" HPOS="670" VPOS="703" WIDTH="43" HEIGHT="16" WC="0.93" CONTENT="1850"/><SP WIDTH="13" VPOS="703" HPOS="713"/>
							<String ID="string_184" HPOS="726" VPOS="702" WIDTH="47" HEIGHT="17" WC="0.92" CONTENT="talet"/><SP WIDTH="12" VPOS="702" HPOS="773"/>
							<String ID="string_185" HPOS="785" VPOS="701" WIDTH="58" HEIGHT="19" WC="0.92" CONTENT="hafva"/><SP WIDTH="12" VPOS="701" HPOS="843"/>
							<String ID="string_186" HPOS="855" VPOS="701" WIDTH="110" HEIGHT="23" WC="0.91" CONTENT="verkstälts,"/>
						</TextLine>
						<TextLine ID="line_20" HPOS="207" VPOS="730" WIDTH="758" HEIGHT="24">
							<String ID="string_187" HPOS="207" VPOS="731" WIDTH="61" HEIGHT="18" WC="0.96" CONTENT="ehuru"/><SP WIDTH="12" VPOS="731" HPOS="268"/>
							<String ID="string_188" HPOS="280" VPOS="731" WIDTH="69" HEIGHT="23" WC="0.96" CONTENT="planen"/><SP WIDTH="12" VPOS="731" HPOS="349"/>
							<String ID="string_189" HPOS="361" VPOS="730" WIDTH="22" HEIGHT="18" WC="0.97" CONTENT="af"/><SP WIDTH="10" VPOS="730" HPOS="383"/>
							<String ID="string_190" HPOS="393" VPOS="736" WIDTH="23" HEIGHT="13" WC="0.96" CONTENT="en"/><SP WIDTH="12" VPOS="736" HPOS="416"/>
							<String ID="string_191" HPOS="428" VPOS="731" WIDTH="46" HEIGHT="18" WC="0.96" CONTENT="eller"/><SP WIDTH="11" VPOS="731" HPOS="474"/>
							<String ID="string_192" HPOS="485" VPOS="736" WIDTH="61" HEIGHT="12" WC="0.93" CONTENT="annan"/><SP WIDTH="12" VPOS="736" HPOS="546"/>
							<String ID="string_193" HPOS="558" VPOS="731" WIDTH="58" HEIGHT="18" WC="0.96" CONTENT="orsak"/><SP WIDTH="12" VPOS="731" HPOS="616"/>
							<String ID="string_194" HPOS="628" VPOS="731" WIDTH="17" HEIGHT="23" WC="0.96" CONTENT="ej"/><SP WIDTH="13" VPOS="731" HPOS="645"/>
							<String ID="string_195" HPOS="658" VPOS="730" WIDTH="65" HEIGHT="19" WC="0.93" CONTENT="blifvit"/><SP WIDTH="12" VPOS="730" HPOS="723"/>
							<String ID="string_196" HPOS="735" VPOS="730" WIDTH="89" HEIGHT="24" WC="0.87" CONTENT="fullföljä."/><SP WIDTH="19" VPOS="730" HPOS="824"/>
							<String ID="string_197" HPOS="843" VPOS="730" WIDTH="31" HEIGHT="18" WC="0.93" CONTENT="Då"/><SP WIDTH="8" VPOS="730" HPOS="874"/>
							<String ID="string_198" HPOS="882" VPOS="731" WIDTH="83" HEIGHT="17" WC="0.92" CONTENT="emeller-"/>
						</TextLine>
						<TextLine ID="line_21" HPOS="207" VPOS="759" WIDTH="758" HEIGHT="23">
							<String ID="string_199" HPOS="207" VPOS="760" WIDTH="29" HEIGHT="18" WC="0.95" CONTENT="tid"/><SP WIDTH="13" VPOS="760" HPOS="236"/>
							<String ID="string_200" HPOS="249" VPOS="765" WIDTH="23" HEIGHT="13" WC="0.93" CONTENT="en"/><SP WIDTH="13" VPOS="765" HPOS="272"/>
							<String ID="string_201" HPOS="285" VPOS="759" WIDTH="173" HEIGHT="19" WC="0.92" CONTENT="kanalförbindelse"/><SP WIDTH="12" VPOS="759" HPOS="458"/>
							<String ID="string_202" HPOS="470" VPOS="760" WIDTH="42" HEIGHT="18" WC="0.96" CONTENT="med"/><SP WIDTH="14" VPOS="760" HPOS="512"/>
							<String ID="string_203" HPOS="526" VPOS="760" WIDTH="63" HEIGHT="18" WC="0.93" CONTENT="Saima"/><SP WIDTH="13" VPOS="760" HPOS="589"/>
							<String ID="string_204" HPOS="602" VPOS="759" WIDTH="146" HEIGHT="23" WC="0.89" CONTENT="otvifvelaktigt"/><SP WIDTH="18" VPOS="759" HPOS="748"/>
							<String ID="string_205" HPOS="766" VPOS="759" WIDTH="75" HEIGHT="18" WC="0.92" CONTENT="komme"/><SP WIDTH="13" VPOS="759" HPOS="841"/>
							<String ID="string_206" HPOS="854" VPOS="761" WIDTH="29" HEIGHT="16" WC="0.93" CONTENT="att"/><SP WIDTH="12" VPOS="761" HPOS="883"/>
							<String ID="string_207" HPOS="895" VPOS="760" WIDTH="70" HEIGHT="18" WC="0.92" CONTENT="bereda"/>
						</TextLine>
						<TextLine ID="line_22" HPOS="207" VPOS="788" WIDTH="757" HEIGHT="24">
							<String ID="string_208" HPOS="207" VPOS="789" WIDTH="101" HEIGHT="18" WC="0.92" CONTENT="trakterna"/><SP WIDTH="11" VPOS="789" HPOS="308"/>
							<String ID="string_209" HPOS="319" VPOS="794" WIDTH="45" HEIGHT="13" WC="0.91" CONTENT="norr"/><SP WIDTH="15" VPOS="794" HPOS="364"/>
							<String ID="string_210" HPOS="379" VPOS="794" WIDTH="30" HEIGHT="12" WC="0.96" CONTENT="om"/><SP WIDTH="12" VPOS="794" HPOS="409"/>
							<String ID="string_211" HPOS="421" VPOS="788" WIDTH="91" HEIGHT="24" WC="0.96" CONTENT="Päijänne"/><SP WIDTH="18" VPOS="788" HPOS="512"/>
							<String ID="string_212" HPOS="530" VPOS="791" WIDTH="71" HEIGHT="16" WC="0.93" CONTENT="största"/><SP WIDTH="11" VPOS="791" HPOS="601"/>
							<String ID="string_213" HPOS="612" VPOS="789" WIDTH="79" HEIGHT="23" WC="0.93" CONTENT="möjliga"/><SP WIDTH="16" VPOS="789" HPOS="691"/>
							<String ID="string_214" HPOS="707" VPOS="788" WIDTH="67" HEIGHT="23" WC="0.92" CONTENT="fördel,"/><SP WIDTH="15" VPOS="788" HPOS="774"/>
							<String ID="string_215" HPOS="789" VPOS="788" WIDTH="55" HEIGHT="18" WC="0.96" CONTENT="torde"/><SP WIDTH="15" VPOS="788" HPOS="844"/>
							<String ID="string_216" HPOS="859" VPOS="789" WIDTH="37" HEIGHT="22" WC="0.93" CONTENT="väl,"/><SP WIDTH="13" VPOS="789" HPOS="896"/>
							<String ID="string_217" HPOS="909" VPOS="788" WIDTH="55" HEIGHT="18" WC="0.92" CONTENT="innan"/>
						</TextLine>
						<TextLine ID="line_23" HPOS="207" VPOS="816" WIDTH="758" HEIGHT="25">
							<String ID="string_218" HPOS="207" VPOS="817" WIDTH="60" HEIGHT="24" WC="0.90" CONTENT="nägot"/><SP WIDTH="12" VPOS="817" HPOS="267"/>
							<String ID="string_219" HPOS="279" VPOS="817" WIDTH="96" HEIGHT="19" WC="0.92" CONTENT="definitivt"/><SP WIDTH="12" VPOS="817" HPOS="375"/>
							<String ID="string_220" HPOS="387" VPOS="818" WIDTH="6" HEIGHT="17" WC="0.96" CONTENT="i"/><SP WIDTH="8" VPOS="818" HPOS="393"/>
							<String ID="string_221" HPOS="401" VPOS="818" WIDTH="60" HEIGHT="18" WC="0.93" CONTENT="saken"/><SP WIDTH="8" VPOS="818" HPOS="461"/>
							<String ID="string_222" HPOS="469" VPOS="816" WIDTH="82" HEIGHT="25" WC="0.91" CONTENT="ätgöres,"/><SP WIDTH="13" VPOS="816" HPOS="551"/>
							<String ID="string_223" HPOS="564" VPOS="824" WIDTH="24" HEIGHT="12" WC="0.96" CONTENT="en"/><SP WIDTH="8" VPOS="824" HPOS="588"/>
							<String ID="string_224" HPOS="596" VPOS="818" WIDTH="132" HEIGHT="18" WC="0.90" CONTENT="instrumental"/><SP WIDTH="9" VPOS="818" HPOS="728"/>
							<String ID="string_225" HPOS="737" VPOS="817" WIDTH="144" HEIGHT="23" WC="0.96" CONTENT="undersökning"/><SP WIDTH="8" VPOS="817" HPOS="881"/>
							<String ID="string_226" HPOS="889" VPOS="818" WIDTH="6" HEIGHT="17" WC="0.96" CONTENT="i"/><SP WIDTH="9" VPOS="818" HPOS="895"/>
							<String ID="string_227" HPOS="904" VPOS="817" WIDTH="61" HEIGHT="18" WC="0.96" CONTENT="denna"/>
						</TextLine>
						<TextLine ID="line_24" HPOS="207" VPOS="845" WIDTH="758" HEIGHT="24">
							<String ID="string_228" HPOS="207" VPOS="846" WIDTH="86" HEIGHT="23" WC="0.96" CONTENT="riktning"/><SP WIDTH="12" VPOS="846" HPOS="293"/>
							<String ID="string_229" HPOS="305" VPOS="851" WIDTH="48" HEIGHT="13" WC="0.93" CONTENT="vara"/><SP WIDTH="12" VPOS="851" HPOS="353"/>
							<String ID="string_230" HPOS="365" VPOS="846" WIDTH="80" HEIGHT="23" WC="0.93" CONTENT="önsklig,"/><SP WIDTH="14" VPOS="846" HPOS="445"/>
							<String ID="string_231" HPOS="459" VPOS="846" WIDTH="29" HEIGHT="19" WC="0.96" CONTENT="för"/><SP WIDTH="12" VPOS="846" HPOS="488"/>
							<String ID="string_232" HPOS="500" VPOS="848" WIDTH="29" HEIGHT="16" WC="0.93" CONTENT="att"/><SP WIDTH="11" VPOS="848" HPOS="529"/>
							<String ID="string_233" HPOS="540" VPOS="848" WIDTH="70" HEIGHT="17" WC="0.95" CONTENT="utröna"/><SP WIDTH="11" VPOS="848" HPOS="610"/>
							<String ID="string_234" HPOS="621" VPOS="847" WIDTH="43" HEIGHT="17" WC="0.93" CONTENT="med"/><SP WIDTH="13" VPOS="847" HPOS="664"/>
							<String ID="string_235" HPOS="677" VPOS="846" WIDTH="68" HEIGHT="18" WC="0.96" CONTENT="hvilka"/><SP WIDTH="8" VPOS="846" HPOS="745"/>
							<String ID="string_236" HPOS="753" VPOS="846" WIDTH="105" HEIGHT="18" WC="0.96" CONTENT="kostnader"/><SP WIDTH="12" VPOS="846" HPOS="858"/>
							<String ID="string_237" HPOS="870" VPOS="852" WIDTH="23" HEIGHT="12" WC="0.93" CONTENT="en"/><SP WIDTH="12" VPOS="852" HPOS="893"/>
							<String ID="string_238" HPOS="905" VPOS="845" WIDTH="60" HEIGHT="19" WC="0.95" CONTENT="sådan"/>
						</TextLine>
						<TextLine ID="line_25" HPOS="206" VPOS="875" WIDTH="361" HEIGHT="23">
							<String ID="string_239" HPOS="206" VPOS="875" WIDTH="129" HEIGHT="23" WC="0.93" CONTENT="kanalisering"/><SP WIDTH="13" VPOS="875" HPOS="335"/>
							<String ID="string_240" HPOS="348" VPOS="875" WIDTH="64" HEIGHT="18" WC="0.96" CONTENT="kunde"/><SP WIDTH="12" VPOS="875" HPOS="412"/>
							<String ID="string_241" HPOS="424" VPOS="881" WIDTH="47" HEIGHT="12" WC="0.93" CONTENT="vara"/><SP WIDTH="12" VPOS="881" HPOS="471"/>
							<String ID="string_242" HPOS="483" VPOS="875" WIDTH="84" HEIGHT="19" WC="0.91" CONTENT="förenad."/>
						</TextLine>
					</TextBlock>
				</ComposedBlock>
				<ComposedBlock ID="cblock_2" HPOS="201" VPOS="939" WIDTH="764" HEIGHT="542">
					<TextBlock ID="block_4" HPOS="201" VPOS="939" WIDTH="764" HEIGHT="512">
						<TextLine ID="line_26" HPOS="275" VPOS="939" WIDTH="690" HEIGHT="28">
							<String ID="string_243" HPOS="275" VPOS="939" WIDTH="115" HEIGHT="22" WC="0.92" CONTENT="Utskottet"/><SP WIDTH="14" VPOS="939" HPOS="390"/>
							<String ID="string_244" HPOS="404" VPOS="940" WIDTH="40" HEIGHT="21" WC="0.96" CONTENT="har"/><SP WIDTH="14" VPOS="940" HPOS="444"/>
							<String ID="string_245" HPOS="458" VPOS="939" WIDTH="26" HEIGHT="22" WC="0.96" CONTENT="af"/><SP WIDTH="11" VPOS="939" HPOS="484"/>
							<String ID="string_246" HPOS="495" VPOS="939" WIDTH="54" HEIGHT="28" WC="0.96" CONTENT="skäl,"/><SP WIDTH="23" VPOS="939" HPOS="549"/>
							<String ID="string_247" HPOS="572" VPOS="946" WIDTH="46" HEIGHT="15" WC="0.93" CONTENT="som"/><SP WIDTH="19" VPOS="946" HPOS="618"/>
							<String ID="string_248" HPOS="637" VPOS="939" WIDTH="19" HEIGHT="28" WC="0.89" CONTENT="ej"/><SP WIDTH="21" VPOS="939" HPOS="656"/>
							<String ID="string_249" HPOS="677" VPOS="939" WIDTH="63" HEIGHT="22" WC="0.93" CONTENT="torde"/><SP WIDTH="15" VPOS="939" HPOS="740"/>
							<String ID="string_250" HPOS="755" VPOS="939" WIDTH="94" HEIGHT="22" WC="0.92" CONTENT="behöfva"/><SP WIDTH="16" VPOS="939" HPOS="849"/>
							<String ID="string_251" HPOS="865" VPOS="941" WIDTH="100" HEIGHT="19" WC="0.93" CONTENT="närmare"/>
						</TextLine>
						<TextLine ID="line_27" HPOS="205" VPOS="973" WIDTH="760" HEIGHT="29">
							<String ID="string_252" HPOS="205" VPOS="974" WIDTH="110" HEIGHT="28" WC="0.91" CONTENT="utläggas,"/><SP WIDTH="16" VPOS="974" HPOS="315"/>
							<String ID="string_253" HPOS="331" VPOS="974" WIDTH="48" HEIGHT="22" WC="0.91" CONTENT="icke"/><SP WIDTH="14" VPOS="974" HPOS="379"/>
							<String ID="string_254" HPOS="393" VPOS="974" WIDTH="84" HEIGHT="21" WC="0.96" CONTENT="kunnat"/><SP WIDTH="14" VPOS="974" HPOS="477"/>
							<String ID="string_255" HPOS="491" VPOS="980" WIDTH="57" HEIGHT="21" WC="0.95" CONTENT="egna"/><SP WIDTH="15" VPOS="980" HPOS="548"/>
							<String ID="string_256" HPOS="563" VPOS="974" WIDTH="70" HEIGHT="21" WC="0.93" CONTENT="denna"/><SP WIDTH="21" VPOS="974" HPOS="633"/>
							<String ID="string_257" HPOS="654" VPOS="973" WIDTH="67" HEIGHT="28" WC="0.92" CONTENT="fräga"/><SP WIDTH="15" VPOS="973" HPOS="721"/>
							<String ID="string_258" HPOS="736" VPOS="973" WIDTH="41" HEIGHT="22" WC="0.93" CONTENT="den"/><SP WIDTH="18" VPOS="973" HPOS="777"/>
							<String ID="string_259" HPOS="795" VPOS="975" WIDTH="98" HEIGHT="20" WC="0.92" CONTENT="närmare"/><SP WIDTH="16" VPOS="975" HPOS="893"/>
							<String ID="string_260" HPOS="909" VPOS="973" WIDTH="56" HEIGHT="27" WC="0.93" CONTENT="pröf-"/>
						</TextLine>
						<TextLine ID="line_28" HPOS="204" VPOS="1007" WIDTH="761" HEIGHT="29">
							<String ID="string_261" HPOS="204" VPOS="1008" WIDTH="54" HEIGHT="28" WC="0.96" CONTENT="ning"/><SP WIDTH="15" VPOS="1008" HPOS="258"/>
							<String ID="string_262" HPOS="273" VPOS="1015" WIDTH="45" HEIGHT="15" WC="0.91" CONTENT="som"/><SP WIDTH="15" VPOS="1015" HPOS="318"/>
							<String ID="string_263" HPOS="333" VPOS="1015" WIDTH="51" HEIGHT="16" WC="0.96" CONTENT="vore"/><SP WIDTH="15" VPOS="1015" HPOS="384"/>
							<String ID="string_264" HPOS="399" VPOS="1009" WIDTH="25" HEIGHT="21" WC="0.93" CONTENT="af"/><SP WIDTH="12" VPOS="1009" HPOS="424"/>
							<String ID="string_265" HPOS="436" VPOS="1009" WIDTH="71" HEIGHT="21" WC="0.96" CONTENT="nöden"/><SP WIDTH="21" VPOS="1009" HPOS="507"/>
							<String ID="string_266" HPOS="528" VPOS="1008" WIDTH="35" HEIGHT="22" WC="0.96" CONTENT="för"/><SP WIDTH="15" VPOS="1008" HPOS="563"/>
							<String ID="string_267" HPOS="578" VPOS="1010" WIDTH="34" HEIGHT="20" WC="0.93" CONTENT="att"/><SP WIDTH="14" VPOS="1010" HPOS="612"/>
							<String ID="string_268" HPOS="626" VPOS="1009" WIDTH="69" HEIGHT="27" WC="0.92" CONTENT="derpä"/><SP WIDTH="15" VPOS="1009" HPOS="695"/>
							<String ID="string_269" HPOS="710" VPOS="1008" WIDTH="86" HEIGHT="27" WC="0.95" CONTENT="grunda"/><SP WIDTH="15" VPOS="1008" HPOS="796"/>
							<String ID="string_270" HPOS="811" VPOS="1010" WIDTH="32" HEIGHT="19" WC="0.93" CONTENT="ett"/><SP WIDTH="15" VPOS="1010" HPOS="843"/>
							<String ID="string_271" HPOS="858" VPOS="1007" WIDTH="107" HEIGHT="22" WC="0.96" CONTENT="bestämdt"/>
						</TextLine>
						<TextLine ID="line_29" HPOS="205" VPOS="1042" WIDTH="760" HEIGHT="28">
							<String ID="string_272" HPOS="205" VPOS="1043" WIDTH="97" HEIGHT="22" WC="0.96" CONTENT="omdöme"/><SP WIDTH="15" VPOS="1043" HPOS="302"/>
							<String ID="string_273" HPOS="317" VPOS="1043" WIDTH="39" HEIGHT="22" WC="0.96" CONTENT="och"/><SP WIDTH="15" VPOS="1043" HPOS="356"/>
							<String ID="string_274" HPOS="371" VPOS="1045" WIDTH="34" HEIGHT="20" WC="0.93" CONTENT="ett"/><SP WIDTH="13" VPOS="1045" HPOS="405"/>
							<String ID="string_275" HPOS="418" VPOS="1043" WIDTH="130" HEIGHT="22" WC="0.92" CONTENT="motiveradt"/><SP WIDTH="15" VPOS="1043" HPOS="548"/>
							<String ID="string_276" HPOS="563" VPOS="1043" WIDTH="120" HEIGHT="22" WC="0.91" CONTENT="utlätande."/><SP WIDTH="23" VPOS="1043" HPOS="683"/>
							<String ID="string_277" HPOS="706" VPOS="1043" WIDTH="52" HEIGHT="21" WC="0.93" CONTENT="Men"/><SP WIDTH="13" VPOS="1043" HPOS="758"/>
							<String ID="string_278" HPOS="771" VPOS="1043" WIDTH="73" HEIGHT="27" WC="0.92" CONTENT="nägon"/><SP WIDTH="10" VPOS="1043" HPOS="844"/>
							<String ID="string_279" HPOS="854" VPOS="1042" WIDTH="111" HEIGHT="28" WC="0.94" CONTENT="betydelse"/>
						</TextLine>
						<TextLine ID="line_30" HPOS="205" VPOS="1077" WIDTH="760" HEIGHT="23">
							<String ID="string_280" HPOS="205" VPOS="1078" WIDTH="71" HEIGHT="22" WC="0.93" CONTENT="mäste"/><SP WIDTH="17" VPOS="1078" HPOS="276"/>
							<String ID="string_281" HPOS="293" VPOS="1078" WIDTH="114" HEIGHT="22" WC="0.90" CONTENT="Utskottet"/><SP WIDTH="15" VPOS="1078" HPOS="407"/>
							<String ID="string_282" HPOS="422" VPOS="1078" WIDTH="54" HEIGHT="22" WC="0.93" CONTENT="dock"/><SP WIDTH="20" VPOS="1078" HPOS="476"/>
							<String ID="string_283" HPOS="496" VPOS="1078" WIDTH="132" HEIGHT="21" WC="0.92" CONTENT="tillerkänna"/><SP WIDTH="15" VPOS="1078" HPOS="628"/>
							<String ID="string_284" HPOS="643" VPOS="1078" WIDTH="26" HEIGHT="21" WC="0.96" CONTENT="de"/><SP WIDTH="23" VPOS="1078" HPOS="669"/>
							<String ID="string_285" HPOS="692" VPOS="1077" WIDTH="8" HEIGHT="22" WC="0.93" CONTENT="i"/><SP WIDTH="18" VPOS="1077" HPOS="700"/>
							<String ID="string_286" HPOS="718" VPOS="1077" WIDTH="157" HEIGHT="22" WC="0.92" CONTENT="ofvanstäende"/><SP WIDTH="21" VPOS="1077" HPOS="875"/>
							<String ID="string_287" HPOS="896" VPOS="1077" WIDTH="69" HEIGHT="22" WC="0.92" CONTENT="mätto"/>
						</TextLine>
						<TextLine ID="line_31" HPOS="203" VPOS="1112" WIDTH="761" HEIGHT="29">
							<String ID="string_288" HPOS="203" VPOS="1112" WIDTH="131" HEIGHT="23" WC="0.92" CONTENT="framstälda"/><SP WIDTH="13" VPOS="1112" HPOS="334"/>
							<String ID="string_289" HPOS="347" VPOS="1113" WIDTH="193" HEIGHT="28" WC="0.86" CONTENT="invändningarne."/><SP WIDTH="30" VPOS="1113" HPOS="540"/>
							<String ID="string_290" HPOS="570" VPOS="1113" WIDTH="60" HEIGHT="22" WC="0.93" CONTENT="Utan"/><SP WIDTH="21" VPOS="1113" HPOS="630"/>
							<String ID="string_291" HPOS="651" VPOS="1112" WIDTH="79" HEIGHT="23" WC="0.91" CONTENT="tvifvel"/><SP WIDTH="18" VPOS="1112" HPOS="730"/>
							<String ID="string_292" HPOS="748" VPOS="1112" WIDTH="62" HEIGHT="22" WC="0.95" CONTENT="skola"/><SP WIDTH="14" VPOS="1112" HPOS="810"/>
							<String ID="string_293" HPOS="824" VPOS="1112" WIDTH="8" HEIGHT="21" WC="0.93" CONTENT="i"/><SP WIDTH="17" VPOS="1112" HPOS="832"/>
							<String ID="string_294" HPOS="849" VPOS="1112" WIDTH="68" HEIGHT="21" WC="0.96" CONTENT="sinom"/><SP WIDTH="14" VPOS="1112" HPOS="917"/>
							<String ID="string_295" HPOS="931" VPOS="1112" WIDTH="33" HEIGHT="21" WC="0.96" CONTENT="tid"/>
						</TextLine>
						<TextLine ID="line_32" HPOS="204" VPOS="1147" WIDTH="760" HEIGHT="28">
							<String ID="string_296" HPOS="204" VPOS="1147" WIDTH="27" HEIGHT="22" WC="0.96" CONTENT="de"/><SP WIDTH="14" VPOS="1147" HPOS="231"/>
							<String ID="string_297" HPOS="245" VPOS="1147" WIDTH="126" HEIGHT="28" WC="0.93" CONTENT="föreslagna"/><SP WIDTH="21" VPOS="1147" HPOS="371"/>
							<String ID="string_298" HPOS="392" VPOS="1148" WIDTH="124" HEIGHT="27" WC="0.92" CONTENT="kanalerna,"/><SP WIDTH="23" VPOS="1148" HPOS="516"/>
							<String ID="string_299" HPOS="539" VPOS="1147" WIDTH="53" HEIGHT="22" WC="0.93" CONTENT="eller"/><SP WIDTH="21" VPOS="1147" HPOS="592"/>
							<String ID="string_300" HPOS="613" VPOS="1147" WIDTH="131" HEIGHT="22" WC="0.91" CONTENT="ätminstone"/><SP WIDTH="15" VPOS="1147" HPOS="744"/>
							<String ID="string_301" HPOS="759" VPOS="1153" WIDTH="27" HEIGHT="16" WC="0.96" CONTENT="en"/><SP WIDTH="22" VPOS="1153" HPOS="786"/>
							<String ID="string_302" HPOS="808" VPOS="1147" WIDTH="35" HEIGHT="22" WC="0.96" CONTENT="del"/><SP WIDTH="22" VPOS="1147" HPOS="843"/>
							<String ID="string_303" HPOS="865" VPOS="1147" WIDTH="25" HEIGHT="21" WC="0.96" CONTENT="af"/><SP WIDTH="20" VPOS="1147" HPOS="890"/>
							<String ID="string_304" HPOS="910" VPOS="1147" WIDTH="54" HEIGHT="26" WC="0.96" CONTENT="dem,"/>
						</TextLine>
						<TextLine ID="line_33" HPOS="203" VPOS="1181" WIDTH="762" HEIGHT="28">
							<String ID="string_305" HPOS="203" VPOS="1181" WIDTH="86" HEIGHT="22" WC="0.95" CONTENT="komma"/><SP WIDTH="14" VPOS="1181" HPOS="289"/>
							<String ID="string_306" HPOS="303" VPOS="1181" WIDTH="35" HEIGHT="22" WC="0.90" CONTENT="till"/><SP WIDTH="14" VPOS="1181" HPOS="338"/>
							<String ID="string_307" HPOS="352" VPOS="1181" WIDTH="124" HEIGHT="22" WC="0.92" CONTENT="utförande:"/><SP WIDTH="23" VPOS="1181" HPOS="476"/>
							<String ID="string_308" HPOS="499" VPOS="1183" WIDTH="34" HEIGHT="20" WC="0.93" CONTENT="att"/><SP WIDTH="15" VPOS="1183" HPOS="533"/>
							<String ID="string_309" HPOS="548" VPOS="1182" WIDTH="142" HEIGHT="27" WC="0.92" CONTENT="genombryta"/><SP WIDTH="15" VPOS="1182" HPOS="690"/>
							<String ID="string_310" HPOS="705" VPOS="1182" WIDTH="69" HEIGHT="21" WC="0.93" CONTENT="smala"/><SP WIDTH="14" VPOS="1182" HPOS="774"/>
							<String ID="string_311" HPOS="788" VPOS="1183" WIDTH="40" HEIGHT="20" WC="0.92" CONTENT="näs"/><SP WIDTH="19" VPOS="1183" HPOS="828"/>
							<String ID="string_312" HPOS="847" VPOS="1181" WIDTH="52" HEIGHT="22" WC="0.93" CONTENT="eller"/><SP WIDTH="14" VPOS="1181" HPOS="899"/>
							<String ID="string_313" HPOS="913" VPOS="1187" WIDTH="52" HEIGHT="22" WC="0.92" CONTENT="upp-"/>
						</TextLine>
						<TextLine ID="line_34" HPOS="203" VPOS="1216" WIDTH="762" HEIGHT="28">
							<String ID="string_314" HPOS="203" VPOS="1222" WIDTH="65" HEIGHT="15" WC="0.92" CONTENT="rensa"/><SP WIDTH="14" VPOS="1222" HPOS="268"/>
							<String ID="string_315" HPOS="282" VPOS="1216" WIDTH="56" HEIGHT="22" WC="0.92" CONTENT="sund"/><SP WIDTH="14" VPOS="1216" HPOS="338"/>
							<String ID="string_316" HPOS="352" VPOS="1216" WIDTH="36" HEIGHT="22" WC="0.96" CONTENT="för"/><SP WIDTH="15" VPOS="1216" HPOS="388"/>
							<String ID="string_317" HPOS="403" VPOS="1218" WIDTH="33" HEIGHT="20" WC="0.93" CONTENT="att"/><SP WIDTH="14" VPOS="1218" HPOS="436"/>
							<String ID="string_318" HPOS="450" VPOS="1217" WIDTH="75" HEIGHT="21" WC="0.92" CONTENT="förena"/><SP WIDTH="15" VPOS="1217" HPOS="525"/>
							<String ID="string_319" HPOS="540" VPOS="1218" WIDTH="60" HEIGHT="20" WC="0.93" CONTENT="stora"/><SP WIDTH="15" VPOS="1218" HPOS="600"/>
							<String ID="string_320" HPOS="615" VPOS="1217" WIDTH="58" HEIGHT="27" WC="0.92" CONTENT="sjöar"/><SP WIDTH="15" VPOS="1217" HPOS="673"/>
							<String ID="string_321" HPOS="688" VPOS="1216" WIDTH="49" HEIGHT="22" WC="0.93" CONTENT="med"/><SP WIDTH="15" VPOS="1216" HPOS="737"/>
							<String ID="string_322" HPOS="752" VPOS="1216" WIDTH="125" HEIGHT="22" WC="0.92" CONTENT="hvarandra"/><SP WIDTH="18" VPOS="1216" HPOS="877"/>
							<String ID="string_323" HPOS="895" VPOS="1216" WIDTH="70" HEIGHT="21" WC="0.92" CONTENT="mäste"/>
						</TextLine>
						<TextLine ID="line_35" HPOS="204" VPOS="1250" WIDTH="761" HEIGHT="29">
							<String ID="string_324" HPOS="204" VPOS="1250" WIDTH="71" HEIGHT="28" WC="0.93" CONTENT="enligt"/><SP WIDTH="21" VPOS="1250" HPOS="275"/>
							<String ID="string_325" HPOS="296" VPOS="1251" WIDTH="76" HEIGHT="28" WC="0.90" CONTENT="regeln"/><SP WIDTH="21" VPOS="1251" HPOS="372"/>
							<String ID="string_326" HPOS="393" VPOS="1251" WIDTH="67" HEIGHT="22" WC="0.87" CONTENT="lända"/><SP WIDTH="21" VPOS="1251" HPOS="460"/>
							<String ID="string_327" HPOS="481" VPOS="1251" WIDTH="141" HEIGHT="22" WC="0.92" CONTENT="samfärdseln"/><SP WIDTH="15" VPOS="1251" HPOS="622"/>
							<String ID="string_328" HPOS="637" VPOS="1251" WIDTH="34" HEIGHT="22" WC="0.93" CONTENT="till"/><SP WIDTH="19" VPOS="1251" HPOS="671"/>
							<String ID="string_329" HPOS="690" VPOS="1251" WIDTH="97" HEIGHT="27" WC="0.92" CONTENT="fromma,"/><SP WIDTH="26" VPOS="1251" HPOS="787"/>
							<String ID="string_330" HPOS="813" VPOS="1251" WIDTH="39" HEIGHT="21" WC="0.95" CONTENT="och"/><SP WIDTH="22" VPOS="1251" HPOS="852"/>
							<String ID="string_331" HPOS="874" VPOS="1250" WIDTH="37" HEIGHT="22" WC="0.95" CONTENT="det"/><SP WIDTH="14" VPOS="1250" HPOS="911"/>
							<String ID="string_332" HPOS="925" VPOS="1251" WIDTH="40" HEIGHT="20" WC="0.96" CONTENT="bör"/>
						</TextLine>
						<TextLine ID="line_36" HPOS="202" VPOS="1285" WIDTH="761" HEIGHT="28">
							<String ID="string_333" HPOS="202" VPOS="1285" WIDTH="49" HEIGHT="22" WC="0.92" CONTENT="icke"/><SP WIDTH="15" VPOS="1285" HPOS="251"/>
							<String ID="string_334" HPOS="266" VPOS="1285" WIDTH="93" HEIGHT="23" WC="0.92" CONTENT="förbises"/><SP WIDTH="16" VPOS="1285" HPOS="359"/>
							<String ID="string_335" HPOS="375" VPOS="1287" WIDTH="40" HEIGHT="26" WC="0.93" CONTENT="att,"/><SP WIDTH="15" VPOS="1287" HPOS="415"/>
							<String ID="string_336" HPOS="430" VPOS="1286" WIDTH="70" HEIGHT="21" WC="0.93" CONTENT="säsom"/><SP WIDTH="13" VPOS="1286" HPOS="500"/>
							<String ID="string_337" HPOS="513" VPOS="1286" WIDTH="8" HEIGHT="21" WC="0.96" CONTENT="i"/><SP WIDTH="11" VPOS="1286" HPOS="521"/>
							<String ID="string_338" HPOS="532" VPOS="1286" WIDTH="42" HEIGHT="21" WC="0.93" CONTENT="den"/><SP WIDTH="14" VPOS="1286" HPOS="574"/>
							<String ID="string_339" HPOS="588" VPOS="1286" WIDTH="82" HEIGHT="27" WC="0.93" CONTENT="nädiga"/><SP WIDTH="14" VPOS="1286" HPOS="670"/>
							<String ID="string_340" HPOS="684" VPOS="1285" WIDTH="162" HEIGHT="28" WC="0.93" CONTENT="propositionen"/><SP WIDTH="14" VPOS="1285" HPOS="846"/>
							<String ID="string_341" HPOS="860" VPOS="1285" WIDTH="103" HEIGHT="27" WC="0.92" CONTENT="päpekas,"/>
						</TextLine>
						<TextLine ID="line_37" HPOS="201" VPOS="1319" WIDTH="764" HEIGHT="29">
							<String ID="string_342" HPOS="201" VPOS="1319" WIDTH="172" HEIGHT="29" WC="0.95" CONTENT="ifrågavarande"/><SP WIDTH="13" VPOS="1319" HPOS="373"/>
							<String ID="string_343" HPOS="386" VPOS="1320" WIDTH="132" HEIGHT="28" WC="0.93" CONTENT="vattendrag"/><SP WIDTH="15" VPOS="1320" HPOS="518"/>
							<String ID="string_344" HPOS="533" VPOS="1320" WIDTH="60" HEIGHT="22" WC="0.91" CONTENT="bilda"/><SP WIDTH="16" VPOS="1320" HPOS="593"/>
							<String ID="string_345" HPOS="609" VPOS="1321" WIDTH="50" HEIGHT="26" WC="0.89" CONTENT=",det"/><SP WIDTH="9" VPOS="1321" HPOS="659"/>
							<String ID="string_346" HPOS="668" VPOS="1320" WIDTH="55" HEIGHT="22" WC="0.93" CONTENT="sista"/><SP WIDTH="10" VPOS="1320" HPOS="723"/>
							<String ID="string_347" HPOS="733" VPOS="1319" WIDTH="65" HEIGHT="23" WC="0.83" CONTENT="istora"/><SP WIDTH="9" VPOS="1319" HPOS="798"/>
							<String ID="string_348" HPOS="807" VPOS="1321" WIDTH="158" HEIGHT="26" WC="0.96" CONTENT="vattensystem"/>
						</TextLine>
						<TextLine ID="line_38" HPOS="202" VPOS="1353" WIDTH="763" HEIGHT="30">
							<String ID="string_349" HPOS="202" VPOS="1354" WIDTH="8" HEIGHT="21" WC="0.93" CONTENT="i"/><SP WIDTH="14" VPOS="1354" HPOS="210"/>
							<String ID="string_350" HPOS="224" VPOS="1355" WIDTH="113" HEIGHT="22" WC="0.91" CONTENT="mellersta"/><SP WIDTH="14" VPOS="1355" HPOS="337"/>
							<String ID="string_351" HPOS="351" VPOS="1355" WIDTH="62" HEIGHT="22" WC="0.96" CONTENT="delen"/><SP WIDTH="15" VPOS="1355" HPOS="413"/>
							<String ID="string_352" HPOS="428" VPOS="1355" WIDTH="26" HEIGHT="22" WC="0.97" CONTENT="af"/><SP WIDTH="11" VPOS="1355" HPOS="454"/>
							<String ID="string_353" HPOS="465" VPOS="1355" WIDTH="80" HEIGHT="28" WC="0.94" CONTENT="landet,"/><SP WIDTH="23" VPOS="1355" HPOS="545"/>
							<String ID="string_354" HPOS="568" VPOS="1361" WIDTH="45" HEIGHT="16" WC="0.93" CONTENT="som"/><SP WIDTH="14" VPOS="1361" HPOS="613"/>
							<String ID="string_355" HPOS="627" VPOS="1355" WIDTH="49" HEIGHT="22" WC="0.92" CONTENT="icke"/><SP WIDTH="23" VPOS="1355" HPOS="676"/>
							<String ID="string_356" HPOS="699" VPOS="1357" WIDTH="25" HEIGHT="20" WC="0.96" CONTENT="är"/><SP WIDTH="18" VPOS="1357" HPOS="724"/>
							<String ID="string_357" HPOS="742" VPOS="1356" WIDTH="66" HEIGHT="26" WC="0.96" CONTENT="öppet"/><SP WIDTH="15" VPOS="1356" HPOS="808"/>
							<String ID="string_358" HPOS="823" VPOS="1354" WIDTH="34" HEIGHT="22" WC="0.93" CONTENT="för"/><SP WIDTH="14" VPOS="1354" HPOS="857"/>
							<String ID="string_359" HPOS="871" VPOS="1353" WIDTH="94" HEIGHT="22" WC="0.92" CONTENT="trafiken"/>
						</TextLine>
						<TextLine ID="line_39" HPOS="204" VPOS="1385" WIDTH="760" HEIGHT="32">
							<String ID="string_360" HPOS="204" VPOS="1385" WIDTH="53" HEIGHT="26" WC="0.93" CONTENT="eller"/><SP WIDTH="15" VPOS="1385" HPOS="257"/>
							<String ID="string_361" HPOS="272" VPOS="1389" WIDTH="102" HEIGHT="22" WC="0.92" CONTENT="förenadt"/><SP WIDTH="14" VPOS="1389" HPOS="374"/>
							<String ID="string_362" HPOS="388" VPOS="1389" WIDTH="49" HEIGHT="22" WC="0.93" CONTENT="med"/><SP WIDTH="14" VPOS="1389" HPOS="437"/>
							<String ID="string_363" HPOS="451" VPOS="1389" WIDTH="85" HEIGHT="22" WC="0.93" CONTENT="landets"/><SP WIDTH="15" VPOS="1389" HPOS="536"/>
							<String ID="string_364" HPOS="551" VPOS="1389" WIDTH="141" HEIGHT="28" WC="0.90" CONTENT="jernvägar*."/><SP WIDTH="30" VPOS="1389" HPOS="692"/>
							<String ID="string_365" HPOS="722" VPOS="1389" WIDTH="52" HEIGHT="22" WC="0.96" CONTENT="Men"/><SP WIDTH="24" VPOS="1389" HPOS="774"/>
							<String ID="string_366" HPOS="798" VPOS="1389" WIDTH="28" HEIGHT="21" WC="0.96" CONTENT="dä"/><SP WIDTH="22" VPOS="1389" HPOS="826"/>
							<String ID="string_367" HPOS="848" VPOS="1389" WIDTH="7" HEIGHT="21" WC="0.91" CONTENT="i"/><SP WIDTH="22" VPOS="1389" HPOS="855"/>
							<String ID="string_368" HPOS="877" VPOS="1388" WIDTH="87" HEIGHT="22" WC="0.80" CONTENT="betrak-"/>
						</TextLine>
						<TextLine ID="line_40" HPOS="202" VPOS="1423" WIDTH="147" HEIGHT="28">
							<String ID="string_369" HPOS="202" VPOS="1423" WIDTH="69" HEIGHT="22" WC="0.92" CONTENT="tande"/><SP WIDTH="14" VPOS="1423" HPOS="271"/>
							<String ID="string_370" HPOS="285" VPOS="1425" WIDTH="64" HEIGHT="26" WC="0.92" CONTENT="tages"/>
						</TextLine>
					</TextBlock>
					<TextBlock ID="block_5" HPOS="269" VPOS="1463" WIDTH="370" HEIGHT="18">
						<TextLine ID="line_41" HPOS="269" VPOS="1463" WIDTH="370" HEIGHT="18">
							<String ID="string_371" HPOS="269" VPOS="1463" WIDTH="153" HEIGHT="18" WC="0.91" CONTENT="Statsutskottets"/><SP WIDTH="13" VPOS="1463" HPOS="422"/>
							<String ID="string_372" HPOS="435" VPOS="1463" WIDTH="115" HEIGHT="18" WC="0.93" CONTENT="betänkande"/><SP WIDTH="12" VPOS="1463" HPOS="550"/>
							<String ID="string_373" HPOS="562" VPOS="1464" WIDTH="38" HEIGHT="17" WC="0.96" CONTENT="N:o"/><SP WIDTH="12" VPOS="1464" HPOS="600"/>
							<String ID="string_374" HPOS="612" VPOS="1464" WIDTH="27" HEIGHT="17" WC="0.96" CONTENT="14."/>
						</TextLine>
					</TextBlock>
				</ComposedBlock>
			</PrintSpace>
		</Page>
	</Layout>
</alto>
