1028 1673
213 121 26 20 30
516 122 34 20 N:o
566 121 36 21 38.

184 196 45 20 gar,
253 190 139 26 protokoller,
416 190 136 26 domböcker,
576 191 160 26 registraturer,
760 190 84 24 diarier,
864 190 76 21 räken-

185 224 84 26 skaper,
285 224 160 26 förteckningar
463 226 49 20 med
527 232 59 14 mera
602 226 86 24 sådant;

256 260 40 19 3:0.
326 259 158 26 Regvisitioner
500 260 39 20 och
556 260 145 26 anordningar
717 260 34 20 för
767 260 108 20 allmänna
891 260 49 20 kas-

185 298 35 15 sor
236 294 57 20 samt
308 294 140 26 uträkningar
464 294 12 21 &
492 295 110 26 upplupna
617 297 74 18 räntor
707 294 32 21 till
757 294 88 27 publika
862 294 77 21 fonder

182 328 66 26 jemte
266 328 123 26 reversaler,
409 329 119 26 qvittanser
547 330 39 20 och
606 330 59 20 bevis
685 329 60 21 öfver
766 329 31 20 dit
817 329 76 26 gjorda
908 329 31 21 in-

185 362 144 26 betalningar;

258 399 40 18 4:0.
329 397 142 21 Debetsedlar
488 398 11 20 &
515 398 84 24 krono-,
617 398 68 20 stads-
703 398 38 20 och
753 398 67 20 andra
831 398 108 20 allmänna

186 431 118 26 utskylder,
328 432 116 26 räkningar
468 433 12 20 ä
500 433 109 20 tullmedel
630 433 39 20 och
688 432 165 26 auktionsinrop
870 438 25 14 m.
912 438 27 15 m.

185 468 56 18 samt
265 466 118 26 gvittanser
403 467 38 20 och
462 467 59 21 bevis
542 467 59 20 öfver
620 467 158 26 inbetalningar
797 467 6 20 i
822 467 116 26 anledning

185 501 71 24 deraf;

257 536 40 20 5:0.
329 535 208 28 Läneobligationer,
558 536 195 27 depositionsbevis
773 535 39 21 och
832 535 108 21 skuldför-

186 570 116 26 bindelser,
319 570 115 21 utfärdade
450 571 22 20 af
486 571 69 20 finska
572 571 67 20 Stats-
656 571 38 20 och
711 570 157 21 Militieverken
885 572 55 19 samt

186 604 102 21 Finlands
305 604 144 27 Statskontor,
461 605 105 21 Finlands
578 605 59 21 Bank
649 605 39 21 och
700 604 238 27 Hypotheksförening
929 600 12 36 ;

258 640 40 20 6:0.
328 639 144 27 Förteckning
487 640 12 20 &
515 640 85 21 husfolk
617 641 34 19 vid
669 639 205 26 mantalsskrifning,
887 645 53 20 upp-

185 673 41 26 gift
242 673 12 20 &
270 674 90 21 resande
376 674 6 20 i
399 675 47 20 stad
464 674 46 21 med
528 681 58 14 mera
601 675 74 26 dylikt,
693 674 110 21 äfvensom
824 673 115 21 orlofssed-

186 708 32 20 lar
233 707 34 22 för
283 708 108 21 enskildes
407 709 140 26 tjenstehjon
539 703 12 36 ;
871 735 2 3 N

259 744 40 19 7:0.
330 743 63 20 Bevis
409 743 59 21 öfver
484 743 109 21 verkstäld
610 744 107 25 stämning
734 743 38 20 och
793 743 146 20 kommunika-

185 777 45 21 tion
247 778 6 19 i
270 777 42 21 alla
328 777 110 22 kriminela
456 779 38 20 och
511 779 62 20 civila
589 778 135 26 rättegängs-
735 780 56 18 samt
802 778 137 25 utsöknings-

187 811 41 21 mål
242 812 66 26 jemte
324 812 59 21 bevis
399 812 59 21 öfver
475 813 87 20 kallelse
578 813 32 20 till
627 812 183 27 syneförrättning
826 818 26 14 m.
868 818 30 19 m;

258 847 39 20 8:0.
329 846 42 21 Mäl
393 848 91 20 rörande
504 848 58 20 brott
582 851 57 17 emot
659 848 78 20 allmän
759 847 40 25 lag,
817 848 57 19 emot
890 849 48 18 eko-

186 881 72 24 nomi-,
275 881 71 26 politi-
364 881 39 21 och
418 882 233 26 militärförfattningar
667 883 55 19 samt
743 881 111 21 fiskaliska
869 881 70 20 aktio-

185 921 44 19 ner,
246 915 122 20 hvarunder
384 916 64 20 likväl
465 916 18 25 ej
504 916 78 20 förstäs
604 916 40 20 mäl
662 922 33 14 om
712 916 151 25 öfverklagade
880 916 57 25 olag-

185 949 92 26 ligheter
300 949 35 20 vid
358 950 93 25 prestval
473 950 46 20 med
539 949 52 21 flera
611 950 72 26 dylika
703 949 106 25 tillfällen,
826 949 27 20 dä
869 949 69 20 målen

185 983 47 21 icke
248 983 55 26 angä
319 984 93 25 egentlig
428 984 135 26 förbrytelse,
581 986 50 19 utan
648 984 114 25 rätteligen
779 985 36 19 äro
832 986 32 18 att
876 989 62 15 anses

185 1018 71 20 säsom
273 1018 73 25 civila;

258 1053 40 20 9:0.
328 1052 43 21 Mäl
391 1053 91 20 rörande
498 1053 76 20 besvär
590 1053 59 20 öfver
669 1052 162 27 tillämpningen
847 1051 23 21 af
884 1052 55 21 före-

185 1086 118 21 skrifterna
326 1087 110 26 angående
460 1087 114 26 bevillning
598 1087 32 21 för
653 1087 44 21 fast
719 1087 103 26 egendom
846 1086 39 21 och
908 1086 30 21 in-

185 1121 82 25 komst;

260 1156 50 20 10:o.
342 1155 43 21 Mål
410 1156 90 21 rörande
522 1156 167 25 anmärkningar
710 1155 35 20 vid
764 1155 174 26 uppbördsmans

185 1189 38 21 och
239 1196 70 14 annan
326 1190 140 26 redogörares
483 1190 156 26 räkenskaper;

259 1225 52 20 11:0.
342 1224 43 21 Mål
402 1225 90 20 rörande
509 1225 120 26 värnepligt
645 1225 38 20 och
699 1224 110 26 värfning;

258 1260 52 19 12:0.
341 1259 81 26 Frågor
446 1259 90 20 rörande
560 1259 119 26 ersättning
700 1258 33 21 för
753 1258 113 21 förkomna
888 1258 52 21 eller

183 1293 96 20 skadade
294 1293 208 26 postförsändelser
493 1289 13 35 ;

259 1329 52 20 13:0.
343 1328 48 20 Alla
413 1328 127 26 handlingar
559 1327 92 21 rörande
670 1327 149 26 försäkringar
839 1327 52 20 eller
907 1332 31 15 er-

184 1363 96 25 sättning
296 1362 74 21 derför
386 1362 6 21 i
409 1362 99 26 ärenden,
525 1369 44 14 som
585 1362 35 20 vid
637 1361 162 21 direktionerne
809 1361 34 20 för
854 1361 84 20 landets

183 1396 109 21 allmänna
313 1396 201 26 brandstodsbolag,
535 1395 289 27 sjöassuransföreningarna
844 1395 40 20 och
905 1395 33 21 lif-

184 1430 196 21 ränteanstalterna
392 1432 55 19 samt
458 1430 38 21 hos
508 1430 62 21 deras
581 1432 88 24 agenter
680 1430 7 20 i
699 1430 102 20 städerna
813 1429 38 21 och
861 1429 77 21 brand-
