1009 1673
214 140 27 20 16

444 141 19 20 U.
478 140 20 21 B.
513 152 28 3 —
556 141 54 25 Prop.
626 141 31 21 N:o
671 140 33 21 86.

323 205 33 20 De
370 205 66 21 under
450 212 60 14 mom.
529 206 53 20 1—6
598 205 136 27 uppräknade
748 205 63 21 straff
818 206 71 20 kunna
898 205 47 21 icke

254 239 107 21 användas
380 240 128 20 annorlunda
523 243 26 17 än
565 240 53 21 efter
632 240 101 20 domstols
748 240 75 24 beslut,
838 240 108 20 hvaremot

255 274 187 26 ordningsstraffen
456 274 32 21 för
501 274 118 26 förseelser,
634 282 46 13 som
694 274 18 27 ej
727 274 37 20 vid
774 274 88 20 domstol
872 274 72 25 åtalas,

254 308 29 26 fä,
298 309 28 26 pä
347 311 43 18 sätt
411 309 188 27 ordningsstadgan
613 309 122 25 innehäller,
756 309 28 27 af
794 308 152 22 vederbörande

256 343 56 27 befäl
332 343 8 21 i
354 344 147 27 ordningsmäl
516 344 90 27 åläggas
622 344 25 20 de
660 344 10 20 i
683 345 13 19 1
711 343 46 27 kap.
773 345 110 25 upptagna
895 350 51 20 per-

255 385 69 20 soner,
340 378 30 22 dä
384 378 26 22 de
424 378 50 28 lyda
487 378 68 21 under
570 378 70 22 denna
654 378 40 27 lag.

569 430 11 26 8
598 430 32 21 10.

324 469 122 22 Dödsstraff
465 469 33 21 för
516 470 90 20 militära
624 471 58 20 brott
696 471 33 19 mä
744 470 74 20 endast
832 470 7 19 i
854 469 91 26 krigstid

256 505 110 26 tillämpas.
391 505 43 20 Det
447 505 48 25 kan,
512 505 36 21 der
562 505 76 21 brottet
652 504 77 27 nesligt
740 506 32 25 är,
783 504 103 21 förklaras
896 511 50 14 vara

256 539 48 20 med
318 539 76 20 förlust
408 539 23 20 af
444 539 40 20 den
498 539 90 20 militära
602 539 79 20 hedern
696 539 101 20 förenadt.
826 539 122 20 Dödsstraff

256 573 124 21 verkställes
402 581 74 19 genom
498 574 154 25 arkebusering,
676 573 66 20 under
760 573 135 26 iakttagande
914 574 31 19 uti

256 608 125 26 tillämpliga
402 608 58 20 delar
474 608 23 20 af
510 608 55 21 hvad
580 608 7 20 i
602 609 76 19 allmän
693 609 35 25 lag
743 615 33 13 om
790 608 155 21 verkställande

257 643 23 20 af
294 643 114 20 dödsstraff
420 643 66 21 finnes
500 643 140 21 föreskrifvet.

571 696 11 25 8
599 696 33 19 11.

327 736 159 21 Tukthusstraff
506 736 83 20 ådömes
608 736 98 26 antingen
724 736 27 25 pä
765 735 75 25 lifstid,
855 735 50 20 eller
919 736 27 25 pä

257 770 44 21 viss
316 770 32 20 tid
362 771 19 26 ej
397 771 66 20 under
477 777 37 14 sex
528 771 98 20 månader
640 771 39 20 och
694 771 18 25 ej
729 770 58 21 öfver
801 770 42 20 tolf
850 771 29 24 år,
889 773 57 17 utom

257 805 37 20 vid
315 805 96 26 förening
433 806 50 20 eller
500 805 192 26 sammanläggning
711 805 23 20 af
750 804 65 26 straff,
831 805 27 20 då
872 805 75 26 högsta

258 839 118 21 strafftiden
394 840 42 20 kan
451 841 70 25 uppgå
534 840 34 20 till
582 840 78 20 femton
676 840 28 24 år,
720 840 66 26 enligt
800 840 56 20 hvad
870 840 8 19 i
894 840 10 26 $
920 840 27 20 24

258 876 68 24 säges.
350 874 86 21 Straffet
449 874 103 26 undergås
566 875 8 19 i
582 875 65 26 något
656 874 24 20 af
690 874 82 20 landets
782 874 164 27 straffängelser,

257 909 69 20 såsom
340 909 7 19 i
362 909 76 20 allmän
453 909 35 26 lag
502 909 92 26 stadgas.

571 961 11 26 8
600 961 32 20 12.

328 1000 84 26 Officer,
430 1000 138 21 underofficer
583 1001 39 20 och
637 1001 49 20 civil
701 1000 130 26 tjensteman,
848 1007 44 13 som
906 1000 41 20 för-

257 1034 71 21 klaras
350 1035 96 21 förfallen
468 1038 31 17 att
520 1036 94 25 undergä
635 1034 155 25 tukthusstraff,
810 1035 55 19 skall
880 1034 68 20 tillika

258 1068 71 22 dömas
342 1070 33 19 till
389 1070 160 20 förafskedande
565 1070 57 24 eller,
638 1069 37 21 der
689 1070 79 19 brottet
781 1069 79 26 nesligt
874 1072 28 22 är,
916 1069 32 19 till

258 1103 122 27 afsättning.

326 1138 71 20 Fälles
419 1139 69 25 nägon
510 1138 24 20 af
552 1138 124 26 manskapet
697 1138 35 20 till
749 1137 151 21 tukthusstraff
916 1137 33 20 för

257 1172 79 26 nesligt
354 1173 64 27 brott,
434 1173 54 20 skall
503 1173 41 20 han
560 1173 39 20 ock
614 1172 70 21 dömas
700 1174 32 18 att
745 1172 108 26 utstrykas
868 1178 25 14 ur
906 1172 42 20 rul-

258 1206 59 20 lorna
339 1207 39 20 och
400 1207 102 21 förklaras
518 1208 86 26 ovärdig
619 1210 31 17 att
664 1207 72 20 vidare
751 1207 7 19 i
773 1207 125 26 krigstjenst
913 1214 35 12 an-

257 1240 80 21 vändas
352 1244 55 17 samt
421 1241 98 27 förlustig
533 1242 47 20 sina
593 1241 209 25 utmärkelsetecken,
812 1241 48 20 med
869 1240 79 20 undan-

258 1277 37 24 tag
310 1275 23 20 af
345 1275 100 27 medaljer
460 1276 38 20 och
512 1276 49 20 kors
576 1276 33 20 för
623 1276 119 20 bivistande
754 1275 23 20 af
784 1275 48 26 krig
842 1276 39 19 och
891 1276 57 19 kam-

258 1310 79 26 panjer,
353 1310 113 25 äfvensom,
482 1318 32 12 om
528 1311 42 19 han
585 1314 23 16 är
617 1310 37 20 vid
668 1310 59 20 aktiv
741 1312 63 24 trupp
820 1310 88 24 anstäld,
919 1312 31 18 att

258 1343 107 21 dessutom
380 1345 150 27 (utesluining)
545 1345 63 20 mista
622 1345 46 20 sina
682 1344 151 20 löneförmäner
848 1344 39 20 och
896 1344 54 20 efter

257 1378 109 20 utständet
380 1379 155 25 tukthusstraff,
550 1386 45 14 som
609 1379 33 20 till
656 1379 45 20 viss
713 1378 32 21 tid
754 1380 84 23 utsatts,
850 1378 99 28 (uteslut-

258 1413 66 27 ning)
346 1413 67 21 under
435 1414 33 20 sin
490 1414 130 20 återstående
639 1414 72 20 aktiva
730 1412 115 28 tjenstetid,
862 1412 53 21 dock
930 1413 18 26 ej

258 1446 59 21 öfver
331 1448 37 20 två
382 1448 30 25 år,
427 1448 34 20 till
475 1448 85 20 allmänt
575 1449 71 20 arbete
660 1448 74 20 hållas.

258 1486 142 23 Lagutskotteis
412 1487 117 19 betänkande
541 1488 37 18 N:o
589 1488 17 18 8.
