1031 1673
219 130 26 20 12
520 129 34 22 N:o
570 129 35 22 38.

210 243 22 28 a)
253 244 12 19 å
285 243 82 27 verklig
387 244 66 27 tjenst
468 244 49 21 med
532 244 109 21 bestämdt
657 243 65 27 årligt
738 244 83 21 lönean-
833 238 2 45 |

239 277 47 27 slag
301 279 27 25 på
344 280 54 19 stat:
833 278 2 37 |

240 313 32 20 1:o
292 313 12 20 å
324 312 97 27 militär-,
442 313 74 26 civilt-,
539 313 158 20 ecklesiastikt-
713 312 39 21 och
768 310 67 25 skol-|

266 346 173 28 lärare-embete,
455 347 72 26 tjenst,
543 347 70 26 syssla
624 347 52 21 eller
686 342 149 32 beställning,
832 338 7 40 |

268 387 46 15 som
337 381 23 21 af
381 381 59 21 Hans
464 381 121 27 Kejserliga
604 381 102 27 Majestät
722 381 53 21 eller
790 387 35 15 ve-

268 415 134 22 derbörande
426 416 125 27 myndighet
574 416 109 26 tillsättes,
704 415 92 22 skrifves
813 417 12 20 å

269 450 117 26 stämpladt
401 457 87 20 papper,
507 450 120 21 beräknadt
643 451 54 20 efter
713 451 13 20 4
736 452 90 25 procent

269 484 22 21 af
312 485 116 26 penninge-
451 485 39 20 och
515 486 24 19 12
563 487 89 24 procent
669 484 23 21 af
706 485 68 20 indelt
789 485 36 20 lön

267 517 34 23 för
316 520 53 26 året,
386 519 33 21 för
435 520 46 26 den,
497 519 87 21 hvilken
600 519 68 21 första
684 520 84 26 gången
781 519 44 21 till-

267 553 75 21 träder
365 554 65 26 tjenst
453 554 48 21 med
524 554 34 21 lön
581 555 28 25 på
632 554 101 26 kronans,
755 554 70 26 någon

269 588 60 21 stads
346 588 52 21 eller
414 589 79 20 allmän
509 589 131 26 inrättnings
657 590 49 19 stat.
730 588 49 21 Men
790 581 45 36 vid!

268 622 116 21 befordran
402 623 34 20 till
456 629 69 14 annan
542 623 67 27 tjenst
624 623 107 21 beräknas
748 617 69 43 kartan
826 621 9 35 |

269 657 77 21 endast
369 657 54 21 efter
447 658 118 27 skilnaden,
588 658 103 21 hvarmed
714 658 41 20 den
780 657 46 21 till-

267 692 78 20 trädda
361 692 63 20 lönen
439 692 42 21 kan
497 692 132 27 öfverskjuta
645 692 41 21 den
698 692 57 20 förut
766 692 59 20 inne-

268 726 71 21 hafda.
370 722 30 25 Är
422 726 63 21 lönen
505 726 34 21 vid
555 726 40 21 den
611 733 42 20 nya
668 726 94 27 tjensten
778 726 47 21 icke

269 762 76 25 större,
369 760 98 22 utfärdas
486 761 126 21 fullmakten
628 762 28 25 på
672 761 68 21 sådan
756 761 69 27 karta,

269 801 45 14 som
338 794 33 21 för
395 795 168 21 embetsverkets
586 796 148 26 expeditioner
757 795 6 21 i
787 795 38 20 all-

269 828 88 22 mänhet
372 829 75 27 gäller.
472 830 118 21 Enahanda
606 830 124 21 förfarande
746 830 79 21 iaktta-

269 870 37 20 ges
322 863 69 28 äfven,
408 864 27 21 dä
451 867 86 18 senator
553 865 69 20 kallas
639 867 31 18 att
681 866 144 19 senatorsem-

270 898 49 21 bete
335 898 184 27 fortsättningsvis
535 899 102 21 bestrida.

298 932 158 28 Anmärkning.
491 933 279 27 Stämpelpappersafgiften
794 933 33 21 för

269 967 100 20 fullmakt
393 969 12 19 &
423 967 249 28 häradshöfdingetjenst
688 968 55 21 skall
760 967 67 27 enligt

269 1001 137 22 förestäende
429 1003 69 26 grund
520 1004 52 25 utgä
594 1003 48 20 med
666 1004 12 19 4
698 1005 89 24 procent
806 1002 31 21 af!

269 1036 60 21 såväl
352 1036 131 21 kronolönen
511 1043 44 14 som
583 1037 113 21 domarens
720 1037 62 20 andel
806 1033 31 33 af!

270 1070 195 28 tingsgästningen,
480 1071 125 21 förvandlad
621 1071 34 22 till
665 1071 121 27 penningar
797 1071 29 20 ef-
835 1069 2 34 1

269 1106 34 19 ter
319 1105 266 27 medelmarkegångspris.

241 1139 34 20 2:0
291 1139 13 20 å
319 1139 132 27 beställning
466 1141 27 25 på
509 1140 111 21 obestämd
635 1140 32 21 tid
684 1140 53 21 eller
752 1141 28 25 pä
791 1139 46 29 be-|

270 1173 71 21 stämd
363 1173 32 21 tid
418 1174 23 21 af
463 1176 30 19 ett
515 1175 24 20 är
561 1175 53 21 eller
637 1174 124 21 derutöfver
778 1174 50 21 med

270 1208 55 21 visst
347 1208 66 27 årligt
436 1209 77 21 arvode
536 1209 53 21 eller
611 1209 82 27 anslag,
711 1209 12 21 2
738 1210 100 32 procent
829 1204 11 42 |

271 1242 23 21 af
308 1245 31 18 ett
355 1244 35 20 års
407 1244 86 20 arvode.

241 1278 34 20 3:0
291 1278 13 20 &
319 1277 132 27 beställning
466 1278 28 26 pä
509 1278 42 20 viss
570 1278 32 20 tid
617 1278 69 21 under
702 1279 32 20 ett
750 1278 30 26 är,
797 1277 30 21 äf-

270 1318 88 14 vensom
381 1312 12 20 &
416 1312 130 26 beställning
568 1314 51 19 utan
635 1312 89 21 dermed
739 1312 89 21 förenad

270 1346 35 21 lön
330 1346 53 22 eller
406 1346 107 21 bestämdt
536 1347 85 26 arvode,
644 1346 92 21 skrifves
758 1347 13 20 ä
787 1346 41 21 den

270 1380 33 21 för
312 1381 87 21 verkets
408 1380 69 27 öfriga
488 1381 145 26 expeditioner
644 1381 106 26 stadgade
758 1381 70 21 karta.
837 1388 2 8 |

241 1416 34 20 4:0
291 1416 13 20 å
319 1415 328 27 kontraktsprostebefattning
645 1411 15 35 .
679 1432 4 4 .
715 1432 5 4 .
871 1414 27 21 20
916 1427 26 3 |—

299 1449 49 21 Men
364 1450 113 23 förordnas
494 1450 47 27 den,
557 1456 45 15 som
613 1450 57 22 förut
682 1428 87 54 erhällit
780 1431 48 39 full-
837 1448 2 26 |
