1073 1698
226 141 12 19 4
444 138 24 20 U.
481 138 23 19 B.
517 149 22 3 —
551 137 63 24 Prop.
626 137 37 19 N:o
675 137 33 19 43.

205 198 121 23 emellertid
340 198 48 22 icke
403 203 51 22 eger
468 197 71 27 någon
553 195 131 28 gemenskap
699 194 48 22 med
763 194 26 22 de
803 194 8 21 i
826 193 42 22 den
882 192 78 27 nådiga

204 233 161 28 propositionen
379 231 105 28 ingående
500 230 139 27 stadganden,
655 230 39 21 har
708 228 112 22 Utskottet
834 229 71 20 ansett
915 227 45 21 det-

206 273 83 16 samma
303 267 47 21 icke
364 267 72 21 kunna
451 265 112 22 föranleda
577 264 34 22 till
630 264 70 27 någon
719 263 76 27 åtgärd
810 262 48 21 från
873 261 88 22 Utskot-

206 303 43 20 tets
265 301 53 22 sida.

276 335 32 22 På
322 335 70 28 grund
407 335 23 21 af
443 335 57 21 hvad
514 333 112 22 Utskottet
640 333 8 22 i
663 333 37 22 det
714 331 130 28 föregående
853 330 47 22 haft
910 331 52 20 äran

207 370 83 27 anföra,
305 369 33 22 får
352 369 112 22 Utskottet
478 369 56 27 förty
549 367 110 22 vördsamt
673 366 88 23 föreslå:

448 410 31 20 att
500 407 119 23 Ständerne
640 407 64 21 måtte
726 407 76 26 antaga
824 405 41 21 den
883 403 80 28 nådiga

411 442 166 29 propositionen,
597 441 80 22 likvisst
691 440 48 22 med
753 439 157 28 ofvanantydda
924 439 39 20 än-

416 478 88 27 drimgar
519 477 9 21 i
543 477 40 21 den
597 475 120 28 föreslagna
735 474 160 28 författningen,
910 473 53 21 hvil-

416 512 39 21 ken
469 512 9 21 i
491 511 56 28 följd
561 510 64 28 deraf
637 510 92 22 kommer
739 511 30 19 att
780 508 80 22 erhålla
871 507 93 28 följande

416 546 88 28 lydelse:

234 598 130 29 Förordning,
380 598 105 28 angående
500 597 108 28 ändringar
623 597 6 23 i
645 596 102 24 särskilda
763 595 59 23 delar
836 595 21 23 af
872 595 73 22 värne-

290 633 124 29 pligtslagen
430 633 32 23 för
477 632 84 24 Finland
576 632 21 23 af
613 632 38 22 den
667 631 24 23 27
707 630 110 24 December
831 629 56 23 1878.

280 680 114 27 Ingressen
410 679 136 22 oförändrad.

536 735 54 24 Kap.
603 735 41 19 III.

284 777 110 23 Rubriken
409 777 136 21 oförändrad.

560 822 16 29 $
590 822 33 21 15.

460 862 161 27 Värnepligtige,
644 868 45 15 som
711 861 36 20 vid
765 859 55 22 aktiv
838 861 64 24 trupp
920 857 50 27 full-

420 899 54 26 göra
491 897 35 21 sin
541 895 240 29 krigstjenstskyldighet,
797 893 80 22 räknas
891 892 79 27 fortfa-

422 932 66 21 rande
509 931 33 21 till
563 932 25 20 de
606 930 128 25 kommuner,
754 928 68 23 hvilka
841 928 25 21 de
884 927 36 21 vid
937 926 33 21 in-

423 966 70 22 trädet
508 966 8 20 i
530 966 89 27 tjensten
634 964 102 22 tillhörde.

286 1008 42 20 Det
344 1013 75 15 senare
434 1007 117 21 momentet
565 1005 145 21 oförändradt.

544 1062 54 23 Kap.
610 1061 36 19 VI.

287 1104 111 22 Rubriken
414 1104 135 21 oförändrad.

563 1148 15 28 $
593 1149 35 20 38.

288 1190 142 21 Oförändrad.

535 1240 54 23 Kap.
602 1239 58 19 VIII.

289 1281 110 21 Rubriken
414 1281 136 21 oförändrad.

567 1326 16 28 $
598 1326 33 20 53.

290 1368 68 21 Innan
374 1368 41 21 den
430 1368 14 21 5
458 1367 89 22 Januari
561 1366 74 27 hvarje
651 1366 23 21 är
689 1365 57 22 skall
757 1363 161 22 vederbörande
930 1368 48 21 pre-

207 1403 117 26 *stenskap
344 1402 33 21 till
396 1401 203 28 uppbädsnämnden
618 1400 93 27 afsända
729 1397 138 29 specificerad
887 1396 91 22 förteck-

221 1437 52 26 ning
289 1437 60 21 öfver
364 1436 44 21 alla
422 1437 7 20 i
444 1435 153 27 församlingen
611 1434 104 22 inskrifne
731 1438 103 22 personer
846 1431 23 22 af
880 1431 98 26 mankön,

296 1476 194 23 Värnepligtsutskotteis
502 1475 104 19 betänkande
618 1475 35 16 N:o
667 1474 17 17 2.
