1025 1673
220 124 14 20 2
404 124 79 22 Ständ.
500 125 38 23 Sv.
554 137 27 5 —
596 126 73 28 Prop.
685 127 41 22 N:o
742 127 36 21 38.

260 186 32 21 De
307 187 168 27 väsendtligaste
491 188 24 21 af
524 188 122 22 Ständerna
657 189 105 28 vidtagna
774 189 151 28 förändringar
940 190 9 21 i

193 220 244 28 författningsförslaget
452 223 37 20 äro
504 222 106 28 följande:

261 255 15 27 $
291 256 21 20 4.
340 256 11 20 I
373 256 117 27 anledning
512 256 25 22 af
556 256 86 22 landets
662 264 43 21 nya
720 258 228 28 militärorganisation

194 288 66 22 hafva
278 289 107 22 särskilda
398 290 95 22 militära
508 291 150 27 myndigheter
672 294 85 19 ansetts
772 292 53 22 böra
840 293 39 21 här
893 300 56 20 upp-

192 326 72 24 tagas.

262 358 14 28 $
292 359 20 21 5.
342 358 119 22 Fullmakt.
491 360 24 26 a)
532 360 39 20 1:0.
601 360 42 22 Vid
665 360 134 28 landtdagen
822 362 39 21 har
874 362 76 28 yrkats

193 394 39 24 att,
248 392 34 22 till
301 392 176 22 förekommande
493 394 25 21 af
530 394 80 22 tvekan
626 395 40 21 och
681 395 159 28 olikformighet
855 396 36 21 vid
905 396 43 21 för-

194 427 131 27 ordningens
343 427 143 28 tillämpning,
502 430 32 19 ett
548 429 121 27 stadgande
685 429 67 22 borde
767 429 85 28 intagas
867 431 81 25 derom,

192 461 56 21 huru
260 461 64 22 karta
340 461 55 22 skall
410 462 106 21 beräknas
531 462 34 22 för
580 464 48 25 den,
644 471 53 18 som,
715 463 54 22 efter
783 464 118 27 undfänget
917 464 31 22 af-

192 495 54 22 sked
268 495 48 22 från
331 496 103 22 innehafd
449 497 66 27 tjenst
531 498 13 21 å
559 499 50 24 stat,
624 497 46 22 lika
685 497 112 22 beskaffad
811 499 66 27 tjenst
893 499 56 28 ånyo

192 531 113 22 tillträder.
335 531 34 20 Dä
391 533 31 19 ett
444 532 77 21 sädant
544 533 120 26 stadgande
680 533 62 20 torde
757 533 56 21 visat
827 533 32 27 sig
873 533 74 21 behöf-

196 567 47 27 ligt,
258 565 65 22 hafva
338 565 122 22 Ständerna
474 566 34 21 för
523 566 33 21 sin
572 567 34 20 del
621 566 90 22 beslutit
726 569 33 19 att
769 567 7 20 i
787 567 67 28 dylikt
864 567 37 21 fall
911 567 36 21 be-

192 601 202 26 räkningsgrunden
417 600 55 21 skall
486 608 52 14 vara
556 601 114 22 enahanda
686 608 46 14 som
747 601 34 22 för
797 603 47 24 den,
859 601 88 22 hvilken

192 635 68 22 första
274 636 86 26 gängen
374 635 107 21 tillträder
496 636 66 27 tjenst
578 635 52 22 eller
646 635 91 22 embete.

259 670 75 21 Redan
357 669 36 22 vid
414 670 142 21 1877—1878
576 671 35 20 års
626 670 107 27 landtdag
748 670 67 22 fästes
830 670 117 28 uppmärk-

192 705 111 21 samheten
318 704 36 21 vid
370 706 33 19 att
417 704 155 27 stämpelafgift
587 705 47 21 icke
650 705 119 21 debiterats
784 705 37 21 vid
833 704 115 22 förefallna

190 739 155 27 utnämningar
360 739 33 21 till
407 739 187 22 senatorsembete.
624 739 34 21 Dä
674 740 61 20 detta
750 739 124 22 förfarande
884 740 63 20 torde

191 774 65 21 hafva
272 774 32 21 sin
319 773 118 28 förklaring
452 774 52 26 deri,
519 775 32 20 att
569 774 186 27 utnämningarna
769 773 38 22 ske
821 780 77 21 genom
909 774 38 21 nä-

191 809 46 27 digt
258 808 108 26 manifest,
387 810 54 19 utan
456 810 33 19 att
504 808 106 21 särskilda
624 807 141 22 kallelsebref
777 808 105 25 utfärdas,
897 815 50 14 men

191 844 107 26 sistsagda
306 842 159 28 omständighet
472 843 48 21 icke
530 850 63 20 synes
602 844 79 26 utgöra
689 842 73 28 giltigt
770 842 47 22 skäl
827 842 33 22 för
870 843 77 21 sädant

192 878 119 27 undantag,
333 877 88 26 hvilket,
444 877 67 27 enligt
534 878 132 20 Ständernas
682 877 74 27 tanke,
771 877 48 21 icke
834 877 67 21 heller
917 876 30 22 öf-

190 913 180 20 verensstämmer
385 912 49 20 med
448 918 63 14 mom.
527 913 13 19 2
555 912 7 20 i
578 913 11 25 $
604 912 34 25 20,
654 912 40 20 har
710 914 31 18 ett
755 911 160 28 förtydligande
925 911 26 21 af

192 946 130 21 hithörande
345 946 119 27 stadgande
486 946 7 21 i
509 947 10 26 8
535 947 20 24 5,
570 946 8 21 i
593 945 55 28 syfte
663 948 34 19 att
712 945 34 21 för
761 945 116 22 framtiden
891 945 57 22 före-

190 981 71 27 bygga
275 981 97 27 antydda
386 980 194 26 missförhällande,
595 982 83 19 ansetts
694 980 141 27 erforderligt.

258 1015 9 21 I
288 1015 55 27 följd
365 1014 25 22 af
409 1015 132 27 svårigheter
564 1017 32 19 att
610 1015 49 20 från
675 1014 45 22 alla
735 1015 115 26 domsagor
865 1013 83 22 erhålla

190 1049 113 22 bestämda
324 1049 111 28 uppgifter
457 1056 34 14 om
508 1049 199 27 tingsgästningens
723 1049 86 27 belopp,
825 1048 39 21 har
878 1049 71 20 under

191 1090 76 15 senare
289 1084 24 20 år
334 1083 118 27 veterligen
468 1084 41 20 den
525 1083 160 27 olikformighet
701 1086 36 24 egt
752 1090 54 19 rum,
821 1085 33 19 att
868 1083 78 21 kartan

190 1118 34 21 till
245 1117 101 22 fullmakt
369 1118 13 20 å
396 1117 250 28 häradshöfdingetjenst
660 1118 8 20 i
683 1124 28 14 en
727 1117 34 21 del
777 1117 38 21 fall
829 1116 119 22 beräknats

191 1151 55 22 efter
268 1151 59 22 såväl
349 1151 133 22 kronolönen
498 1159 45 14 som
558 1153 114 20 domarens
689 1151 65 22 andel
769 1151 7 21 i
791 1151 155 27 tingsgästnin-

190 1193 48 20 gen,
261 1193 50 14 men
332 1186 7 21 i
355 1187 68 20 andra
439 1187 76 20 endast
530 1186 54 21 efter
600 1187 41 20 den
656 1186 34 21 till
705 1185 103 28 beloppet
824 1185 123 28 obetydliga

190 1220 180 28 penningelönen.
401 1220 41 21 Till
463 1220 140 28 afhjelpande
617 1220 66 21 häraf
695 1220 41 21 har
751 1221 38 20 det
805 1222 59 25 synts
878 1219 69 27 lämp-

188 1255 40 27 ligt
244 1257 39 23 att,
298 1255 49 20 med
363 1255 122 27 antagande
501 1255 24 21 af
538 1256 42 20 den
595 1255 157 26 klassificering
763 1254 24 21 af
796 1255 149 26 domsagorna,

190 1295 52 20 som,
258 1289 67 27 enligt
340 1289 81 27 nådiga
435 1289 143 27 kungörelsen
592 1289 24 21 af
629 1290 42 20 den
681 1289 30 21 16
721 1288 96 22 Oktober
826 1289 64 24 1865,
900 1287 45 28 gäl-

188 1323 32 21 ler
235 1324 8 20 i
257 1323 102 22 afseende
374 1323 13 21 å
402 1323 132 22 civilstatens
556 1323 65 22 enke-
636 1323 41 22 och
693 1323 145 27 pupillkassas
853 1323 44 20 rätt
912 1322 33 21 till

189 1357 206 28 vakansbesparing,
417 1357 35 22 för
473 1357 75 28 hvarje
570 1357 24 22 af
614 1359 63 20 dessa
692 1357 84 21 klasser
791 1356 108 22 fastställa
913 1359 32 19 ett

188 1392 39 21 fixt
242 1392 221 26 förvandlingsvärde,
478 1393 66 26 något
563 1392 160 27 öfverstigande
739 1392 36 21 det
789 1391 34 21 för
837 1391 53 22 hvar
905 1391 40 21 och

190 1432 27 15 en
233 1426 100 27 gällande
349 1426 118 21 minimum.

258 1462 53 20 10:0.
341 1460 71 21 Jemte
428 1461 37 21 det
479 1460 316 26 sockenskrifvarebefattning,
811 1459 87 22 hvartill
911 1461 33 19 ut-
