1011 1670
216 120 27 20 26
523 120 38 22 N:o
578 119 33 23 36.

187 185 54 21 eller
259 184 33 22 för
310 185 69 27 någon
398 186 31 21 tid
448 186 67 22 befria
531 186 33 28 sig
579 186 46 22 från
641 186 137 28 krigstjenst;
796 185 83 23 straffes
895 185 49 23 med

187 219 97 28 fängelse
300 220 7 20 i
323 220 65 27 högst
403 222 31 20 ett
450 220 29 22 år.

258 254 45 20 Har
321 254 42 22 han
381 254 49 28 sjelf
447 255 53 21 eller
519 256 48 20 med
583 261 81 15 annans
680 255 91 27 tillhjelp
787 255 7 21 i
810 256 57 27 dylik
881 254 65 28 afsigt

188 288 111 22 lemlästat
318 289 38 27 sig,
378 289 51 22 eller
446 290 28 27 på
492 292 66 19 annat
576 292 45 19 sätt
637 290 78 21 skadat
730 290 32 21 sin
778 290 70 26 helsa;
871 290 74 22 dömes

189 323 32 21 till
237 322 97 27 fängelse
351 324 17 27 ej
386 324 68 22 under
469 330 39 16 sex
523 324 108 22 månader.

259 358 41 21 Till
323 358 107 27 sistsagde
453 358 62 22 straff
532 365 49 15 vare
602 359 41 21 ock
659 359 41 21 den
716 359 110 27 krigsman
841 358 104 27 förfallen,

189 398 54 20 som,
260 392 33 22 för
308 394 33 20 att
356 393 80 21 bereda
451 400 70 15 annan
537 394 100 21 befrielse
653 393 45 22 från
709 394 134 27 krigstjenst,
854 394 28 25 på
892 394 53 21 hans

189 427 96 26 begäran
309 427 51 21 eller
384 427 48 22 med
454 428 53 21 hans
531 427 128 27 begifvande
674 428 78 21 honom
768 427 111 22 lemlästar
895 428 52 21 eller

190 461 32 21 till
238 461 75 21 helsan
330 461 84 27 skadar,
431 463 52 21 eller
498 462 78 22 honom
593 463 6 20 i
615 462 68 21 sådan
699 463 89 26 gerning
804 461 101 22 biträder.

537 526 12 25 8
567 527 32 19 82.

260 565 120 27 Krigsman,
404 572 46 15 som
472 568 52 19 utan
547 566 96 21 tillständ
666 565 108 27 aflägsnar
797 566 33 26 sig
848 564 46 22 frän
915 565 33 21 sin

192 599 190 27 tjenstgöringsort
405 600 51 22 eller
473 600 46 22 frän
540 601 40 21 den
601 600 183 27 kommendering,
805 600 85 22 hvilken
906 600 42 21 han

191 634 79 26 tillhör,
292 634 40 22 och
351 634 68 22 häller
438 635 33 27 sig
486 636 67 25 borta,
570 636 7 20 i
592 634 92 22 fredstid
701 634 59 22 öfver
775 640 43 20 sex,
835 634 6 21 i
857 634 91 27 krigstid

192 668 60 22 öfver
273 671 33 20 tre
326 671 57 19 samt
402 670 6 21 i
427 669 95 23 fiendens
541 670 51 27 äsyn
609 669 60 22 öfver
684 671 32 20 ett
732 669 62 27 dygn,
811 675 50 15 vare
876 668 72 22 såsom

193 710 107 21 rymmare
316 704 86 22 ansedd.

539 746 12 26 S
568 747 33 19 83.

263 786 41 20 För
324 786 102 26 rymping,
448 786 37 22 der
501 786 40 22 den
557 786 18 27 ej
592 786 87 26 begåtts
696 785 5 21 i
717 784 97 23 fiendens
831 784 50 28 äsyn
897 784 53 21 eller

193 819 23 22 af
230 820 37 20 tvä
282 820 52 21 eller
349 820 51 21 flere
418 820 53 22 efter
486 821 73 21 derom
574 820 78 21 träffad
664 819 221 26 öfverenskommelse,
898 818 52 22 eller

194 854 38 21 der
250 853 152 28 öfverlöpande
421 855 32 21 till
471 855 85 22 fienden
572 855 18 27 ej
607 855 70 25 skett;
695 855 73 20 dömes
784 854 34 21 till
832 853 95 27 fängelse
944 853 6 20 i

193 889 66 26 högst
274 895 37 14 sex
326 889 109 22 mänader.
466 889 53 22 Sker
538 889 84 22 äterfall
641 889 7 21 i
666 889 93 25 brottet;
784 887 83 22 straffes
882 887 68 22 första

193 923 85 27 gängen
296 923 49 22 med
363 923 172 28 förafskedande,
553 924 52 21 eller
619 923 98 28 fängelse
734 923 18 27 ej
770 923 67 21 under
853 928 37 15 sex
905 921 44 22 mä-

193 958 74 26 nader,
284 960 62 24 samt,
363 958 35 21 vid
414 959 100 27 förnyadt
529 959 91 25 äterfall,
636 958 49 21 med
701 957 91 22 tukthus
808 957 32 21 till
851 956 40 22 och
902 956 49 21 med

194 992 37 22 tvä
247 992 30 22 är.

263 1021 135 27 Återvänder
420 1034 104 21 rymmare
547 1026 109 28 sjelfmant
674 1026 32 22 till
728 1026 32 21 sin
776 1024 175 27 kommendering

193 1061 53 21 eller
263 1062 95 21 anmäler
373 1062 33 21 sin
423 1062 64 27 afsigt
498 1062 72 21 derom
581 1062 40 20 hos
633 1060 161 22 vederbörande
805 1059 146 27 presterskap,

194 1096 159 27 kronobetjent,
369 1096 165 27 poliskammare
551 1096 51 22 eller
617 1096 121 26 Magistrat,
756 1094 56 27 gälle
829 1094 36 21 det
880 1093 71 22 säsom

193 1130 120 22 mildrande
337 1131 165 27 omständighet.
533 1131 75 21 Säsom
631 1129 139 23 försvärande
792 1128 160 27 omständighet

193 1170 72 21 anses,
283 1170 33 16 om
332 1166 125 26 rymningen
473 1166 58 21 skett
546 1166 6 20 i
568 1165 98 27 krigstid.

541 1228 13 26 8
571 1230 33 19 84.

263 1267 101 28 Rymmer
379 1267 71 27 nägon
466 1268 7 21 i
489 1267 94 22 fiendens
601 1267 61 27 äsyn;
679 1267 81 25 dömes,
772 1266 38 21 der
821 1265 40 21 den
872 1265 81 21 brotts-

195 1302 44 27 lige
258 1302 18 27 ej
298 1302 57 27 gjort
373 1302 35 27 sig
426 1302 83 27 skyldig
528 1302 31 21 till
579 1308 78 15 ansvar
672 1301 68 26 enligt
755 1299 94 28 följande
864 1300 19 25 8,
901 1298 53 23 eller

192 1336 35 21 för
247 1336 154 27 öfverlöpande
420 1337 32 20 till
472 1337 89 26 fienden,
579 1337 32 20 till
627 1336 91 21 tukthus
734 1335 48 21 från
798 1334 40 22 och
853 1334 49 21 med
917 1333 36 22 två

194 1370 32 21 till
243 1371 41 21 och
299 1371 48 22 med
363 1371 48 21 ätta
426 1371 30 22 är.

541 1423 13 26 8
571 1425 33 19 85.

262 1462 69 22 Hafva
353 1463 35 21 tvä
413 1463 52 21 eller
487 1462 56 27 flere,
561 1462 54 22 efter
630 1461 79 23 träftad
724 1460 223 26 öfverenskommelse,
