1020 1670
231 109 15 19 2
395 108 79 24 Ständ.
490 108 38 23 Sv.
545 121 25 3 —
586 108 73 28 Prop.
674 107 40 22 N:o
728 107 36 22 33.

205 170 81 21 komit6
300 170 84 28 afgifvit
398 171 145 27 underdånigt
558 170 138 23 betänkande
712 170 39 21 och
766 170 79 28 förslag
855 171 8 21 i
872 173 80 24 ämnet,

201 204 50 22 lätit
266 205 100 21 utarbeta
385 205 40 21 och
439 205 36 22 vid
489 205 147 22 innevarande
652 205 104 26 landtdag
771 205 7 20 i
794 205 65 28 nädig
874 213 77 20 propo-

201 239 66 21 sition
281 238 111 29 förelägga
406 239 122 22 Ständerna
542 239 80 28 förslag
636 239 34 22 till
685 239 126 28 förordning
824 247 35 14 om
869 241 83 27 upphö-

202 273 68 21 rande
285 273 24 21 af
322 274 26 21 de
364 273 47 22 frän
426 274 119 21 rusthällen
557 276 55 19 samt
623 275 99 20 roterade
731 273 101 22 hemman
843 275 40 20 och
893 275 57 21 bäts-

201 307 108 22 manshäll
330 309 106 26 utgäende
459 309 177 27 vakansafgifter,
657 308 110 22 äfvensom
786 309 129 28 indragning
930 310 24 21 af

201 342 27 21 de
243 341 119 22 rusthällen
377 342 34 22 för
425 343 139 28 rustningens
579 343 191 28 upprätthällande
785 343 101 22 anvisade
900 351 50 20 aug-

201 378 81 19 ments-
298 376 40 21 och
353 376 69 28 öfriga
436 379 82 20 räntor.

269 410 41 22 Vid
332 410 159 29 behandlingen
514 411 24 22 af
557 412 165 27 ifrägavarande
742 413 80 19 ärende
842 411 39 22 har
896 412 54 21 dock

201 444 91 22 emellan
308 446 28 20 de
351 445 58 22 olika
423 446 93 22 ständen
531 447 68 20 sädan
614 446 184 27 samstämmighet
809 446 47 21 icke
867 446 83 21 kunnat

200 478 168 27 åstadkommas,
384 487 45 15 som
443 480 34 22 för
492 480 159 22 ständerbeslut
667 480 55 22 varit
737 480 131 27 erforderlig,
879 480 7 21 i
896 480 54 28 följd

200 512 80 22 hvaraf
298 513 77 28 frägan
398 522 34 14 om
454 514 211 28 vakansafgifternas
685 514 141 28 upphörande
841 514 39 22 och
896 517 54 19 rust-

199 547 179 28 ningsräntornas
392 549 134 27 indragande
541 549 33 21 för
589 550 72 21 denna
675 550 57 26 gäng
747 548 99 26 förfallit;
862 549 87 22 hvarom

199 582 123 22 Ständerna
338 583 23 21 få
375 583 39 22 hos
433 584 86 22 Eders
539 584 162 28 Kejserliga
720 584 132 27 Majestät
872 584 77 21 under-

199 617 87 27 dänigst
300 618 92 22 anmäla.

268 663 104 22 Finlands
388 664 92 22 Ständer
495 664 124 22 framhärda
634 666 40 20 etc.

268 709 140 28 Helsingfors,
426 711 42 21 den
483 711 13 21 1
512 711 52 21 Juni
580 711 60 21 1882.

322 1450 117 24 Helsingfors,
450 1452 17 18 J.
482 1452 66 17 Simelii
561 1452 96 22 arfvingars
669 1450 83 22 tryckeri,
768 1450 49 16 1882.
