1061 1692
234 138 11 17 6
452 134 23 19 U.
488 134 23 18 B.
524 144 22 3 —
558 133 62 24 Prop.
633 132 37 19 N:o
682 132 33 18 42.

211 194 105 22 visoriska
331 193 108 27 åtgärder,
451 192 165 26 tillvägabringa
626 188 164 29 ifrågavarande
800 186 168 28 vapenöfningar

212 228 66 22 redan
301 234 29 14 nu
348 227 68 21 måste
439 228 90 25 antagas
545 226 70 20 såsom
631 224 78 28 gifven,
726 224 78 26 syntes,
821 221 66 25 enligt
902 220 67 21 Sena-

212 264 47 20 tens
275 262 122 26 pluralitets
413 261 92 26 mening,
521 260 33 21 för
570 259 110 27 Styrelsen
694 258 48 21 icke
758 257 66 21 annat
838 254 87 26 återstå,
942 255 27 19 än

213 298 32 20 att
258 296 41 20 hos
314 295 120 22 Ständerna
457 294 91 26 anmäla,
564 294 36 21 det
615 293 67 26 sagda
697 292 99 25 öfningar
811 296 29 14 nu
855 288 46 22 icke
917 288 54 21 kun-

212 332 39 20 nat
265 330 58 21 inom
345 330 40 21 den
400 329 8 21 i
424 329 154 25 författningen
599 326 131 22 föreskrifna
751 325 32 21 tid
802 323 113 25 anordnas,
931 322 40 21 och

214 364 57 27 förty
287 366 52 25 göra
361 363 159 26 framställning
536 368 34 15 om
586 361 131 21 Ständernas
736 357 155 29 godkännande
907 356 23 21 af
945 356 28 20 de

215 398 47 22 skäl
285 398 40 21 och
347 397 189 27 omständigheter,
556 402 44 15 som
623 394 109 22 föranledt
753 392 134 28 uppskofvet.
918 390 54 20 Der-

215 434 58 20 emot
289 432 65 26 ansåg
370 432 104 21 Senatens
493 430 117 28 pluralitet,
626 430 32 20 att
673 434 81 16 samma
770 426 63 22 orsak
848 425 47 21 icke
910 423 62 22 torde

215 466 73 22 kunna
303 466 74 26 läggas
393 466 32 20 till
442 465 69 27 grund
526 464 33 21 för
573 462 208 28 vapenöfningarnes
796 458 128 23 inställande
935 464 38 14 un-

217 501 38 21 der
271 501 24 21 år
311 500 61 25 1883,
388 502 53 19 enär
456 500 41 20 den
514 499 32 21 tid
560 498 24 21 af
597 499 31 20 ett
646 497 39 21 och
701 498 31 20 ett
747 494 55 22 halft
818 494 30 26 år,
864 499 46 15 som
926 492 49 21 der-

217 535 33 21 till
266 535 115 25 återstode,
398 534 67 21 borde
488 539 62 15 anses
569 532 116 26 tillräcklig
700 530 34 22 för
749 528 129 27 vidtagande
894 526 23 22 af
931 526 44 21 alla

218 569 33 21 för
267 569 122 21 ändamålet
403 567 107 27 behöfliga
525 566 107 28 åtgärder.

289 603 103 21 Senatens
408 602 109 21 minoritet
532 600 116 22 omfattade
664 600 40 20 den
720 598 56 26 åsigt
792 598 37 24 att,
845 596 28 26 på
894 595 27 21 de
943 593 32 22 uti

220 638 41 21 den
277 637 77 26 nådiga
369 636 159 27 propositionen
543 634 126 22 framstälda
684 632 101 28 grunder,
796 631 39 21 hos
850 629 59 21 Hans
925 627 51 27 Kej-

220 671 81 27 serliga
315 671 103 26 Majestät
433 670 7 21 i
455 669 169 26 underdånighet
646 667 70 22 skulle
731 664 133 26 hemställas,
880 669 33 15 om
929 662 47 21 icke

221 706 121 22 Ständerna
356 705 72 21 kunde
443 704 121 26 föreläggas
579 702 133 27 proposition
728 700 31 21 uti
774 700 36 20 det
826 698 61 27 syfte,
899 698 32 20 att
945 696 32 21 öf-

221 740 136 26 ningsmöten
372 739 49 21 med
436 744 100 16 reserven
551 737 47 21 icke
614 736 69 22 skulle
698 735 47 21 före
761 734 24 21 år
801 732 56 22 1884
868 738 39 20 ega
922 736 55 20 rum;

223 774 52 21 derå
290 773 122 27 Kejserliga
428 772 93 22 Senaten
536 771 79 25 vidare,
631 770 55 22 efter
702 769 37 21 det
754 766 140 22 meddelande
909 764 70 26 ingått

223 808 81 25 derom,
324 809 31 19 att
370 806 59 22 Hans
444 806 122 26 Kejserliga
580 804 108 27 Majestät,
704 803 36 21 vid
763 801 68 22 skedd
846 798 133 26 underdånig

223 841 153 27 föredragning
392 841 23 20 af
429 840 95 25 ärendet,
540 839 47 21 med
602 838 102 21 afseende
720 837 12 20 å
742 836 56 21 hvad
810 829 169 34 Generalguver-

224 878 67 19 nören
307 875 40 22 ock
362 875 104 21 Senatens
481 873 108 22 minoritet
604 872 46 21 deri
664 872 74 26 yttrat,
755 869 19 27 ej
790 868 82 21 mindre
887 866 70 21 täckts
972 865 8 21 i

224 910 68 21 nåder
314 909 91 21 anmoda
428 908 92 21 Senaten
536 909 37 23 att,
590 906 24 21 så
632 905 44 22 fort
690 905 34 26 sig
740 905 52 25 göra
807 903 50 24 läte,
872 901 34 21 till
920 899 61 21 Hans

224 943 123 27 Kejserliga
362 943 103 26 Majestät
483 942 107 21 inkomma
607 940 49 21 med
672 938 82 26 förslag
768 937 33 21 till
818 935 163 26 landtdagspro-

225 978 100 27 position,
342 977 46 22 deri
404 977 22 20 åt
448 983 29 14 nu
496 975 128 21 församlade
641 973 99 25 Ständer,
756 971 28 27 på
799 970 27 21 de
844 969 23 21 af
883 967 99 22 bemälde

225 1012 111 21 minoritet
350 1012 7 20 i
373 1011 66 21 saken
455 1010 88 21 anförda
558 1009 52 25 skäl,
622 1007 70 22 blefve
708 1004 157 24 öfverlemnadt
880 1004 31 20 att
925 1002 58 27 gifva

227 1047 38 21 sitt
281 1046 108 27 samtycke
412 1045 79 25 dertill,
507 1045 31 20 att
552 1048 101 16 reserven
670 1041 53 22 eller
738 1039 70 27 någon
824 1037 35 22 del
875 1036 62 22 deraf
949 1035 34 22 till

228 1080 110 27 äfventyrs
360 1079 47 22 icke
429 1079 85 20 komme
536 1079 32 19 att
589 1077 34 20 till
645 1075 159 26 öfningsmöten
827 1071 92 22 inkallas
938 1070 46 21 före

227 1115 48 20 året
291 1114 62 26 1884,
369 1115 27 19 än
410 1113 70 25 äfven,
496 1113 6 20 i
521 1111 94 26 enlighet
637 1110 48 21 med
707 1108 57 21 hvad
787 1105 199 26 Generalguvernö-

227 1155 39 15 ren
282 1148 118 26 föreslagit,
416 1147 58 21 velat
488 1147 7 20 i
510 1146 66 21 nåder
594 1144 108 25 förordna,
720 1143 37 20 det
776 1141 69 21 skulle
861 1139 78 26 nödiga
954 1138 31 21 åt-

229 1183 78 26 gärder
323 1183 75 26 genast
412 1181 99 26 vidtagas
525 1179 33 22 för
573 1177 133 28 uppförande
717 1176 24 21 af
754 1175 110 27 bygnader
874 1173 33 21 för
917 1178 69 15 reser-

229 1223 52 15 vens
298 1216 158 26 öfningsmöten
471 1215 39 21 och
525 1214 33 21 för
577 1210 191 24 åstadkommande
783 1209 23 21 af
821 1215 25 14 en
862 1207 73 26 duglig
950 1206 37 21 be-

229 1251 111 21 fälskader
355 1250 34 21 för
404 1255 107 19 reserven,
526 1249 7 20 i
548 1248 86 26 plenum
650 1246 41 21 den
706 1245 14 21 6
734 1243 60 22 Mars
806 1242 62 25 1882,
878 1241 55 21 efter
943 1246 45 15 om-

230 1285 104 26 röstning,
350 1284 89 21 beslutit
461 1283 33 20 till
513 1282 59 21 Hans
590 1280 123 27 Kejserliga
728 1277 114 27 Majestäts
856 1275 61 26 Egen
932 1274 57 26 höga

230 1319 101 28 pröfning
345 1319 7 20 i
368 1317 170 26 underdånighet
555 1315 89 21 insända
667 1315 31 20 ett
721 1312 23 21 af
766 1311 92 22 Senaten
874 1307 115 28 uppgjordt

231 1353 83 27 förslag
329 1353 34 20 till
378 1349 246 28 landtdagsproposition
639 1349 7 20 i
662 1348 61 21 detta
738 1348 69 19 ämne.

302 1387 29 21 Af
352 1387 42 20 den
412 1386 69 21 under
499 1385 33 21 2:0
548 1382 141 23 omförmälda
704 1379 86 28 uppgift
804 1377 101 27 framgår,
922 1377 31 20 att
968 1375 24 22 af

233 1423 26 20 de
275 1421 34 22 till
326 1421 51 21 1881
396 1420 36 21 års
447 1419 85 27 uppbåd
546 1417 95 21 hörande
656 1414 157 27 värnepligtige
828 1411 94 27 följande
933 1409 58 22 antal

233 1455 135 22 omedelbart
382 1454 36 21 vid
433 1458 101 16 reserven
549 1450 125 25 inskrifvits,
690 1448 118 26 nemligen:

307 1493 195 24 Värnepligtsutskottets
513 1491 103 18 betänkande
628 1489 36 17 N:o
677 1489 15 17 1.
