1025 1673
231 114 28 21 64

426 114 65 25 Ständ.
506 115 29 24 Sv.
551 128 27 2 —
593 115 54 31 Prop.
662 116 31 24 N:o
708 116 30 24 36.

608 184 16 28 $
639 184 50 22 149.

411 223 41 21 Vid
466 224 123 28 behandling
604 225 29 28 af
643 224 45 22 mål
702 225 93 21 rörande
809 225 150 33 sjökrigstjenst

339 258 57 22 skola
406 259 25 27 af
438 258 218 22 militärledamöterna
666 260 9 20 i
686 260 101 27 krigsrätt
797 264 53 16 samt
860 260 9 21 i
882 255 76 33 Öfver-

340 292 143 29 krigsdomstol
497 294 122 20 ätminstone
635 301 24 13 en
675 293 85 21 tillhöra
774 294 103 26 sjöstaten.

609 362 16 28 $
639 363 51 21 150.

413 400 134 29 Ordförande
577 402 38 21 och
643 402 89 21 ledamot
756 403 9 20 i
789 402 109 28 Krigsrätt
923 403 35 20 och

344 430 207 34 Öfverkrigsdomstol
566 437 58 25 skall,
645 438 67 19 innan
728 437 41 20 han
791 436 168 23 domareembetet

341 469 110 26 tillträder,
467 471 9 20 i
490 471 33 28 lag
536 471 142 28 föreskrifven
694 472 113 20 domareed
823 471 88 30 aflägga.

603 575 27 16 17
642 575 54 21 Kap.

342 629 38 24 Om
391 630 27 23 de
429 630 50 28 mäl,
495 637 45 16 som
551 631 31 23 till
594 631 150 29 krigsdomstol
757 631 62 28 höra;
835 630 27 23 sä
873 630 40 24 ock
925 636 32 17 om

386 664 26 23 de
428 665 108 23 särskilda
551 665 217 30 krigsdomstolarnes
785 665 130 29 behörighet.

609 730 13 26 $
638 730 50 20 151.

412 768 45 21 Till
472 768 152 28 krigsdomstol
639 769 55 21 höra
704 768 107 28 följande
825 769 54 20 mål:

410 803 33 20 1:o
459 803 101 20 Militära
583 803 63 25 brott,
668 810 46 14 som
724 802 104 28 föröfvas
843 802 30 27 af
891 802 68 28 krigs-

341 838 57 25 män,
421 836 72 22 hvilka
516 840 38 18 äro
577 838 36 20 vid
635 838 26 20 de
683 838 75 20 aktiva
782 840 117 25 trupperna
919 844 39 14 an-

340 871 76 21 stälde.

408 906 34 20 2:o
458 906 125 21 Enahanda
603 906 62 27 brott,
689 913 46 14 som
758 906 63 27 begås
843 905 28 27 af
883 906 25 20 de
924 906 34 20 till

339 945 96 15 reserven
451 940 52 21 eller
513 940 138 21 landtvärnet
665 940 98 21 hörande
773 940 118 27 krigsmän,
907 939 52 21 eller

339 973 30 27 af
381 973 25 21 de
420 974 37 21 vid
472 974 145 28 krigsmakten
631 974 102 21 anstälde
748 974 65 21 civila
824 974 134 27 tjenstemän,

340 1007 29 21 dä
384 1008 26 21 de
425 1009 67 26 enligt
507 1011 33 24 $$
553 1010 16 20 2
585 1008 38 21 och
639 1010 14 19 3
675 1011 40 18 äro
739 1008 158 21 underkastade
919 1015 39 14 an-

338 1042 255 26 svarsbestämningarna
608 1043 9 20 i
632 1043 72 20 denna
720 1043 42 27 lag.

408 1078 34 19 3:0
458 1077 143 28 Förbrytelse,
621 1084 45 14 som
682 1079 123 18 omnämnes
821 1077 9 20 i
844 1077 14 26 $
874 1077 43 20 114
931 1075 30 28 af

338 1111 202 28 värnepligtslagen.

408 1146 34 19 4:0
461 1145 133 28 Vanvördigt
603 1145 148 27 förhållande
765 1144 62 28 inför
839 1145 119 27 krigsdom-

339 1179 43 21 stol
396 1179 29 27 af
437 1179 48 28 den,
500 1187 45 14 som
561 1180 70 21 denna
647 1181 37 26 lag
699 1179 149 22 underkastad
863 1181 32 19 är.

408 1214 33 20 5:0
457 1215 53 20 Alla
525 1213 74 29 öfriga
614 1214 62 27 brott,
692 1213 74 22 hvilka
781 1214 9 20 i
805 1213 94 28 krigstid
907 1212 51 27 för-

339 1247 62 26 öfvas
416 1247 30 27 af
457 1249 78 27 någon,
549 1255 45 14 som
611 1249 60 27 lyder
687 1248 70 21 under
772 1248 72 21 denna
859 1248 43 27 lag,
917 1247 40 21 lik-

338 1282 37 21 väl
396 1282 48 21 med
459 1283 113 28 undantag
587 1283 30 26 af
627 1283 21 27 ej
663 1283 86 20 mindre
763 1281 194 28 äktenskapsbrott,

337 1315 73 22 hvilka
432 1317 37 21 vid
487 1317 84 21 allmän
586 1317 91 21 domstol
694 1317 52 20 böra
761 1316 144 28 handläggas,
928 1318 29 19 än

337 1351 150 25 religionsmä!
516 1351 38 21 och
583 1351 85 21 sådana
678 1350 147 29 förbrytelser
854 1351 9 20 i
888 1353 69 25 prest-

337 1385 93 27 embetet,
455 1392 44 15 som
525 1386 67 27 enligt
616 1385 132 29 kyrkolagen
774 1385 89 21 tillhöra
887 1385 70 21 veder-

337 1419 95 21 Vörande
447 1419 141 28 domkapitels
603 1419 147 29 upptagande.
