1009 1670
232 124 29 20 80
536 122 38 24 N:o
590 122 34 24 36.

274 188 95 28 Uppstår
388 188 73 23 tvifvel
476 196 35 15 om
527 189 81 27 graden
623 188 23 23 af
659 188 140 28 brottslighet
814 190 40 21 och
870 190 94 21 omstän-

204 223 129 27 digheterna
356 222 22 22 af
398 224 72 21 hvilka
486 224 41 21 den
543 223 90 28 åtföljts,
650 223 52 23 eller
716 223 107 22 huruvida
838 223 124 26 förseelsen,

206 257 49 22 med
272 256 100 23 afseende
388 258 13 21 å
417 258 49 22 dess
482 258 158 25 beskaffenhet,
656 258 36 21 må
702 257 262 28 bestraffas
821 252 13 37 i
844 257 120 28 disciplinär

205 291 91 27 ordning
310 292 52 22 eller
377 292 68 22 åtalas
461 292 35 22 vid
512 293 100 26 domstol,
629 292 55 22 skall
699 292 161 28 undersökning
874 293 8 21 i
897 292 67 22 saken

205 326 39 21 ske
268 326 35 21 vid
326 326 78 27 förhör,
428 333 45 15 som
489 327 69 21 hålles
574 326 23 22 af
611 327 42 22 den
668 326 118 22 tilltalades
802 328 49 20 med
865 326 99 22 bestraff-

204 360 109 28 ningsrätt
330 360 102 22 försedda
447 361 144 22 befälhafvare
608 361 58 26 eller,
684 361 38 21 der
737 360 225 28 bestraffningsrätten

203 394 125 22 innehafves
344 395 23 22 af
380 396 140 22 kommendör
535 396 33 22 för
583 398 99 25 truppen,
698 396 53 22 eller
766 396 49 21 med
830 396 78 21 honom
922 396 40 21 lik-

206 429 59 22 stäld
286 429 52 22 eller
360 432 27 19 än
406 430 67 27 högre
489 429 147 23 befälbafvare
652 429 40 22 och
708 430 56 27 dylik
780 429 146 22 befälhafvare
942 430 18 27 ej

204 463 70 22 finner
289 464 78 27 skäligt
384 466 32 20 att
432 465 50 28 sjelf
495 465 93 22 anställa
602 464 103 27 förhöret,
722 464 23 22 af
754 465 47 26 den,
810 471 45 15 som
864 464 41 21 han
914 465 47 21 der-

205 499 33 20 till
253 497 119 23 förordnar.
397 499 57 27 Eger
470 499 73 22 tvifvel
559 506 53 20 rum,
629 499 105 22 huruvida
749 499 117 22 förseelsen
874 499 49 21 med
931 498 31 22 af-

206 532 82 22 seende
311 533 13 21 å
343 534 50 21 dess
408 534 149 22 beskaffenhet
573 534 34 21 må
622 533 114 32 bestraffas
752 534 7 20 i
776 533 122 28 disciplinär
914 533 48 22 ord-

206 567 51 27 ning
280 567 52 23 eller
352 568 70 22 åtalas
445 568 35 22 vid
504 568 98 26 domstol,
623 568 124 22 ankommer
762 568 127 27 afgörandet
904 567 61 23 deraf

203 602 43 22 och
262 602 137 22 utsättandet
414 603 22 21 af
450 602 190 28 ordningsstraffet
662 602 6 22 å
683 602 167 22 kommendören
860 602 33 22 för
904 604 58 26 trup-

204 642 43 21 pen
264 636 52 22 eller
331 637 40 21 den
387 637 67 27 högre
470 637 152 27 befälhafvare,
639 638 23 21 af
670 637 85 22 hvilken
766 636 196 28 bestraffningsrät-

204 672 37 21 ten
257 671 8 21 i
280 671 66 22 saken
363 672 67 27 enligt
445 672 195 27 ordningsstadgan
656 671 131 23 innehafves.

274 706 41 21 Vid
337 706 103 27 förhöret,
463 707 69 21 under
554 706 82 22 hvilket
658 706 71 27 någon
752 706 22 22 af
788 706 41 22 den
846 706 116 22 tilltalades

203 740 85 22 förmän
311 740 51 22 eller
377 741 108 22 kamrater
500 741 40 22 bör
555 748 51 14 vara
621 741 115 27 tillstädes,
752 741 56 21 skall
824 740 58 22 såväl
898 740 64 22 måls-

204 775 105 27 eganden,
333 781 35 15 om
390 775 67 22 sådan
479 775 69 22 finnes
564 776 41 21 och
620 776 43 21 han
680 775 37 21 det
733 776 71 25 äskar,
820 775 66 21 varda
901 775 61 26 hörd,

204 815 47 16 som
275 809 41 21 den
339 810 107 21 tilltalade
468 810 82 22 lemnas
573 809 84 23 tillfälle
673 812 33 19 att
721 810 33 27 sig
769 810 99 25 förklara,
886 812 55 19 samt
956 810 6 20 i

205 843 65 28 öfrigt
288 843 109 27 iakttagas
412 844 56 22 hvad
483 844 33 21 för
532 844 114 27 utredning
661 843 23 22 af
696 843 130 22 förseelsens
842 843 120 22 beskaffen-

204 878 38 22 het
258 878 40 22 och
312 878 99 28 pröfning
427 878 22 22 af
463 879 41 21 den
520 879 116 21 tilltalades
652 878 142 22 straffbarhet
810 881 24 19 är
850 878 22 22 af
885 878 76 22 nöden.

553 929 13 30 8
582 933 33 19 46.

274 964 116 27 Strängare
412 965 141 27 bestraffning
575 965 95 27 älägges,
695 971 33 15 om
748 965 41 21 den
804 965 98 27 skyldige
917 971 46 15 mer

203 999 28 20 än
254 1004 28 16 en
297 999 57 26 gäng
368 998 77 28 begätt
460 999 112 22 enahanda
587 999 141 28 förbrytelser
744 1000 52 21 eller
810 999 116 22 förseelser
942 998 22 22 af

201 1038 73 16 annan
290 1034 39 25 art,
346 1039 47 15 men
410 1034 26 21 de
452 1033 172 28 bestraffningar,
639 1034 43 21 han
698 1034 121 26 undergätt,
831 1034 55 21 varit
893 1033 68 22 frukt-

202 1066 54 27 lösa,
280 1066 109 22 äfvensom
410 1067 27 22 dä
452 1067 117 23 förseelsen
585 1068 60 21 skett
660 1068 68 21 under
744 1068 149 27 tjenstgöring,
910 1068 52 21 eller

201 1100 118 22 innefattar
340 1100 129 28 förbrytelse
491 1104 46 20 mot
561 1102 261 27 krigsmannaaktningen,
846 1102 52 21 eller
922 1102 40 21 har

202 1135 68 27 något
284 1135 57 27 slags
358 1136 104 27 oordning
477 1136 33 22 till
525 1136 58 28 följd,
600 1136 53 22 eller
664 1136 27 22 dä
700 1138 112 25 strängare
820 1136 140 27 bestraffning

200 1169 70 22 finnes
290 1169 172 28 oundgängligen
482 1170 65 28 nödig
562 1170 32 22 för
610 1170 138 27 disciplinens
764 1170 195 28 upprätthållande.

546 1221 13 29 8
575 1224 34 19 47.

270 1255 69 22 Anser
354 1255 144 22 befälhafvare
514 1256 126 27 fullständig
657 1256 114 27 utredning
786 1261 33 16 om
830 1255 130 22 förseelsens

200 1289 151 22 beskaffenhet
374 1290 52 21 eller
450 1290 40 21 den
507 1289 96 28 angifnes
620 1291 64 20 skuld
700 1291 18 26 ej
735 1290 63 21 hafva
813 1290 35 21 vid
863 1290 97 22 förhöret

199 1324 93 27 vunnits,
308 1325 76 21 stände
399 1325 78 21 honom
493 1324 47 22 fritt
555 1327 33 19 att
603 1331 34 15 om
652 1325 73 22 vidare
741 1325 217 26 undersökning
904 1320 11 37 i
922 1320 38 37 sa-

199 1359 42 21 ken
257 1359 35 21 vid
307 1359 137 27 vederbörlig
460 1359 104 27 krigsrätt
578 1360 88 27 vidtaga
681 1359 66 27 nödig
762 1359 84 27 åtgärd,
858 1359 100 27 antingen

198 1399 78 21 genom
299 1393 197 22 sammankallande
520 1393 22 22 af
558 1394 41 21 slik
616 1394 100 26 domstol,
733 1394 57 25 eller,
807 1393 7 22 i
829 1393 36 22 fall
881 1393 40 22 han
939 1394 18 27 ej

197 1429 25 19 är
237 1429 105 25 truppens
357 1427 153 27 befälhafvare,
526 1435 76 21 genom
618 1428 99 21 anmälan
732 1428 40 21 hos
788 1428 69 21 denne
873 1434 34 15 om
921 1429 36 21 be-

196 1462 40 22 hof
250 1461 22 22 af
286 1462 116 27 krigsrätts
418 1463 159 21 sammanträde
592 1462 33 22 för
634 1462 156 22 ofvanberörda
798 1462 109 27 ändamål;
918 1463 39 21 och
