1028 1673
257 126 27 20 34
557 126 36 21 N:o
608 126 35 22 38.

228 196 58 19 samt
300 195 94 25 pastors-
410 195 39 21 och
464 195 274 26 kontraktsprosteembete
754 195 97 28 ingifvas,
867 195 109 21 äfvensom

228 228 66 27 bevis,
310 228 73 21 hvilka
398 229 23 21 af
435 229 62 22 dessa
512 229 149 27 myndigheter
676 229 107 26 utfärdas;

300 264 54 20 40:0.
384 264 48 21 Alla
448 264 218 27 dupletthandlingar,
683 270 45 15 som
744 264 8 21 i
762 263 169 28 rättegångsmål
941 263 33 21 till

229 297 144 22 domstolarne
389 298 98 28 ingifvas,
503 299 109 21 äfvensom
628 299 26 21 de
665 298 167 28 notifikationer,
844 305 44 14 som
898 298 23 21 af
928 298 46 21 dem

228 332 34 21 till
278 332 157 27 borgenärerne
451 333 7 21 i
473 333 140 22 konkursmål
628 333 104 22 utfärdas.

574 397 11 27 8
603 397 32 21 15.

300 435 40 22 Om
362 436 109 27 handling,
490 443 45 15 som
550 437 49 21 med
615 437 49 21 stöd
678 436 24 22 af
715 437 163 21 föreskrifterna
894 437 6 20 i
916 439 58 18 näst-

228 470 130 27 föregående
380 471 11 27 $
415 472 26 20 14
463 471 47 22 icke
525 471 107 28 karteras,
647 471 77 22 blifver
740 471 6 22 i
762 473 65 20 annat
842 471 42 21 mål
900 471 74 21 inlem-

228 505 43 20 nad
294 505 35 20 vid
345 505 77 21 sädant
437 505 146 22 embetsställe
600 506 39 21 och
654 505 24 22 af
691 506 68 21 sädan
774 512 84 21 person,
874 505 32 21 för
921 505 53 21 hvil-

227 539 43 22 ken
292 539 100 22 befrielse
414 540 47 21 frän
481 540 276 27 stämpelpappersafgiften
773 541 18 26 ej
809 543 23 18 är
847 540 126 27 medgifven,

227 574 40 21 bör
289 574 124 21 densamma
431 575 48 21 med
497 575 63 21 karta
576 575 108 27 beläggas,
700 576 28 25 pä
744 577 43 18 sätt
802 575 6 20 i
824 575 11 27 &
851 576 13 19 4
879 577 25 18 är
919 575 54 20 före-

228 609 97 21 skrifvet.

574 639 11 27 8
603 640 31 20 16.

299 678 49 22 Alla
363 679 67 21 andra
445 679 120 27 eftergifter
580 679 7 21 i
598 679 151 27 skyldigheten
760 680 31 20 att
801 678 96 28 begagna
908 680 64 19 stäm-

227 713 123 27 pelpapper,
367 720 45 15 som
427 714 19 26 ej
462 714 70 21 blifvit
547 720 76 20 genom
639 714 71 20 denna
725 713 123 27 förordning
863 713 109 27 förnyade,

226 747 86 21 komma
327 747 33 21 för
374 748 115 22 framtiden
505 750 32 19 att
552 748 89 21 alldeles
656 748 104 26 upphöra.

540 832 21 23 5
576 833 84 28 Kap.

228 890 34 22 Om
278 890 101 28 påföljden
395 891 38 22 och
449 891 96 22 ansvaret
559 892 32 21 för
607 892 159 21 öfverträdelser
781 892 20 21 af
817 892 63 21 denna
891 890 80 23 författ-

361 926 45 27 ning
422 926 54 21 samt
491 926 110 21 kontrollen
618 926 12 21 ä
646 927 49 21 dess
712 926 125 22 efterlefnad.

571 984 12 27 8
601 985 31 20 17.

297 1023 68 21 Skrift
380 1023 52 22 eller
447 1024 109 27 handling,
572 1031 46 14 som
634 1024 68 27 enligt
712 1024 69 21 denna
792 1024 124 26 förordning
924 1023 48 22 bort

225 1057 92 22 skrifvas
341 1059 13 20 4
376 1058 63 21 karta
458 1059 53 21 eller
525 1059 48 20 med
589 1059 167 26 stämpelmärke
771 1059 107 26 beläggas,
895 1059 35 20 mä
946 1058 25 27 ej,

224 1092 7 20 i
254 1092 38 21 fall
314 1092 95 27 päbudet
427 1093 72 21 derom
514 1092 67 22 finnes
598 1093 46 21 icke
660 1099 52 15 vara
728 1093 115 26 behörigen
859 1093 112 26 iakttaget,

223 1126 36 21 vid
282 1127 92 20 domstol
393 1127 53 21 eller
462 1127 134 21 embetsverk
612 1130 127 23 emottagas.
769 1127 40 21 Om
824 1128 111 25 kartering
950 1127 23 20 af

223 1160 71 28 skrift,
311 1167 45 15 som
371 1161 58 21 förut
445 1161 55 21 varit
515 1161 77 28 belagd
603 1162 49 21 med
662 1162 64 21 karta
737 1162 52 21 eller
800 1161 170 27 stämpelmärke,

223 1201 49 15 men
288 1195 79 21 saknar
383 1195 41 21 slik
440 1195 135 28 beläggning,
592 1198 24 19 är
632 1196 102 27 stadgadt
749 1196 7 21 i
772 1196 11 28 $
801 1198 30 19 11.

569 1259 11 27 8
598 1260 32 20 18.

294 1298 33 21 Då
342 1298 105 27 sakegare
463 1299 80 21 tillätes
559 1301 39 25 att,
615 1299 67 27 enligt
698 1300 12 20 4
727 1299 11 27 $
756 1300 24 20 14
795 1299 91 27 kapitlet
896 1299 74 21 Rätte-

222 1333 154 27 gängsbalken,
393 1333 35 21 vid
443 1334 134 20 embetsverk
595 1334 39 20 och
650 1334 100 26 domstol,
765 1334 7 20 i
788 1333 72 21 stället
876 1333 33 21 för
924 1333 46 21 huf-

222 1368 112 26 vudskrift,
351 1367 68 21 förete
434 1368 111 20 bevittnad
560 1368 86 20 afskrift
662 1368 23 20 af
700 1368 129 26 densamma,
846 1368 38 20 bör
900 1368 69 20 tillika

221 1402 93 27 styrkas,
330 1404 32 18 att
377 1402 172 21 hufvudskriften
566 1404 24 18 är
605 1402 33 20 till
655 1402 102 27 stadgadt
767 1402 76 26 belopp
855 1403 26 25 pä
891 1404 78 25 stämp-

220 1435 46 22 ladt
281 1442 82 21 papper
378 1436 95 22 skrifven
489 1437 52 21 eller
559 1437 40 21 ock
614 1437 48 21 med
679 1436 74 22 dervid
768 1436 70 22 fästad
854 1437 62 21 karta
927 1437 42 21 för-
