1048 1686
313 139 19 20 U.
348 140 20 19 B.
384 150 28 4 —
427 139 55 24 Prop.
499 139 30 20 N:o
543 139 24 20 41
582 145 25 14 m.
623 140 18 19 fi.
804 140 26 19 15

100 204 35 20 att
149 203 123 22 tillochmed
287 203 41 22 den
342 204 127 22 nuvarande
484 203 244 29 inkomstbevillningen
738 204 66 22 borde
810 203 50 22 med

100 238 26 21 är
142 239 55 20 1882
216 238 45 21 tills
275 238 76 22 vidare
365 239 104 27 upphöra,
486 238 101 22 eftersom
602 238 108 23 behofven
724 239 35 22 för
774 240 86 21 1883—

101 274 55 19 1885
179 274 62 26 samt,
264 273 69 27 enligt
355 273 63 22 deras
440 273 129 28 beräkning,
587 274 83 27 jemväl
684 273 35 22 för
733 274 127 28 påföljande

100 306 75 27 period
189 307 72 22 kunde
276 307 90 22 medelst
385 308 64 22 ofvan
469 307 142 23 omförmälda
626 308 234 22 konsumtionsskatter

100 341 40 21 och
154 341 95 22 tillskott
263 341 25 22 af
300 342 146 22 bankvinsten
461 342 112 22 betäckas.
603 342 125 22 Utskottets
738 342 72 23 flertal
820 343 40 22 har

100 375 55 22 dock
169 377 73 21 ansett
256 376 34 28 sig
304 376 54 22 böra
371 378 55 26 taga
441 377 7 21 i
464 378 157 21 betraktande:

169 412 34 20 att
225 410 172 23 äterinförandet
419 411 25 22 af
456 412 122 27 bevillning
598 412 13 22 ä
631 412 93 22 inkomst
747 412 53 22 eller
816 412 43 22 för-

99 445 122 27 mögenhet,
237 446 66 21 sedan
318 446 71 22 denna
403 446 61 22 skatt
477 447 72 27 några
563 447 26 21 år
605 447 59 22 varit
684 447 102 27 upphäfd,
811 453 48 16 san-

99 479 70 21 nolikt
183 480 70 22 skulle
267 481 58 20 möta
339 480 139 28 svärigheter
493 481 39 22 och
547 481 84 22 kännas
645 483 79 26 tyngre
741 484 29 19 än
785 488 33 15 om
828 481 31 21 in-

99 514 166 28 komstskatten,
288 521 45 16 som
355 515 68 22 sedan
443 517 25 20 17
485 516 26 21 är
526 516 59 22 varit
599 516 108 28 gällande,
723 516 135 22 fortfarande

99 548 57 22 hade
171 549 73 22 blifvit
259 550 122 27 uppburen;

169 584 34 20 att
218 583 42 22 den
274 584 91 27 lättnad,
381 590 45 16 som
440 584 85 28 hopade
540 585 143 27 besparingar
698 586 96 27 erbjuda,
809 585 49 22 icke

99 618 67 22 borde
183 618 136 22 uteslutande
334 619 176 27 tillgodokomma
526 626 29 15 nu
569 619 145 23 förevarande
728 620 130 28 budgetreg-

99 652 76 28 lering,
195 659 45 15 som
258 653 122 28 derigenom
399 654 84 22 komme
505 656 35 20 att
554 654 34 22 för
609 655 87 27 mycket
711 655 98 27 aflägsna
824 655 34 27 sig

99 687 50 21 från
165 687 26 21 de
206 688 97 21 normala
317 688 176 27 förhållandena;

169 723 34 20 att
224 722 105 22 Finlands
350 723 75 21 Banks
444 722 51 22 från
512 723 53 22 flere
580 724 25 21 år
619 724 96 22 samlade
729 724 129 22 vinstmedel

99 756 117 28 lämpligen
231 757 71 27 borde,
319 757 130 22 åtminstone
464 757 35 22 till
514 764 27 16 en
557 758 40 27 del,
613 758 73 22 anslås
700 758 35 22 till
745 758 113 28 jernvägs-

99 790 89 28 bygnad
204 791 38 21 och
257 791 96 28 sålunda,
369 793 57 20 samt
441 798 77 21 genom
534 794 34 20 att
577 792 72 22 tillika
660 793 84 21 minska
753 792 103 23 behofvet

98 824 25 22 af
135 825 120 28 upplåning
270 826 34 21 för
319 826 61 21 detta
399 826 108 28 ändamål,
528 828 67 20 lända
609 828 66 21 äfven
689 828 117 21 framtiden
821 827 35 22 till

96 859 100 22 finansiel
210 859 82 28 fördel;

167 895 34 20 att
216 894 29 21 öl-
260 895 39 21 och
313 895 141 22 tobaksskatt
468 895 104 28 vanligen
588 896 83 22 drabba
686 897 26 21 de
727 896 83 22 mindre
820 897 35 21 be-

96 928 99 22 medlade
216 928 9 22 i
245 930 68 21 större
333 930 124 27 proportion
476 932 30 19 än
520 931 28 21 de
562 930 142 28 förmögnare,
720 931 78 22 medan
814 931 41 21 den

95 963 139 26 progressiva
255 963 181 23 inkomstskatten
458 965 42 21 har
521 965 121 22 företrädet
664 966 24 21 af
708 967 33 20 ett
764 967 91 20 motsatt

95 996 146 29 förhållande;
257 999 56 20 samt

165 1033 34 20 att
213 1032 69 28 enligt
297 1039 26 15 en
337 1033 77 28 längre
428 1033 56 22 fram
499 1033 91 29 intagen
604 1035 75 27 kalkyl
694 1035 72 22 direkt
781 1035 74 21 bevill-

95 1065 53 28 ning
170 1066 55 22 dock
246 1067 50 22 från
316 1069 54 20 1886
391 1069 49 21 åter
457 1068 73 23 blefve
545 1069 25 22 af
583 1070 70 21 nöden
668 1069 34 22 för
717 1070 27 21 de
758 1069 96 22 militära

94 1100 133 28 utgifternas
241 1102 144 22 bestridande.

163 1135 33 22 Af
216 1136 63 22 dessa
301 1137 53 27 skäl,
378 1137 39 21 och
437 1137 29 21 då
481 1137 109 23 dessutom
605 1138 247 28 inkomstbevillningen,

94 1169 71 22 såsom
175 1170 65 22 äfven
255 1171 8 21 i
278 1171 48 22 dess
341 1172 126 21 nuvarande
486 1172 55 22 form
556 1179 27 16 en
597 1173 146 27 proportionel
757 1173 97 22 beskatt-

93 1203 54 28 ning
158 1204 25 21 af
195 1205 30 21 all
239 1205 59 28 slags
313 1206 155 27 förmögenhet,
483 1213 90 16 snarare
589 1209 27 20 än
632 1208 28 21 de
674 1208 110 21 indirekta
794 1208 60 21 skat-

94 1240 63 20 terna
179 1240 62 22 torde
261 1241 37 22 vid
319 1241 135 28 landtdagen
469 1242 40 21 och
524 1242 26 21 af
567 1243 107 26 styrelsen
688 1243 74 21 kunna
777 1243 76 21 erkän-

93 1279 39 16 nas
147 1274 71 21 såsom
233 1281 27 16 en
275 1275 123 27 egvivalent
413 1275 35 22 för
455 1277 166 28 rotevakansen,
632 1277 40 22 har
682 1278 114 21 Utskottet
806 1276 47 22 fun-

93 1307 33 22 nit
149 1308 37 22 det
207 1315 54 16 vara
283 1311 62 21 såväl
367 1311 24 21 af
410 1312 101 21 omtanke
530 1311 34 22 för
583 1311 116 23 framtiden
714 1319 45 14 som
774 1311 41 22 ock
830 1311 25 22 af

92 1342 191 28 nödvändigheten
297 1343 151 29 förestafvadt,
465 1346 35 20 att
513 1345 171 28 ifrågavarande
698 1346 154 22 inkomstkälla

92 1376 81 22 anlitas
196 1377 34 22 för
253 1379 51 20 åren
328 1380 148 26 1883—1885,
502 1380 55 21 dock
577 1382 34 20 att
630 1380 64 22 deraf
713 1381 49 21 icke
787 1381 65 21 äskas

92 1411 70 21 större
177 1411 96 22 afkomst
287 1414 28 19 än
329 1412 126 22 medeltalet
470 1412 35 23 för
515 1414 26 22 de
552 1420 76 16 senare
636 1415 53 21 åren
698 1415 52 21 eller
759 1416 91 26 800,000

92 1444 72 28 mark;
179 1445 85 23 hvilket
273 1446 34 22 för
317 1447 49 21 hela
372 1447 104 27 perioden
484 1448 70 22 skulle
562 1450 79 26 utgöra
650 1451 127 25 2,400,000
785 1450 65 21 mark.

162 1484 149 19 Statsutskottets
324 1486 117 18 betänkande
454 1488 36 17 N:o
504 1489 27 17 14.
