1009 1670
395 113 39 23 N:o
451 113 34 22 36.
771 115 23 18 m

68 181 80 26 seelse,
172 181 86 21 hvilken
281 180 67 27 enligt
367 180 70 21 denna
452 179 78 28 stadga
544 179 33 21 till
593 179 145 27 ordningsmäl
753 178 73 22 hänfö-

70 222 41 20 res,
129 215 7 21 i
152 215 128 27 tillämpliga
295 214 60 22 delar
370 213 147 23 underkastad
533 213 112 22 enahanda
661 213 66 26 straff,
739 220 45 15 som
794 212 33 23 för

68 249 76 22 officer
159 249 114 22 användes.

417 289 13 26 $
448 290 32 20 10.

139 330 108 22 Beträdes
272 329 37 22 vid
328 329 148 27 krigsmakten
499 329 85 22 anstäld
599 331 60 25 prest
674 329 48 22 med
737 329 90 22 försum-

70 365 67 22 melse
157 365 7 21 i
181 365 34 22 sin
230 365 73 27 tjenst,
319 364 113 27 anstötligt
446 363 95 22 lefverne
556 363 53 22 eller
624 363 113 28 oskickligt
752 363 75 28 uppfö-

70 399 68 22 rande
160 399 7 21 i
187 399 72 27 öfrigt,
279 399 53 21 eller
346 399 49 21 med
411 404 70 15 annan
497 399 66 20 sådan
578 397 109 27 förseelse,
704 404 45 16 som
765 397 61 22 ädra-

68 440 40 21 ger
132 434 67 21 andra
223 433 35 21 vid
280 432 147 28 krigsmakten
447 432 100 22 anstälda
568 438 104 22 personer
687 431 140 29 straffpäföljd

71 468 67 27 enligt
162 468 70 22 denna
255 467 82 27 stadga,
361 467 40 22 och
421 469 70 19 rättar
505 467 42 21 han
563 467 33 27 sig
611 467 46 21 icke
675 466 52 23 efter
743 466 83 23 enskild

70 502 150 27 föreställning
243 502 22 21 af
286 504 103 25 truppens
409 501 152 27 befälhafvare,
578 503 51 26 göre
645 502 68 21 denne
729 501 97 22 anmälan

71 537 73 22 derom
163 537 39 21 hos
221 536 162 22 vederbörande
399 536 138 27 domkapitel,
554 542 46 16 som
617 542 50 21 eger
681 538 32 19 att
729 536 47 21 med
792 542 34 14 sa-

70 572 42 21 ken
127 571 72 22 vidare
214 570 84 22 förfara.

419 618 12 25 S
450 619 32 19 11.

140 654 99 35 General,
264 642 257 46 regimentskoMimendör
543 658 40 22 och
600 658 47 26 den,
663 664 45 16 som
725 658 48 22 med
788 658 38 21 ho-

70 699 50 15 nom
136 692 94 28 ätnjuter
246 692 113 22 enahanda
373 692 135 27 rättigheter,
524 692 43 22 kan
583 692 76 22 endast
674 693 27 27 pä
717 692 64 27 nädig
789 692 37 22 be-

69 727 90 27 fallning
181 727 88 27 äläggas
295 728 70 20 arrest
387 727 72 21 säsom
483 726 168 28 ordningsstraff.

139 762 45 26 Lag
207 767 80 16 samme
304 768 51 14 vare
372 768 33 15 om
421 761 49 22 civil
480 762 135 27 tjensteman,
628 768 45 15 som
683 762 88 21 innehar
780 763 46 20 vär-

70 796 168 28 dighet
153 792 9 36 i
171 796 67 28 fjerde
253 796 143 28 rangklassen
412 796 53 23 eller
480 796 67 27 högre
562 796 65 22 klass.

398 860 18 19 4
432 861 63 24 Kap.

89 911 38 22 Om
142 911 42 22 den
200 910 216 29 bestraffningsrätt,
431 917 46 16 som
492 911 8 22 i
515 911 150 29 ordningsmäl
679 911 134 22 tillkommer

369 945 162 23 befälhafvare.

419 1005 13 25 8
449 1005 33 20 12.

140 1043 110 22 Fältväbel
267 1050 50 21 eger
332 1044 105 27 rättighet
452 1046 43 20 att:

143 1080 32 19 1:o
193 1078 108 27 Förbjuda
316 1078 143 23 underofficer
474 1079 41 22 och
530 1079 103 27 manskap
649 1081 32 20 att
691 1078 96 27 aflägsna
795 1078 32 27 sig

68 1112 48 22 frän
131 1113 85 26 kasern,
233 1115 86 24 gvarter
334 1113 53 22 eller
401 1113 77 28 fartyg,
494 1113 29 28 pä
537 1113 66 28 högst
617 1113 45 28 fyra
677 1114 66 27 dygn;

139 1148 34 20 2:0
191 1147 76 27 älägga
281 1147 142 22 underofficer
439 1147 41 22 och
495 1148 103 27 manskap
615 1147 132 28 strafftjenst,
762 1147 65 27 högst

70 1181 37 22 tvä
122 1181 90 28 gänger;

140 1217 33 20 3:0
197 1215 80 28 ålägga
300 1215 143 23 underofficer
462 1217 41 21 och
519 1217 104 28 manskap
639 1217 61 22 enkel
716 1218 69 20 arrest
800 1216 28 27 pä

68 1251 35 21 ett
118 1250 61 28 dygn.

419 1285 14 26 8
451 1286 32 20 13.

138 1324 153 27 Underofficer,
317 1331 47 15 som
385 1324 34 22 för
441 1325 58 22 befäl
521 1325 60 23 öfver
599 1325 76 22 afskild
691 1324 137 23 kommende-

69 1358 53 28 ring,
138 1359 96 27 ätnjuter
248 1358 115 23 fältväbels
379 1359 136 27 rättigheter.

419 1418 14 25 8
451 1418 32 20 14.

138 1456 183 28 Kompaniofficer
336 1463 51 21 eger
401 1457 106 27 rättighet
523 1459 42 20 att:
