1014 1670
298 115 23 24 U.
338 115 22 24 B.
376 127 30 6 —
422 115 61 30 Prop.
499 117 36 22 N:o
551 116 38 23 35.
776 117 12 21 7

196 174 71 27 gäfva,
278 175 42 25 arf,
330 177 126 22 testamente,
461 174 134 29 fideikomiss,
600 174 60 28 fynd,
661 174 94 28 pension,
764 174 54 20 näd-

198 209 26 19 är
239 208 47 21 med
301 215 65 20 mera,
382 209 106 28 afdragas
503 209 21 27 ej
539 209 82 20 mindre
637 210 26 19 de
679 209 137 26 nödvändiga

198 241 68 29 ärliga
280 242 127 21 underhälls-
414 242 35 21 och
464 243 201 25 driftskostnaderna
674 247 55 17 samt
739 243 77 22 arbets-

197 276 63 25 löner,
279 280 29 17 än
323 277 62 28 äfven
405 277 44 21 alla
465 277 32 21 till
510 281 75 21 staten,
601 277 78 28 kyrkan
696 277 50 22 eller
760 279 57 20 kom-

197 319 76 13 munen
299 312 104 27 utgående
425 311 102 28 utskylder
542 312 28 27 af
581 311 55 22 hvad
651 320 65 13 namn
732 312 36 21 och
784 313 33 20 be-

196 346 112 28 skajfenhet
323 347 27 20 de
365 354 52 13 vara
431 348 42 19 mä.
490 345 101 22 Deremot
605 347 38 26 får
658 349 64 25 något
738 347 79 28 afdrag

197 381 43 20 icke
261 381 34 20 ske
310 381 34 23 för
359 384 64 17 ränta
439 382 13 19 &
467 381 68 23 skuld,
552 381 19 26 ej
585 381 62 21 heller
656 385 40 26 för
705 381 40 22 den
754 381 63 20 skatt-

196 415 102 28 skyldiges
320 415 36 21 och
371 415 52 20 hans
434 415 87 28 familjs
531 415 203 29 lefnadskostnader,
746 416 8 20 i
764 415 52 21 hvil-

197 450 26 20 ka
238 450 82 24 bostad,
335 458 47 20 egen
404 450 50 21 eller
471 450 60 28 hyrd,
547 454 54 17 samt
617 449 93 28 aflöning
724 450 38 21 och
778 457 39 13 un-

198 484 80 21 derhåll
298 485 26 24 af
342 484 105 30 personlig
470 484 100 28 betjening
601 485 36 20 och
659 484 55 21 hvad
734 484 84 21 dermed

197 518 112 28 jemförligt
332 522 26 18 är
379 519 36 21 bör
429 519 132 21 inberäknas.
593 519 45 21 Icke
653 518 62 22 heller
729 520 37 26 får
780 520 37 19 nå-

198 557 32 23 got
252 554 78 27 afdrag
346 558 63 24 göras
424 553 35 27 för
474 554 55 20 hvad
543 554 40 21 den
597 553 145 28 skattskyldige
756 553 9 20 i
778 553 38 21 och

198 588 34 25 för
246 589 33 20 sin
294 588 84 22 rörelses
394 589 125 28 utvidgning
534 588 84 28 nedlagt
633 589 8 20 i
655 588 108 25 maskiner,
778 595 38 21 ny-

197 623 124 28 byggnader,
345 623 128 28 nyodlingar
488 624 45 20 med
548 631 57 14 mera
620 624 83 24 sådant,
718 623 38 20 och
772 623 46 20 icke

197 657 63 22 heller
274 659 34 24 för
323 658 56 21 hvad
395 658 42 20 han
452 658 100 28 uppburit
567 659 68 20 såsom
650 658 99 20 dividend
760 657 56 28 från

197 692 62 21 aktie-
266 692 46 21 eller
328 693 121 28 bankbolag,
466 693 62 28 ufven
543 700 32 13 om
591 700 81 13 samma
688 692 61 27 bolag
760 692 56 28 jem-

196 727 34 20 likt
252 727 16 27 $
292 727 28 21 54
336 735 62 14 mom.
415 728 13 20 2
441 727 86 30 påförts
542 727 184 21 kommunalskatt.
757 726 59 21 Dock

197 763 34 18 må
254 762 76 28 afdrag
351 765 63 24 göras
425 762 39 28 för
479 763 41 26 arf,
537 765 115 18 testamente
668 761 48 21 eller
727 761 89 29 fideiko-

196 797 49 19 miss
267 795 31 22 till
321 797 74 20 makar
414 796 49 21 eller
479 797 112 27 arfvingar
605 797 31 20 uti
650 799 41 18 rätt
708 803 45 21 upp
768 795 49 22 eller

197 831 132 27 nedstigande
344 830 38 21 led.

268 875 48 22 Har
338 877 175 27 uppskattningen
534 877 25 27 af
572 877 38 21 den
625 876 93 22 behållna
734 876 83 20 inkom-

196 914 42 18 sten
254 912 26 26 af
292 912 79 27 näring
378 912 38 20 och
425 912 77 21 rörelse
510 912 78 25 utfallit
599 911 96 27 sålunda,
706 914 30 18 att
747 911 70 21 endast

196 946 64 27 ringa
274 946 49 21 eller
341 946 79 21 alldeles
442 946 41 21 icke
499 948 68 26 någon
583 946 119 28 behållning
716 947 101 27 uppstått,

197 988 47 13 men
259 980 57 28 dylik
331 981 158 28 uppskattning,
505 982 46 20 med
567 981 94 23 afseende
675 982 12 18 å
703 980 114 27 beskaffen-

198 1014 57 22 heten
270 1014 36 22 och
322 1016 152 26 omfattningen
491 1016 28 28 af
527 1016 40 20 den
583 1014 155 29 skattskyldiges
752 1013 65 21 rörel-

197 1057 25 17 se,
245 1050 42 20 icke
310 1057 58 13 anses
390 1050 72 20 kunna
478 1050 123 28 godkännas
615 1051 68 19 såsom
697 1049 71 28 grund
779 1048 39 28 för

196 1085 117 27 utgörande
335 1086 25 25 af
377 1084 183 25 kommunalskatt,
576 1084 70 21 tillhör
661 1084 34 21 det
710 1084 107 26 taxerings

198 1120 106 20 nämnden
320 1122 31 18 att
366 1119 53 28 efter
434 1119 119 28 sorafälligt
569 1120 156 27 öfvervägande
742 1118 25 28 af
775 1117 44 21 alla

197 1154 179 28 omständigheter,
391 1161 42 13 som
449 1154 51 21 böra
516 1155 55 27 tjena
588 1154 31 20 till
633 1153 85 27 ledning
733 1153 35 19 vid
784 1159 36 13 sa-

198 1188 46 22 kens
257 1189 131 27 bedömande,
402 1189 147 29 pröfningsvis
564 1189 113 21 bestämma
693 1189 33 20 det
740 1187 79 28 belopp,

196 1224 34 26 för
238 1223 72 21 hvilket
318 1224 103 21 skattören
429 1223 56 21 skola
497 1225 67 19 sådan
579 1223 137 28 skattskyldig
723 1222 96 28 påföras.

267 1275 76 21 Finnes
366 1277 69 26 någon
459 1275 23 20 bo
506 1276 56 20 inom
586 1275 168 25 landskommun,
769 1276 52 17 utan

198 1313 29 17 att
243 1317 52 13 vara
304 1310 89 22 medlem
406 1311 25 25 af
439 1311 131 26 densamma,
581 1317 46 21 eger
637 1307 185 27 taxeringsnämnd

194 1344 82 28 jemväl
297 1345 81 28 pröfva
400 1344 37 21 och
462 1344 121 25 bestämma,
598 1344 107 21 huruvida
720 1342 35 22 och
771 1343 50 23 efter

198 1378 75 22 hvilket
296 1379 171 29 inkomstbelopp,
490 1380 105 20 skattören
611 1378 59 22 skola
683 1378 67 21 sådan
769 1384 52 21 per-

197 1420 37 14 son
247 1414 99 28 påföras,
369 1414 115 20 oberoende
500 1414 66 28 deraf
579 1417 30 17 att
624 1413 51 21 hans
690 1413 90 20 inkomst
796 1414 26 17 är

198 1448 144 20 underkastad
357 1448 130 27 beskattning
503 1448 64 28 äfven
583 1447 32 21 till
630 1455 72 13 annan
718 1447 104 21 kommun.

132 1486 142 19 Sammansatta
287 1487 51 23 Lag-
351 1487 33 18 och
396 1487 193 19 Ekonomiutskottets
601 1487 117 18 betänkande
730 1491 32 13 n:o
776 1486 16 18 7.
