1028 1673
256 118 13 20 2
426 118 36 25 JU.
477 109 28 39 B.
524 132 17 3 —
550 119 80 30 Prop.
646 120 41 23 N:o
701 119 41 28 38.

229 179 80 27 ökning
324 180 7 20 i
346 181 336 29 stämpelpappersbevillningen,
697 190 46 13 som
759 183 83 21 vunnits
857 183 7 20 i
880 182 52 28 följd
947 183 24 20 af

228 214 100 20 sednaste
343 214 113 28 landtdags
471 216 77 27 beslut,
562 216 35 21 hel
613 218 40 20 och
667 217 71 21 hållen
754 217 61 21 faller
829 218 29 26 pä
872 218 26 20 de
908 218 59 26 lägre

228 248 205 27 stämpelvalörerna
448 250 24 20 af
485 251 13 19 4
514 251 59 21 mark
590 251 40 21 och
645 252 112 26 derunder,
776 254 54 18 samt
846 254 31 18 att
890 258 76 21 genom

226 289 28 14 en
278 282 122 28 förhöjning
422 284 49 21 med
494 291 26 14 en
543 285 101 21 femtedel
667 286 24 20 af
711 286 68 27 nägra
801 286 61 21 dessa
876 286 90 26 valörer,

226 317 74 21 hvilka
318 317 65 21 hafva
404 321 79 19 största
506 320 88 27 åtgång,
617 320 120 21 inkomsten
756 320 125 28 ytterligare
897 320 69 20 kunde

226 352 53 29 ökas
302 352 48 29 med
365 353 118 28 omkring
494 354 91 26 100,000
608 355 65 27 mark.
703 355 34 20 Då
751 355 110 21 Utskottet
876 355 34 20 vid
926 355 40 20 den

221 376 161 32 örberedääde
396 387 213 32 "Behahdlingen'af'
613 377 64 33 detta:
688 389 79 21 ärende
782 390 48 20 icke
846 389 69 20 kände
930 389 36 21 det

222 418 89 30 belopp;
325 426 46 16 som
384 422 69 21 under:
468 422 55 21 förm
537 423 33 21 af:
575 423 116 28 bevillning
707 424 68 21 måste
791 423 32 22 för
838 422 127 22 statsbehof-

220 462 53 21 -ven:
289 452 120 39 anskaffås,,
428 457 37 23 och
479 457 60 27 förty
554 458 110 23 eventueli:
679 458 68 21 måsfe
763 458 52 21 söka
830 459 89 26 utvägar
934 457 31 20 till

226 489 202 32 uppbringande:af
440 485 184 40 stämpelskatten,
637 492 94 28 hvilken.
741 493 77 26 ansågs
833 492 81 20 mindre
929 492 35 20 be-

226 521 108 30 tungande
356 528 27 17 än
402 525 167 28 förmögenhets-
586 527 39 20 och
641 527 245 26 inkomstbevillningen,
901 526 64 20 fram-

225 559 70 20 stälde
310 559 33 27 sig
357 560 120 27 naturligen
493 561 66 20 också
571 560 64 27 ofvan
651 560 95 27 antydda
760 560 74 28 åtgärd
850 561 69 20 såsom
928 567 36 14 an-

224 593 76 28 taglig.
317 605 24 4 —
358 593 172 28 Derhos:-ansäg
552 595 32 27 sig
606 595 112 20 Utskottet
738 595 71 20 kunna
828 594 136 27 understödja

226 627 79 27 nådiga
326 629 179 26 propositionens,
526 629 10 20 i
556 629 160 21 Presteståndet
739 629 85 27 jemväl:
844 629 120 26 förordade,

224 662 113 27 anvisning
352 662 33 21 till
399 663 86 21 vexlars
500 663 40 21 och
555 663 126 28 räksingars
696 663 134 27 beläggande
844 663 48 21 med
900 665 62 18 stäm-

223 696 107 27 pelafgift,
352 697 122 21 oberoende
497 698 65 25 deraf,
581 698 104 20 huruvida
699 697 109 21 desamma
823 698 34 20 vid
864 697 99 21 domstol

223 729 53 21 eller
290 730 127 27 myndighet
431 732 125 27 uppteddes.
586 732 33 20 Då
634 732 67 20 under
715 732 92 20 sistlidet
821 732 30 26 år,
862 731 70 21 sävidt
942 731 23 20 af

223 763 68 20 delvis
306 764 153 28 ofullständiga
480 765 108 28 uppgifter
610 766 101 27 framgår,
733 766 29 19 uti
781 765 83 21 landets
883 765 79 21 banker

223 797 163 22 diskonterades
409 799 75 21 vexlar
506 800 32 20 till
561 802 31 18 ett
611 800 158 27 sammanlagdt
783 800 70 21 värde.
862 800 24 20 af
899 800 63 20 minst

222 831 42 22 140
280 832 106 22 millioner
401 834 67 27 mark,
484 834 67 21 skulle
566 841 26 14 en
608 834 59 28 dylik
683 834 123 20 :vexelskatt
820 833 24 21 af
850 833 75 21 endast
937 834 25 20 10

223 867 63 26 penni
298 867 33 27 :pä
347 868 43 20 100
403 868 60 21 mark
478 869 83 21 således
576 869 66 20 redan
657 869 99 26 inbringa
769 868 38 20 det
816 868 48 21 icke
873 868 87 26 obetyd-

220 900 45 27 lig&
287 900 102 28 beloppet:
410 902 25 20 af
457 903 97 27 omkring
571 903 88 26 140,000
679 902 60 20 mark
755 904 81 18 ensamt
852 902 23 21 af
887 902 26 20 de
929 902 32 20 till

221 933 58 21 bank:
301 934 96 22 försälda
418 936 80 21 vexlar.-
528 936 68 21 Lades
619 937 31 20 till
675 936 130 28 föregående
819 937 36 19 två
869 943 92 13 summor

221 970 55 18 ännu
299 968 41 21 den
363 970 80 27 ökning
458 971 7 19 i
481 971 99 26 inkomst,:
602 978 45 14 som
667 970 71 21 kunde
753 971 73 20 vinnas
842 977 76 21 genom
934 977 25 14 en

221 1002 66 20 sådan
315 1003 115 28 ovilkorlig
445 998 10 38 :
463 1004 261 28 stäniplingsskyldighets
751 1004 151 21 utsträckande
931 1004 31 20 till

217 1036 82 26 jemväl
314 1037 67 21 andra
396 1038 24 20 af
433 1038 40 21 och
488 1039 77 20 mellan
581 1039 96 20 enskilde
693 1038 127 27 upprättade
834 1038 126 26 handlingar

217 1070 27 20 af
261 1070 103 21 liknände
388 1074 40 24 art,
452 1073 69 20 såsom
544 1073 91 26 skulde-,
650 1073 71 26 köpe-,
737 1072 80 26 gåfvo-,
832 1072 72 27 bytes-
920 1072 39 20 och

219 1104 110 21 aktiebref
341 1108 57 17 samt
412 1108 148 25 testamenten,
576 1107 60 20 torde
651 1106 76 21 inalles
743 1112 26 14 en
784 1106 49 20 icke
842 1106 118 26 synnerligt

218 1137 83 21 känbar
312 1138 198 30 :ekatteförhöjning
525 1140 24 21 af
562 1141 81 20 inemot.
657 1140 41 20 300.
700 1140 49 42 1000
761 1140 63 20 mark
839 1140 71 23 kunna
923 1146 35 14 an-

208 1177 44 15 .8e8
264 1172 137 26 garanterad.

288 1204 70 22 Sedan
383 1206 111 22 Utskottet
516 1207 118 21 emellertid
656 1207 42 21 fått
719 1207 58 21 ifrån
797 1206 162 22 Statsutskottet

218 1240 97 26 mottaga
337 1242 31 18 ett
387 1241 140 21 meddelande
543 1243 37 25 att,
597 1241 84 21 utöfver
696 1240 40 22 den
753 1241 24 20 af
790 1240 118 22 Ständerna
922 1241 36 21 be-

217 1272 71 22 slutna
302 1273 224 29 tobaksbevillningen
540 1277 56 18 samt
616 1282 26 13 en
658 1274 112 21 maltskatt
785 1274 31 21 till
832 1275 36 20 det
883 1275 23 20 af
918 1275 39 20 Be-

216 1306 208 28 villningsutskottet
438 1309 122 27 föreslagna
575 1309 84 27 belopp,
675 1309 70 27 någon
760 1308 122 28 förhöjning
893 1309 24 20 af
923 1309 34 21 be-

216 1340 144 28 villningarna..
380 1342 50 21 icke
448 1350 63 20 'synes
526 1343 34 20 för
574 1342 142 22 instundande
731 1342 145 27 skatteperiod
892 1343 65 21 erfor-

216 1374 76 27 derlig,
307 1376 39 20 har
360 1376 112 21 Utskottet
487 1378 24 20 så
526 1378 87 26 mycket
626 1378 69 20 hellre
711 1378 70 19 ansett
791 1377 33 26 sig
833 1376 53 21 böra
897 1377 59 20 vörd-

208 1410 64 18 :samt
293 1409 80 21 föreslå
391 1412 30 19 att
435 1410 111 23 Ständerna
559 1412 47 20 ville
615 1411 77 26 jemväl
707 1412 35 24 för
755 1410 159 22 nästkommande
929 1412 29 19 tre

215 1442 25 20 år
263 1442 60 27 ätaga
345 1444 32 26 sig
401 1445 109 25 utgörande
532 1446 26 24 af
576 1444 278 27 stämpelnappersbevillning.
868 1445 51 25 efter
932 1451 26 13 nu

283 1482 201 24 Bevillningsutskottets
496 1484 106 18 betänkande
613 1484 36 18 N:o
661 1485 18 18 4.
