1017 1673
227 129 12 19 8
530 128 35 22 N:o
585 129 36 21 34.

270 197 64 21 Emot
349 198 78 20 minsta
438 198 183 26 fastighetsvärde
633 198 38 20 och
683 197 101 25 inkomst,
796 197 87 24 hvarför
894 198 60 20 skatt

197 238 63 14 anses
271 231 72 21 kunna
354 234 94 24 utgöras,
461 238 75 14 svarar
547 234 32 19 ett
589 232 99 20 skattöre
699 232 39 20 och
750 232 33 20 för
794 234 69 18 större
879 232 74 26 fastig-

197 266 116 20 hetsvärde
322 266 38 20 och
370 266 94 21 inkomst
472 266 87 27 påföras
570 267 111 20 skattören
693 266 5 20 i
711 266 133 21 förhållande
854 266 98 21 derefter.

197 300 146 26 Uppkommer
364 301 54 21 bråk
434 301 22 21 af
471 301 103 25 skattöre,
592 301 39 21 bör
647 301 37 21 det
700 300 77 27 belopp
794 301 22 20 af
830 300 123 26 fastighets-

197 335 66 20 värde
279 334 38 21 och
333 335 100 26 inkomst,
447 342 45 14 som
505 336 68 20 skulle
586 336 57 26 gälla
656 335 33 21 för
702 335 83 21 mindre
798 337 26 19 än
832 335 44 21 helt
885 336 68 20 skatt-

198 371 43 24 öre,
257 369 48 21 från
321 370 144 26 beräkningen
483 370 126 20 utelemnas.

270 403 69 21 Sedan
349 404 201 26 skattöreslängden
561 404 70 21 blifvit
639 404 125 26 upprättad,
774 404 54 21 skall
838 405 40 20 den
884 404 68 21 under

198 438 79 26 fjorton
302 439 77 25 dagars
400 439 31 21 tid
446 438 68 22 finnas
535 439 121 26 tillgänglig
673 439 12 20 å
701 439 103 20 rådhuset
820 439 52 21 eller
888 440 65 19 annat

198 473 99 26 lämpligt
313 473 69 26 ställe,
399 473 32 21 för
447 476 32 18 att
495 474 161 20 vederbörande
669 473 158 27 skattskyldige
839 474 33 20 må
882 474 71 20 kunna

198 507 22 20 af
237 508 124 20 densamma
384 510 49 22 taga
453 508 126 26 kännedom,
603 508 39 21 och
660 508 43 20 låte
720 508 142 26 Magistraten
878 508 74 20 härom

198 542 163 26 tillkännagifva
377 549 76 19 genom
470 543 106 25 oftentligt
591 543 76 25 anslag
683 542 39 21 och
739 543 27 25 på
780 544 64 19 annat
855 542 99 26 lämpligt

198 578 50 24 sätt,
265 576 88 21 hvarom
369 577 59 21 förut
438 578 34 20 vid
484 578 173 20 rådhusstämma
670 576 72 22 blifvit
754 577 113 25 bestämdt.
881 577 72 20 äfven-

198 617 45 14 som
259 617 76 20 genom
353 612 128 25 kungörelse
498 612 5 20 i
520 612 83 26 tidning
620 618 45 14 som
682 612 6 20 i
705 612 75 20 staden
797 612 126 20 utkommer.

269 646 46 20 Har
337 646 90 26 ändring
450 647 6 20 i
473 647 124 25 taxeringen
621 647 59 20 skett
700 646 39 21 hos
759 646 193 26 pröfningsnämnd

198 680 52 20 eller
269 680 6 20 i
295 680 94 26 Hofrätt,
405 687 50 15 vare
475 682 46 24 den,
539 688 45 14 som
607 682 92 24 ändring
718 681 82 25 vunnit,
817 680 84 26 skyldig
918 682 32 18 att

198 715 56 20 inom
278 715 74 21 trettio
376 716 67 26 dagar
465 716 54 20 efter
543 716 36 20 det
602 716 96 25 utslaget
721 715 74 21 härom
816 715 55 20 fallit
887 716 66 24 uppte

198 749 119 21 detsamma
343 750 39 20 hos
402 750 140 26 Magistraten
565 750 5 20 i
587 750 101 20 afseende
708 750 12 20 å
744 749 149 21 motsvarande
916 751 37 18 än-

199 784 62 26 dring
276 784 7 20 i
300 784 157 27 skattöretalet,
474 785 34 20 vid
525 784 102 27 äfventyr,
645 790 34 15 om
691 784 77 20 sådant
781 784 127 20 försummas
920 785 33 19 att

198 818 239 27 bevilningsnämndens
456 820 98 25 taxering
573 819 7 20 i
597 819 69 20 denna
685 818 34 21 del
737 819 95 20 kommer
848 820 32 19 att
895 818 59 27 tjena

198 853 32 20 till
250 853 151 21 efterrättelse.

268 887 117 22 Förmenas
409 888 129 26 felaktighet
559 888 35 21 vid
613 887 256 26 skattöresberäkningen
890 886 63 21 hafva

198 921 38 21 hos
259 921 145 26 Magistraten
428 922 107 27 förelupit,
557 923 33 20 må
613 922 79 26 klagan
717 921 99 21 deröfver
839 921 58 20 föras
913 921 40 20 hos

198 955 145 25 Guvernören,
368 963 45 14 som
433 963 49 20 eger
501 956 73 27 frågan
592 957 101 25 slutligen
711 956 81 26 afgöra.
822 955 130 21 Föranleder

198 997 83 14 vunnen
301 991 90 21 rättelse
411 991 32 20 till
464 991 123 20 restitution
609 991 22 20 af
646 991 66 20 redan
729 991 111 26 uppburen
857 990 96 20 kommu-

197 1025 96 20 nalskatt
317 1025 52 21 eller
393 1026 34 20 del
443 1026 66 24 deraf,
526 1025 101 21 förordne
643 1025 150 25 Magistraten,
810 1024 27 26 på
853 1023 98 21 anmälan

198 1059 79 25 derom,
294 1059 33 21 till
343 1059 131 27 återbäring.

548 1088 11 27 $
576 1089 33 19 57.

270 1127 129 22 Skattörena
415 1130 93 19 utsättas
525 1128 104 21 särskildt
644 1128 33 20 för
688 1127 44 21 fast
743 1126 102 26 egendom
857 1126 39 21 och
907 1127 46 19 sär-

198 1162 67 20 skildt
281 1162 33 20 för
329 1162 101 21 inkomst.

548 1191 11 27 $
575 1192 34 19 81.

269 1232 32 20 De
317 1232 131 26 bestyrelser
463 1232 40 20 och
519 1232 138 24 direktioner,
674 1237 46 15 som
737 1230 45 21 dels
798 1230 27 26 på
840 1229 70 27 grund
929 1228 23 22 af

197 1266 108 30 allmänna
320 1266 159 26 författningar,
497 1266 46 20 dels
558 1266 7 20 i
581 1266 51 26 följd
649 1265 23 21 af
687 1264 70 21 skilda
774 1264 88 26 stadgar
877 1263 33 21 för
927 1269 26 15 en

198 1300 52 21 eller
273 1306 70 15 annan
363 1300 55 26 stad,
438 1300 121 21 handhafva
575 1299 186 27 augelägenheter,
778 1298 73 21 hvilka
866 1298 88 20 tillhöra

198 1335 40 20 den
258 1341 160 20 gemensamma
437 1334 283 26 kommunalförvaltningen
739 1339 39 21 ega
799 1332 90 21 :fortfara
904 1332 49 21 med

198 1369 32 21 sin
254 1369 91 21 sålunda
366 1370 113 20 bestämda
497 1369 143 25 verksamhet,
664 1368 33 21 till
722 1368 48 20 dess
794 1369 30 19 att
842 1367 25 20 de
882 1366 71 21 förän-

198 1404 95 26 dringar,
309 1410 46 14 som
372 1404 72 20 kunna
459 1403 68 21 finnas
539 1404 84 25 nödiga,
635 1403 7 20 i
653 1402 90 26 hehörig
755 1402 90 26 ordning
856 1401 98 26 tillväga-

198 1438 95 26 bringas.
323 1438 61 21 Dock
406 1438 62 21 skola
484 1438 63 21 dessa
562 1438 131 26 bestyrelser
709 1437 39 21 och
764 1436 131 21 direktioner
910 1435 44 21 till-
