1009 1670
394 118 38 22 N:o
449 118 33 23 36.
761 121 25 18 75

55 184 44 21 lika
120 183 126 28 myndighet
268 184 50 22 med
342 184 48 21 dem
414 184 127 27 ätnjutande
561 183 151 27 befälhafvare,
729 184 87 21 hvarom

55 218 152 27 ofördröjligen
223 218 7 21 i
245 217 103 22 faststäld
364 218 90 27 ordning
470 218 55 22 skall
542 218 102 22 aflemnas
660 220 98 26 rapport;

125 254 33 20 4:0
168 252 92 28 Förbigä
268 252 112 22 officerare
388 252 36 22 vid
431 252 158 28 framställning
598 259 34 15 om
640 252 114 22 befordran
754 248 12 36 i
763 253 53 26 tur;

124 288 35 21 5:0
175 281 85 33 Älägga
274 286 79 23 förlust
368 286 22 22 af
404 286 274 28 underofficersvärdighet.

124 321 164 23 Befälhafvaren
303 320 33 23 för
352 320 70 23 finska
437 322 107 22 militären
560 324 24 19 är
598 322 89 21 likstäld
704 322 49 22 med
764 322 52 22 divi-

55 355 114 23 sionschef.

244 413 5 4 N
407 385 13 26 S
437 386 33 20 25.

124 419 34 22 En
176 419 50 22 chef
242 419 198 22 kommenderande
456 421 118 26 trupperna
589 419 53 22 eller
656 419 77 28 högste
748 418 67 23 befäl-

56 453 102 22 hatvaren
174 460 50 21 eger
239 453 106 28 rättighet
361 455 41 20 att:

127 489 33 21 1:0
175 489 53 26 göra
243 488 185 26 divisionschefer,
446 487 108 23 äfvensom
570 488 49 21 med
630 488 63 21 desse
703 488 7 21 i
720 488 95 27 myndig-

56 522 37 22 het
107 522 102 22 likstälde
224 522 191 27 militärpersoner,
432 522 181 27 föreställningar,
630 523 100 26 antingen
740 528 76 21 genom

57 557 93 21 särskild
166 556 114 23 skrifvelse
296 557 53 22 eller
365 563 77 21 genom
458 557 114 27 dagorder;

126 593 34 20 2:0
183 591 77 28 älägga
284 592 71 21 stabs-
374 592 42 21 och
436 591 178 27 öfverofficerare,
631 591 108 22 äfvensom
755 591 61 22 civile

57 625 130 28 tjenstemän
209 625 23 22 af
252 627 154 20 motsvarande
428 633 59 20 rang,
512 626 120 22 hemarrest
647 628 56 19 samt
718 628 70 19 arrest
803 625 13 21 ä

57 660 95 27 högvakt
167 660 52 22 eller
234 661 7 20 i
256 661 44 21 läst
314 660 55 28 hytt,
385 661 33 21 till
434 661 40 22 och
489 661 51 21 med
556 661 74 22 trettio
647 661 65 27 dygn;

127 697 33 20 3:0
176 695 7 21 i
198 695 93 27 krigstid
307 697 62 24 samt,
386 697 40 20 när
441 695 68 22 saken
526 695 18 28 ej
562 695 30 22 täl
607 695 98 28 uppskof,
720 694 95 28 jemväli

58 729 92 22 fredstid
165 729 55 22 ifrän
235 729 57 22 befäl
308 729 96 27 aflägsna
420 730 162 27 underlydande
594 729 174 22 divisionschefer
776 729 40 21 och

56 763 44 22 lika
123 764 124 27 myndighet
268 764 49 21 med
341 765 49 21 dem
412 764 128 28 ätnjutande
560 763 150 27 befälhafvare,
728 764 87 21 hvarom

57 798 152 28 ofördröjligen
225 799 7 21 i
247 798 102 22 faststäld
365 799 90 27 ordning
471 799 56 22 skall
543 798 101 22 afemnas
658 799 94 27 rapport.

125 833 177 27 Krigsministern
319 835 24 19 är
358 834 7 20 i
382 833 125 28 myndighet
523 833 88 22 likstälä
626 834 48 21 med
690 833 77 27 högste
778 833 36 21 be-

56 866 138 24 fälhafvaren.

356 917 8 6 .
406 897 63 26 826.

125 931 10 21 I
157 931 91 27 krigstid
271 930 86 23 utöfvar
376 931 79 27 högste
469 931 162 22 befälhafvaren
648 931 57 22 öfver
721 930 71 22 armen
808 930 6 21 i

56 965 96 27 enlighet
166 966 49 21 med
231 966 70 22 denna
312 966 181 27 ordningsstadga
504 966 43 22 den
554 966 202 26 bestrafiningsrätt,
768 971 46 15 som

56 1000 24 21 af
92 1000 105 28 Kejsaren
213 1000 39 22 och
270 1000 134 22 Storfursten
420 1000 79 22 honom
516 1000 145 22 tillerkännes.

406 1041 14 27 8
436 1043 33 19 27.

124 1075 41 21 Vid
187 1075 98 27 sjötrupp
304 1075 96 21 anstäldt
416 1075 67 22 öfver-
500 1075 41 22 och
556 1074 125 23 underbefäl
697 1082 51 20 eger
764 1081 48 15 ena-

56 1109 72 22 handa
142 1109 204 27 bestraffningsrätt,
364 1116 46 15 som
426 1110 130 21 tillkommer
570 1109 137 22 innehafvare
723 1109 23 22 af
759 1111 54 19 mot-

56 1144 105 21 svarande
177 1144 78 27 grader
270 1144 36 21 vid
320 1144 174 27 infanteritrupp.

389 1209 15 20 5
420 1210 62 23 Kap.

122 1247 39 23 Om
176 1247 167 23 befälhafvares
357 1247 146 29 disciplinära
519 1247 128 29 myndighet
661 1248 8 22 i
683 1247 59 23 vissa

348 1282 114 22 särskilda
476 1282 48 22 fall.

407 1324 13 25 8
436 1324 33 20 28.

124 1357 158 21 Kommendant
302 1357 52 22 eller
373 1357 48 26 den,
438 1364 45 15 som
500 1360 24 19 är
540 1357 116 22 förordnad
671 1359 33 19 att
718 1356 96 22 bestrida

55 1391 257 27 kommendantsembete,
330 1392 74 26 eger,i
412 1392 48 21 män
468 1392 24 21 af
499 1392 80 22 honom
588 1392 58 22 öfver
653 1391 161 27 underlydande

54 1425 161 22 tillkommande
238 1425 204 28 bestraffningsrält,
466 1426 50 22 med
534 1428 69 20 arrest
618 1425 102 23 bestraffa
735 1426 79 21 honom

54 1459 48 22 icke
117 1460 161 27 underlydande
294 1460 185 27 militärpersoner
494 1460 8 22 i
518 1460 93 28 följande
626 1460 47 22 fall:
