1023 1670
234 136 27 19 38
438 134 23 22 U.
478 134 22 22 B.
517 147 28 3 —
560 134 65 28 Prop.
641 135 38 22 N:o
695 133 34 23 33.

204 201 122 25 augments-
347 200 39 22 och
407 206 54 21 egna
480 202 74 20 räntor
573 200 70 22 blifvit
658 200 118 22 rusthällen
792 200 90 26 tillagda
896 200 7 20 i
919 199 39 22 och

203 233 33 22 för
258 234 222 27 rustningsbesvärets
504 235 127 27 utgörande,
655 234 31 22 till
706 234 82 22 kronan
808 234 107 27 indragas,
932 233 28 22 dä

203 268 262 28 rustningsskyldigheten
481 270 90 27 upphör,
589 269 60 22 detta
665 272 24 18 är
703 270 50 26 rätt,
769 268 102 22 eftersom
882 268 78 22 förmä-

203 309 68 15 nerna
286 303 68 22 blifvit
370 304 22 21 åt
406 304 119 22 rusthällen
537 304 23 22 af
568 304 82 22 kronan
660 304 112 27 beviljade,
784 304 48 21 icke
843 303 32 21 för
886 303 74 22 evärd-

202 337 44 28 liga
262 338 62 27 tider,
340 341 52 19 utan
408 339 76 21 endast
500 339 88 27 sålänge
604 339 40 22 och
659 338 55 22 intill
730 338 50 22 dess
797 338 107 27 Regering
919 337 40 22 och

203 372 94 22 Ständer
312 372 101 22 samfäldt
428 374 85 21 besluta
529 380 25 15 en
569 374 126 26 förändring
710 374 6 20 i
732 372 102 22 afseende
848 372 13 21 å
871 372 88 21 militär-

202 407 111 21 väsendet.
344 408 32 20 En
392 408 67 21 sådan
474 408 124 27 förändring
614 410 23 19 är
652 414 29 15 nu
691 408 7 21 i
709 407 66 27 fråga,
788 407 40 22 och
838 408 121 25 rättsgrun-

203 441 41 22 den
264 442 40 21 bör
322 441 85 23 derföre
422 449 35 20 nu,
474 443 72 21 såsom
563 443 39 21 ock
617 443 7 21 i
640 443 59 27 Kejs.
715 442 162 27 propositionen
893 441 65 27 skett,

201 476 88 22 framför
304 477 43 21 alla
362 477 67 22 andra
444 478 93 27 grunder
551 477 120 22 fasthållas.

272 511 32 22 En
320 518 68 15 annan
404 513 39 21 sak
458 515 30 24 är,
505 514 33 20 att
553 513 119 22 rusthällen
688 513 25 21 så
727 512 64 27 länge
806 512 55 21 varit
871 511 6 22 i
888 511 70 27 åtnju-

201 546 66 22 tande
286 546 22 21 af
321 546 161 27 ifrågavarande
496 547 114 26 förmåner,
627 549 33 20 att
675 547 153 22 medvetandet
844 553 32 15 om
894 546 64 21 dessa

201 580 119 23 förmåners
340 581 166 28 obeständighet
521 582 40 21 hos
577 582 90 27 mången
683 582 133 26 småningom
831 581 126 26 försvunnit,

202 615 42 22 och
262 617 34 20 att
314 616 119 22 rusthållen
450 616 84 23 derföre
550 617 34 21 vid
599 617 119 26 arfskiften,
734 617 35 21 vid
784 616 42 27 köp
844 615 38 22 och
898 615 60 22 belå-

200 650 52 27 ning
275 651 139 27 uppskattats
436 651 32 22 till
491 653 32 20 ett
545 651 67 28 högre
634 651 73 27 värde,
727 653 28 20 än
776 651 26 21 de
822 651 32 21 till
868 650 53 27 följd
937 649 23 22 af

200 685 120 22 rusthållen
341 685 113 28 åliggande
474 686 235 28 rustningsskyldighet
723 686 8 21 i
745 686 149 27 verkligheten
910 691 46 21 ega.

200 720 32 21 En
247 720 89 27 plötslig
351 721 41 21 och
407 721 29 27 på
450 721 84 27 engång
549 721 94 22 skeende
659 721 128 26 indragning
802 720 32 21 till
845 720 81 21 kronan
937 719 22 22 af

200 754 42 22 alla
257 755 121 22 rusthållen
392 755 105 28 beviljade
513 755 107 22 förmåner
635 756 6 21 i
657 761 82 16 samma
753 755 72 26 stund,
837 755 119 27 rustnings-

199 791 83 25 tungan
302 789 90 28 aflyftas,
412 791 69 21 skulle
502 790 83 22 derföre
606 791 127 26 visserligen
751 790 88 21 inverka
855 789 101 22 störande

198 823 29 27 på
243 825 27 21 de
285 824 119 22 bestående
419 825 328 27 förmögenhetsförhållandena.
777 825 49 21 Men
843 825 39 21 den
897 824 59 27 Kejs.

198 859 164 27 propositionen
388 860 39 21 har
454 859 61 23 äfven
541 860 56 27 tagit
622 860 83 27 hänsyn
728 859 33 21 till
784 859 144 28 nyssnämnda
950 859 6 21 i

198 893 112 27 långvarig
329 893 57 27 häfd,
407 900 34 16 om
462 894 66 22 också
545 894 48 22 icke
609 895 6 21 i
631 894 37 27 lag
683 893 112 28 grundade
811 893 144 22 betraktelse-

198 929 50 25 sätt,
269 928 40 22 och
326 928 48 28 just
392 928 34 22 för
444 931 32 19 att
491 928 116 28 förebygga
623 929 52 21 eller
690 928 84 22 minska
790 928 67 22 sådan
873 928 83 27 störing

196 962 120 28 föreslagit,
333 964 33 20 att
381 964 68 21 under
464 963 69 22 första
547 964 52 26 året,
617 964 28 21 då
659 963 145 22 reduktionen
820 963 69 21 skulle
904 965 52 25 taga

198 997 32 21 sin
246 997 82 28 början,
345 997 78 22 endast
438 998 25 21 så
477 1000 47 20 stor
539 998 34 22 del
589 998 21 21 af
619 997 136 24 förmånerna
766 997 70 22 skulle
847 997 107 27 indragas,

197 1037 47 16 som
264 1034 120 20 motsvarar
404 1032 41 22 den
464 1033 122 21 nuvarande
602 1032 178 27 vakansafgiften,
798 1032 111 22 hvaremot
923 1032 32 21 in-

197 1066 133 27 dragningen
346 1066 22 22 af
382 1067 26 21 de
424 1066 68 28 öfriga
506 1067 136 22 förmånerna
657 1067 70 21 skulle
741 1066 125 22 utsträckas
882 1066 33 22 till
928 1072 26 16 en

196 1100 122 28 tidsperiod
334 1101 22 21 af
370 1103 27 20 50
414 1102 28 25 år,
459 1102 24 21 sä
499 1104 32 19 att
547 1102 77 21 endast
641 1102 35 26 !/5,
693 1101 23 22 af
730 1101 139 22 återstående
880 1102 74 20 räntor

196 1136 71 22 skulle
289 1136 101 27 indragas
410 1136 68 22 under
498 1137 37 21 det
555 1137 61 21 2:dra
635 1136 53 27 året,
706 1136 36 27 2/5,
759 1136 60 22 delar
832 1136 68 22 under
917 1136 37 21 det

196 1170 70 27 tredje
282 1177 19 15 0.
318 1177 16 14 s.
351 1177 18 15 v.
400 1171 129 27 Derigenom
544 1173 33 20 att
591 1171 188 22 reduktionstiden
791 1170 69 22 blefve
871 1170 24 22 så
904 1171 51 26 lång

196 1205 40 21 och
257 1205 230 28 reduktionsbeloppet
504 1212 51 15 vore
570 1206 28 27 pä
613 1205 91 22 förhand
720 1205 75 27 kändt,
812 1205 84 22 komme
911 1205 43 22 för-

195 1240 119 26 ändringen
330 1242 33 19 att
378 1241 66 20 verka
458 1241 101 21 störande
575 1241 6 21 i
597 1247 26 15 en
639 1241 86 27 mycket
738 1240 84 22 mindre
832 1239 60 28 grad.
918 1240 37 21 AU

195 1274 84 27 störing
298 1274 105 22 undvikes
419 1274 125 28 visserligen
559 1274 48 22 icke
622 1274 132 27 härigenom,
770 1280 48 15 men
836 1274 36 22 det
886 1274 68 22 finnes

195 1308 67 22 också
284 1308 55 22 intet
362 1310 66 20 annat
450 1311 50 25 sätt,
521 1309 138 27 hvarigenom
679 1315 27 15 en
721 1308 124 28 förändring
859 1309 46 21 från
922 1311 32 20 ett

195 1344 105 26 gammalt
319 1343 141 27 förhållande,
476 1350 46 16 som
536 1344 47 22 icke
599 1350 59 15 mera
674 1343 97 22 befinnes
788 1344 116 26 tidsenligt,
921 1344 32 21 till

196 1379 32 20 ett
242 1380 49 25 nytt
306 1378 40 22 och
362 1378 78 27 bättre,
453 1378 43 22 kan
506 1379 169 26 åstadkommas,
687 1380 53 20 utan
751 1380 33 20 att
795 1378 76 27 någon,
884 1380 70 20 större

195 1412 53 22 eller
263 1413 83 21 mindre
362 1413 84 27 störing
462 1413 61 22 deraf
535 1413 131 22 förorsakas.

264 1448 113 21 Utskottet
392 1448 39 22 har
446 1448 50 22 sökt
510 1448 59 22 finna
584 1450 32 20 ett
631 1450 66 20 annat
712 1450 45 20 sätt
767 1449 33 21 att
810 1448 82 22 minska
902 1447 50 23 ifrå-

264 1487 150 19 Statsutskottets
426 1488 117 18 betänkande
555 1489 36 17 N:o
603 1489 16 17 3.
