1025 1667
385 109 62 24 Prop.
459 109 38 19 N:o
509 109 32 19 38.
797 111 11 17 5

78 169 118 21 detsamma
214 168 8 21 i
242 167 177 22 svarskrifvelsen
435 168 83 20 komme
534 169 32 19 att
580 167 50 27 ingå
644 168 71 21 såsom
731 167 100 21 Ståndets

76 202 98 21 enskilda
190 201 113 22 förbehåll.
333 201 111 22 Utskottet
458 201 33 21 får
511 201 133 21 fördenskull
663 202 110 21 vördsamt
788 201 43 21 till-

76 236 74 27 styrka

318 272 33 17 att
372 269 33 21 uti
428 267 137 23 Ständernas
584 268 175 29 svarsskrifvelse
769 269 61 28 finge

284 303 54 28 ingå
353 310 26 14 en
395 303 103 21 anmälan
513 303 75 21 derom

318 341 33 17 att
366 337 168 27 Bondeståndet,
548 337 29 22 då
588 337 117 22 detsamma
714 341 119 25 yttermera

279 371 42 28 för
344 371 145 22 instundande
507 372 151 28 finansperiod
680 371 78 29 afstätt
775 371 58 28 från

284 406 117 27 allmogens
417 406 38 21 och
470 406 72 29 några
561 406 46 21 dess
626 406 135 21 vederlikars
776 407 9 20 i
800 405 33 29 af-

285 440 72 21 seende
374 440 13 21 å
402 440 149 29 begagnandet
571 441 25 28 af
612 441 119 28 stämpladt
746 447 87 22 papper

286 474 24 29 af
324 474 61 21 ålder
401 474 102 28 åtnjutna
522 475 98 28 lindring
641 475 39 21 och
700 475 83 21 delvisa
799 474 34 21 be-

279 508 87 28 frielse,
382 509 80 20 härvid
472 509 75 28 fästat
563 510 35 21 det
608 509 134 29 uttryckliga
752 508 80 26 vilkor,

286 546 31 17 att
328 543 55 28 fullt
400 543 133 29 tillräckligt
552 543 173 22 statsunderstöd
744 543 89 28 bevilja-

286 577 35 20 des
344 577 25 20 de
383 577 166 28 finskspråkiga
568 577 109 27 läroverk,
696 584 33 14 om
748 577 85 21 hvilkas

284 611 129 21 inrättande
432 611 39 21 och
489 612 197 28 upprätthållande
705 611 128 21 Ständerna

286 650 131 23 gemensamt
428 646 37 20 vid
481 646 116 21 sisthållna
609 646 105 28 landtdag
727 646 38 20 och
776 645 57 21 Bon-

287 680 113 21 deståndet
415 680 94 22 enskildt
519 680 37 22 vid
568 681 147 21 innevarande
727 680 106 28 landtdag

283 715 150 26 petitionerat.

150 777 141 27 Helsingfors,
307 778 41 20 den
363 778 28 21 24
405 778 42 26 maj
466 778 60 22 1882.

246 1431 115 22 Helsingfors,
374 1431 17 18 J.
404 1431 19 18 C.
436 1432 93 17 Frenckell
541 1434 13 15 &
566 1433 41 21 Son,
621 1434 49 17 1882.
