1025 1673
294 112 66 25 Ständ.
375 113 29 24 Sv.
422 126 24 3 —
464 113 53 31 Prop.
533 114 30 24 N:o
578 114 31 24 36.
774 116 28 20 49

480 182 16 28 $
512 184 51 20 109.

278 222 72 28 Begås
365 222 139 28 misshandel,
522 222 105 22 smädelse
642 223 52 21 eller
706 223 124 27 förolämp-

210 256 53 28 ning
279 259 54 19 emot
347 256 113 25 vederlike,
483 257 53 21 eller
558 259 55 19 emot
635 258 52 20 civil
703 258 127 27 tjensteman

210 290 37 21 vid
265 290 151 29 krigsmakten,
440 298 45 14 som
507 292 22 26 ej
551 293 27 19 är
601 294 32 18 att
655 292 71 21 såsom
735 292 94 27 förman

210 325 52 21 eller
271 324 104 27 förmans
390 325 106 21 vederlike
510 332 69 18 anses,
595 326 9 20 i
619 326 51 21 eller
677 326 43 27 för
730 327 98 27 tjensten,

211 359 51 21 eller
285 362 55 18 emot
365 360 77 27 dejour
467 360 53 21 eller
541 360 9 21 i
572 360 107 22 likartadt
703 360 131 28 tjenstevärf

209 393 64 21 stadd
284 401 93 21 person;
402 394 94 28 straffes
510 395 42 21 den
569 394 103 29 skyldige,
693 396 38 21 der
739 394 91 29 förbry-

211 428 65 22 telsen
298 437 62 14 anses
383 430 21 27 ej
426 429 74 22 kunna
523 429 48 22 med
593 429 179 28 ordningsstraff
778 429 52 28 för-

210 470 70 21 sonas,
300 465 31 27 på
354 467 44 19 sätt
417 465 9 20 i
440 465 85 21 allmän
540 465 37 28 lag
587 465 73 27 finnes
674 465 103 28 stadgadt
787 464 43 27 för

211 498 114 21 enahanda
341 498 63 28 brott,
414 499 122 27 föröfvade
551 502 55 18 emot
617 499 127 26 tjensteman
760 499 5 20 i
779 499 51 21 eller

208 532 39 26 för
263 533 97 27 tjensten.

278 563 34 25 Är
335 567 36 21 det
385 567 46 21 icke
446 568 9 20 i
470 568 53 21 eller
530 567 43 27 för
589 568 98 27 tjensten,
710 574 45 15 som
770 567 60 21 miss-

211 601 94 22 handeln
327 603 53 20 eller
404 602 191 28 ärekränkningen
613 601 121 28 föröfvats,
760 601 70 22 dömes

210 636 68 28 enligt
292 637 84 20 allmän
392 637 37 27 lag
444 637 52 20 eller
512 637 35 20 till
563 635 178 30 ordningsstrafj.

475 739 26 18 12
513 740 54 21 Kap.

228 796 35 23 Om
274 797 158 23 uraktlätenhet
448 799 32 21 att
496 797 95 30 iakttaga
606 797 208 30 tjensteäligganden

320 831 33 23 vid
370 831 124 30 vaktgöring
510 832 55 23 eller
580 832 141 29 dejourering.

480 897 15 26 $
510 897 51 20 110.

278 934 51 22 Har
348 935 101 27 postkarl
471 942 45 14 som
540 935 72 27 blifvit
633 936 83 20 utstäld
732 934 42 27 för
796 938 32 18 att

209 972 55 18 emot
279 969 171 29 öfverrumpling
466 970 29 26 af
502 970 89 26 fienden
606 970 51 21 eller
672 976 74 14 annan
758 969 69 28 krigs-

203 1003 59 27 fara
278 1006 77 26 trygga
367 1004 188 28 truppafdelning,
565 1004 110 28 fästning,
685 1004 81 28 fartyg
777 1004 51 20 eller

210 1038 232 28 krigsförnödenheter,
458 1038 125 29 öfvergifvit
597 1040 36 20 sin
644 1042 50 24 post
708 1039 68 20 innan
792 1037 34 27 af-

211 1073 84 27 lösning
309 1073 61 25 skett,
393 1074 52 20 eller
467 1076 54 18 utan
536 1074 109 27 nödtväng
660 1073 51 21 eller
726 1072 98 28 olofligen

210 1107 78 21 lemnat
309 1108 41 20 den
373 1108 24 20 åt
411 1114 83 21 annan,
517 1108 52 21 eller
590 1108 55 21 visat
667 1106 54 29 grof
727 1106 97 28 försum-

209 1142 63 20 melse
286 1142 47 21 med
348 1142 88 28 hänsigt
451 1143 35 20 till
502 1142 56 21 hvad
573 1142 76 21 honom
664 1143 73 27 älegat
752 1141 74 21 dervid

209 1176 110 28 iakttaga;
334 1177 52 21 eller
400 1176 42 22 har
458 1176 151 28 befälhafvare
618 1176 41 28 för
668 1176 90 28 förpost
773 1176 52 21 eller

210 1211 35 20 till
259 1218 74 14 annan
349 1211 117 21 enahanda
482 1212 141 28 tjenstgöring
633 1210 107 22 beordrad
750 1213 74 25 trupp-

209 1244 115 28 afdelning
339 1246 82 21 lemnat
435 1246 35 20 sin
483 1249 51 24 post
548 1246 70 20 innan
628 1246 36 20 det
673 1246 77 20 honom
760 1245 66 28 gifna

209 1280 121 27 uppdraget
338 1280 128 28 fullgjorts,
484 1281 53 20 eller
551 1280 75 21 dervid
641 1280 119 28 ådagalagt
774 1279 56 27 grof

202 1312 164 28 försummelse;
392 1321 51 14 vare
458 1314 91 27 straffet
565 1314 86 21 tukthus
669 1315 8 19 i
699 1314 61 28 högst
776 1313 50 27 fem

209 1348 35 26 år;
270 1348 78 22 skedde
371 1349 76 21 brottet
464 1350 8 19 i
482 1348 99 28 fiendens
596 1348 84 28 närhet,
703 1348 71 21 dömes
790 1348 35 21 till

209 1382 86 22 tukthus
312 1382 59 28 från
394 1383 38 21 och
454 1383 49 21 med
517 1383 49 27 fem
583 1384 34 20 till
632 1382 38 22 och
686 1383 46 21 med
748 1383 28 20 tio
793 1383 33 25 år,

208 1423 47 14 men
278 1424 32 14 om
335 1418 131 27 betydligare
488 1417 69 21 skada
581 1417 67 26 deraf
664 1417 104 27 uppstått,
794 1417 34 21 till

713 1457 10 17 4
