1011 1670
367 125 38 22 N:o
421 124 34 23 36.
737 127 25 21 31

106 190 20 27 b)
141 191 8 21 i
163 190 99 27 krigstid,
278 190 34 22 till
327 190 90 22 tukthus
431 190 30 28 på
475 190 75 27 lifstid,
567 191 52 21 eller
634 190 47 22 från
694 191 40 22 och
745 190 48 23 med

36 225 47 28 fyra
97 225 33 21 till
146 224 40 22 och
202 224 49 22 med
267 224 42 22 tolf
323 224 33 27 år;
373 227 62 24 samt,

107 259 18 28 c)
145 266 33 16 om
197 260 84 21 brottet
300 260 59 21 skett
377 260 8 20 i
407 258 96 23 fiendens
522 260 84 26 närhet,
623 260 33 21 till
671 259 121 27 dödsstraff,

38 294 53 22 eller
105 294 91 22 tukthus
212 294 29 28 på
256 294 74 22 lifstid.

377 358 13 26 8
408 358 47 20 101.

109 398 90 21 Smädar
219 398 70 26 nägon
308 398 32 21 sin
361 398 82 21 förman
459 398 52 21 eller
526 397 94 22 förmans
636 398 114 26 vederlike,
768 397 27 22 dä

40 432 26 21 de
86 434 37 19 äro
143 432 7 21 i
170 431 96 28 utöfning
286 432 23 21 af
327 432 200 27 tjensteäliggande,
547 433 53 21 eller
619 433 7 20 i
646 433 113 26 anledning
774 431 23 22 af

39 467 70 26 nägon
128 467 169 27 tjensteätgärd;
316 466 84 22 straffes
420 467 49 21 med
485 467 89 21 tukthus
591 467 32 21 till
639 467 40 22 och
694 467 49 21 med
758 466 38 22 tvä

41 501 30 27 år,
88 501 52 22 eller
154 501 175 27 förafskedande,
343 502 52 21 eller
409 501 97 27 fängelse
522 502 32 21 till
570 501 40 22 och
625 502 49 21 med
690 503 32 20 ett
737 502 29 21 är.

109 536 88 22 Pröfvas
217 537 78 20 sädant
312 536 63 21 hafva
394 537 59 21 skett
472 536 23 22 af
512 537 189 26 obetänksamhet;
722 537 74 20 dömes

41 571 32 21 till
89 570 169 27 förafskedande,
276 571 52 22 eller
342 571 97 27 fängelse
454 571 7 21 i
477 571 65 27 högst
557 577 37 16 sex
610 571 107 22 mänader.

380 634 13 26 $
411 636 46 19 102.

111 675 54 26 Den,
189 681 46 15 som
258 675 50 21 med
330 674 107 28 skymfligt
454 675 107 27 yttrande,
578 675 52 21 eller
645 674 83 22 hotelse
744 673 54 22 eller

43 715 69 16 annan
127 709 143 27 missfirmelig
290 709 89 27 gerning
394 709 130 27 förolämpar
539 709 81 22 förman
638 709 51 22 eller
703 708 94 22 förmans

42 743 110 22 vederlike
168 744 67 21 under
250 743 97 28 utöfning
363 744 22 21 af
398 744 53 21 hans
467 744 201 27 tjensteäliggande,
679 743 53 22 eller
742 743 7 20 i
760 749 37 14 an-

43 778 87 27 ledning
148 778 22 21 af
188 778 71 27 nägon
278 778 165 28 tjensteätgärd,
460 778 86 22 straffes
562 779 48 20 med
625 777 173 26 förafskedande,

44 813 53 22 eller
112 812 95 28 fängelse
223 813 32 21 till
271 813 40 22 och
326 813 49 22 med
391 815 32 20 ett
439 813 29 26 är,
485 813 53 22 eller
553 811 169 28 ordningsstraff.

382 876 13 26 8
413 877 47 19 103.

113 915 102 23 Föröfvas
238 916 130 22 misshandel
392 916 52 22 eller
467 916 158 26 ärekränkning
646 916 56 21 emot
717 914 82 22 förman

45 950 52 22 eller
112 950 94 22 förmans
226 951 115 26 vederlike,
363 950 28 22 dä
405 951 43 21 han
465 950 18 28 ej
500 953 23 19 är
538 951 7 20 i
561 950 99 26 utöfning
675 949 22 21 af
709 949 90 27 tjenste-

45 984 120 28 äliggande,
188 984 40 22 och
251 985 39 21 har
313 985 147 21 misshandeln
485 985 51 21 eller
552 984 185 26 ärekränkningen
752 982 48 22 icke

45 1019 67 22 heller
135 1020 59 21 skett
213 1020 7 20 i
240 1019 114 28 anledning
375 1019 23 22 af
416 1020 70 26 nägon
507 1019 165 27 tjensteätgärd,
687 1018 56 22 skall
759 1017 41 21 den

45 1054 114 27 brottslige
175 1054 73 22 dömas
265 1054 55 21 efter
336 1054 78 21 allmän
429 1054 41 26 lag,
487 1060 49 15 men
551 1054 88 26 brottet,
656 1053 34 21 vid
705 1051 97 23 straffets

45 1088 169 27 bestämmande,
238 1094 64 16 anses
324 1095 52 15 vara
398 1089 68 21 under
484 1088 139 22 försvärande
642 1086 162 27 omständighet

45 1123 117 27 begänget.

385 1152 12 26 8
417 1154 46 19 104.

115 1191 65 27 Hvar,
196 1197 46 16 som
258 1194 59 19 emot
332 1192 32 21 sin
379 1191 84 22 förman
479 1191 57 22 förer
550 1191 79 27 klagan
644 1190 91 22 rörande
748 1189 55 28 tjen-

47 1228 48 20 sten
115 1229 52 19 utan
188 1228 32 20 att
240 1227 54 27 gitta
313 1227 47 21 visa
381 1226 116 27 anledning
516 1226 77 26 dertill,
609 1225 65 22 varde
691 1223 64 23 dömd
771 1223 33 21 till

47 1260 170 28 ordningsstrafi.

117 1295 54 22 Sker
194 1296 41 21 slik
254 1296 79 26 klagan
355 1297 58 20 emot
431 1296 72 20 bättre
523 1294 103 26 vetande;
650 1292 85 23 straffes
755 1291 50 21 med

48 1330 91 22 tukthus
161 1330 31 22 till
212 1330 40 22 och
272 1330 49 22 med
337 1330 37 22 tvä
389 1330 29 26 är,
436 1330 53 22 eller
503 1329 172 25 förafskedande,
691 1328 53 21 eller
757 1325 47 22 fän-

48 1364 59 26 gelse
123 1365 32 21 till
172 1365 39 21 och
226 1365 49 21 med
292 1366 32 20 ett
339 1364 29 22 är.

117 1400 151 21 Förekommer
289 1399 31 21 uti
339 1398 158 28 klagoskriften
517 1398 102 26 smädligt
638 1397 51 22 eller
704 1395 101 23 föroläm-

47 1434 71 27 pande
139 1434 109 28 yttrande;
272 1434 74 22 dömes
364 1433 33 22 för
415 1432 124 22 smädelsen
555 1433 52 21 eller
622 1430 184 28 förolämpningen

48 1468 33 22 till
97 1468 103 22 särskildt
216 1475 84 15 ansvar.
