1014 1670
224 130 13 21 2
427 129 22 24 U.
465 129 24 24 B.
504 141 30 6 —
550 130 63 29 Prop.
631 130 36 23 N:o
683 129 38 24 35.

196 192 38 16 nar
244 187 7 21 i
261 187 49 27 rysk
326 187 70 27 tjenst,
411 188 14 21 &
439 187 43 22 alla
497 189 58 19 orter
571 187 38 22 der
624 187 61 22 dessa
698 186 50 22 idka
758 186 86 26 rörelse,
854 189 56 19 samt
919 193 35 16 om

196 227 26 16 en
244 228 70 15 annan
337 222 118 27 anordning
476 222 23 21 af
517 222 116 27 taxerings-
649 221 40 22 och
705 221 249 27 pröfningsnämndernas

195 256 197 27 sammansättning,
414 256 48 22 med
477 256 51 22 flere
543 256 106 27 åtgärder,
664 255 73 22 hvilka
752 256 104 21 utskottet
871 256 31 21 uti
916 256 39 22 sitt

196 289 154 22 ofvanberörda
364 290 135 22 betänkande
516 290 110 27 föreslagit
640 289 132 23 beträffande
786 290 168 27 stadskommun,

195 324 39 21 har
249 324 105 22 utskottet
368 326 54 20 trott
437 325 36 21 det
488 324 46 22 icke
549 324 57 28 ligga
620 324 79 28 fjerran
714 324 46 22 från
776 324 120 22 ändamålet
906 324 48 22 med

195 358 41 22 den
250 358 79 28 nådiga
343 359 164 27 propositionen,
524 361 32 20 att
570 359 7 21 i
593 359 138 28 nyssnämndt
741 358 53 28 syfte
805 358 149 30 omformulera

195 392 26 22 de
236 392 33 29 88,
285 399 45 16 som
345 393 67 22 finnas
427 394 32 21 uti
474 394 123 21 densamma
611 393 92 22 berörda
718 393 39 22 och
772 394 66 25 några
847 392 48 22 med
906 392 48 22 dem

194 427 8 21 i
216 429 54 20 nära
284 427 152 28 sammanhang
451 427 93 22 stående.

263 461 32 22 På
317 467 81 16 samma
419 462 98 27 grunder,
541 468 46 15 som
608 461 22 22 af
644 461 106 22 utskottet
764 461 80 22 anförts
859 461 31 21 uti
905 462 49 22 dess

194 495 135 22 betänkande
351 496 40 22 N:o
414 497 19 26 6,
456 496 39 22 har
509 496 106 22 utskottet
629 498 71 20 ansett
715 496 37 22 det
766 502 50 15 vara
831 495 74 28 billigt,
921 498 33 20 att

194 529 61 23 äfven
278 531 27 26 på
319 529 73 23 landet
406 530 139 23 obemedlade
559 537 102 21 personer
675 530 47 22 icke
737 531 35 21 må
787 530 103 27 betungas
904 531 49 22 med

194 564 58 22 skatt
266 564 34 22 för
314 564 41 22 den
370 565 99 22 inkomst.
485 571 44 16 som
545 565 62 27 åtgår
621 565 32 22 till
669 565 63 22 deras
747 565 129 27 nödtorftiga
889 571 64 21 uppe-

194 598 62 26 bälle,
279 605 47 16 men
347 599 89 22 emedan
450 599 178 22 lefnadsvilkoren
643 600 28 27 på
685 599 74 22 landet
773 601 37 20 äro
826 599 127 28 ojemförligt

194 633 85 27 mycket
294 633 94 27 billigare
404 635 27 20 än
446 633 6 22 i
468 634 54 26 stad,
538 633 40 22 har
593 634 107 21 utskottet
714 635 72 20 ansett
796 633 36 22 det
842 633 108 23 minimum

193 667 40 22 och
243 667 121 26 maximum,
374 667 90 22 emellan
475 668 71 22 hvilka
561 668 106 22 skattöret
681 667 67 22 borde
763 667 134 27 bestämmas,
912 667 40 22 här

192 701 54 22 böra
260 701 116 22 fastställas
391 701 33 22 till
439 702 79 22 hälften
534 702 23 22 af
569 703 150 21 motsvarande
730 702 78 28 belopp
818 702 6 21 i
834 702 118 22 stadskom-

192 742 58 15 mun.
268 735 38 22 Uti
320 736 77 21 sådant
406 736 54 27 syfte
475 739 37 19 äro
528 736 105 23 särskilda
647 739 95 19 moment
752 736 82 22 införda
845 736 31 22 uti
886 736 26 28 $&
923 737 28 21 54

192 770 39 22 och
240 771 27 21 56
276 770 39 21 och
324 773 45 18 tror
378 771 106 22 utskottet
491 773 32 19 att
533 770 146 23 såbeskaffade
689 771 131 26 stadganden
830 770 61 22 skola
900 773 52 24 göra

192 806 32 20 ett
246 804 136 27 välbehöfligt
404 805 43 21 slut
468 806 27 26 på
515 805 26 22 de
561 806 77 26 många
653 804 58 23 olika
725 805 40 22 och
780 804 66 23 delvis
860 804 92 28 olagliga

191 838 93 27 grunder
299 838 33 22 för
346 839 130 27 taxeringen,
492 846 45 15 som
553 840 31 20 uti
594 839 216 22 landskommunerne
820 838 75 22 hittills
905 838 47 22 blif-

190 872 31 22 vit
235 872 70 27 följde.
336 872 37 22 Uti
388 873 41 22 den
448 873 66 22 första
529 873 22 22 af
564 873 144 28 nyssnämnda
722 872 35 29 $$,
772 872 85 22 hvilken
872 873 31 21 uti
913 879 38 15 nu-

190 906 100 28 gällande
304 906 125 28 författning
443 907 47 22 icke
504 907 118 22 innehåller
637 910 73 24 annat,
720 909 27 20 än
758 909 32 20 ett
799 907 153 27 uppräknande

190 940 23 22 af
226 940 78 28 hvilka,
320 948 45 15 som
379 944 38 19 äro
427 944 33 19 att
469 942 70 21 såsom
552 941 155 28 skattskyldige
716 941 137 22 medlemmar
862 941 23 22 af
893 941 58 22 kom-

190 980 78 17 munen
291 981 68 21 anses,
381 976 40 22 har
442 976 106 22 utskottet
562 976 7 20 i
584 975 219 23 öfverensstämmelse
825 975 48 22 med
895 975 55 22 hvad

189 1008 33 22 för
238 1009 161 22 stadskommun
414 1009 127 28 föreslagits,
557 1010 77 27 intagit
648 1009 139 26 föreskrifter,
802 1009 87 22 afsedda
904 1009 45 22 dels

191 1045 32 20 att
245 1044 108 26 precisera
374 1044 75 27 bolags
471 1044 127 28 skyldighet,
617 1046 33 20 att
664 1044 34 21 till
712 1044 140 21 kommunens
866 1050 84 20 gemen-

188 1083 82 16 samma
292 1078 88 26 utgifter
401 1078 95 28 bidraga,
519 1078 45 22 dels
587 1082 32 18 att
639 1078 68 22 ordna
720 1078 9 22 i
743 1078 130 22 fremmande
888 1080 63 20 stats-

188 1112 67 27 tjenst
269 1112 89 22 stående
372 1112 68 23 finske
455 1113 150 27 medborgares
620 1112 143 28 förpligtelser
778 1112 7 22 i
800 1112 111 22 enahanda
920 1112 30 22 af-

188 1146 87 21 seende.

257 1179 13 28 &
282 1181 34 26 56,
327 1180 85 22 hvilken
428 1181 133 26 bestämmer,
577 1183 59 20 utom
647 1181 108 22 skattöres
767 1180 110 25 latituden,
888 1181 62 22 äfven

188 1216 32 19 att
235 1216 47 20 öret
297 1214 53 22 skall
365 1215 34 21 för
413 1221 26 15 en
455 1215 31 22 tid
501 1215 23 22 af
531 1218 34 19 tre
575 1215 33 22 till
617 1215 42 22 fem
669 1215 26 22 år
705 1215 23 22 af
735 1215 214 22 kommunalstämma

187 1247 123 28 fastställas,
318 1249 119 21 innehåller
445 1249 102 27 derjemte
555 1249 133 22 föreskrifter
696 1249 110 27 angående
816 1249 34 21 val
860 1249 22 21 af
890 1251 59 20 taxe-

186 1282 208 28 ringsmyndigheter
408 1283 41 22 och
464 1283 55 22 inför
535 1290 26 15 en
571 1283 91 22 särskild
677 1283 193 27 taxeringsnämnd,
885 1282 63 24 hvars

186 1316 129 23 ledamöters
334 1316 60 22 antal
409 1317 23 22 af
444 1317 230 23 kommunalstämman
696 1316 130 23 bestämmes
840 1317 109 27 samtidigt

187 1350 39 23 och
241 1350 34 22 för
289 1357 81 17 samma
385 1351 32 23 tid
432 1358 45 15 som
493 1352 115 23 skattörets
623 1351 85 27 belopp,
722 1351 41 22 och
774 1350 66 28 väljas
850 1351 99 22 medlem-

186 1390 75 16 marna
275 1385 7 21 i
295 1386 214 27 taxeringsnämnden
519 1386 58 22 såväl
587 1386 66 22 bland
663 1386 140 21 kommunens
811 1386 137 27 jordegande,

185 1424 46 16 som
254 1420 67 21 andra
343 1420 146 22 medlemmar.
519 1420 104 22 Hitintills
645 1420 41 22 har
702 1420 36 22 det
752 1420 54 22 stått
821 1420 127 22 kommunen

185 1452 47 22 fritt
246 1455 33 20 att
294 1453 131 23 öfverlemna
438 1454 160 28 ifrågavarande
608 1454 104 27 taxering,
723 1454 101 27 antingen
834 1454 24 22 åt
867 1460 26 16 en
903 1456 45 20 sär-

258 1492 143 19 Sammansatta
414 1495 50 21 Lag-
477 1494 32 18 och
521 1494 193 18 Ekonomiutskottets
726 1492 118 19 betänkande
856 1498 31 14 n:o
908 1494 16 18 7.
