1025 1673
264 125 79 23 Ständ.
359 125 38 24 Sv.
412 138 28 4 —
455 126 73 27 Prop,
543 126 41 23 N:o
599 126 37 23 38.
784 127 13 20 9

70 189 34 21 för
126 188 50 22 hela
198 188 158 27 expeditionen,
379 190 54 20 utan
455 188 103 22 afseende
581 189 13 21 å
615 189 51 21 vidd
682 189 51 22 eller
748 189 78 22 arktal.

71 222 46 22 Och
131 222 108 27 iakttages
253 222 75 22 härvid
343 222 34 21 för
393 222 64 28 öfrigt
472 225 39 23 att,
528 223 38 21 der
582 223 194 29 stämpelbeloppet
791 225 34 19 ut-

70 256 63 22 faller
147 257 8 21 i
169 257 79 21 sådant
263 257 37 25 tal,
315 257 67 21 hvarå
397 257 93 27 stämpel
504 257 19 28 ej
535 257 69 21 finnes
614 257 54 22 eller
677 257 87 23 hvartill
774 257 54 22 flera

71 291 105 28 stämplar
190 292 14 21 å
218 291 83 22 mindre
316 292 81 21 värden
412 292 19 27 ej
447 291 76 22 kunna
538 291 188 28 sammanjemkas,
741 293 35 21 må
791 292 34 21 till

71 325 152 28 expeditionen
245 325 109 28 begagnas
376 327 42 20 den
439 325 60 28 lägre
522 326 70 26 karta,
613 333 45 14 som
674 327 25 20 är
714 327 65 27 sagde
794 326 33 22 tal

71 361 103 21 närmast.

723 429 62 17 Mark.
798 434 17 17 p.

88 508 78 22 Adels-
181 508 41 22 och
237 508 176 28 Adoptionsbref,
429 515 23 14 se
468 508 88 28 diplom.

88 541 148 27 Afskedsbref
252 541 99 22 utfärdas
373 542 29 27 på
424 542 78 21 sådant
520 541 117 28 stämpladt
652 549 53 20 pap-

116 582 46 21 per,
178 583 46 14 som
241 575 34 22 för
290 575 168 23 embetsverkets
474 575 69 28 öfriga
558 576 147 27 expeditioner

116 610 8 21 i
140 611 11 26 8
166 611 14 20 4
195 610 70 22 finnes
278 610 114 21 bestämdt.

144 644 100 22 Erhäller
267 645 41 21 den
330 644 184 28 afskedstagande
534 645 104 28 derjemte
653 652 52 21 pen-

116 679 54 26 sion,
192 680 69 21 större
283 679 51 22 eller
356 679 90 27 mindre,
469 680 53 21 eller
543 680 123 27 förhöjning
683 680 25 21 af

115 713 120 28 värdighet,
257 713 97 28 erlägges
376 713 33 23 för
430 714 108 22 hvardera
560 715 68 21 sädan
650 713 55 22 skild

117 748 163 28 stämpelafgift,
296 755 45 15 som
357 749 88 27 stadgas
460 748 34 22 för
504 748 152 29 pensionsbref
664 748 41 22 och

116 782 108 22 fullmakt.

88 816 198 29 Antagningsbevis
300 816 52 22 eller
367 816 49 22 bref
429 817 13 22 å
457 817 75 28 tjenst,
549 824 23 15 se
588 816 106 23 fullmakt.

89 851 189 28 Apothekarebref
523 869 182 7 L]
751 852 70 21 40]—

88 885 201 28 Barnmorskebref
312 903 1 4 <
451 902 254 6 ne.
766 887 56 20 2|/—

88 919 90 28 Bilaref
204 935 2 5 <
449 937 256 5 L.
767 921 55 20 3/—

90 952 157 29 Borgarebref:

114 985 34 22 för
163 986 131 27 handlande,
309 987 112 23 fabrikant
436 989 41 21 och
493 989 169 22 manufakturist
689 981 7 37 =
701 1006 5 5 .|
737 989 84 21 100|/—

123 1029 9 11 >
160 1021 116 28 sjökapten
305 1038 5 5 .
340 1038 5 5 .
376 1039 5 4 .
699 1034 5 5 |
753 1023 67 21 50|/—

124 1063 8 12 >
159 1055 114 28 skeppare,
288 1039 163 40 handtverkare
464 1039 60 40 och
522 1065 73 14 annan
592 1040 113 69 närings

186 1089 89 24 idkare.
306 1107 5 4 .
342 1108 4 4 .
377 1108 4 4 .
751 1093 28 20 25
795 1104 27 3 |—|

86 1108 331 44 Bouppteckningsinstrument
432 1108 100 39 karioras
549 1110 35 37 för
593 1104 112 52 jsterbhug,

112 1157 86 22 hvilkas
220 1158 125 28 behållning
367 1159 55 21 efter
436 1147 269 40 bouppteckningsvärdet

113 1192 85 27 uppgår
220 1192 34 21 till
275 1193 66 21 minst
363 1193 43 22 500
427 1193 70 27 mark,
520 1194 67 27 enligt
608 1194 96 28 följande

112 1227 106 26 grunder:
233 1228 50 21 med
298 1228 36 27 !/,,
350 1228 27 27 ?/,
389 1227 24 22 af
421 1228 50 21 hela
483 1228 153 28 behållningen
646 1229 58 22 ända

112 1259 34 21 till
167 1259 79 27 10,000
267 1261 67 22 mark.
365 1257 30 26 Är
409 1261 156 28 behållningen
580 1263 74 26 större,
671 1269 31 15 er-

112 1293 74 28 lägges
200 1295 125 28 ytterligare
340 1296 7 21 i
363 1296 157 27 stämpelafgift
536 1297 36 27 2/,,
580 1297 28 28 %/,
617 1297 34 22 för
661 1298 42 21 den

113 1327 35 21 del
168 1334 46 15 som
230 1328 125 29 öfverstiger
371 1330 78 25 10,000
463 1337 51 14 men
529 1330 48 22 icke
592 1331 40 27 går
646 1331 56 21 utöf-

112 1368 37 15 ver
170 1362 94 26 100,000
280 1364 69 26 mark,
364 1364 73 28 3/,,?/,
451 1364 36 22 för
501 1365 57 22 hvad
573 1372 46 14 som
634 1365 68 22 öfver-

112 1396 84 28 skjuter
217 1398 93 26 100,000
328 1398 63 22 mark
406 1400 59 20 ända
480 1399 33 21 till
528 1400 14 20 1
557 1399 88 26 million,
661 1399 41 21 och

111 1430 36 27 2/10
155 1431 28 27 %
198 1431 34 22 för
248 1432 42 22 den
305 1432 35 22 del
355 1432 24 23 af
395 1432 162 28 behållningen,
573 1440 45 15 som
634 1432 68 28 öfver-

112 1464 68 28 stiger
204 1466 135 22 sistnämnda
364 1474 92 19 summa,
483 1467 53 22 eller
561 1468 83 21 således
668 1467 33 23 för
