1023 1673
234 119 28 20 46
401 118 81 23 Ständ.
497 119 38 22 Sv.
551 131 28 4 —
595 119 72 27 Prop.
682 119 41 22 N:o
737 118 37 23 38.

206 181 35 21 del
264 181 24 21 af
305 181 165 27 ifrägavarande
486 181 141 28 beskattning
642 182 63 27 utgör
720 181 122 28 ersättning
857 181 49 22 frän
921 182 42 21 den

206 215 109 21 enskildes
330 215 47 22 sida
392 215 33 22 för
440 216 142 27 begagnande
598 215 25 22 af
635 215 111 28 offentliga
756 216 154 21 institutioner.
930 215 33 22 En

206 250 68 21 sädan
290 250 116 27 utredning
420 257 51 15 vore
486 250 25 21 af
523 250 93 21 särskild
632 249 116 28 betydelse,
761 251 53 20 enär
825 251 36 20 det
871 250 43 22 kan
926 257 37 15 an-

204 286 70 24 tagas,
290 285 34 20 att
338 284 105 21 Finlands
458 284 150 28 finanspolitik
623 284 34 21 för
672 284 117 21 framtiden
805 285 7 20 i
827 285 66 26 högre
908 285 56 26 grad

204 319 28 20 än
255 317 79 22 hittills
356 318 55 21 skall
426 319 53 21 söka
494 319 145 27 tillgodogöra
654 319 32 26 sig
702 319 72 21 denna
788 318 34 21 för
838 319 41 20 den
894 319 69 21 skatt-

204 353 112 26 dragande
331 353 137 27 synnerligen
483 353 64 21 enkla
563 352 40 22 och
619 353 33 21 för
667 355 72 19 staten
752 353 156 27 jemförelsevis
924 353 39 22 bil-

204 386 45 28 liga
264 386 215 28 beskattningsform.

272 427 31 21 Pä
318 427 70 27 grund
403 427 65 22 häraf
480 427 24 21 fä
518 427 123 22 Ständerna
656 427 158 28 underdänigst
830 427 96 26 anhälla,

477 474 35 21 det
528 473 78 22 täcktes
626 473 86 21 Eders
734 473 154 28 Kejserliga
908 473 55 22 Ma-

406 509 85 26 jestät
513 509 7 20 i
537 508 68 21 nåder
621 509 46 20 låta
690 507 134 28 införskafa
843 508 118 27 utredning

411 542 112 28 angående
535 543 24 20 de
571 542 82 27 belopp,
663 549 45 14 som
719 542 69 21 under
798 545 29 18 ett
842 542 52 21 eller
911 543 51 21 flere

410 577 26 20 är
452 576 28 27 af
488 577 147 20 instundande
641 576 157 27 finansperiod
808 583 76 20 genom
895 578 64 19 stäm-

407 611 124 26 pelskatten
546 611 85 20 influtit
642 611 57 26 från
711 610 113 21 särskilda
836 611 124 20 densamma

410 645 161 21 underkastade
594 645 172 27 skatteföremäl,
788 645 112 26 äfvensom
916 645 43 20 del-

408 679 190 27 gifvaresultaten
611 679 61 27 deraf
679 679 200 21 nästinstundande
886 679 72 20 landt-

410 713 50 27 dag.

270 758 109 22 Finlands
395 759 91 21 Ständer
501 758 125 22 framhärda
641 762 40 18 etc.

270 804 143 28 Helsingfors,
430 806 40 20 den
486 807 12 19 5
515 805 51 21 Juni
581 806 63 20 1882.

462 933 38 3 —
519 925 174 19 TRATT
