<?xml version="1.0" encoding="UTF-8"?>
<alto xmlns="http://www.loc.gov/standards/alto/ns-v3#" xmlns:xlink="http://www.w3.org/1999/xlink" xmlns:xsi="http://www.w3.org/2001/XMLSchema-instance" xsi:schemaLocation="http://www.loc.gov/standards/alto/ns-v3# http://www.loc.gov/alto/v3/alto-3-0.xsd">
	<Description>
		<MeasurementUnit>pixel</MeasurementUnit>
		<sourceImageInformation>
			<fileName>/tmp/tess_9epuzwtm_input.PNG</fileName>
		</sourceImageInformation>
		<OCRProcessing ID="OCR_0">
			<ocrProcessingStep>
				<processingSoftware>
					<softwareName>tesseract 5.3.4</softwareName>
				</processingSoftware>
			</ocrProcessingStep>
		</OCRProcessing>
	</Description>
	<Layout>
		<Page WIDTH="1025" HEIGHT="1673" PHYSICAL_IMG_NR="0" ID="page_0">
			<PrintSpace HPOS="0" VPOS="0" WIDTH="1025" HEIGHT="1673">
				<ComposedBlock ID="cblock_0" HPOS="213" VPOS="118" WIDTH="28" HEIGHT="21">
					<TextBlock ID="block_0" HPOS="213" VPOS="118" WIDTH="28" HEIGHT="21">
						<TextLine ID="line_0" HPOS="213" VPOS="118" WIDTH="28" HEIGHT="21">
							<String ID="string_0" HPOS="213" VPOS="118" WIDTH="28" HEIGHT="21" WC="0.90" CONTENT="54"/>
						</TextLine>
					</TextBlock>
				</ComposedBlock>
				<ComposedBlock ID="cblock_1" HPOS="407" VPOS="118" WIDTH="311" HEIGHT="32">
					<TextBlock ID="block_1" HPOS="407" VPOS="118" WIDTH="311" HEIGHT="32">
						<TextLine ID="line_1" HPOS="407" VPOS="118" WIDTH="311" HEIGHT="32">
							<String ID="string_1" HPOS="407" VPOS="118" WIDTH="64" HEIGHT="25" WC="0.90" CONTENT="Ständ."/><SP WIDTH="15" VPOS="118" HPOS="471"/>
							<String ID="string_2" HPOS="486" VPOS="119" WIDTH="31" HEIGHT="24" WC="0.91" CONTENT="Sv."/><SP WIDTH="17" VPOS="119" HPOS="517"/>
							<String ID="string_3" HPOS="534" VPOS="132" WIDTH="24" HEIGHT="3" WC="0.91" CONTENT="—"/><SP WIDTH="16" VPOS="132" HPOS="558"/>
							<String ID="string_4" HPOS="574" VPOS="120" WIDTH="53" HEIGHT="30" WC="0.94" CONTENT="Prop."/><SP WIDTH="16" VPOS="120" HPOS="627"/>
							<String ID="string_5" HPOS="643" VPOS="120" WIDTH="29" HEIGHT="24" WC="0.95" CONTENT="N:o"/><SP WIDTH="16" VPOS="120" HPOS="672"/>
							<String ID="string_6" HPOS="688" VPOS="120" WIDTH="30" HEIGHT="24" WC="0.95" CONTENT="36."/>
						</TextLine>
					</TextBlock>
				</ComposedBlock>
				<ComposedBlock ID="cblock_2" HPOS="321" VPOS="186" WIDTH="616" HEIGHT="56">
					<TextBlock ID="block_2" HPOS="321" VPOS="186" WIDTH="616" HEIGHT="56">
						<TextLine ID="line_2" HPOS="322" VPOS="186" WIDTH="615" HEIGHT="25">
							<String ID="string_7" HPOS="322" VPOS="186" WIDTH="63" HEIGHT="21" WC="0.96" CONTENT="dömd"/><SP WIDTH="17" VPOS="186" HPOS="385"/>
							<String ID="string_8" HPOS="402" VPOS="186" WIDTH="31" HEIGHT="22" WC="0.93" CONTENT="till"/><SP WIDTH="17" VPOS="186" HPOS="433"/>
							<String ID="string_9" HPOS="450" VPOS="187" WIDTH="83" HEIGHT="21" WC="0.91" CONTENT="tukthus"/><SP WIDTH="14" VPOS="187" HPOS="533"/>
							<String ID="string_10" HPOS="547" VPOS="188" WIDTH="50" HEIGHT="23" WC="0.96" CONTENT="från"/><SP WIDTH="16" VPOS="188" HPOS="597"/>
							<String ID="string_11" HPOS="613" VPOS="187" WIDTH="36" HEIGHT="21" WC="0.96" CONTENT="och"/><SP WIDTH="16" VPOS="187" HPOS="649"/>
							<String ID="string_12" HPOS="665" VPOS="188" WIDTH="47" HEIGHT="21" WC="0.96" CONTENT="med"/><SP WIDTH="16" VPOS="188" HPOS="712"/>
							<String ID="string_13" HPOS="728" VPOS="190" WIDTH="32" HEIGHT="18" WC="0.95" CONTENT="två"/><SP WIDTH="21" VPOS="190" HPOS="760"/>
							<String ID="string_14" HPOS="781" VPOS="188" WIDTH="32" HEIGHT="21" WC="0.95" CONTENT="till"/><SP WIDTH="20" VPOS="188" HPOS="813"/>
							<String ID="string_15" HPOS="833" VPOS="188" WIDTH="35" HEIGHT="21" WC="0.96" CONTENT="och"/><SP WIDTH="22" VPOS="188" HPOS="868"/>
							<String ID="string_16" HPOS="890" VPOS="188" WIDTH="47" HEIGHT="21" WC="0.96" CONTENT="med"/>
						</TextLine>
						<TextLine ID="line_3" HPOS="321" VPOS="222" WIDTH="80" HEIGHT="20">
							<String ID="string_17" HPOS="321" VPOS="228" WIDTH="35" HEIGHT="13" WC="0.92" CONTENT="sex"/><SP WIDTH="14" VPOS="228" HPOS="356"/>
							<String ID="string_18" HPOS="370" VPOS="222" WIDTH="31" HEIGHT="20" WC="0.95" CONTENT="år."/>
						</TextLine>
					</TextBlock>
				</ComposedBlock>
				<ComposedBlock ID="cblock_3" HPOS="317" VPOS="284" WIDTH="621" HEIGHT="653">
					<TextBlock ID="block_3" HPOS="588" VPOS="284" WIDTH="83" HEIGHT="28">
						<TextLine ID="line_4" HPOS="588" VPOS="284" WIDTH="83" HEIGHT="28">
							<String ID="string_19" HPOS="588" VPOS="285" WIDTH="16" HEIGHT="27" WC="0.90" CONTENT="$"/><SP WIDTH="14" VPOS="285" HPOS="604"/>
							<String ID="string_20" HPOS="618" VPOS="284" WIDTH="53" HEIGHT="21" WC="0.94" CONTENT="122."/>
						</TextLine>
					</TextBlock>
					<TextBlock ID="block_4" HPOS="317" VPOS="324" WIDTH="621" HEIGHT="475">
						<TextLine ID="line_5" HPOS="393" VPOS="324" WIDTH="544" HEIGHT="30">
							<String ID="string_21" HPOS="393" VPOS="324" WIDTH="122" HEIGHT="28" WC="0.90" CONTENT="Krigsman,"/><SP WIDTH="16" VPOS="324" HPOS="515"/>
							<String ID="string_22" HPOS="531" VPOS="332" WIDTH="42" HEIGHT="13" WC="0.96" CONTENT="som"/><SP WIDTH="16" VPOS="332" HPOS="573"/>
							<String ID="string_23" HPOS="589" VPOS="325" WIDTH="28" HEIGHT="28" WC="0.96" CONTENT="af"/><SP WIDTH="8" VPOS="325" HPOS="617"/>
							<String ID="string_24" HPOS="625" VPOS="326" WIDTH="90" HEIGHT="27" WC="0.93" CONTENT="förman"/><SP WIDTH="12" VPOS="326" HPOS="715"/>
							<String ID="string_25" HPOS="727" VPOS="324" WIDTH="96" HEIGHT="30" WC="0.90" CONTENT="olofligen"/><SP WIDTH="11" VPOS="324" HPOS="823"/>
							<String ID="string_26" HPOS="834" VPOS="324" WIDTH="103" HEIGHT="28" WC="0.96" CONTENT="tillgriper"/>
						</TextLine>
						<TextLine ID="line_6" HPOS="320" VPOS="358" WIDTH="617" HEIGHT="29">
							<String ID="string_27" HPOS="320" VPOS="358" WIDTH="119" HEIGHT="28" WC="0.96" CONTENT="penningar"/><SP WIDTH="15" VPOS="358" HPOS="439"/>
							<String ID="string_28" HPOS="454" VPOS="358" WIDTH="48" HEIGHT="22" WC="0.96" CONTENT="eller"/><SP WIDTH="21" VPOS="358" HPOS="502"/>
							<String ID="string_29" HPOS="523" VPOS="360" WIDTH="50" HEIGHT="26" WC="0.95" CONTENT="gods"/><SP WIDTH="22" VPOS="360" HPOS="573"/>
							<String ID="string_30" HPOS="595" VPOS="359" WIDTH="50" HEIGHT="21" WC="0.96" CONTENT="eller"/><SP WIDTH="22" VPOS="359" HPOS="645"/>
							<String ID="string_31" HPOS="667" VPOS="360" WIDTH="115" HEIGHT="20" WC="0.96" CONTENT="detsamma"/><SP WIDTH="22" VPOS="360" HPOS="782"/>
							<String ID="string_32" HPOS="804" VPOS="358" WIDTH="133" HEIGHT="29" WC="0.96" CONTENT="uppsåtligen"/>
						</TextLine>
						<TextLine ID="line_7" HPOS="317" VPOS="393" WIDTH="620" HEIGHT="28">
							<String ID="string_33" HPOS="317" VPOS="393" WIDTH="87" HEIGHT="27" WC="0.93" CONTENT="förstör,"/><SP WIDTH="16" VPOS="393" HPOS="404"/>
							<String ID="string_34" HPOS="420" VPOS="393" WIDTH="48" HEIGHT="21" WC="0.95" CONTENT="eller"/><SP WIDTH="16" VPOS="393" HPOS="468"/>
							<String ID="string_35" HPOS="484" VPOS="394" WIDTH="25" HEIGHT="27" WC="0.95" CONTENT="af"/><SP WIDTH="14" VPOS="394" HPOS="509"/>
							<String ID="string_36" HPOS="523" VPOS="394" WIDTH="39" HEIGHT="20" WC="0.93" CONTENT="den"/><SP WIDTH="11" VPOS="394" HPOS="562"/>
							<String ID="string_37" HPOS="573" VPOS="394" WIDTH="163" HEIGHT="26" WC="0.91" CONTENT="tjenstekamrat,"/><SP WIDTH="15" VPOS="394" HPOS="736"/>
							<String ID="string_38" HPOS="751" VPOS="394" WIDTH="48" HEIGHT="20" WC="0.96" CONTENT="med"/><SP WIDTH="10" VPOS="394" HPOS="799"/>
							<String ID="string_39" HPOS="809" VPOS="393" WIDTH="76" HEIGHT="21" WC="0.96" CONTENT="hvilken"/><SP WIDTH="11" VPOS="393" HPOS="885"/>
							<String ID="string_40" HPOS="896" VPOS="393" WIDTH="41" HEIGHT="21" WC="0.96" CONTENT="han"/>
						</TextLine>
						<TextLine ID="line_8" HPOS="321" VPOS="425" WIDTH="617" HEIGHT="31">
							<String ID="string_41" HPOS="321" VPOS="425" WIDTH="41" HEIGHT="21" WC="0.96" CONTENT="har"/><SP WIDTH="14" VPOS="425" HPOS="362"/>
							<String ID="string_42" HPOS="376" VPOS="434" WIDTH="116" HEIGHT="20" WC="0.96" CONTENT="gemensam"/><SP WIDTH="15" VPOS="434" HPOS="492"/>
							<String ID="string_43" HPOS="507" VPOS="427" WIDTH="76" HEIGHT="25" WC="0.93" CONTENT="bostad,"/><SP WIDTH="17" VPOS="427" HPOS="583"/>
							<String ID="string_44" HPOS="600" VPOS="427" WIDTH="95" HEIGHT="28" WC="0.92" CONTENT="tillegnar"/><SP WIDTH="18" VPOS="427" HPOS="695"/>
							<String ID="string_45" HPOS="713" VPOS="428" WIDTH="31" HEIGHT="27" WC="0.96" CONTENT="sig"/><SP WIDTH="22" VPOS="428" HPOS="744"/>
							<String ID="string_46" HPOS="766" VPOS="427" WIDTH="47" HEIGHT="21" WC="0.93" CONTENT="eller"/><SP WIDTH="21" VPOS="427" HPOS="813"/>
							<String ID="string_47" HPOS="834" VPOS="427" WIDTH="104" HEIGHT="29" WC="0.90" CONTENT="uppsåtli-"/>
						</TextLine>
						<TextLine ID="line_9" HPOS="321" VPOS="461" WIDTH="616" HEIGHT="29">
							<String ID="string_48" HPOS="321" VPOS="467" WIDTH="41" HEIGHT="20" WC="0.96" CONTENT="gen"/><SP WIDTH="14" VPOS="467" HPOS="362"/>
							<String ID="string_49" HPOS="376" VPOS="461" WIDTH="80" HEIGHT="26" WC="0.96" CONTENT="förstör"/><SP WIDTH="15" VPOS="461" HPOS="456"/>
							<String ID="string_50" HPOS="471" VPOS="463" WIDTH="68" HEIGHT="26" WC="0.96" CONTENT="något,"/><SP WIDTH="16" VPOS="463" HPOS="539"/>
							<String ID="string_51" HPOS="555" VPOS="469" WIDTH="43" HEIGHT="14" WC="0.96" CONTENT="som"/><SP WIDTH="16" VPOS="469" HPOS="598"/>
							<String ID="string_52" HPOS="614" VPOS="462" WIDTH="63" HEIGHT="20" WC="0.96" CONTENT="denne"/><SP WIDTH="19" VPOS="462" HPOS="677"/>
							<String ID="string_53" HPOS="696" VPOS="462" WIDTH="36" HEIGHT="20" WC="0.96" CONTENT="der"/><SP WIDTH="23" VPOS="462" HPOS="732"/>
							<String ID="string_54" HPOS="755" VPOS="462" WIDTH="39" HEIGHT="20" WC="0.92" CONTENT="har"/><SP WIDTH="19" VPOS="462" HPOS="794"/>
							<String ID="string_55" HPOS="813" VPOS="461" WIDTH="124" HEIGHT="29" WC="0.91" CONTENT="förvaradt,"/>
						</TextLine>
						<TextLine ID="line_10" HPOS="321" VPOS="495" WIDTH="616" HEIGHT="30">
							<String ID="string_56" HPOS="321" VPOS="495" WIDTH="87" HEIGHT="28" WC="0.87" CONTENT="straffes,"/><SP WIDTH="16" VPOS="495" HPOS="408"/>
							<String ID="string_57" HPOS="424" VPOS="495" WIDTH="48" HEIGHT="28" WC="0.96" CONTENT="ifall"/><SP WIDTH="14" VPOS="495" HPOS="472"/>
							<String ID="string_58" HPOS="486" VPOS="495" WIDTH="92" HEIGHT="30" WC="0.96" CONTENT="beloppet"/><SP WIDTH="15" VPOS="495" HPOS="578"/>
							<String ID="string_59" HPOS="593" VPOS="496" WIDTH="50" HEIGHT="21" WC="0.96" CONTENT="eller"/><SP WIDTH="16" VPOS="496" HPOS="643"/>
							<String ID="string_60" HPOS="659" VPOS="497" WIDTH="74" HEIGHT="20" WC="0.96" CONTENT="värdet"/><SP WIDTH="15" VPOS="497" HPOS="733"/>
							<String ID="string_61" HPOS="748" VPOS="496" WIDTH="63" HEIGHT="27" WC="0.93" CONTENT="deraf"/><SP WIDTH="7" VPOS="496" HPOS="811"/>
							<String ID="string_62" HPOS="818" VPOS="496" WIDTH="119" HEIGHT="28" WC="0.93" CONTENT="öfverstiger"/>
						</TextLine>
						<TextLine ID="line_11" HPOS="322" VPOS="530" WIDTH="615" HEIGHT="29">
							<String ID="string_63" HPOS="322" VPOS="530" WIDTH="67" HEIGHT="20" WC="0.96" CONTENT="nitton"/><SP WIDTH="16" VPOS="530" HPOS="389"/>
							<String ID="string_64" HPOS="405" VPOS="531" WIDTH="61" HEIGHT="20" WC="0.93" CONTENT="mark"/><SP WIDTH="14" VPOS="531" HPOS="466"/>
							<String ID="string_65" HPOS="480" VPOS="531" WIDTH="59" HEIGHT="27" WC="0.90" CONTENT="tjugu"/><SP WIDTH="18" VPOS="531" HPOS="539"/>
							<String ID="string_66" HPOS="557" VPOS="532" WIDTH="71" HEIGHT="27" WC="0.90" CONTENT="penni,"/><SP WIDTH="24" VPOS="532" HPOS="628"/>
							<String ID="string_67" HPOS="652" VPOS="531" WIDTH="62" HEIGHT="26" WC="0.95" CONTENT="äfven"/><SP WIDTH="22" VPOS="531" HPOS="714"/>
							<String ID="string_68" HPOS="736" VPOS="538" WIDTH="33" HEIGHT="13" WC="0.96" CONTENT="om"/><SP WIDTH="23" VPOS="538" HPOS="769"/>
							<String ID="string_69" HPOS="792" VPOS="531" WIDTH="76" HEIGHT="20" WC="0.90" CONTENT="inbrott"/><SP WIDTH="22" VPOS="531" HPOS="868"/>
							<String ID="string_70" HPOS="890" VPOS="530" WIDTH="47" HEIGHT="21" WC="0.90" CONTENT="eller"/>
						</TextLine>
						<TextLine ID="line_12" HPOS="317" VPOS="564" WIDTH="621" HEIGHT="29">
							<String ID="string_71" HPOS="317" VPOS="564" WIDTH="133" HEIGHT="29" WC="0.50" CONTENT="ficktjufnad"/><SP WIDTH="16" VPOS="564" HPOS="450"/>
							<String ID="string_72" HPOS="466" VPOS="565" WIDTH="62" HEIGHT="20" WC="0.95" CONTENT="tillika"/><SP WIDTH="16" VPOS="565" HPOS="528"/>
							<String ID="string_73" HPOS="544" VPOS="565" WIDTH="83" HEIGHT="28" WC="0.96" CONTENT="begåtts,"/><SP WIDTH="16" VPOS="565" HPOS="627"/>
							<String ID="string_74" HPOS="643" VPOS="566" WIDTH="47" HEIGHT="20" WC="0.93" CONTENT="med"/><SP WIDTH="16" VPOS="566" HPOS="690"/>
							<String ID="string_75" HPOS="706" VPOS="565" WIDTH="80" HEIGHT="20" WC="0.93" CONTENT="tukthus"/><SP WIDTH="16" VPOS="565" HPOS="786"/>
							<String ID="string_76" HPOS="802" VPOS="565" WIDTH="32" HEIGHT="20" WC="0.96" CONTENT="till"/><SP WIDTH="14" VPOS="565" HPOS="834"/>
							<String ID="string_77" HPOS="848" VPOS="565" WIDTH="35" HEIGHT="20" WC="0.96" CONTENT="och"/><SP WIDTH="10" VPOS="565" HPOS="883"/>
							<String ID="string_78" HPOS="893" VPOS="565" WIDTH="45" HEIGHT="20" WC="0.96" CONTENT="med"/>
						</TextLine>
						<TextLine ID="line_13" HPOS="323" VPOS="594" WIDTH="613" HEIGHT="33">
							<String ID="string_79" HPOS="323" VPOS="602" WIDTH="31" HEIGHT="17" WC="0.96" CONTENT="tre"/><SP WIDTH="16" VPOS="602" HPOS="354"/>
							<String ID="string_80" HPOS="370" VPOS="600" WIDTH="30" HEIGHT="19" WC="0.94" CONTENT="år."/><SP WIDTH="31" VPOS="600" HPOS="400"/>
							<String ID="string_81" HPOS="431" VPOS="594" WIDTH="33" HEIGHT="25" WC="0.94" CONTENT="Är"/><SP WIDTH="15" VPOS="594" HPOS="464"/>
							<String ID="string_82" HPOS="479" VPOS="600" WIDTH="94" HEIGHT="27" WC="0.96" CONTENT="beloppet"/><SP WIDTH="16" VPOS="600" HPOS="573"/>
							<String ID="string_83" HPOS="589" VPOS="600" WIDTH="48" HEIGHT="21" WC="0.96" CONTENT="eller"/><SP WIDTH="11" VPOS="600" HPOS="637"/>
							<String ID="string_84" HPOS="648" VPOS="600" WIDTH="74" HEIGHT="21" WC="0.96" CONTENT="värdet"/><SP WIDTH="11" VPOS="600" HPOS="722"/>
							<String ID="string_85" HPOS="733" VPOS="600" WIDTH="65" HEIGHT="20" WC="0.96" CONTENT="nitton"/><SP WIDTH="11" VPOS="600" HPOS="798"/>
							<String ID="string_86" HPOS="809" VPOS="599" WIDTH="60" HEIGHT="20" WC="0.93" CONTENT="mark"/><SP WIDTH="11" VPOS="599" HPOS="869"/>
							<String ID="string_87" HPOS="880" VPOS="599" WIDTH="56" HEIGHT="27" WC="0.84" CONTENT="tjugu"/>
						</TextLine>
						<TextLine ID="line_14" HPOS="321" VPOS="633" WIDTH="615" HEIGHT="28">
							<String ID="string_88" HPOS="321" VPOS="634" WIDTH="67" HEIGHT="27" WC="0.92" CONTENT="penni"/><SP WIDTH="14" VPOS="634" HPOS="388"/>
							<String ID="string_89" HPOS="402" VPOS="633" WIDTH="45" HEIGHT="21" WC="0.96" CONTENT="eller"/><SP WIDTH="15" VPOS="633" HPOS="447"/>
							<String ID="string_90" HPOS="462" VPOS="635" WIDTH="89" HEIGHT="25" WC="0.95" CONTENT="mindre;"/><SP WIDTH="24" VPOS="635" HPOS="551"/>
							<String ID="string_91" HPOS="575" VPOS="635" WIDTH="68" HEIGHT="20" WC="0.96" CONTENT="dömes"/><SP WIDTH="17" VPOS="635" HPOS="643"/>
							<String ID="string_92" HPOS="660" VPOS="635" WIDTH="66" HEIGHT="25" WC="0.96" CONTENT="första"/><SP WIDTH="17" VPOS="635" HPOS="726"/>
							<String ID="string_93" HPOS="743" VPOS="633" WIDTH="37" HEIGHT="22" WC="0.96" CONTENT="och"/><SP WIDTH="15" VPOS="633" HPOS="780"/>
							<String ID="string_94" HPOS="795" VPOS="633" WIDTH="68" HEIGHT="21" WC="0.95" CONTENT="andra"/><SP WIDTH="15" VPOS="633" HPOS="863"/>
							<String ID="string_95" HPOS="878" VPOS="641" WIDTH="58" HEIGHT="12" WC="0.91" CONTENT="resan"/>
						</TextLine>
						<TextLine ID="line_15" HPOS="323" VPOS="667" WIDTH="615" HEIGHT="29">
							<String ID="string_96" HPOS="323" VPOS="667" WIDTH="30" HEIGHT="21" WC="0.94" CONTENT="till"/><SP WIDTH="9" VPOS="667" HPOS="353"/>
							<String ID="string_97" HPOS="362" VPOS="667" WIDTH="99" HEIGHT="29" WC="0.96" CONTENT="fängelse"/><SP WIDTH="14" VPOS="667" HPOS="461"/>
							<String ID="string_98" HPOS="475" VPOS="669" WIDTH="8" HEIGHT="19" WC="0.96" CONTENT="i"/><SP WIDTH="15" VPOS="669" HPOS="483"/>
							<String ID="string_99" HPOS="498" VPOS="668" WIDTH="57" HEIGHT="28" WC="0.96" CONTENT="högst"/><SP WIDTH="14" VPOS="668" HPOS="555"/>
							<String ID="string_100" HPOS="569" VPOS="676" WIDTH="36" HEIGHT="13" WC="0.95" CONTENT="sex"/><SP WIDTH="18" VPOS="676" HPOS="605"/>
							<String ID="string_101" HPOS="623" VPOS="669" WIDTH="109" HEIGHT="24" WC="0.95" CONTENT="månader,"/><SP WIDTH="24" VPOS="669" HPOS="732"/>
							<String ID="string_102" HPOS="756" VPOS="668" WIDTH="50" HEIGHT="21" WC="0.93" CONTENT="eller"/><SP WIDTH="21" VPOS="668" HPOS="806"/>
							<String ID="string_103" HPOS="827" VPOS="668" WIDTH="111" HEIGHT="27" WC="0.90" CONTENT="ordnings-"/>
						</TextLine>
						<TextLine ID="line_16" HPOS="321" VPOS="702" WIDTH="616" HEIGHT="30">
							<String ID="string_104" HPOS="321" VPOS="703" WIDTH="75" HEIGHT="27" WC="0.83" CONTENT="straff;"/><SP WIDTH="23" VPOS="703" HPOS="396"/>
							<String ID="string_105" HPOS="419" VPOS="710" WIDTH="46" HEIGHT="13" WC="0.96" CONTENT="men"/><SP WIDTH="14" VPOS="710" HPOS="465"/>
							<String ID="string_106" HPOS="479" VPOS="703" WIDTH="46" HEIGHT="20" WC="0.96" CONTENT="sker"/><SP WIDTH="22" VPOS="703" HPOS="525"/>
							<String ID="string_107" HPOS="547" VPOS="703" WIDTH="72" HEIGHT="21" WC="0.93" CONTENT="brottet"/><SP WIDTH="16" VPOS="703" HPOS="619"/>
							<String ID="string_108" HPOS="635" VPOS="704" WIDTH="75" HEIGHT="28" WC="0.96" CONTENT="oftare,"/><SP WIDTH="23" VPOS="704" HPOS="710"/>
							<String ID="string_109" HPOS="733" VPOS="702" WIDTH="45" HEIGHT="22" WC="0.95" CONTENT="eller"/><SP WIDTH="23" VPOS="702" HPOS="778"/>
							<String ID="string_110" HPOS="801" VPOS="702" WIDTH="38" HEIGHT="21" WC="0.96" CONTENT="har"/><SP WIDTH="22" VPOS="702" HPOS="839"/>
							<String ID="string_111" HPOS="861" VPOS="702" WIDTH="76" HEIGHT="21" WC="0.95" CONTENT="sådant"/>
						</TextLine>
						<TextLine ID="line_17" HPOS="326" VPOS="736" WIDTH="610" HEIGHT="30">
							<String ID="string_112" HPOS="326" VPOS="736" WIDTH="98" HEIGHT="29" WC="0.93" CONTENT="tillgrepp"/><SP WIDTH="10" VPOS="736" HPOS="424"/>
							<String ID="string_113" HPOS="434" VPOS="737" WIDTH="110" HEIGHT="29" WC="0.91" CONTENT="föröfvats"/><SP WIDTH="23" VPOS="737" HPOS="544"/>
							<String ID="string_114" HPOS="567" VPOS="737" WIDTH="83" HEIGHT="21" WC="0.96" CONTENT="medelst"/><SP WIDTH="16" VPOS="737" HPOS="650"/>
							<String ID="string_115" HPOS="666" VPOS="738" WIDTH="81" HEIGHT="20" WC="0.96" CONTENT="inbrott"/><SP WIDTH="23" VPOS="738" HPOS="747"/>
							<String ID="string_116" HPOS="770" VPOS="737" WIDTH="46" HEIGHT="21" WC="0.95" CONTENT="eller"/><SP WIDTH="21" VPOS="737" HPOS="816"/>
							<String ID="string_117" HPOS="837" VPOS="744" WIDTH="27" HEIGHT="13" WC="0.96" CONTENT="ur"/><SP WIDTH="16" VPOS="744" HPOS="864"/>
							<String ID="string_118" HPOS="880" VPOS="736" WIDTH="56" HEIGHT="29" WC="0.96" CONTENT="ficka"/>
						</TextLine>
						<TextLine ID="line_18" HPOS="321" VPOS="770" WIDTH="546" HEIGHT="29">
							<String ID="string_119" HPOS="321" VPOS="770" WIDTH="33" HEIGHT="21" WC="0.96" CONTENT="till"/><SP WIDTH="14" VPOS="770" HPOS="354"/>
							<String ID="string_120" HPOS="368" VPOS="779" WIDTH="83" HEIGHT="18" WC="0.96" CONTENT="ansvar,"/><SP WIDTH="16" VPOS="779" HPOS="451"/>
							<String ID="string_121" HPOS="467" VPOS="779" WIDTH="43" HEIGHT="13" WC="0.96" CONTENT="som"/><SP WIDTH="15" VPOS="779" HPOS="510"/>
							<String ID="string_122" HPOS="525" VPOS="773" WIDTH="8" HEIGHT="19" WC="0.96" CONTENT="i"/><SP WIDTH="16" VPOS="773" HPOS="533"/>
							<String ID="string_123" HPOS="549" VPOS="773" WIDTH="13" HEIGHT="19" WC="0.95" CONTENT="1"/><SP WIDTH="16" VPOS="773" HPOS="562"/>
							<String ID="string_124" HPOS="578" VPOS="779" WIDTH="60" HEIGHT="14" WC="0.95" CONTENT="mom."/><SP WIDTH="16" VPOS="779" HPOS="638"/>
							<String ID="string_125" HPOS="654" VPOS="772" WIDTH="26" HEIGHT="27" WC="0.96" CONTENT="af"/><SP WIDTH="12" VPOS="772" HPOS="680"/>
							<String ID="string_126" HPOS="692" VPOS="772" WIDTH="69" HEIGHT="20" WC="0.92" CONTENT="denna"/><SP WIDTH="15" VPOS="772" HPOS="761"/>
							<String ID="string_127" HPOS="776" VPOS="772" WIDTH="13" HEIGHT="26" WC="0.92" CONTENT="$"/><SP WIDTH="15" VPOS="772" HPOS="789"/>
							<String ID="string_128" HPOS="804" VPOS="774" WIDTH="63" HEIGHT="25" WC="0.82" CONTENT="säges."/>
						</TextLine>
					</TextBlock>
					<TextBlock ID="block_5" HPOS="319" VPOS="805" WIDTH="618" HEIGHT="132">
						<TextLine ID="line_19" HPOS="395" VPOS="805" WIDTH="542" HEIGHT="29">
							<String ID="string_129" HPOS="395" VPOS="805" WIDTH="105" HEIGHT="29" WC="0.92" CONTENT="Tillgrepp"/><SP WIDTH="12" VPOS="805" HPOS="500"/>
							<String ID="string_130" HPOS="512" VPOS="806" WIDTH="55" HEIGHT="28" WC="0.93" CONTENT="från"/><SP WIDTH="16" VPOS="806" HPOS="567"/>
							<String ID="string_131" HPOS="583" VPOS="806" WIDTH="113" HEIGHT="28" WC="0.91" CONTENT="krigsman,"/><SP WIDTH="23" VPOS="806" HPOS="696"/>
							<String ID="string_132" HPOS="719" VPOS="806" WIDTH="67" HEIGHT="20" WC="0.96" CONTENT="under"/><SP WIDTH="23" VPOS="806" HPOS="786"/>
							<String ID="string_133" HPOS="809" VPOS="805" WIDTH="70" HEIGHT="20" WC="0.93" CONTENT="andra"/><SP WIDTH="16" VPOS="805" HPOS="879"/>
							<String ID="string_134" HPOS="895" VPOS="812" WIDTH="42" HEIGHT="13" WC="0.92" CONTENT="om-"/>
						</TextLine>
						<TextLine ID="line_20" HPOS="321" VPOS="838" WIDTH="615" HEIGHT="30">
							<String ID="string_135" HPOS="321" VPOS="840" WIDTH="139" HEIGHT="28" WC="0.92" CONTENT="ständigheter"/><SP WIDTH="15" VPOS="840" HPOS="460"/>
							<String ID="string_136" HPOS="475" VPOS="844" WIDTH="28" HEIGHT="17" WC="0.96" CONTENT="än"/><SP WIDTH="23" VPOS="844" HPOS="503"/>
							<String ID="string_137" HPOS="526" VPOS="841" WIDTH="39" HEIGHT="20" WC="0.96" CONTENT="här"/><SP WIDTH="20" VPOS="841" HPOS="565"/>
							<String ID="string_138" HPOS="585" VPOS="841" WIDTH="65" HEIGHT="27" WC="0.96" CONTENT="ofvan"/><SP WIDTH="15" VPOS="841" HPOS="650"/>
							<String ID="string_139" HPOS="665" VPOS="843" WIDTH="95" HEIGHT="22" WC="0.93" CONTENT="nämnas,"/><SP WIDTH="16" VPOS="843" HPOS="760"/>
							<String ID="string_140" HPOS="776" VPOS="840" WIDTH="82" HEIGHT="28" WC="0.86" CONTENT="strafes"/><SP WIDTH="16" VPOS="840" HPOS="858"/>
							<String ID="string_141" HPOS="874" VPOS="838" WIDTH="62" HEIGHT="28" WC="0.96" CONTENT="enligt"/>
						</TextLine>
						<TextLine ID="line_21" HPOS="321" VPOS="874" WIDTH="614" HEIGHT="28">
							<String ID="string_142" HPOS="321" VPOS="874" WIDTH="81" HEIGHT="21" WC="0.96" CONTENT="allmän"/><SP WIDTH="14" VPOS="874" HPOS="402"/>
							<String ID="string_143" HPOS="416" VPOS="874" WIDTH="42" HEIGHT="28" WC="0.96" CONTENT="lag,"/><SP WIDTH="16" VPOS="874" HPOS="458"/>
							<String ID="string_144" HPOS="474" VPOS="882" WIDTH="46" HEIGHT="14" WC="0.96" CONTENT="men"/><SP WIDTH="15" VPOS="882" HPOS="520"/>
							<String ID="string_145" HPOS="535" VPOS="876" WIDTH="41" HEIGHT="22" WC="0.96" CONTENT="må,"/><SP WIDTH="17" VPOS="876" HPOS="576"/>
							<String ID="string_146" HPOS="593" VPOS="876" WIDTH="36" HEIGHT="19" WC="0.96" CONTENT="der"/><SP WIDTH="16" VPOS="876" HPOS="629"/>
							<String ID="string_147" HPOS="645" VPOS="875" WIDTH="69" HEIGHT="21" WC="0.96" CONTENT="endast"/><SP WIDTH="15" VPOS="875" HPOS="714"/>
							<String ID="string_148" HPOS="729" VPOS="874" WIDTH="88" HEIGHT="21" WC="0.96" CONTENT="snatteri"/><SP WIDTH="19" VPOS="874" HPOS="817"/>
							<String ID="string_149" HPOS="836" VPOS="877" WIDTH="31" HEIGHT="25" WC="0.95" CONTENT="egt"/><SP WIDTH="15" VPOS="877" HPOS="867"/>
							<String ID="string_150" HPOS="882" VPOS="881" WIDTH="53" HEIGHT="16" WC="0.95" CONTENT="rum,"/>
						</TextLine>
						<TextLine ID="line_22" HPOS="319" VPOS="908" WIDTH="520" HEIGHT="29">
							<String ID="string_151" HPOS="319" VPOS="908" WIDTH="80" HEIGHT="27" WC="0.92" CONTENT="jemväl"/><SP WIDTH="14" VPOS="908" HPOS="399"/>
							<String ID="string_152" HPOS="413" VPOS="910" WIDTH="68" HEIGHT="20" WC="0.96" CONTENT="kunna"/><SP WIDTH="15" VPOS="910" HPOS="481"/>
							<String ID="string_153" HPOS="496" VPOS="910" WIDTH="48" HEIGHT="20" WC="0.93" CONTENT="med"/><SP WIDTH="15" VPOS="910" HPOS="544"/>
							<String ID="string_154" HPOS="559" VPOS="909" WIDTH="164" HEIGHT="28" WC="0.81" CONTENT="ordningsstraff"/><SP WIDTH="10" VPOS="909" HPOS="723"/>
							<String ID="string_155" HPOS="733" VPOS="909" WIDTH="106" HEIGHT="28" WC="0.96" CONTENT="försonas."/>
						</TextLine>
					</TextBlock>
				</ComposedBlock>
				<ComposedBlock ID="cblock_4" HPOS="344" VPOS="1023" WIDTH="577" HEIGHT="86">
					<TextBlock ID="block_6" HPOS="344" VPOS="1023" WIDTH="577" HEIGHT="86">
						<TextLine ID="line_23" HPOS="579" VPOS="1023" WIDTH="93" HEIGHT="22">
							<String ID="string_156" HPOS="579" VPOS="1023" WIDTH="28" HEIGHT="18" WC="0.96" CONTENT="14"/><SP WIDTH="12" VPOS="1023" HPOS="607"/>
							<String ID="string_157" HPOS="619" VPOS="1023" WIDTH="53" HEIGHT="22" WC="0.95" CONTENT="Kap."/>
						</TextLine>
						<TextLine ID="line_24" HPOS="344" VPOS="1077" WIDTH="577" HEIGHT="32">
							<String ID="string_158" HPOS="344" VPOS="1079" WIDTH="37" HEIGHT="24" WC="0.96" CONTENT="Om"/><SP WIDTH="17" VPOS="1079" HPOS="381"/>
							<String ID="string_159" HPOS="398" VPOS="1080" WIDTH="106" HEIGHT="23" WC="0.96" CONTENT="missbruk"/><SP WIDTH="15" VPOS="1080" HPOS="504"/>
							<String ID="string_160" HPOS="519" VPOS="1080" WIDTH="23" HEIGHT="23" WC="0.96" CONTENT="af"/><SP WIDTH="15" VPOS="1080" HPOS="542"/>
							<String ID="string_161" HPOS="557" VPOS="1079" WIDTH="119" HEIGHT="30" WC="0.96" CONTENT="myndighet"/><SP WIDTH="17" VPOS="1079" HPOS="676"/>
							<String ID="string_162" HPOS="693" VPOS="1080" WIDTH="57" HEIGHT="22" WC="0.96" CONTENT="emot"/><SP WIDTH="15" VPOS="1080" HPOS="750"/>
							<String ID="string_163" HPOS="765" VPOS="1077" WIDTH="156" HEIGHT="24" WC="0.96" CONTENT="underordnad."/>
						</TextLine>
					</TextBlock>
				</ComposedBlock>
				<ComposedBlock ID="cblock_5" HPOS="314" VPOS="1143" WIDTH="624" HEIGHT="307">
					<TextBlock ID="block_7" HPOS="592" VPOS="1143" WIDTH="80" HEIGHT="27">
						<TextLine ID="line_25" HPOS="592" VPOS="1143" WIDTH="80" HEIGHT="27">
							<String ID="string_164" HPOS="592" VPOS="1144" WIDTH="14" HEIGHT="26" WC="0.93" CONTENT="$"/><SP WIDTH="16" VPOS="1144" HPOS="606"/>
							<String ID="string_165" HPOS="622" VPOS="1143" WIDTH="50" HEIGHT="22" WC="0.91" CONTENT="123."/>
						</TextLine>
					</TextBlock>
					<TextBlock ID="block_8" HPOS="314" VPOS="1181" WIDTH="624" HEIGHT="201">
						<TextLine ID="line_26" HPOS="390" VPOS="1181" WIDTH="547" HEIGHT="28">
							<String ID="string_166" HPOS="390" VPOS="1183" WIDTH="151" HEIGHT="24" WC="0.90" CONTENT="Misshandlar,"/><SP WIDTH="14" VPOS="1183" HPOS="541"/>
							<String ID="string_167" HPOS="555" VPOS="1184" WIDTH="88" HEIGHT="20" WC="0.91" CONTENT="smädar"/><SP WIDTH="10" VPOS="1184" HPOS="643"/>
							<String ID="string_168" HPOS="653" VPOS="1182" WIDTH="49" HEIGHT="22" WC="0.96" CONTENT="eller"/><SP WIDTH="8" VPOS="1182" HPOS="702"/>
							<String ID="string_169" HPOS="710" VPOS="1181" WIDTH="134" HEIGHT="28" WC="0.96" CONTENT="förolämpar"/><SP WIDTH="9" VPOS="1181" HPOS="844"/>
							<String ID="string_170" HPOS="853" VPOS="1181" WIDTH="84" HEIGHT="25" WC="0.96" CONTENT="förman"/>
						</TextLine>
						<TextLine ID="line_27" HPOS="319" VPOS="1213" WIDTH="618" HEIGHT="30">
							<String ID="string_171" HPOS="319" VPOS="1217" WIDTH="51" HEIGHT="21" WC="0.93" CONTENT="eller"/><SP WIDTH="14" VPOS="1217" HPOS="370"/>
							<String ID="string_172" HPOS="384" VPOS="1218" WIDTH="94" HEIGHT="25" WC="0.92" CONTENT="förmans"/><SP WIDTH="16" VPOS="1218" HPOS="478"/>
							<String ID="string_173" HPOS="494" VPOS="1217" WIDTH="104" HEIGHT="26" WC="0.88" CONTENT="vederlike,"/><SP WIDTH="23" VPOS="1217" HPOS="598"/>
							<String ID="string_174" HPOS="621" VPOS="1218" WIDTH="8" HEIGHT="19" WC="0.93" CONTENT="i"/><SP WIDTH="15" VPOS="1218" HPOS="629"/>
							<String ID="string_175" HPOS="644" VPOS="1217" WIDTH="100" HEIGHT="26" WC="0.92" CONTENT="utöfning"/><SP WIDTH="22" VPOS="1217" HPOS="744"/>
							<String ID="string_176" HPOS="766" VPOS="1216" WIDTH="24" HEIGHT="27" WC="0.92" CONTENT="af"/><SP WIDTH="21" VPOS="1216" HPOS="790"/>
							<String ID="string_177" HPOS="811" VPOS="1213" WIDTH="126" HEIGHT="29" WC="0.91" CONTENT="tjensteålig-"/>
						</TextLine>
						<TextLine ID="line_28" HPOS="317" VPOS="1248" WIDTH="619" HEIGHT="31">
							<String ID="string_178" HPOS="317" VPOS="1252" WIDTH="75" HEIGHT="27" WC="0.95" CONTENT="gande,"/><SP WIDTH="16" VPOS="1252" HPOS="392"/>
							<String ID="string_179" HPOS="408" VPOS="1252" WIDTH="161" HEIGHT="25" WC="0.93" CONTENT="underordnad;"/><SP WIDTH="22" VPOS="1252" HPOS="569"/>
							<String ID="string_180" HPOS="591" VPOS="1252" WIDTH="82" HEIGHT="27" WC="0.85" CONTENT="strafes"/><SP WIDTH="23" VPOS="1252" HPOS="673"/>
							<String ID="string_181" HPOS="696" VPOS="1252" WIDTH="67" HEIGHT="19" WC="0.96" CONTENT="såsom"/><SP WIDTH="14" VPOS="1252" HPOS="763"/>
							<String ID="string_182" HPOS="777" VPOS="1250" WIDTH="9" HEIGHT="20" WC="0.96" CONTENT="i"/><SP WIDTH="14" VPOS="1250" HPOS="786"/>
							<String ID="string_183" HPOS="800" VPOS="1249" WIDTH="79" HEIGHT="21" WC="0.96" CONTENT="allmän"/><SP WIDTH="24" VPOS="1249" HPOS="879"/>
							<String ID="string_184" HPOS="903" VPOS="1248" WIDTH="33" HEIGHT="27" WC="0.96" CONTENT="lag"/>
						</TextLine>
						<TextLine ID="line_29" HPOS="314" VPOS="1282" WIDTH="624" HEIGHT="32">
							<String ID="string_185" HPOS="314" VPOS="1285" WIDTH="42" HEIGHT="28" WC="0.90" CONTENT="för"/><SP WIDTH="15" VPOS="1285" HPOS="356"/>
							<String ID="string_186" HPOS="371" VPOS="1285" WIDTH="52" HEIGHT="21" WC="0.92" CONTENT="slika"/><SP WIDTH="15" VPOS="1285" HPOS="423"/>
							<String ID="string_187" HPOS="438" VPOS="1286" WIDTH="61" HEIGHT="26" WC="0.93" CONTENT="brott,"/><SP WIDTH="16" VPOS="1286" HPOS="499"/>
							<String ID="string_188" HPOS="515" VPOS="1287" WIDTH="105" HEIGHT="27" WC="0.89" CONTENT="begängna"/><SP WIDTH="15" VPOS="1287" HPOS="620"/>
							<String ID="string_189" HPOS="635" VPOS="1287" WIDTH="26" HEIGHT="26" WC="0.93" CONTENT="af"/><SP WIDTH="12" VPOS="1287" HPOS="661"/>
							<String ID="string_190" HPOS="673" VPOS="1286" WIDTH="122" HEIGHT="28" WC="0.92" CONTENT="tjensteman"/><SP WIDTH="15" VPOS="1286" HPOS="795"/>
							<String ID="string_191" HPOS="810" VPOS="1283" WIDTH="65" HEIGHT="21" WC="0.93" CONTENT="under"/><SP WIDTH="12" VPOS="1283" HPOS="875"/>
							<String ID="string_192" HPOS="887" VPOS="1282" WIDTH="51" HEIGHT="27" WC="0.91" CONTENT="tjen-"/>
						</TextLine>
						<TextLine ID="line_30" HPOS="319" VPOS="1317" WIDTH="618" HEIGHT="32">
							<String ID="string_193" HPOS="319" VPOS="1320" WIDTH="131" HEIGHT="28" WC="0.89" CONTENT="steutöfning,"/><SP WIDTH="10" VPOS="1320" HPOS="450"/>
							<String ID="string_194" HPOS="460" VPOS="1321" WIDTH="70" HEIGHT="28" WC="0.87" CONTENT="finnes"/><SP WIDTH="14" VPOS="1321" HPOS="530"/>
							<String ID="string_195" HPOS="544" VPOS="1320" WIDTH="108" HEIGHT="28" WC="0.91" CONTENT="stadgadt;"/><SP WIDTH="15" VPOS="1320" HPOS="652"/>
							<String ID="string_196" HPOS="667" VPOS="1320" WIDTH="52" HEIGHT="20" WC="0.96" CONTENT="dock"/><SP WIDTH="15" VPOS="1320" HPOS="719"/>
							<String ID="string_197" HPOS="734" VPOS="1319" WIDTH="35" HEIGHT="20" WC="0.96" CONTENT="mä"/><SP WIDTH="10" VPOS="1319" HPOS="769"/>
							<String ID="string_198" HPOS="779" VPOS="1318" WIDTH="36" HEIGHT="21" WC="0.93" CONTENT="vid"/><SP WIDTH="9" VPOS="1318" HPOS="815"/>
							<String ID="string_199" HPOS="824" VPOS="1317" WIDTH="113" HEIGHT="28" WC="0.92" CONTENT="upprepad"/>
						</TextLine>
						<TextLine ID="line_31" HPOS="319" VPOS="1352" WIDTH="525" HEIGHT="30">
							<String ID="string_200" HPOS="319" VPOS="1354" WIDTH="125" HEIGHT="22" WC="0.93" CONTENT="misshandel"/><SP WIDTH="16" VPOS="1354" HPOS="444"/>
							<String ID="string_201" HPOS="460" VPOS="1355" WIDTH="60" HEIGHT="27" WC="0.89" CONTENT="äfven"/><SP WIDTH="17" VPOS="1355" HPOS="520"/>
							<String ID="string_202" HPOS="537" VPOS="1355" WIDTH="71" HEIGHT="20" WC="0.91" CONTENT="dömas"/><SP WIDTH="17" VPOS="1355" HPOS="608"/>
							<String ID="string_203" HPOS="625" VPOS="1353" WIDTH="33" HEIGHT="22" WC="0.93" CONTENT="till"/><SP WIDTH="9" VPOS="1353" HPOS="658"/>
							<String ID="string_204" HPOS="667" VPOS="1352" WIDTH="177" HEIGHT="30" WC="0.92" CONTENT="förafskedande."/>
						</TextLine>
					</TextBlock>
					<TextBlock ID="block_9" HPOS="319" VPOS="1380" WIDTH="618" HEIGHT="70">
						<TextLine ID="line_32" HPOS="388" VPOS="1380" WIDTH="548" HEIGHT="37">
							<String ID="string_205" HPOS="388" VPOS="1389" WIDTH="115" HEIGHT="28" WC="0.92" CONTENT="Förgriper"/><SP WIDTH="15" VPOS="1389" HPOS="503"/>
							<String ID="string_206" HPOS="518" VPOS="1389" WIDTH="29" HEIGHT="27" WC="0.92" CONTENT="sig"/><SP WIDTH="10" VPOS="1389" HPOS="547"/>
							<String ID="string_207" HPOS="557" VPOS="1389" WIDTH="83" HEIGHT="25" WC="0.91" CONTENT="förman"/><SP WIDTH="15" VPOS="1389" HPOS="640"/>
							<String ID="string_208" HPOS="655" VPOS="1387" WIDTH="48" HEIGHT="22" WC="0.93" CONTENT="eller"/><SP WIDTH="9" VPOS="1387" HPOS="703"/>
							<String ID="string_209" HPOS="712" VPOS="1387" WIDTH="101" HEIGHT="27" WC="0.93" CONTENT="förmans"/><SP WIDTH="14" VPOS="1387" HPOS="813"/>
							<String ID="string_210" HPOS="827" VPOS="1380" WIDTH="109" HEIGHT="35" WC="0.92" CONTENT="vederlike,"/>
						</TextLine>
						<TextLine ID="line_33" HPOS="319" VPOS="1419" WIDTH="618" HEIGHT="31">
							<String ID="string_211" HPOS="319" VPOS="1423" WIDTH="30" HEIGHT="20" WC="0.96" CONTENT="dä"/><SP WIDTH="16" VPOS="1423" HPOS="349"/>
							<String ID="string_212" HPOS="365" VPOS="1422" WIDTH="41" HEIGHT="21" WC="0.93" CONTENT="han"/><SP WIDTH="16" VPOS="1422" HPOS="406"/>
							<String ID="string_213" HPOS="422" VPOS="1423" WIDTH="18" HEIGHT="26" WC="0.88" CONTENT="ej"/><SP WIDTH="15" VPOS="1423" HPOS="440"/>
							<String ID="string_214" HPOS="455" VPOS="1426" WIDTH="25" HEIGHT="17" WC="0.96" CONTENT="är"/><SP WIDTH="14" VPOS="1426" HPOS="480"/>
							<String ID="string_215" HPOS="494" VPOS="1423" WIDTH="8" HEIGHT="20" WC="0.93" CONTENT="i"/><SP WIDTH="14" VPOS="1423" HPOS="502"/>
							<String ID="string_216" HPOS="516" VPOS="1422" WIDTH="93" HEIGHT="28" WC="0.90" CONTENT="utöfning"/><SP WIDTH="20" VPOS="1422" HPOS="609"/>
							<String ID="string_217" HPOS="629" VPOS="1422" WIDTH="26" HEIGHT="27" WC="0.93" CONTENT="af"/><SP WIDTH="12" VPOS="1422" HPOS="655"/>
							<String ID="string_218" HPOS="667" VPOS="1423" WIDTH="62" HEIGHT="25" WC="0.93" CONTENT="nägot"/><SP WIDTH="17" VPOS="1423" HPOS="729"/>
							<String ID="string_219" HPOS="746" VPOS="1419" WIDTH="191" HEIGHT="30" WC="0.89" CONTENT="tjensteäliggande,"/>
						</TextLine>
					</TextBlock>
				</ComposedBlock>
			</PrintSpace>
		</Page>
	</Layout>
</alto>
