1031 1673
409 122 34 21 N:o
459 122 36 22 38.
788 122 12 20 9

78 190 138 27 intyganden,
239 190 59 21 bevis
322 191 39 20 och
384 190 70 27 öfriga
477 191 154 26 expeditioner,
655 197 44 15 som
723 191 18 26 ej
758 191 72 20 kunna

78 225 101 21 hänföras
202 225 67 20 under
293 225 25 20 de
341 225 7 20 i
372 225 11 27 8
406 226 13 20 4
442 225 136 27 omnämnda,
603 225 59 21 skola
686 225 92 21 skrifvas
803 225 27 26 på

80 259 116 26 stämpladt
218 265 81 21 papper
321 259 34 21 till
377 259 182 27 nedanupptagna
577 260 87 26 värden,
680 266 46 15 som
742 261 37 20 äro
795 259 35 21 be-

80 294 84 21 stämda
186 294 34 21 för
241 294 49 21 hela
313 294 157 27 expeditionen,
494 296 52 19 utan
569 294 99 21 afseende
685 295 12 20 å
712 294 51 21 vidd
778 294 53 21 eller

80 328 77 21 arktal.
188 328 45 21 Och
249 328 108 27 iakttages
373 328 76 21 härvid
465 329 33 20 för
514 329 65 26 öfrigt
595 330 38 25 att,
650 329 37 20 der
703 328 128 27 stämpelbe-

80 363 72 26 loppet
175 363 86 20 utfaller
283 363 7 20 i
314 363 77 20 sådant
415 363 37 26 tal,
471 363 67 20 hvarå
554 363 91 26 stämpel
661 363 17 27 ej
695 363 68 21 finnes
779 362 52 21 eller

80 397 87 21 hvartill
190 397 52 21 flera
259 397 102 26 stämplar
380 398 12 19 å
407 397 84 21 mindre
507 397 80 22 värden
604 397 18 27 ej
639 397 72 21 kunna
726 403 105 15 samman-

80 432 90 27 jemkas,
186 433 34 20 må
236 431 33 21 till
286 431 150 27 expeditionen
452 431 110 28 begagnas
579 432 40 21 den
634 432 59 26 lägre
704 432 70 27 karta,
786 437 45 15 som

81 468 25 19 är
121 467 65 26 sagde
203 467 29 20 tal
248 468 102 19 närmast.

728 563 58 18 Mark.
789 559 10 30 |
804 568 18 17 p.

83 631 2 13 |
99 615 78 21 Adels-
193 615 38 21 och
247 615 175 27 Adoptionsbref,
440 621 23 15 se
479 615 86 26 diplom.

99 650 148 27 Afskedsbref
268 649 97 22 utfärdas
388 651 27 25 på
437 650 78 21 sådant
531 650 116 26 stämpladt
662 657 50 19 pap-

127 691 44 20 per,
188 691 45 14 som
249 685 32 20 för
300 684 169 21 embetsverkets
486 684 69 27 öfriga
566 684 146 27 expeditioner

129 719 6 21 i
152 719 10 27 $
180 720 12 20 4
208 719 67 21 finnes
291 719 114 21 bestämdt.

156 754 99 20 Erhåller
278 754 40 20 den
341 753 182 27 afskedstagande
544 754 103 26 derjemte
662 747 50 33 pen-

128 788 54 27 sion,
206 790 69 19 större
297 788 54 20 eller
373 788 90 26 mindre,
487 788 52 21 eller
555 787 121 27 förhöjning
692 788 22 20 af

128 822 119 27 värdighet,
271 822 98 27 erlägges
392 822 33 22 för
448 823 107 21 hvardera
574 822 67 21 sådan
657 822 56 21 skild

129 857 160 27 stämpelafgift,
307 864 44 15 som
368 857 87 27 stadgas
470 857 33 21 för
514 857 150 26 pensionsbref
674 857 38 20 och

129 892 106 21 fullmakt.

102 925 192 28 Antagningsbevis
317 926 53 21 eller
389 926 48 21 bref
451 927 13 20 &
479 926 74 27 tjenst,
569 932 23 15 se
608 925 115 22 fullmakt.
717 921 10 37 |

101 960 188 27 Apothekarebref
315 977 112 4 «1
602 976 111 5 0]
754 961 28 20 40
802 973 26 2 ]—

102 995 218 26 Barnmorskebref
319 991 13 35 <
354 1011 1 5 <
531 1011 181 5 L.
770 995 58 20 2|—

102 1029 90 27 Bilbref
215 1046 1 4 <
246 1046 3 4 s
280 1029 549 21 od
770 1024 62 37 8]—

102 1063 155 28 Borgarebref:

130 1099 32 20 för
177 1099 128 27 handlande,
322 1099 109 21 fabrikant
448 1099 40 20 och
505 1098 167 21 manufakturist
709 1114 4 4 —.|
744 1099 40 20 100
802 1110 27 3 |—

140 1149 12 11 »
178 1133 119 27 Sjökapten,
317 1149 4 5 .
353 1150 4 4 .
388 1150 4 3 .
709 1149 5 4 |
756 1133 27 21 50
803 1145 26 4 |—|

140 1184 12 11 »
178 1167 105 27 Skeppare
305 1149 160 40 Handtverkare
481 1149 37 40 och
537 1174 70 14 annan
603 1149 4 5 i
625 1149 89 44 Bring

207 1202 74 21 idkare
318 1218 4 5 .
353 1219 4 4 .
389 1218 4 5 .
757 1202 27 21 25
804 1214 26 3 |—

102 1218 327 45 Bouppteckningsinstrument
442 1218 99 39 karteras
561 1218 32 39 för
605 1213 110 55 sterbhus,

129 1271 85 20 hvilkas
236 1271 125 26 behällning
385 1271 54 21 efter
455 1271 261 26 bouppteckningsvärdet

130 1306 82 25 uppgär
235 1305 33 21 till
291 1305 66 21 minst
380 1306 41 20 500
444 1305 69 27 mark,
537 1305 67 26 enligt
623 1305 92 26 följande

130 1340 103 26 grunder:
249 1340 49 21 med
315 1339 36 27 !/,,
361 1339 26 27 %
399 1339 22 22 af
433 1340 50 21 hela
494 1339 151 27 behållningen
661 1339 55 21 ända

129 1374 34 21 till
188 1375 75 27 10,000
277 1375 68 21 mark.
377 1370 30 26 Är
423 1374 153 26 behällningen
591 1376 76 24 större,
683 1380 32 14 er-

128 1409 74 26 lägges
214 1409 124 27 ytterligare
355 1409 6 21 i
373 1408 156 27 stämpelafgift
541 1409 38 26 ?/,,
589 1409 27 27 %
629 1408 32 21 för
676 1408 40 20 den

129 1443 34 21 del
186 1450 45 14 som
253 1443 128 27 öfverstiger
408 1444 75 26 10,000
499 1449 50 15 men
564 1443 48 21 icke
628 1443 38 26 gär
682 1443 34 19 ut-

724 1459 3 9 i
