1023 1673
209 120 15 20 4
385 119 81 23 Ständ.
482 120 37 23 Sv.
535 133 28 3 —
578 121 72 28 Prop.
665 120 41 23 N:o
720 120 37 22 38.

181 181 151 28 expeditioner
353 182 99 22 anskaffa
471 183 76 22 kartor
562 184 71 21 direkt
649 183 48 22 från
713 184 151 26 landtränteri,
878 183 57 28 finge

181 216 8 20 i
211 216 103 21 afseende
336 216 13 21 å
371 218 73 20 dessas
459 217 147 23 kostnadsfria
620 219 141 27 mottagande
776 218 62 28 njuta
853 225 83 15 samma

179 250 94 26 förmon,
289 257 46 15 som
349 251 67 27 enligt
431 253 11 26 $
457 252 27 21 31
498 254 25 20 är
537 252 122 28 medgifven
673 252 197 28 försäljningsman,
882 252 54 22 hvil-

180 284 43 21 ken
236 284 26 28 ju
277 284 56 22 dock
347 286 86 27 uppbär
447 287 110 27 provision
571 287 34 21 för
620 287 22 22 af
652 288 80 21 honom
743 287 116 28 föryttradt
870 288 66 20 stäm-

180 320 128 26 pelpapper,
330 319 40 22 har
391 327 75 15 senare
489 324 118 19 momentet
625 322 8 21 i
649 323 71 21 denna
735 321 105 29 paragraf
851 321 84 28 utbytts

180 355 46 20 mot
241 355 32 20 ett
288 356 48 26 nytt
350 356 120 26 stadgande
484 356 8 21 i
507 357 61 21 detta
582 356 62 28 syfte.

249 389 15 27 $
279 390 34 20 41.
343 390 10 20 I
368 390 49 21 stöd
432 390 24 21 af
469 391 41 21 den
525 391 33 21 uti
572 398 30 14 nu
612 390 101 27 gällande
724 391 77 26 stadga
814 390 121 22 Ständerna

179 421 138 23 förbehållna
331 424 51 25 rätt,
398 425 25 20 är
437 424 171 27 ifrågavarande,
617 425 92 21 sålunda
720 425 66 22 delvis
797 424 137 27 förändrade,

180 457 316 29 stämpelpappersförordning
518 459 25 22 af
562 459 123 22 Ständerna
707 461 95 26 antagen
824 461 33 19 att
876 459 59 27 gälla

180 492 68 20 redan
271 491 48 22 från
342 493 41 21 den
406 493 13 21 1
438 494 87 27 januari
547 495 56 20 1883
620 494 40 21 och
674 494 58 21 intill
747 495 109 26 utgången
872 493 25 22 af
910 494 24 21 år

179 526 68 25 1885;
263 526 41 21 och
326 527 40 22 har
388 529 129 27 stadgandet
536 529 75 22 härom
633 529 105 21 utbrutits
762 529 70 21 såsom
847 535 27 14 en
890 529 43 20 sär-

179 561 58 21 skild
252 563 17 25 $.

248 596 115 21 Dessutom
378 598 37 20 äro
426 598 68 27 några
504 598 146 27 obetydligare
661 598 152 27 förändringar
822 598 110 27 vidtagna,

178 630 75 21 hvilka
267 631 48 21 icke
329 632 62 21 torde
406 631 92 23 behöfva
512 633 101 21 särskildt
628 632 133 28 uppräknas.

247 665 11 21 I
281 665 95 28 enlighet
399 667 50 21 med
468 667 57 22 hvad
540 667 91 22 sålunda
646 667 90 26 anförts,
752 667 22 21 få
790 667 120 22 Ständerna
925 667 7 20 i

179 700 172 27 underdånighet
367 701 92 26 anmäla,

455 750 32 18 att
500 747 131 26 Ständerna,
639 748 48 20 med
696 747 158 28 godkännande
864 747 8 20 i
884 747 47 26 huf-

385 781 83 21 vudsak
482 782 31 26 af
519 782 40 20 den
570 782 83 27 nådiga
661 782 172 27 propositionen,
844 781 87 27 antagit

384 822 25 13 en
430 815 99 29 förnyad
551 815 327 29 stämpelpappersförordning,
906 815 25 21 så

385 850 107 27 lydande:

252 918 137 32 Förordning
408 919 113 32 angående
539 920 292 31 stämpelpappersafgiften
848 921 6 21 i

389 965 225 24 Storfurstendömet
632 966 93 23 Finland.

501 1023 13 16 1
526 1023 79 21 Kap.

399 1061 130 22 Allmänna
543 1061 168 23 föreskrifter.

532 1103 10 26 8
559 1102 18 21 1.

246 1133 49 22 Alla
309 1134 137 28 handlingar,
462 1143 46 14 som
523 1136 24 21 af
559 1136 86 21 landets
660 1135 124 25 domstolar,
795 1134 134 22 embetsverk

175 1167 42 22 och
237 1168 150 28 myndigheter
408 1169 106 26 utfärdas,
536 1169 62 22 skola
619 1177 52 14 vara
687 1170 13 20 &
715 1168 117 28 stämpladt
846 1175 84 21 papper

174 1201 113 27 affattade,
310 1205 56 18 samt
388 1203 43 22 alla
445 1204 84 27 inlagor
544 1204 40 21 och
599 1205 70 20 andra
684 1203 136 28 handlingar,
835 1210 46 14 som
896 1203 33 21 till

174 1235 101 23 bemälde
289 1237 150 27 myndigheter
453 1238 97 27 ingifvas,
566 1245 53 15 vara
632 1238 105 27 antingen
747 1239 29 26 på
786 1237 50 22 slikt
846 1243 84 22 papper

175 1270 84 22 skrifna
275 1271 52 22 eller
341 1272 50 21 med
406 1273 117 27 stämpladt
539 1279 84 21 papper
639 1273 52 21 eller
701 1271 182 28 stämpelmärken
893 1271 36 21 be-

174 1304 76 28 lagda;
274 1305 39 22 allt
335 1305 33 21 till
390 1307 37 20 det
449 1307 85 28 belopp,
549 1308 29 27 på
594 1308 37 21 det
645 1309 51 24 sätt,
711 1307 50 21 med
776 1307 26 20 de
817 1307 112 26 undantag

173 1339 43 22 och
231 1340 37 21 vid
283 1341 36 20 det
335 1339 104 29 äfventyr,
455 1341 39 21 här
509 1341 118 22 nedanföre
643 1342 94 27 stadgas.

529 1394 10 26 s
555 1394 18 20 2.

243 1424 123 28 Stämpladt
387 1432 84 22 papper
493 1427 56 21 skall
570 1427 71 21 finnas
663 1429 33 19 att
717 1426 62 27 tillgä
796 1425 24 22 af
832 1425 96 28 följande

173 1459 90 25 värden,
286 1458 118 28 nämligen:
428 1462 14 20 å
457 1461 104 28 tjugufem
577 1462 40 21 och
631 1461 75 22 femtio
721 1460 67 28 penni
802 1462 56 20 samt
873 1461 14 21 &
902 1467 26 15 en
