1053 1689
395 144 56 22 N:o
467 144 53 23 492.

351 452 68 25 Hans
435 455 154 32 Kejserliga
602 455 136 42 Majestäts
752 461 75 32 nädiga

283 487 128 28 proposition
435 490 31 23 till
490 491 102 26 Finlands
611 494 92 31 Ständer,
719 495 108 30 angäende

283 521 94 28 Uppskof
393 524 45 23 med
465 531 113 22 reservens
601 529 119 26 inkallande
743 532 30 23 till
795 533 32 24 öf-

282 555 139 29 ningsmöten.

148 621 74 28 Enligt
237 623 153 30 förordningen
406 628 40 22 den
462 631 29 20 30
506 631 119 23 November
642 635 60 28 1881,
713 637 110 26 angäende

76 654 70 23 finska
160 657 120 23 militärens
296 666 79 22 reserv,
391 662 84 23 indelas
491 665 80 29 landet,
590 667 33 21 för
638 669 148 29 utbildningen
802 673 23 20 af

77 691 162 28 värnepligtige,
254 693 73 22 hvilka
342 695 115 24 inskrifvas
474 699 35 21 vid
525 707 107 22 reserven,
648 703 7 20 i
670 705 111 22 trettiotvä
789 713 34 14 re-

75 725 246 27 servkompanidistrikt.
347 730 48 21 Alla
411 734 169 27 mötesskyldige
595 741 122 19 reservmän
727 740 58 21 inom
795 741 26 21 de

75 758 131 29 kommuner,
229 761 72 22 hvilka
321 765 31 20 ett
367 765 78 22 sädant
461 767 88 23 distrikt
565 771 106 28 omfattar,
687 773 87 22 tillhöra
790 776 30 21 di-

75 793 97 22 striktets
188 797 181 27 reservkompani.
399 800 42 22 För
456 802 168 25 Ofvervakandet
642 807 23 21 af
678 809 58 21 såväl
751 809 69 22 öfnin-

74 833 67 20 garna
156 835 45 15 som
221 831 113 22 ekonomin
352 834 35 21 vid
402 837 229 27 reservkompanierna
645 841 100 23 hänföras
760 844 59 21 kom-

71 862 168 26 panidistrikten
261 866 34 21 till
318 868 45 21 åtta
380 865 203 40 bataljonsdistrikt,
599 875 73 28 hvarje
688 878 130 22 omfattande

70 895 48 27 fyra
140 897 195 28 kompanidistrikt.
366 903 115 24 Närmaste
500 906 80 23 befälet
595 909 33 21 för
642 917 100 16 reserven
757 916 61 24 utgö-

69 937 43 21 res,
137 932 67 27 enligt
226 935 92 22 nämnda
336 937 131 30 förordning,
485 941 23 21 af
523 942 20 27 1)
559 944 95 27 ständigt
669 945 62 29 befäl,
748 948 70 21 afsedt

69 964 34 22 för
126 966 113 23 oafbruten
263 969 66 27 tjenst
350 972 36 21 vid
405 979 101 18 reserven
523 977 38 21 och
577 978 115 23 bestående
708 981 23 22 af
745 989 25 14 en
786 983 31 21 di-

69 1000 214 25 striktsstabsofficer
298 1005 33 21 för
345 1006 74 28 hvarje
435 1009 198 28 bataljonsdistrikt
648 1018 55 19 samt
718 1023 26 15 en
757 1017 59 22 kom-

69 1035 108 28 panichef,
200 1043 26 15 en
248 1038 108 30 fältväbel,
375 1048 25 14 en
417 1046 142 21 rustmästare
576 1048 39 20 och
630 1049 46 26 fyra
691 1050 125 26 plutonsun-

68 1068 151 24 derofficerare
234 1072 33 21 för
282 1073 73 28 hvarje
370 1076 200 31 kompanidistrikt;
587 1085 55 19 samt
657 1084 21 27 2)
690 1084 23 21 af
721 1085 94 22 instruk-

68 1103 66 27 törer,
156 1104 73 22 hvilka
244 1107 61 22 skola
320 1114 51 16 vara
387 1112 99 22 anstälde
502 1114 35 21 vid
553 1115 26 21 de
595 1117 71 22 aktiva
681 1120 134 28 arméskarp-

69 1136 221 30 skyttebataljonerna
313 1144 38 20 och
374 1145 165 25 kommenderas
561 1150 33 21 till
617 1152 143 29 tjenstgöring
779 1156 36 20 vid

69 1172 226 28 reservkompanierna
315 1177 32 21 för
363 1179 42 21 den
420 1180 38 28 tid,
475 1188 112 18 reservens
603 1186 156 28 öfningsmöten
775 1196 39 21 ega

67 1212 55 15 rum.
151 1208 88 22 Antalet
255 1210 23 21 af
291 1214 91 20 nämnde
400 1214 146 25 instruktörer
561 1221 25 19 är
601 1220 33 21 för
648 1222 72 28 hvarje
731 1230 82 15 reserv-

68 1239 101 28 kompani
192 1243 107 23 bestämdt
313 1246 34 22 till
363 1254 26 15 en
405 1249 192 32 subalternofficer,
612 1254 47 28 fyra
674 1258 139 22 underoffice-

68 1280 56 22 rare,
140 1276 53 27 fyra:
202 1278 114 26 gefreitrar
331 1282 41 20 och
385 1284 36 20 tvä
437 1284 131 28 signalister.

139 1310 37 22 Uti
199 1313 93 22 särskild
313 1315 34 21 till
371 1316 121 25 Ständerna
507 1321 78 23 afläten
601 1324 64 27 nädig
679 1327 133 25 proposition

67 1344 113 26 angäende
194 1347 117 27 utgifterna
326 1350 33 21 för
374 1351 69 23 finska
458 1354 109 23 militären
579 1358 40 20 har
629 1360 183 23 underhällskost-

65 1377 71 22 naden
151 1379 33 21 för
199 1387 99 17 reserven
314 1383 69 23 blifvit
398 1386 127 28 kalkylerad
543 1392 32 20 att
590 1392 33 20 för
638 1394 24 20 år
679 1395 59 27 1882,
749 1396 62 21 hvar-

65 1412 68 21 under
155 1420 107 24 reserven,
287 1418 66 27 enligt
371 1421 100 25 gällande
487 1425 173 29 värnepligtslag,
676 1428 68 22 första
759 1432 52 25 gän-

65 1451 43 21 gen
133 1447 65 23 borde
229 1453 174 27 sammandragas
433 1456 34 21 till
493 1458 163 30 Ofningsmöten,
681 1465 70 25 uppgå
776 1465 34 22 till
