1017 1670
303 109 22 23 U.
342 109 23 23 B.
381 120 30 6 —
426 109 61 28 Prop.
504 109 37 22 N:o
557 109 37 22 34.
784 110 12 21 9

66 165 128 23 förändrade
218 166 161 22 bestämmelser
393 166 131 22 beträffande
539 166 124 27 taxeringen
679 166 38 22 och
733 165 92 28 pröfnin-

66 207 40 20 gen
134 200 23 22 af
170 201 129 21 densamma.
330 201 33 21 Då
379 201 124 26 emellertid,
519 203 58 19 utom
592 201 33 21 för
640 201 25 21 de
684 201 3 20 i
702 200 92 22 nämnde
809 199 13 30 &

67 235 141 21 omförmälda
223 235 33 21 val
272 235 38 22 och
326 235 99 27 ärenden,
435 235 78 22 allmän
529 235 170 22 rådhusstämma
713 234 67 23 hålles
796 233 28 23 äf-

67 275 39 15 ven
122 269 33 22 för
169 269 132 22 anställande
316 269 23 22 af
351 269 34 21 val
400 269 47 22 utaf
460 269 153 27 borgmästare,
629 269 87 22 rådmän
733 269 38 21 och
782 275 43 15 ma-

66 303 227 27 gistratssekreterare,
309 303 108 22 äfvensom
435 303 132 22 stadsläkare
583 305 56 20 samt
653 303 66 22 sådan
734 305 91 20 stämma

64 337 78 27 jemväl
157 337 40 22 bör
212 338 67 21 hållas
294 337 32 22 för
341 337 101 22 utseende
464 337 23 22 af
500 338 118 21 ledamöter
633 337 39 22 och
687 337 139 28 suppleanter

66 371 32 22 till
124 372 40 21 den
190 372 6 21 i
222 373 12 26 &
254 373 27 20 42
297 372 24 21 V.
338 372 23 21 L.
378 372 127 21 omnämnda
520 372 115 21 förstärkta
650 372 175 27 uppbådsnämnd

66 405 108 22 äfvensom
196 406 33 22 för
251 406 156 27 handläggning
422 406 23 21 af
459 406 36 22 det
510 407 7 20 i
532 409 11 23 &
559 407 27 21 59
601 406 23 22 af
637 413 80 15 samma
731 406 36 27 lag
782 412 44 15 om-

66 440 92 22 nämnda
181 440 84 27 ärende,
289 440 38 21 har
341 440 112 26 utskottet,
470 446 45 16 som
531 440 56 28 förty
602 442 69 20 ansett
686 440 140 22 redaktionen

66 474 23 22 af
112 475 12 26 $
150 474 58 22 såväl
223 474 7 22 i
245 481 28 14 nu
288 474 98 27 gällande
401 474 132 28 författning,
559 481 45 15 som
620 474 31 22 uti
666 474 160 28 propositionen

66 515 51 15 vara
132 508 143 28 ofullständig,
291 510 54 20 trott
360 508 36 22 det
411 515 51 15 vara
477 508 97 28 lämpligt
590 511 31 19 att
636 508 56 28 gifva
703 509 122 21 densamma

67 549 26 15 en
109 542 130 22 allmännare
254 543 85 27 lydelse,
363 543 65 21 sådan
445 543 39 21 den
499 542 68 22 finnes
583 543 30 21 uti
628 543 101 27 närlagda
744 542 82 22 författ-

66 576 146 28 ningsförslag.

135 611 11 21 I
161 611 51 27 följd
228 611 61 22 häraf
302 611 39 22 har
356 612 105 21 utskottet
477 611 60 22 äfven
553 611 54 22 varit
622 612 119 21 nödsakadt
755 611 45 22 låta
815 610 11 29 $

68 646 25 21 16
109 646 95 26 undergå
220 646 153 21 omredaktion.

136 680 11 28 8
172 680 28 21 24
215 680 7 21 i
238 680 39 22 den
293 680 76 26 nådiga
384 680 157 27 propositionen
557 680 39 21 har
611 679 122 23 tillkommit
747 679 33 22 för
795 681 32 20 att

66 714 93 31 afhjelpa
184 720 25 15 en
235 714 6 21 i
266 714 83 22 landets
364 714 81 22 mindre
467 714 72 22 städer
562 714 135 28 öfverklagad
713 714 113 27 olägenhet

66 748 131 22 härrörande
213 748 21 22 af
248 748 109 22 bristande
372 748 88 28 tillgång
476 750 27 26 på
519 755 107 21 personer,
635 748 102 28 lämpliga
752 750 32 20 att
796 748 30 22 in-

66 782 66 28 väljas
157 783 32 21 till
214 782 189 27 stadsfullmäktige
427 783 7 21 i
454 783 72 21 stället
541 783 32 21 för
589 784 54 25 dem,
659 790 44 14 som
719 782 6 22 i
741 782 49 22 stöd
804 782 24 22 af

66 817 35 26 lag
116 817 80 21 lemnat
211 817 46 21 sina
272 816 142 27 befattningar
429 818 70 20 såsom
515 818 84 21 sådane.
629 818 74 21 Denna
719 817 107 27 svårighet

66 851 40 21 har
121 851 40 21 den
177 851 75 26 nådiga
267 851 158 27 propositionen
442 851 66 27 enligt
523 852 116 21 utskottets
655 851 83 27 mening
753 851 73 28 lyckli-

67 891 40 20 gen
130 885 41 21 löst
186 891 75 20 genom
278 887 31 19 att
324 885 123 27 möjliggöra
463 885 131 27 inväljandet
609 885 22 22 af
645 887 31 20 ett
692 885 82 22 mindre
790 892 36 15 an-

66 919 31 21 tal
119 919 196 27 stadsfullmäktige.
347 919 32 22 Då
404 919 118 22 emellertid
538 920 165 21 maximiantalet
719 919 107 22 stadsfull-

67 953 92 27 mäktige
176 953 65 27 enligt
256 953 157 28 propositionen
429 956 59 25 synts
503 954 106 21 utskottet
624 955 65 26 något
704 954 51 27 högt
771 955 55 20 samt

68 988 25 21 de
118 987 76 26 siffror,
220 994 44 15 som
289 988 98 21 utmärka
403 988 80 21 antalet
499 988 191 27 stadsfullmäktige
705 988 54 21 böra
774 994 50 15 vara

68 1022 22 21 så
115 1021 122 22 beskaffade
263 1024 31 19 att
320 1022 25 21 de
360 1022 72 21 kunna
444 1022 69 27 jemnt
530 1023 58 20 delas
603 1022 54 22 både
673 1023 48 21 med
737 1024 33 19 tre
786 1022 39 21 och

67 1057 41 25 två,
136 1059 50 18 enär
212 1062 26 15 en
254 1056 102 27 tredjedel
372 1056 22 21 af
407 1056 191 27 stadsfullmäktige
614 1057 80 26 årligen
709 1056 54 22 skall
778 1056 48 27 afgå

68 1090 48 26 och,
139 1091 88 20 emedan
250 1091 33 20 för
305 1090 117 29 afgörande
438 1090 22 22 af
475 1091 54 21 vissa
545 1091 78 26 vigtiga
637 1091 77 27 frågor,
730 1097 46 15 som
791 1091 6 20 i
814 1090 12 29 $&

69 1125 26 20 25
121 1124 143 27 omförmälas,
290 1125 191 26 stadsfullmäktige
497 1125 60 21 skola
573 1125 51 21 ökas
640 1125 47 21 med
702 1124 81 22 hälften
799 1137 27 3 —

68 1158 39 21 har
122 1158 106 22 utskottet
243 1159 89 27 vidtagit
347 1165 26 15 en
389 1159 61 21 häraf
464 1159 100 26 betingad
580 1159 121 27 förändring
717 1159 30 21 uti
763 1159 13 28 &
793 1160 33 21 24.

67 1193 50 21 Med
132 1192 99 22 afseende
246 1194 13 20 å
277 1193 170 27 slutstadgandet
463 1193 30 22 uti
510 1193 13 28 &
539 1194 34 25 25,
590 1193 38 22 har
643 1193 71 22 siffran
730 1194 19 26 9,
766 1195 60 25 utgö-

67 1227 66 21 rande
158 1227 171 22 minimi-antalet
353 1227 33 21 för
401 1227 194 27 stadsfullmäktige
611 1227 58 22 äfven
685 1228 6 21 i
708 1228 25 21 de
748 1227 79 22 minsta

68 1261 78 27 städer,
163 1260 67 22 ehuru
249 1261 47 21 icke
311 1261 148 22 motsvarande
476 1262 141 27 nyssnämnda
632 1262 74 26 vilkor,
722 1262 54 21 dock
792 1268 36 14 an-

66 1296 53 20 setts
134 1295 72 21 kunna
221 1296 91 26 qvarstå.

136 1329 10 21 I
162 1329 216 22 öfverensstämmelse
397 1330 48 21 med
459 1330 57 21 hvad
532 1330 61 22 ofvan
609 1330 66 21 blifvit
691 1330 85 22 anfördt
792 1335 35 15 an-

66 1364 82 26 gående
173 1363 143 22 förhållandet
340 1364 76 21 mellan
433 1364 58 21 olika
506 1364 125 22 bemedlade
645 1364 182 22 kommunalmed-

66 1397 100 22 lemmars
189 1397 178 28 skattskyldighet
389 1398 39 21 och
445 1398 148 27 rösträttighet
608 1398 61 22 hafva
691 1400 4 20 1
713 1404 62 16 mom.
792 1398 7 21 i
815 1397 12 29 &

66 1432 28 20 53
110 1434 54 19 samt
180 1432 10 27 $
208 1432 25 21 12
249 1432 68 21 blifvit
333 1431 22 23 af
368 1432 107 22 utskottet
490 1432 163 28 omredigerade.

137 1471 142 18 Sammansatta
291 1472 52 22 Lag-
355 1472 32 17 och
400 1472 193 17 Ekonomiutskottets
606 1472 115 17 betänkande
735 1477 31 12 n:o
780 1472 16 16 6.
