1031 1673
397 123 35 20 N:o
448 123 36 20 38.

143 237 60 21 makt
226 237 12 20 å
253 238 139 25 prostenamn
408 237 40 21 och
462 237 120 26 värdighet,
598 237 33 20 till
646 237 52 20 kon-

142 271 138 27 traktsprost,
299 277 51 21 eger
365 271 223 26 kartasigillataafgift
598 271 33 21 för
639 271 60 21 detta

142 305 144 22 förordnande
302 305 47 21 icke
365 312 53 14 rum.

114 341 34 20 5:0
164 341 12 20 &
191 339 269 28 kyrkoherdebeställning
475 340 99 21 karteras
590 339 55 22 efter
658 340 42 21 den

143 374 8 21 i
173 374 69 22 första
263 375 97 26 punkten
382 374 112 21 bestämda
513 374 69 27 grund
597 374 33 21 för
644 374 56 21 hvad

144 409 24 21 af
181 409 83 21 kronan
279 409 73 21 bestäs
370 409 39 20 och
425 409 85 26 sysslän
526 409 86 26 ätföljer
627 409 7 20 i
650 415 50 20 pen-

144 443 108 27 ningelön,
268 443 52 21 eller
336 443 39 21 ock
391 443 7 20 i
414 443 104 27 spanmäl,
534 443 98 21 hemman
648 443 53 21 eller

144 477 181 28 räntepersedlar,
348 477 113 21 hvarutom
484 477 33 22 för
539 477 161 27 hyrkoherdens

144 512 119 21 inkomster
274 512 22 21 af
305 511 153 27 församlingen
467 511 107 22 beräknas
582 512 40 21 och
630 512 71 26 tilläg-

146 553 37 20 ges
199 547 110 27 särskildt,
328 547 68 20 ehvad
411 548 122 25 pastoratet
548 548 24 19 är
588 546 112 27 imperielt,

146 581 156 27 konsisterielt,
328 581 109 26 patronelt
464 581 53 21 eller
540 582 71 20 såsom
634 587 68 15 annex

146 616 137 26 disponeras:

146 650 34 21 för
202 650 166 27 landtpastorat,
383 649 33 21 för
431 649 74 27 hvarje
521 649 24 21 af
558 649 26 21 de
600 649 80 21 mantal
695 649 7 21 i

175 686 127 25 pastoratet,
323 690 45 15 som
385 683 36 21 vid
437 684 119 26 utgörande
573 683 23 21 af
608 685 94 25 pastors-

176 719 93 27 aflöning
284 719 60 27 tjena
358 718 35 22 till
408 719 80 26 grund.

148 754 39 21 och
210 754 33 20 för
264 754 166 26 stadspastorat,
450 753 34 21 för
499 753 73 27 hvarje
587 735 49 39 fullt
651 734 52 40 hun

177 788 67 21 drade
265 788 23 21 af
301 787 166 27 församlingens
483 787 169 27 invänareantal,
668 787 36 21 be-

176 823 94 21 räknadt
285 822 54 22 efter
354 824 87 19 senaste
456 822 203 27 folkmängdstabell

177 857 42 21 För
234 857 100 21 förenadt
353 857 70 20 landt-
438 857 40 20 och
495 857 159 26 stadspastorat
668 856 36 21 be-

149 891 79 22 räknas
244 892 76 21 kartan
336 891 34 21 till
390 891 161 27 sammanlagda
569 891 100 26 beloppet
684 891 22 21 af

148 926 58 21 hvad
227 926 33 21 för
282 926 106 21 hvardera
410 927 122 25 pastoratet
556 925 55 22 efter
633 925 71 22 ofvan-

149 960 93 21 nämnde:
264 960 94 27 grunder
380 960 94 27 utfaller,
494 960 40 21 och
548 960 39 21 bör
602 960 104 21 särskildt

151 995 23 20 af
187 995 207 21 Häradsskrifvaren
414 995 127 26 upprättadt
556 995 150 26 sammandrag

151 1029 59 21 öfver
226 1029 36 21 det
276 1029 60 21 antal
351 1029 115 21 betalande
481 1029 88 27 mantal,
584 1029 77 21 hvaraf
670 1035 35 20 pa-

151 1065 92 20 storatet
258 1063 53 22 eller
326 1063 136 27 kyrkogället
478 1063 80 28 består,
574 1063 75 28 åtfölja
662 1063 44 22 val-

151 1098 93 27 längden
259 1098 34 21 till
308 1097 148 28 domkapitlet,
473 1097 33 22 för
521 1100 39 25 att,
571 1104 33 15 om
613 1098 93 27 tjensten

152 1133 113 20 derstädes
279 1133 103 27 besättes,
398 1133 36 20 vid
446 1133 260 26 kartasigillataafgiftens

151 1167 139 21 beräknande
305 1167 59 27 tjena
383 1167 33 21 till
432 1167 156 26 efterrättelse;
604 1167 103 21 skolande

152 1201 148 27 Domkapitlet
318 1202 94 21 nämnda
428 1202 151 26 sammandrag
593 1201 34 22 till
643 1201 64 22 Sena-

152 1237 37 20 ten
211 1236 97 27 insända,
332 1236 28 21 då
375 1236 100 21 fullmakt
490 1237 38 20 der
543 1236 97 21 utfärdas
656 1235 52 22 eller

153 1270 89 22 utlöses:

125 1306 33 20 6:0
182 1306 12 20 å
217 1305 251 28 kapellansbeställning,
492 1305 28 21 då
541 1305 64 22 lönen
629 1307 25 19 är
675 1305 33 21 till

153 1340 54 21 visst
222 1340 77 27 belopp
315 1340 7 21 i
337 1341 121 27 penningar
472 1340 106 28 bestämd,
594 1341 13 20 4
621 1341 89 26 procent

155 1374 23 22 af
191 1375 70 21 lönen.

154 1409 43 21 För
211 1409 140 27 Käpellänens
367 1409 126 21 obestämda
508 1409 118 21 inkomster
637 1408 23 22 af
668 1408 41 21 för-

184 1443 118 27 samiingen
320 1443 118 21 beräknas:

763 123 25 20 13
