1014 1673
231 135 13 20 8
537 134 38 22 N:o
591 132 35 24 36.

203 199 52 23 eller
277 198 133 23 förrättande
433 199 22 22 af
472 200 97 22 arbeten.
598 195 31 26 Är
644 199 123 22 strafftiden
781 200 75 27 längre
872 202 27 19 än
914 199 46 28 fyra

202 234 63 28 dygn,
281 234 55 21 skall
351 234 41 22 den
408 235 135 21 arresterade
558 234 75 28 hvarje
647 234 67 22 femte
730 234 55 28 dygn
802 234 68 22 hållas
886 235 7 21 i
908 234 53 28 ljust

202 274 75 16 enrum
292 268 40 22 och
348 268 95 28 åtnjuter
457 269 28 21 då
500 270 51 21 kost
566 269 73 22 såsom
654 270 7 20 i
671 268 133 28 föregående
814 275 62 16 mom.
888 271 71 25 säges.

201 302 33 22 De
250 302 57 28 dygn
322 305 135 21 arrestanten
472 304 69 22 hålles
555 304 8 21 i
577 304 55 27 ljust
646 310 48 15 rum
710 303 21 22 få
746 303 48 22 icke
810 304 12 21 å
838 303 121 22 strafftiden

202 336 108 23 afräknas.

272 372 47 22 Kan
335 372 41 22 den
387 372 97 28 skyldige
495 373 18 27 ej
526 374 52 20 utan
588 372 47 22 fara
646 372 33 22 för
689 372 77 22 helsan
776 372 98 28 undergå
884 372 76 28 skärpt

202 408 76 25 arrest,
295 407 55 21 skall
366 408 63 20 enkel
445 409 69 20 arrest
529 408 7 20 i
552 408 75 21 stället
642 407 79 21 honom
736 407 89 27 åläggas
841 407 40 22 och
893 407 67 21 varde

202 441 75 22 dervid
292 441 46 28 fyra
353 441 66 28 dygns
435 442 62 21 enkel
513 445 70 19 arrest
597 442 113 21 beräknad
719 441 33 22 för
763 443 32 20 ett
806 442 67 27 dygns
884 441 77 28 skärpt

202 477 79 24 arrest;
298 476 55 21 dock
368 475 33 22 får
417 477 40 21 den
468 477 6 21 i
485 477 13 26 8
511 478 26 20 18
548 476 33 23 för
591 476 64 22 enkel
666 478 71 20 arrest
747 470 116 28 faststälda
872 476 88 27 längsta

200 509 32 22 tid
248 510 18 27 ej
284 509 149 24 öfverskridas.

270 545 10 21 I
294 544 40 22 fält
350 545 52 22 eller
417 545 13 22 å
443 545 69 27 ställe,
529 546 38 21 der
579 545 149 22 militärhäkte
739 545 19 28 ej
768 545 68 22 finnes
848 547 33 20 att
890 545 68 27 tillgå,

201 579 55 22 skall
273 579 41 22 den
329 580 96 27 skyldige
441 581 88 27 åläggas
544 581 7 20 i
567 581 74 22 stället
656 580 34 23 för
706 580 63 22 enkel
784 581 76 25 arrest,
872 585 34 16 om
916 579 42 22 han

202 615 23 20 är
247 613 149 28 underofficer,
420 615 142 27 tjenstgöring
581 617 60 20 utom
660 617 43 24 tur,
724 615 40 21 och
780 620 34 16 om
829 614 43 21 han
887 613 74 22 tillhör

200 648 134 27 manskapet,
349 649 134 22 förrättande
499 651 60 20 utom
576 651 35 20 tur
622 649 23 22 af
654 649 90 22 arbeten
755 649 35 22 vid
802 651 92 25 truppen
906 649 53 21 eller

201 683 13 21 å
229 682 101 28 fartyget,
346 683 40 22 och
401 684 8 21 i
424 684 71 22 stället
513 683 34 23 för
562 684 77 27 skärpt
655 686 71 19 arrest
741 686 33 19 att
789 683 35 22 stå
838 683 70 22 under
922 689 37 21 ge-

200 719 39 19 vär
253 717 8 21 i
276 717 38 22 full
329 717 168 28 fältutrustning,
513 718 33 22 för
561 719 74 27 hvarje
647 719 128 27 arrestdygn
786 718 37 22 två
833 718 81 27 gånger
924 724 35 15 om

201 752 70 27 dagen
289 752 37 21 två
343 753 85 21 timmar
443 753 13 21 å
470 753 39 22 rad
525 753 54 22 efter
594 753 67 22 minst
675 753 38 21 två
728 753 97 21 timmars
841 752 118 22 mellantid.

530 864 15 20 3
561 864 62 24 Kap.

220 913 38 22 Om
274 912 206 23 sammanträffande
495 913 26 23 af
534 914 60 21 brott
610 913 114 22 äfvensom
739 913 205 28 sammanläggning

424 948 40 22 och
478 947 133 30 förändring
625 947 27 24 af
665 947 71 23 straff.

549 1007 13 26 8
578 1008 34 19 21.

269 1051 120 22 Innefattar
412 1058 26 15 en
461 1052 101 27 handling
584 1051 53 23 flera
659 1052 67 26 brott,
750 1057 46 16 som
812 1051 54 22 efter
882 1051 76 26 denna,

200 1085 52 22 eller
272 1085 46 22 dels
339 1085 55 22 efter
413 1087 70 21 denna
501 1087 46 21 dels
564 1087 55 22 efter
635 1087 80 21 allmän
730 1086 36 27 lag
782 1085 116 22 straffbara
913 1087 45 25 äro,

200 1119 56 22 skall
272 1120 37 21 det
324 1120 97 22 svåraste
437 1121 23 21 af
473 1121 87 22 straffen
577 1121 58 26 eller,
653 1127 36 16 om
704 1121 26 21 de
746 1123 37 19 äro
798 1120 50 26 lika,
860 1120 57 21 blott
927 1122 33 19 ett

200 1153 22 22 af
236 1154 50 21 dem
302 1155 95 26 ådömas,
414 1157 56 20 samt
486 1155 27 22 de
528 1156 65 26 brott,
609 1155 34 22 för
657 1155 74 22 hvilka
747 1154 104 22 särskildt
866 1154 62 22 straff
938 1155 19 27 ej

200 1188 95 27 ålägges,
319 1189 72 22 såsom
414 1189 212 29 straffhöjningsskäl
650 1189 65 28 gälla.
746 1184 29 27 Är
794 1189 70 27 någon
880 1189 22 22 af
916 1189 42 22 för-

199 1223 137 26 brytelserna
353 1224 79 27 belagd
450 1225 49 21 med
515 1224 67 22 sådan
597 1224 89 27 påföljd,
703 1230 47 15 som
766 1223 8 22 i
789 1223 27 27 $$
834 1224 25 20 12
876 1223 40 22 och
933 1225 26 20 14

199 1256 143 28 omförmäles,
359 1264 50 15 vare
425 1258 62 23 äfven
503 1259 70 21 denna
587 1258 83 28 påföljd
686 1258 85 22 ådömd.

268 1288 31 26 Är
317 1299 27 16 en
362 1293 103 28 handling
482 1294 7 21 i
505 1293 106 22 särskilda
627 1293 119 22 afseenden
761 1293 49 21 med
826 1292 57 22 olika
898 1291 61 23 straff

197 1326 87 27 belagd,
300 1333 50 16 vare
366 1327 40 22 ock
421 1327 36 28 lag
472 1334 45 15 som
534 1327 65 22 ofvan
615 1330 72 25 säges.

549 1397 13 26 8
577 1398 34 20 22.

268 1440 83 28 Utgöra
366 1442 53 22 flera
433 1442 116 28 brottsliga
561 1442 137 27 handlingar,
714 1441 54 22 hvar
782 1440 34 23 för
830 1440 40 28 sig,
890 1441 70 22 skilda

196 1474 145 28 förbrytelser,
365 1476 56 22 skall
444 1476 103 22 särskildt
569 1483 80 15 ansvar
668 1475 34 23 för
721 1476 75 27 hvarje
814 1475 66 27 brott,
897 1475 62 23 äfven
