1025 1673
244 109 14 20 4
548 110 35 21 N:o
600 110 35 21 33.

216 178 109 26 utgången
349 178 23 21 af
393 179 24 20 år
442 180 61 26 1882,
522 179 58 21 velat
600 179 33 20 till
654 178 121 22 Ständerna
794 178 131 22 öfverlemna
940 181 33 19 att

216 212 76 21 anvisa
307 219 71 15 annan
394 213 33 21 för
443 213 123 22 ändamålet
578 213 129 27 erforderlig
718 214 65 27 skatt,
795 213 23 21 af
824 213 149 22 beskaffenhet

216 248 33 19 att
264 247 63 20 äfven
343 247 33 21 till
393 248 32 21 sin
442 249 109 26 egenskap
562 250 109 19 motsvara
682 248 166 27 ifrågavarande
857 248 48 21 från
913 248 59 27 jord-

216 281 127 26 lägenheter
358 283 108 26 utgående
482 283 94 26 afgifter.
607 283 50 21 Med
672 283 103 20 afseende
790 282 60 28 härå,
866 283 39 20 och
921 285 52 18 enär

216 316 163 26 uppställandet
394 317 23 21 af
431 318 78 26 rytteri
527 319 28 25 på
575 317 75 27 indelt,
670 323 90 15 numera
775 317 139 21 tvifvelsutan
930 317 43 21 för-

216 350 77 21 åldrad
316 351 70 26 grund
409 351 47 22 icke
480 352 61 21 torde
564 352 164 27 ifrågakomma,
745 358 63 20 synes
824 351 149 26 rustningsbe-

216 387 72 19 sväret
304 386 73 21 kunna
392 386 45 21 helt
452 387 40 20 och
507 387 68 21 hållet
590 387 93 26 afiyftas.
714 387 10 20 I
739 386 53 27 följd
802 386 64 21 häraf
875 386 38 21 och
924 386 48 21 med

216 419 84 28 hänsyn
317 421 73 20 dertill
413 423 38 25 att,
475 423 28 25 på
526 423 44 19 sätt
586 421 63 22 ofvan
669 421 90 27 anförts,
776 421 58 21 såväl
851 423 122 24 augments-

217 460 45 15 som
279 455 131 22 rusthållens
427 462 55 21 egna
497 458 75 19 räntor
584 457 23 20 åt
617 456 48 21 dem
676 456 106 27 anslagits
793 457 71 20 såsom
872 455 102 26 vederlag

216 488 34 21 för
266 489 207 28 rustningstungans
489 491 127 26 utgörande,
632 491 85 20 komme
733 491 68 26 sagda
811 492 74 19 räntor
896 491 33 20 att
939 489 33 21 till

216 523 83 21 kronan
316 524 106 27 återfalla,
438 525 90 21 hvarvid
537 525 111 21 desamma
658 525 70 20 skulle
740 525 65 26 ingå
797 519 12 37 i
817 524 155 21 militiefonden

216 558 41 21 och
273 559 92 21 sålunda
380 561 83 20 ersätta
478 560 90 21 vakans-
586 559 39 22 och
639 559 264 27 passevolansafgifterna.
932 559 41 20 Be-

216 592 106 22 träffande
339 594 41 20 den
396 594 116 27 tidslängd,
528 594 124 21 hvarunder
668 594 157 26 indragningen
845 593 23 21 af
882 593 91 22 berörda

216 629 75 19 räntor
312 628 69 21 skulle
397 635 40 20 ega
452 635 55 21 rum,
523 635 63 21 synes
602 629 77 21 härvid
695 629 53 20 böra
764 629 85 20 komma
864 628 7 21 i
887 628 86 21 betrak-

216 662 72 27 tande,
312 663 19 27 ej
355 663 84 22 mindre
461 666 33 19 att
518 664 83 21 kronan
617 664 135 21 omedelbart
767 663 77 21 blifver
859 663 113 27 godtgjord

215 696 34 22 för
272 697 26 21 de
321 697 49 21 från
393 698 120 22 rusthållen
529 705 29 14 nu
578 698 107 27 utgående
705 698 176 26 vakansafgifter,
898 700 26 18 än
941 698 32 20 att

216 731 108 27 rubbning
340 732 23 21 af
376 732 118 22 bestående
510 732 313 28 förmögenhetsförhållanden
835 732 6 21 i
852 732 121 26 möjligaste

215 767 69 20 måtto
306 767 113 21 undvikes.
449 768 10 20 I
479 768 107 20 anseende
605 768 74 20 härtill
696 768 39 20 och
755 767 89 21 emedan
860 766 113 21 vakansaf-

215 800 69 27 giften
307 801 33 21 för
356 802 45 20 helt
421 802 99 27 rusthåll,
542 802 68 26 enligt
625 802 23 20 af
662 801 97 21 komitén
774 801 110 21 verkstäld
899 800 74 21 uträk-

217 835 59 28 ning,
300 838 121 19 motsvarar
444 837 98 26 omkring
562 837 116 27 fyratiotvå
695 836 153 27 rubelskatter,
864 836 71 20 kunde
951 835 23 21 af

215 870 143 21 förenämnda
374 873 74 19 räntor
471 873 27 25 på
514 878 26 14 en
564 873 57 25 gång
640 872 116 20 reduceras
773 873 31 19 ett
819 871 83 26 belopp,
919 872 53 19 mot-

216 905 106 21 svarande
345 905 118 27 fyratiotvå
486 906 146 21 rubelskatter
654 905 34 22 för
708 905 45 21 helt
769 905 98 27 rusthåll,
884 905 88 20 hvarvid

216 939 144 22 reduktionen
376 940 77 21 främst
469 940 66 21 borde
550 940 64 21 träffa
630 942 225 25 augmentsräntorna,
872 939 39 21 och
926 939 49 20 utaf

217 974 126 21 återstoden
360 974 23 21 af
396 977 103 19 räntorna
515 975 101 26 indragas
634 981 25 14 en
676 974 153 21 femtiondedel
841 973 81 27 årligen
935 980 38 13 un-

216 1008 38 21 der
278 1008 73 21 femtio
375 1010 35 19 års
434 1009 38 21 tid.
503 1009 61 21 Efter
582 1009 108 26 förloppet
713 1009 24 20 af
755 1008 106 21 femtioett
880 1009 23 20 år
923 1014 50 14 vore

216 1043 102 26 samtliga
333 1043 166 27 ifrågavarande
514 1045 75 19 räntor
604 1043 34 21 till
649 1043 83 21 kronan
743 1043 111 26 indragne,
866 1043 39 20 och
917 1044 56 19 rust-

215 1077 73 21 hållen
304 1077 103 22 likstälde
423 1079 49 20 med
487 1078 85 27 vanliga
588 1078 77 21 krono-
682 1077 39 22 och
738 1077 171 21 skattehemman
925 1077 6 20 i
943 1076 31 21 af-

216 1112 81 21 seende
320 1113 13 20 å
357 1112 184 27 skattskyldighet
564 1113 40 21 och
627 1112 131 27 deltagande
777 1112 31 21 uti
828 1111 145 27 roteringsbe-

218 1148 79 19 sväret.

287 1181 60 21 Hans
371 1181 122 27 Kejserliga
511 1181 103 27 Majestät
630 1181 37 21 vill
685 1181 91 20 härmed
792 1180 33 21 till
842 1179 132 22 Ständernas

216 1215 193 27 grundlagsenliga
424 1216 132 27 behandling
572 1216 6 20 i
594 1216 68 21 nåder
678 1215 133 21 öfverlemna
827 1214 103 27 följande:
