1017 1673
224 121 14 21 8
419 122 65 25 Ständ.
499 122 30 26 Sv.
547 136 23 3 —
587 124 54 31 Prop.
657 124 30 26 N:o
703 125 31 24 86.

194 188 36 22 lad
245 190 254 29 undantagsbestämning
520 192 111 27 angående
645 193 125 23 underbefäl
788 194 40 22 och
843 195 111 27 manskap,

194 229 46 15 som
255 224 68 27 tjenat
337 224 88 23 kortare
439 226 32 21 tid
486 228 27 20 än
529 233 36 15 sex
581 227 109 22 månader.

263 357 101 27 Kapitlen
381 359 81 21 16—24
477 358 107 22 innehålla
607 360 133 27 stadganden
761 366 33 16 om
810 361 36 21 det
861 362 94 27 militära

193 392 232 27 rättegångsväsendet.
449 393 43 21 Det
501 393 69 21 skulle
586 394 66 27 enligt
663 394 131 22 Ständernas
804 396 71 26 tanke,
891 396 64 27 hafva

193 426 94 27 bidragit
301 426 33 21 till
350 427 105 22 vinnande
470 427 23 22 af
505 428 52 21 reda
572 428 40 21 och
627 428 181 28 öfverskådlighet
822 430 7 21 i
845 430 40 21 den
900 431 54 21 mili-

192 463 49 19 tära
263 461 166 27 lagstiftningen,
451 468 35 15 om
509 462 62 21 dessa
590 463 134 27 stadganden
739 463 55 22 hade
809 464 82 22 afskilts
906 464 48 28 från

194 495 40 22 den
250 495 106 28 egentliga
371 495 123 28 strafflagen
509 497 32 20 till
557 503 26 15 en
599 503 52 21 egen
661 497 137 28 författning;
822 505 48 14 men
886 499 68 23 under

192 530 159 27 förutsättning,
367 532 33 19 att
412 530 161 27 ifrågavarande
587 531 136 28 lagstiftning
739 532 23 21 af
770 532 52 27 skäl,
838 539 46 16 som
898 534 8 21 i
916 533 38 28 det

192 565 128 27 föregående
336 565 87 26 anförts,
446 565 57 22 inom
518 565 49 22 kort
581 565 98 22 kommer
695 568 32 19 att
742 567 141 22 underkastas
898 569 54 20 revi-

192 599 53 27 sion,
261 599 64 22 hafva
335 599 119 22 Ständerna
468 599 46 22 icke
529 600 57 21 velat
601 607 30 14 nu
640 600 98 27 företaga
754 601 40 21 den
805 602 148 28 omarbetning

192 634 24 21 af
228 634 143 27 lagförslaget,
387 640 45 15 som
449 634 23 21 af
485 636 31 20 ett
531 635 76 21 sådant
623 635 128 27 afskiljande
766 635 68 22 skulle
848 636 102 27 påkallas.

260 675 69 21 Bland
353 675 25 21 de
393 674 22 21 få
429 675 120 27 ändringar,
573 675 121 22 Ständerna
716 675 7 21 i
739 675 69 22 denna
824 676 33 21 del
873 676 23 22 af
908 677 44 27 lag-

191 709 102 27 förslaget
314 709 97 27 vidtagit,
438 709 61 22 torde
515 709 52 22 böra
587 710 103 21 särskildt
709 709 123 22 framhållas
848 710 32 26 de,
905 717 45 16 som

196 746 50 19 röra
271 739 253 32 Öfverkrigsdomstolens
551 744 151 27 organisation.
745 744 119 22 Ständerna
888 745 64 22 hafva
977 763 3 4 .

191 779 105 26 nemligen
312 780 71 19 ansett
399 779 35 20 det
449 778 148 27 tvifvelaktigt,
621 779 107 20 huruvida
745 778 158 23 befälhafvaren
917 779 35 23 för

190 813 69 22 finska
274 813 113 26 militären,
403 812 85 22 hvilken
503 819 56 21 eger,
582 813 70 21 såsom
668 813 77 27 högste
761 813 51 27 chef,
837 813 115 24 öfvervaka

191 848 116 26 ordningen
323 848 57 20 inom
395 847 146 27 krigsstyrkan
557 850 54 18 samt
627 847 69 22 beifra
705 848 108 21 missbruk
828 848 40 21 och
883 848 68 22 öfver-

190 882 111 26 trädelser,
326 882 114 26 lämpligen
459 882 40 21 bör
513 882 28 26 på
556 888 81 15 samma
652 882 57 27 gång
724 882 89 27 fungera
828 882 68 22 såsom
913 883 35 21 do-

189 923 70 19 mare;
276 916 39 22 och
331 916 62 21 hafva
409 916 119 21 Ständerna
543 916 84 21 derföre
642 916 33 21 för
693 916 12 28 &
718 917 41 21 148
774 916 88 21 beslutit
877 923 25 15 en
917 917 33 21 sä-

190 951 42 21 dan
247 950 86 27 lydelse,
349 952 32 20 att
394 950 78 27 jemväl
487 957 69 14 annan
572 950 66 27 högre
653 950 159 27 militärperson
828 951 35 21 må
877 951 73 22 kunna

189 985 111 22 förordnas
329 985 34 21 till
392 985 127 21 ordförande
548 985 7 20 i
581 980 250 31 Öfverkrigsdomstolen.
871 985 80 23 Likaså

189 1020 74 26 skulle,
289 1020 67 27 enligt
371 1019 129 22 Ständernas
525 1019 70 26 tanke,
621 1019 109 26 åtskilliga
755 1019 137 27 olägenheter
915 1019 35 23 för

189 1054 130 22 domstolens
334 1053 135 22 verksamhet
483 1053 51 27 följa
549 1053 66 27 deraf,
631 1055 32 20 att
673 1053 148 22 ledamöterna
836 1053 7 21 i
858 1053 92 22 nämnde

189 1089 97 26 domstol,
306 1088 28 27 på
344 1090 43 19 sätt
402 1088 40 21 den
457 1088 77 27 nådiga
548 1088 174 27 propositionens
737 1088 14 25 $&
768 1088 40 21 150
823 1087 123 27 innehåller,

188 1123 119 22 inkallades
321 1123 34 20 för
370 1122 73 27 hvarje
458 1122 83 21 tillfälle
556 1122 108 25 särskildt;
687 1122 41 21 och
743 1121 64 22 hafva
822 1121 125 28 Ständerna,

188 1165 45 15 som
249 1158 58 21 hålla
321 1157 52 26 före,
389 1159 32 19 att
435 1157 169 26 rättskipningen
620 1157 70 20 skulle
705 1155 126 28 tillskyndas
845 1156 67 21 fördel
927 1156 24 21 af

188 1194 32 20 att
234 1192 157 21 ledamöternas
407 1191 178 26 embetsutöfning
598 1191 69 21 blefve
678 1191 108 20 utsträckt
796 1191 32 20 till
839 1197 26 15 en
875 1190 74 27 längre

187 1227 39 27 tid,
250 1226 57 27 förty
329 1226 7 21 i
358 1226 127 27 stadgandet
505 1225 56 27 gjort
576 1225 40 21 den
632 1225 98 26 ändring,
757 1227 31 19 att
803 1225 146 21 ledamöterne

187 1262 77 21 liksom
279 1261 62 21 äfven
357 1260 141 21 ordföranden
514 1259 61 22 skola
596 1261 59 20 utses
677 1259 35 21 för
734 1259 37 21 två
792 1259 25 21 år
836 1259 7 20 i
858 1259 87 26 gången.

187 1296 50 21 Med
253 1295 99 22 afseende
375 1295 13 21 å
410 1295 41 21 den
466 1295 79 26 vigtiga
564 1294 90 27 uppgift,
671 1301 47 14 som
735 1294 80 27 åligger
830 1293 118 23 öfveraudi-

166 1337 2 2 *
186 1333 69 24 tören,
270 1329 65 22 hafva
350 1329 120 22 Ständerna
491 1330 70 20 ansett
576 1329 75 26 nödigt
675 1328 72 22 införa
770 1328 35 21 det
822 1327 124 28 stadgande,

186 1367 39 25 att,
248 1365 6 20 i
269 1364 103 22 händelse
387 1363 23 22 af
421 1363 34 27 jäf
468 1363 51 22 eller
533 1363 70 21 förfall
619 1363 33 21 för
670 1363 110 21 ordinarie
795 1362 151 21 innehafvaren

186 1401 22 21 af
222 1399 100 27 embetet,
337 1398 154 22 förordnandet
505 1397 22 22 af
541 1404 69 15 annan
625 1404 50 15 man
691 1397 7 21 i
714 1397 54 21 hans
783 1397 61 20 ställe
860 1396 86 21 ankom-

184 1441 46 15 mer
246 1434 12 21 å
273 1434 104 21 Senatens
392 1432 240 27 Justitiedepartement.
