<?xml version="1.0" encoding="UTF-8"?>
<alto xmlns="http://www.loc.gov/standards/alto/ns-v3#" xmlns:xlink="http://www.w3.org/1999/xlink" xmlns:xsi="http://www.w3.org/2001/XMLSchema-instance" xsi:schemaLocation="http://www.loc.gov/standards/alto/ns-v3# http://www.loc.gov/alto/v3/alto-3-0.xsd">
	<Description>
		<MeasurementUnit>pixel</MeasurementUnit>
		<sourceImageInformation>
			<fileName>/tmp/tess_rmdrbj53_input.PNG</fileName>
		</sourceImageInformation>
		<OCRProcessing ID="OCR_0">
			<ocrProcessingStep>
				<processingSoftware>
					<softwareName>tesseract 5.3.4</softwareName>
				</processingSoftware>
			</ocrProcessingStep>
		</OCRProcessing>
	</Description>
	<Layout>
		<Page WIDTH="1014" HEIGHT="1670" PHYSICAL_IMG_NR="0" ID="page_0">
			<PrintSpace HPOS="0" VPOS="0" WIDTH="1014" HEIGHT="1670">
				<ComposedBlock ID="cblock_0" HPOS="223" VPOS="114" WIDTH="27" HEIGHT="22">
					<TextBlock ID="block_0" HPOS="223" VPOS="114" WIDTH="27" HEIGHT="22">
						<TextLine ID="line_0" HPOS="223" VPOS="114" WIDTH="27" HEIGHT="22">
							<String ID="string_0" HPOS="223" VPOS="114" WIDTH="27" HEIGHT="22" WC="0.96" CONTENT="10"/>
						</TextLine>
					</TextBlock>
				</ComposedBlock>
				<ComposedBlock ID="cblock_1" HPOS="428" VPOS="113" WIDTH="296" HEIGHT="32">
					<TextBlock ID="block_1" HPOS="428" VPOS="113" WIDTH="296" HEIGHT="32">
						<TextLine ID="line_1" HPOS="428" VPOS="113" WIDTH="296" HEIGHT="32">
							<String ID="string_1" HPOS="428" VPOS="113" WIDTH="24" HEIGHT="24" WC="0.92" CONTENT="U."/><SP WIDTH="16" VPOS="113" HPOS="452"/>
							<String ID="string_2" HPOS="468" VPOS="114" WIDTH="22" HEIGHT="23" WC="0.90" CONTENT="B."/><SP WIDTH="16" VPOS="114" HPOS="490"/>
							<String ID="string_3" HPOS="506" VPOS="125" WIDTH="31" HEIGHT="8" WC="0.91" CONTENT="—"/><SP WIDTH="15" VPOS="125" HPOS="537"/>
							<String ID="string_4" HPOS="552" VPOS="115" WIDTH="64" HEIGHT="30" WC="0.94" CONTENT="Prop."/><SP WIDTH="16" VPOS="115" HPOS="616"/>
							<String ID="string_5" HPOS="632" VPOS="115" WIDTH="40" HEIGHT="24" WC="0.96" CONTENT="N:o"/><SP WIDTH="16" VPOS="115" HPOS="672"/>
							<String ID="string_6" HPOS="688" VPOS="115" WIDTH="36" HEIGHT="23" WC="0.96" CONTENT="35."/>
						</TextLine>
					</TextBlock>
				</ComposedBlock>
				<ComposedBlock ID="cblock_2" HPOS="330" VPOS="172" WIDTH="623" HEIGHT="483">
					<TextBlock ID="block_2" HPOS="609" VPOS="172" WIDTH="67" HEIGHT="27">
						<TextLine ID="line_2" HPOS="609" VPOS="172" WIDTH="67" HEIGHT="27">
							<String ID="string_7" HPOS="609" VPOS="175" WIDTH="16" HEIGHT="24" WC="0.92" CONTENT="$"/><SP WIDTH="13" VPOS="175" HPOS="625"/>
							<String ID="string_8" HPOS="638" VPOS="172" WIDTH="38" HEIGHT="22" WC="0.96" CONTENT="62."/>
						</TextLine>
					</TextBlock>
					<TextBlock ID="block_3" HPOS="330" VPOS="211" WIDTH="623" HEIGHT="444">
						<TextLine ID="line_3" HPOS="404" VPOS="211" WIDTH="548" HEIGHT="31">
							<String ID="string_9" HPOS="404" VPOS="211" WIDTH="66" HEIGHT="22" WC="0.92" CONTENT="Såväl"/><SP WIDTH="22" VPOS="211" HPOS="470"/>
							<String ID="string_10" HPOS="492" VPOS="213" WIDTH="134" HEIGHT="29" WC="0.92" CONTENT="debiterings-"/><SP WIDTH="24" VPOS="213" HPOS="626"/>
							<String ID="string_11" HPOS="650" VPOS="213" WIDTH="36" HEIGHT="21" WC="0.93" CONTENT="och"/><SP WIDTH="23" VPOS="213" HPOS="686"/>
							<String ID="string_12" HPOS="709" VPOS="212" WIDTH="180" HEIGHT="29" WC="0.87" CONTENT="uppbördslängd,"/><SP WIDTH="19" VPOS="212" HPOS="889"/>
							<String ID="string_13" HPOS="908" VPOS="220" WIDTH="44" HEIGHT="14" WC="0.96" CONTENT="som"/>
						</TextLine>
						<TextLine ID="line_4" HPOS="332" VPOS="246" WIDTH="621" HEIGHT="28">
							<String ID="string_14" HPOS="332" VPOS="246" WIDTH="39" HEIGHT="21" WC="0.95" CONTENT="den"/><SP WIDTH="15" VPOS="246" HPOS="371"/>
							<String ID="string_15" HPOS="386" VPOS="247" WIDTH="9" HEIGHT="19" WC="0.86" CONTENT="i"/><SP WIDTH="18" VPOS="247" HPOS="395"/>
							<String ID="string_16" HPOS="413" VPOS="247" WIDTH="13" HEIGHT="27" WC="0.86" CONTENT="$"/><SP WIDTH="20" VPOS="247" HPOS="426"/>
							<String ID="string_17" HPOS="446" VPOS="247" WIDTH="29" HEIGHT="21" WC="0.96" CONTENT="57"/><SP WIDTH="22" VPOS="247" HPOS="475"/>
							<String ID="string_18" HPOS="497" VPOS="248" WIDTH="94" HEIGHT="20" WC="0.96" CONTENT="nämnda"/><SP WIDTH="28" VPOS="248" HPOS="591"/>
							<String ID="string_19" HPOS="619" VPOS="247" WIDTH="110" HEIGHT="27" WC="0.96" CONTENT="röstlängd"/><SP WIDTH="22" VPOS="247" HPOS="729"/>
							<String ID="string_20" HPOS="751" VPOS="246" WIDTH="104" HEIGHT="22" WC="0.93" CONTENT="tillställas"/><SP WIDTH="27" VPOS="246" HPOS="855"/>
							<String ID="string_21" HPOS="882" VPOS="248" WIDTH="71" HEIGHT="26" WC="0.91" CONTENT="ordfö-"/>
						</TextLine>
						<TextLine ID="line_5" HPOS="332" VPOS="281" WIDTH="619" HEIGHT="29">
							<String ID="string_22" HPOS="332" VPOS="281" WIDTH="84" HEIGHT="21" WC="0.91" CONTENT="randen"/><SP WIDTH="14" VPOS="281" HPOS="416"/>
							<String ID="string_23" HPOS="430" VPOS="282" WIDTH="9" HEIGHT="20" WC="0.93" CONTENT="i"/><SP WIDTH="15" VPOS="282" HPOS="439"/>
							<String ID="string_24" HPOS="454" VPOS="281" WIDTH="234" HEIGHT="25" WC="0.92" CONTENT="kommunalstämman,"/><SP WIDTH="11" VPOS="281" HPOS="688"/>
							<String ID="string_25" HPOS="699" VPOS="281" WIDTH="80" HEIGHT="22" WC="0.90" CONTENT="hvilken"/><SP WIDTH="11" VPOS="281" HPOS="779"/>
							<String ID="string_26" HPOS="790" VPOS="281" WIDTH="38" HEIGHT="21" WC="0.96" CONTENT="har"/><SP WIDTH="10" VPOS="281" HPOS="828"/>
							<String ID="string_27" HPOS="838" VPOS="285" WIDTH="30" HEIGHT="17" WC="0.96" CONTENT="att"/><SP WIDTH="9" VPOS="285" HPOS="868"/>
							<String ID="string_28" HPOS="877" VPOS="289" WIDTH="74" HEIGHT="21" WC="0.96" CONTENT="genom"/>
						</TextLine>
						<TextLine ID="line_6" HPOS="332" VPOS="314" WIDTH="620" HEIGHT="30">
							<String ID="string_29" HPOS="332" VPOS="314" WIDTH="141" HEIGHT="28" WC="0.93" CONTENT="kungörelse"/><SP WIDTH="-6" VPOS="314" HPOS="473"/>
							<String ID="string_30" HPOS="467" VPOS="310" WIDTH="17" HEIGHT="38" WC="0.94" CONTENT="i"/><SP WIDTH="9" VPOS="310" HPOS="484"/>
							<String ID="string_31" HPOS="493" VPOS="316" WIDTH="135" HEIGHT="21" WC="0.96" CONTENT="kommunens"/><SP WIDTH="22" VPOS="316" HPOS="628"/>
							<String ID="string_32" HPOS="650" VPOS="316" WIDTH="64" HEIGHT="28" WC="0.95" CONTENT="kyrka"/><SP WIDTH="22" VPOS="316" HPOS="714"/>
							<String ID="string_33" HPOS="736" VPOS="316" WIDTH="50" HEIGHT="22" WC="0.93" CONTENT="eller"/><SP WIDTH="24" VPOS="316" HPOS="786"/>
							<String ID="string_34" HPOS="810" VPOS="316" WIDTH="76" HEIGHT="28" WC="0.93" CONTENT="kyrkor"/><SP WIDTH="24" VPOS="316" HPOS="886"/>
							<String ID="string_35" HPOS="910" VPOS="316" WIDTH="42" HEIGHT="21" WC="0.93" CONTENT="till-"/>
						</TextLine>
						<TextLine ID="line_7" HPOS="333" VPOS="349" WIDTH="619" HEIGHT="28">
							<String ID="string_36" HPOS="333" VPOS="349" WIDTH="134" HEIGHT="28" WC="0.92" CONTENT="kännagifva,"/><SP WIDTH="16" VPOS="349" HPOS="467"/>
							<String ID="string_37" HPOS="483" VPOS="352" WIDTH="14" HEIGHT="19" WC="0.91" CONTENT="&amp;"/><SP WIDTH="15" VPOS="352" HPOS="497"/>
							<String ID="string_38" HPOS="512" VPOS="350" WIDTH="73" HEIGHT="22" WC="0.92" CONTENT="hvilket"/><SP WIDTH="22" VPOS="350" HPOS="585"/>
							<String ID="string_39" HPOS="607" VPOS="350" WIDTH="59" HEIGHT="22" WC="0.91" CONTENT="ställe"/><SP WIDTH="14" VPOS="350" HPOS="666"/>
							<String ID="string_40" HPOS="680" VPOS="354" WIDTH="106" HEIGHT="18" WC="0.92" CONTENT="desamma"/><SP WIDTH="16" VPOS="354" HPOS="786"/>
							<String ID="string_41" HPOS="802" VPOS="351" WIDTH="70" HEIGHT="21" WC="0.96" CONTENT="kunna"/><SP WIDTH="16" VPOS="351" HPOS="872"/>
							<String ID="string_42" HPOS="888" VPOS="352" WIDTH="25" HEIGHT="24" WC="0.96" CONTENT="af"/><SP WIDTH="14" VPOS="352" HPOS="913"/>
							<String ID="string_43" HPOS="927" VPOS="352" WIDTH="25" HEIGHT="20" WC="0.96" CONTENT="de"/>
						</TextLine>
						<TextLine ID="line_8" HPOS="331" VPOS="384" WIDTH="620" HEIGHT="29">
							<String ID="string_44" HPOS="331" VPOS="384" WIDTH="134" HEIGHT="22" WC="0.96" CONTENT="kommunens"/><SP WIDTH="18" VPOS="384" HPOS="465"/>
							<String ID="string_45" HPOS="483" VPOS="385" WIDTH="143" HEIGHT="27" WC="0.96" CONTENT="medlemmar,"/><SP WIDTH="19" VPOS="385" HPOS="626"/>
							<String ID="string_46" HPOS="645" VPOS="392" WIDTH="44" HEIGHT="14" WC="0.92" CONTENT="som"/><SP WIDTH="15" VPOS="392" HPOS="689"/>
							<String ID="string_47" HPOS="704" VPOS="386" WIDTH="76" HEIGHT="20" WC="0.96" CONTENT="sådant"/><SP WIDTH="15" VPOS="386" HPOS="780"/>
							<String ID="string_48" HPOS="795" VPOS="385" WIDTH="71" HEIGHT="23" WC="0.93" CONTENT="önska,"/><SP WIDTH="16" VPOS="385" HPOS="866"/>
							<String ID="string_49" HPOS="882" VPOS="385" WIDTH="69" HEIGHT="28" WC="0.84" CONTENT="öfver-"/>
						</TextLine>
						<TextLine ID="line_9" HPOS="330" VPOS="418" WIDTH="621" HEIGHT="29">
							<String ID="string_50" HPOS="330" VPOS="425" WIDTH="30" HEIGHT="14" WC="0.69" CONTENT="ses"/><SP WIDTH="16" VPOS="425" HPOS="360"/>
							<String ID="string_51" HPOS="376" VPOS="418" WIDTH="35" HEIGHT="21" WC="0.96" CONTENT="och"/><SP WIDTH="13" VPOS="418" HPOS="411"/>
							<String ID="string_52" HPOS="424" VPOS="419" WIDTH="101" HEIGHT="26" WC="0.96" CONTENT="granskas"/><SP WIDTH="15" VPOS="419" HPOS="525"/>
							<String ID="string_53" HPOS="540" VPOS="421" WIDTH="57" HEIGHT="19" WC="0.92" CONTENT="inom"/><SP WIDTH="14" VPOS="421" HPOS="597"/>
							<String ID="string_54" HPOS="611" VPOS="420" WIDTH="81" HEIGHT="27" WC="0.93" CONTENT="fjorton"/><SP WIDTH="16" VPOS="420" HPOS="692"/>
							<String ID="string_55" HPOS="708" VPOS="420" WIDTH="68" HEIGHT="27" WC="0.87" CONTENT="dugar"/><SP WIDTH="13" VPOS="420" HPOS="776"/>
							<String ID="string_56" HPOS="789" VPOS="420" WIDTH="51" HEIGHT="27" WC="0.96" CONTENT="från"/><SP WIDTH="15" VPOS="420" HPOS="840"/>
							<String ID="string_57" HPOS="855" VPOS="419" WIDTH="39" HEIGHT="20" WC="0.96" CONTENT="den"/><SP WIDTH="15" VPOS="419" HPOS="894"/>
							<String ID="string_58" HPOS="909" VPOS="419" WIDTH="42" HEIGHT="27" WC="0.96" CONTENT="dag"/>
						</TextLine>
						<TextLine ID="line_10" HPOS="331" VPOS="453" WIDTH="620" HEIGHT="29">
							<String ID="string_59" HPOS="331" VPOS="453" WIDTH="133" HEIGHT="26" WC="0.92" CONTENT="kungörelsen"/><SP WIDTH="22" VPOS="453" HPOS="464"/>
							<String ID="string_60" HPOS="486" VPOS="453" WIDTH="120" HEIGHT="29" WC="0.78" CONTENT="afkunnats."/><SP WIDTH="32" VPOS="453" HPOS="606"/>
							<String ID="string_61" HPOS="638" VPOS="454" WIDTH="64" HEIGHT="28" WC="0.92" CONTENT="Efter"/><SP WIDTH="15" VPOS="454" HPOS="702"/>
							<String ID="string_62" HPOS="717" VPOS="453" WIDTH="111" HEIGHT="29" WC="0.95" CONTENT="förloppet"/><SP WIDTH="16" VPOS="453" HPOS="828"/>
							<String ID="string_63" HPOS="844" VPOS="454" WIDTH="26" HEIGHT="27" WC="0.96" CONTENT="af"/><SP WIDTH="12" VPOS="454" HPOS="870"/>
							<String ID="string_64" HPOS="882" VPOS="454" WIDTH="69" HEIGHT="20" WC="0.96" CONTENT="denna"/>
						</TextLine>
						<TextLine ID="line_11" HPOS="332" VPOS="487" WIDTH="618" HEIGHT="29">
							<String ID="string_65" HPOS="332" VPOS="487" WIDTH="32" HEIGHT="20" WC="0.95" CONTENT="tid"/><SP WIDTH="14" VPOS="487" HPOS="364"/>
							<String ID="string_66" HPOS="378" VPOS="487" WIDTH="58" HEIGHT="21" WC="0.93" CONTENT="skola"/><SP WIDTH="21" VPOS="487" HPOS="436"/>
							<String ID="string_67" HPOS="457" VPOS="488" WIDTH="114" HEIGHT="28" WC="0.92" CONTENT="längderne"/><SP WIDTH="15" VPOS="488" HPOS="571"/>
							<String ID="string_68" HPOS="586" VPOS="489" WIDTH="36" HEIGHT="20" WC="0.96" CONTENT="vid"/><SP WIDTH="16" VPOS="489" HPOS="622"/>
							<String ID="string_69" HPOS="638" VPOS="489" WIDTH="42" HEIGHT="21" WC="0.93" CONTENT="den"/><SP WIDTH="16" VPOS="489" HPOS="680"/>
							<String ID="string_70" HPOS="696" VPOS="489" WIDTH="106" HEIGHT="20" WC="0.92" CONTENT="ordinarie"/><SP WIDTH="15" VPOS="489" HPOS="802"/>
							<String ID="string_71" HPOS="817" VPOS="488" WIDTH="133" HEIGHT="21" WC="0.90" CONTENT="kommunal-"/>
						</TextLine>
						<TextLine ID="line_12" HPOS="330" VPOS="522" WIDTH="620" HEIGHT="29">
							<String ID="string_72" HPOS="330" VPOS="525" WIDTH="96" HEIGHT="22" WC="0.96" CONTENT="stämma,"/><SP WIDTH="14" VPOS="525" HPOS="426"/>
							<String ID="string_73" HPOS="440" VPOS="530" WIDTH="44" HEIGHT="13" WC="0.93" CONTENT="som"/><SP WIDTH="15" VPOS="530" HPOS="484"/>
							<String ID="string_74" HPOS="499" VPOS="523" WIDTH="79" HEIGHT="28" WC="0.96" CONTENT="årligen"/><SP WIDTH="16" VPOS="523" HPOS="578"/>
							<String ID="string_75" HPOS="594" VPOS="525" WIDTH="8" HEIGHT="19" WC="0.96" CONTENT="i"/><SP WIDTH="17" VPOS="525" HPOS="602"/>
							<String ID="string_76" HPOS="619" VPOS="523" WIDTH="61" HEIGHT="21" WC="0.93" CONTENT="Mars"/><SP WIDTH="15" VPOS="523" HPOS="680"/>
							<String ID="string_77" HPOS="695" VPOS="523" WIDTH="79" HEIGHT="20" WC="0.95" CONTENT="månad"/><SP WIDTH="14" VPOS="523" HPOS="774"/>
							<String ID="string_78" HPOS="788" VPOS="522" WIDTH="70" HEIGHT="25" WC="0.95" CONTENT="hålles,"/><SP WIDTH="11" VPOS="522" HPOS="858"/>
							<String ID="string_79" HPOS="869" VPOS="522" WIDTH="29" HEIGHT="21" WC="0.93" CONTENT="till"/><SP WIDTH="12" VPOS="522" HPOS="898"/>
							<String ID="string_80" HPOS="910" VPOS="523" WIDTH="40" HEIGHT="20" WC="0.92" CONTENT="all-"/>
						</TextLine>
						<TextLine ID="line_13" HPOS="330" VPOS="557" WIDTH="619" HEIGHT="29">
							<String ID="string_81" HPOS="330" VPOS="560" WIDTH="51" HEIGHT="17" WC="0.93" CONTENT="män"/><SP WIDTH="13" VPOS="560" HPOS="381"/>
							<String ID="string_82" HPOS="394" VPOS="557" WIDTH="130" HEIGHT="29" WC="0.91" CONTENT="granskning"/><SP WIDTH="16" VPOS="557" HPOS="524"/>
							<String ID="string_83" HPOS="540" VPOS="558" WIDTH="132" HEIGHT="28" WC="0.91" CONTENT="föreläggas,"/><SP WIDTH="16" VPOS="558" HPOS="672"/>
							<String ID="string_84" HPOS="688" VPOS="558" WIDTH="27" HEIGHT="20" WC="0.93" CONTENT="dä"/><SP WIDTH="15" VPOS="558" HPOS="715"/>
							<String ID="string_85" HPOS="730" VPOS="557" WIDTH="72" HEIGHT="28" WC="0.92" CONTENT="hvarje"/><SP WIDTH="14" VPOS="557" HPOS="802"/>
							<String ID="string_86" HPOS="816" VPOS="557" WIDTH="133" HEIGHT="28" WC="0.91" CONTENT="skattskyldig"/>
						</TextLine>
						<TextLine ID="line_14" HPOS="330" VPOS="590" WIDTH="620" HEIGHT="29">
							<String ID="string_87" HPOS="330" VPOS="586" WIDTH="74" HEIGHT="37" WC="0.91" CONTENT="lemnas"/><SP WIDTH="9" VPOS="586" HPOS="404"/>
							<String ID="string_88" HPOS="413" VPOS="591" WIDTH="92" HEIGHT="28" WC="0.94" CONTENT="tillfälle"/><SP WIDTH="15" VPOS="591" HPOS="505"/>
							<String ID="string_89" HPOS="520" VPOS="595" WIDTH="30" HEIGHT="18" WC="0.96" CONTENT="att"/><SP WIDTH="15" VPOS="595" HPOS="550"/>
							<String ID="string_90" HPOS="565" VPOS="596" WIDTH="42" HEIGHT="17" WC="0.96" CONTENT="mot"/><SP WIDTH="11" VPOS="596" HPOS="607"/>
							<String ID="string_91" HPOS="618" VPOS="593" WIDTH="46" HEIGHT="20" WC="0.97" CONTENT="dem"/><SP WIDTH="10" VPOS="593" HPOS="664"/>
							<String ID="string_92" HPOS="674" VPOS="596" WIDTH="52" HEIGHT="23" WC="0.96" CONTENT="göra"/><SP WIDTH="12" VPOS="596" HPOS="726"/>
							<String ID="string_93" HPOS="738" VPOS="592" WIDTH="24" HEIGHT="21" WC="0.93" CONTENT="de"/><SP WIDTH="11" VPOS="592" HPOS="762"/>
							<String ID="string_94" HPOS="773" VPOS="591" WIDTH="177" HEIGHT="28" WC="0.96" CONTENT="anmärkningar,"/>
						</TextLine>
						<TextLine ID="line_15" HPOS="331" VPOS="625" WIDTH="411" HEIGHT="30">
							<String ID="string_95" HPOS="331" VPOS="625" WIDTH="32" HEIGHT="21" WC="0.92" CONTENT="till"/><SP WIDTH="15" VPOS="625" HPOS="363"/>
							<String ID="string_96" HPOS="378" VPOS="625" WIDTH="68" HEIGHT="22" WC="0.91" CONTENT="hvilka"/><SP WIDTH="14" VPOS="625" HPOS="446"/>
							<String ID="string_97" HPOS="460" VPOS="625" WIDTH="42" HEIGHT="22" WC="0.96" CONTENT="han"/><SP WIDTH="15" VPOS="625" HPOS="502"/>
							<String ID="string_98" HPOS="517" VPOS="627" WIDTH="30" HEIGHT="27" WC="0.93" CONTENT="sig"/><SP WIDTH="15" VPOS="627" HPOS="547"/>
							<String ID="string_99" HPOS="562" VPOS="626" WIDTH="91" HEIGHT="29" WC="0.93" CONTENT="befogad"/><SP WIDTH="10" VPOS="626" HPOS="653"/>
							<String ID="string_100" HPOS="663" VPOS="627" WIDTH="79" HEIGHT="28" WC="0.90" CONTENT="finner,"/>
						</TextLine>
					</TextBlock>
				</ComposedBlock>
				<ComposedBlock ID="cblock_3" HPOS="321" VPOS="689" WIDTH="628" HEIGHT="652">
					<TextBlock ID="block_4" HPOS="602" VPOS="689" WIDTH="75" HEIGHT="26">
						<TextLine ID="line_16" HPOS="602" VPOS="689" WIDTH="75" HEIGHT="26">
							<String ID="string_101" HPOS="602" VPOS="691" WIDTH="16" HEIGHT="24" WC="0.89" CONTENT="$"/><SP WIDTH="16" VPOS="691" HPOS="618"/>
							<String ID="string_102" HPOS="634" VPOS="689" WIDTH="43" HEIGHT="22" WC="0.89" CONTENT="63.."/>
						</TextLine>
					</TextBlock>
					<TextBlock ID="block_5" HPOS="324" VPOS="728" WIDTH="625" HEIGHT="580">
						<TextLine ID="line_17" HPOS="400" VPOS="728" WIDTH="548" HEIGHT="29">
							<String ID="string_103" HPOS="400" VPOS="728" WIDTH="140" HEIGHT="23" WC="0.91" CONTENT="Framställas"/><SP WIDTH="22" VPOS="728" HPOS="540"/>
							<String ID="string_104" HPOS="562" VPOS="734" WIDTH="53" HEIGHT="17" WC="0.93" CONTENT="emot"/><SP WIDTH="21" VPOS="734" HPOS="615"/>
							<String ID="string_105" HPOS="636" VPOS="729" WIDTH="114" HEIGHT="28" WC="0.92" CONTENT="längderne"/><SP WIDTH="24" VPOS="729" HPOS="750"/>
							<String ID="string_106" HPOS="774" VPOS="729" WIDTH="174" HEIGHT="28" WC="0.91" CONTENT="anmärkningar,"/>
						</TextLine>
						<TextLine ID="line_18" HPOS="330" VPOS="763" WIDTH="619" HEIGHT="30">
							<String ID="string_107" HPOS="330" VPOS="770" WIDTH="34" HEIGHT="21" WC="0.77" CONTENT="ege"/><SP WIDTH="22" VPOS="770" HPOS="364"/>
							<String ID="string_108" HPOS="386" VPOS="763" WIDTH="207" HEIGHT="22" WC="0.91" CONTENT="kommunalstämma"/><SP WIDTH="23" VPOS="763" HPOS="593"/>
							<String ID="string_109" HPOS="616" VPOS="769" WIDTH="31" HEIGHT="21" WC="0.62" CONTENT="att"/><SP WIDTH="23" VPOS="769" HPOS="647"/>
							<String ID="string_110" HPOS="670" VPOS="765" WIDTH="92" HEIGHT="28" WC="0.80" CONTENT="deröfver"/><SP WIDTH="24" VPOS="765" HPOS="762"/>
							<String ID="string_111" HPOS="786" VPOS="767" WIDTH="71" HEIGHT="24" WC="0.95" CONTENT="genast"/><SP WIDTH="15" VPOS="767" HPOS="857"/>
							<String ID="string_112" HPOS="872" VPOS="763" WIDTH="77" HEIGHT="22" WC="0.96" CONTENT="besluta"/>
						</TextLine>
						<TextLine ID="line_19" HPOS="329" VPOS="797" WIDTH="619" HEIGHT="30">
							<String ID="string_113" HPOS="329" VPOS="797" WIDTH="37" HEIGHT="22" WC="0.89" CONTENT="och"/><SP WIDTH="22" VPOS="797" HPOS="366"/>
							<String ID="string_114" HPOS="388" VPOS="798" WIDTH="45" HEIGHT="21" WC="0.96" CONTENT="låta"/><SP WIDTH="22" VPOS="798" HPOS="433"/>
							<String ID="string_115" HPOS="455" VPOS="799" WIDTH="25" HEIGHT="20" WC="0.91" CONTENT="de"/><SP WIDTH="20" VPOS="799" HPOS="480"/>
							<String ID="string_116" HPOS="500" VPOS="799" WIDTH="74" HEIGHT="27" WC="0.93" CONTENT="gjorda"/><SP WIDTH="22" VPOS="799" HPOS="574"/>
							<String ID="string_117" HPOS="596" VPOS="799" WIDTH="147" HEIGHT="27" WC="0.92" CONTENT="ändringarne"/><SP WIDTH="23" VPOS="799" HPOS="743"/>
							<String ID="string_118" HPOS="766" VPOS="798" WIDTH="84" HEIGHT="29" WC="0.81" CONTENT="införas"/><SP WIDTH="14" VPOS="798" HPOS="850"/>
							<String ID="string_119" HPOS="864" VPOS="798" WIDTH="8" HEIGHT="20" WC="0.81" CONTENT="i"/><SP WIDTH="14" VPOS="798" HPOS="872"/>
							<String ID="string_120" HPOS="886" VPOS="798" WIDTH="62" HEIGHT="27" WC="0.89" CONTENT="läng-"/>
						</TextLine>
						<TextLine ID="line_20" HPOS="329" VPOS="832" WIDTH="620" HEIGHT="28">
							<String ID="string_121" HPOS="329" VPOS="832" WIDTH="74" HEIGHT="25" WC="0.88" CONTENT="derna,"/><SP WIDTH="22" VPOS="832" HPOS="403"/>
							<String ID="string_122" HPOS="425" VPOS="836" WIDTH="53" HEIGHT="17" WC="0.90" CONTENT="samt"/><SP WIDTH="22" VPOS="836" HPOS="478"/>
							<String ID="string_123" HPOS="500" VPOS="833" WIDTH="111" HEIGHT="23" WC="0.90" CONTENT="desamma,"/><SP WIDTH="23" VPOS="833" HPOS="611"/>
							<String ID="string_124" HPOS="634" VPOS="833" WIDTH="96" HEIGHT="27" WC="0.92" CONTENT="försedde"/><SP WIDTH="22" VPOS="833" HPOS="730"/>
							<String ID="string_125" HPOS="752" VPOS="833" WIDTH="47" HEIGHT="20" WC="0.93" CONTENT="med"/><SP WIDTH="14" VPOS="833" HPOS="799"/>
							<String ID="string_126" HPOS="813" VPOS="833" WIDTH="59" HEIGHT="27" WC="0.88" CONTENT="intyg"/><SP WIDTH="16" VPOS="833" HPOS="872"/>
							<String ID="string_127" HPOS="888" VPOS="832" WIDTH="61" HEIGHT="28" WC="0.93" CONTENT="öfver"/>
						</TextLine>
						<TextLine ID="line_21" HPOS="328" VPOS="866" WIDTH="620" HEIGHT="29">
							<String ID="string_128" HPOS="328" VPOS="866" WIDTH="158" HEIGHT="28" WC="0.92" CONTENT="granskningen"/><SP WIDTH="15" VPOS="866" HPOS="486"/>
							<String ID="string_129" HPOS="501" VPOS="867" WIDTH="27" HEIGHT="28" WC="0.93" CONTENT="af"/><SP WIDTH="12" VPOS="867" HPOS="528"/>
							<String ID="string_130" HPOS="540" VPOS="868" WIDTH="147" HEIGHT="26" WC="0.92" CONTENT="ordföranden"/><SP WIDTH="15" VPOS="868" HPOS="687"/>
							<String ID="string_131" HPOS="702" VPOS="866" WIDTH="36" HEIGHT="22" WC="0.96" CONTENT="och"/><SP WIDTH="16" VPOS="866" HPOS="738"/>
							<String ID="string_132" HPOS="754" VPOS="870" WIDTH="30" HEIGHT="18" WC="0.96" CONTENT="tre"/><SP WIDTH="17" VPOS="870" HPOS="784"/>
							<String ID="string_133" HPOS="801" VPOS="868" WIDTH="25" HEIGHT="26" WC="0.93" CONTENT="af"/><SP WIDTH="8" VPOS="868" HPOS="826"/>
							<String ID="string_134" HPOS="834" VPOS="869" WIDTH="114" HEIGHT="18" WC="0.90" CONTENT="stämmans"/>
						</TextLine>
						<TextLine ID="line_22" HPOS="328" VPOS="900" WIDTH="621" HEIGHT="29">
							<String ID="string_135" HPOS="328" VPOS="901" WIDTH="140" HEIGHT="25" WC="0.93" CONTENT="medlemmar,"/><SP WIDTH="16" VPOS="901" HPOS="468"/>
							<String ID="string_136" HPOS="484" VPOS="902" WIDTH="89" HEIGHT="27" WC="0.92" CONTENT="derefter"/><SP WIDTH="14" VPOS="902" HPOS="573"/>
							<String ID="string_137" HPOS="587" VPOS="901" WIDTH="111" HEIGHT="21" WC="0.90" CONTENT="äterställa"/><SP WIDTH="16" VPOS="901" HPOS="698"/>
							<String ID="string_138" HPOS="714" VPOS="901" WIDTH="32" HEIGHT="21" WC="0.93" CONTENT="till"/><SP WIDTH="9" VPOS="901" HPOS="746"/>
							<String ID="string_139" HPOS="755" VPOS="900" WIDTH="194" HEIGHT="22" WC="0.88" CONTENT="kommunalnämn-"/>
						</TextLine>
						<TextLine ID="line_23" HPOS="341" VPOS="936" WIDTH="608" HEIGHT="27">
							<String ID="string_140" HPOS="341" VPOS="936" WIDTH="37" HEIGHT="21" WC="0.73" CONTENT="den"/><SP WIDTH="14" VPOS="936" HPOS="378"/>
							<String ID="string_141" HPOS="392" VPOS="936" WIDTH="82" HEIGHT="25" WC="0.75" CONTENT="hvilken"/><SP WIDTH="17" VPOS="936" HPOS="474"/>
							<String ID="string_142" HPOS="491" VPOS="936" WIDTH="33" HEIGHT="20" WC="0.93" CONTENT="det"/><SP WIDTH="14" VPOS="936" HPOS="524"/>
							<String ID="string_143" HPOS="538" VPOS="936" WIDTH="69" HEIGHT="21" WC="0.95" CONTENT="tillhör"/><SP WIDTH="15" VPOS="936" HPOS="607"/>
							<String ID="string_144" HPOS="622" VPOS="940" WIDTH="31" HEIGHT="17" WC="0.93" CONTENT="att"/><SP WIDTH="15" VPOS="940" HPOS="653"/>
							<String ID="string_145" HPOS="668" VPOS="936" WIDTH="89" HEIGHT="25" WC="0.96" CONTENT="utfärda"/><SP WIDTH="16" VPOS="936" HPOS="757"/>
							<String ID="string_146" HPOS="773" VPOS="936" WIDTH="97" HEIGHT="27" WC="0.93" CONTENT="behöriga"/><SP WIDTH="14" VPOS="936" HPOS="870"/>
							<String ID="string_147" HPOS="884" VPOS="936" WIDTH="65" HEIGHT="21" WC="0.87" CONTENT="debet-"/>
						</TextLine>
						<TextLine ID="line_24" HPOS="326" VPOS="970" WIDTH="622" HEIGHT="28">
							<String ID="string_148" HPOS="326" VPOS="970" WIDTH="69" HEIGHT="21" WC="0.92" CONTENT="sedlar"/><SP WIDTH="22" VPOS="970" HPOS="395"/>
							<String ID="string_149" HPOS="417" VPOS="970" WIDTH="35" HEIGHT="20" WC="0.93" CONTENT="och"/><SP WIDTH="22" VPOS="970" HPOS="452"/>
							<String ID="string_150" HPOS="474" VPOS="970" WIDTH="44" HEIGHT="21" WC="0.90" CONTENT="läta"/><SP WIDTH="16" VPOS="970" HPOS="518"/>
							<String ID="string_151" HPOS="534" VPOS="972" WIDTH="106" HEIGHT="20" WC="0.92" CONTENT="desamma"/><SP WIDTH="14" VPOS="972" HPOS="640"/>
							<String ID="string_152" HPOS="654" VPOS="971" WIDTH="57" HEIGHT="20" WC="0.93" CONTENT="inom"/><SP WIDTH="16" VPOS="971" HPOS="711"/>
							<String ID="string_153" HPOS="727" VPOS="972" WIDTH="103" HEIGHT="26" WC="0.90" CONTENT="utgängen"/><SP WIDTH="16" VPOS="972" HPOS="830"/>
							<String ID="string_154" HPOS="846" VPOS="970" WIDTH="27" HEIGHT="28" WC="0.96" CONTENT="af"/><SP WIDTH="12" VPOS="970" HPOS="873"/>
							<String ID="string_155" HPOS="885" VPOS="970" WIDTH="63" HEIGHT="20" WC="0.96" CONTENT="Mars"/>
						</TextLine>
						<TextLine ID="line_25" HPOS="327" VPOS="1003" WIDTH="620" HEIGHT="29">
							<String ID="string_156" HPOS="327" VPOS="1005" WIDTH="88" HEIGHT="26" WC="0.93" CONTENT="månad,"/><SP WIDTH="17" VPOS="1005" HPOS="415"/>
							<String ID="string_157" HPOS="432" VPOS="1006" WIDTH="13" HEIGHT="19" WC="0.91" CONTENT="å"/><SP WIDTH="15" VPOS="1006" HPOS="445"/>
							<String ID="string_158" HPOS="460" VPOS="1006" WIDTH="54" HEIGHT="19" WC="0.95" CONTENT="vissa"/><SP WIDTH="16" VPOS="1006" HPOS="514"/>
							<String ID="string_159" HPOS="530" VPOS="1006" WIDTH="8" HEIGHT="19" WC="0.95" CONTENT="i"/><SP WIDTH="14" VPOS="1006" HPOS="538"/>
							<String ID="string_160" HPOS="552" VPOS="1006" WIDTH="49" HEIGHT="19" WC="0.96" CONTENT="män"/><SP WIDTH="11" VPOS="1006" HPOS="601"/>
							<String ID="string_161" HPOS="612" VPOS="1006" WIDTH="26" HEIGHT="26" WC="0.96" CONTENT="af"/><SP WIDTH="6" VPOS="1006" HPOS="638"/>
							<String ID="string_162" HPOS="644" VPOS="1006" WIDTH="134" HEIGHT="20" WC="0.93" CONTENT="kommunens"/><SP WIDTH="12" VPOS="1006" HPOS="778"/>
							<String ID="string_163" HPOS="790" VPOS="1004" WIDTH="48" HEIGHT="20" WC="0.96" CONTENT="vidd"/><SP WIDTH="10" VPOS="1004" HPOS="838"/>
							<String ID="string_164" HPOS="848" VPOS="1004" WIDTH="35" HEIGHT="20" WC="0.93" CONTENT="och"/><SP WIDTH="8" VPOS="1004" HPOS="883"/>
							<String ID="string_165" HPOS="891" VPOS="1003" WIDTH="56" HEIGHT="29" WC="0.93" CONTENT="folk-"/>
						</TextLine>
						<TextLine ID="line_26" HPOS="328" VPOS="1038" WIDTH="619" HEIGHT="28">
							<String ID="string_166" HPOS="328" VPOS="1040" WIDTH="79" HEIGHT="26" WC="0.95" CONTENT="mängd"/><SP WIDTH="14" VPOS="1040" HPOS="407"/>
							<String ID="string_167" HPOS="421" VPOS="1040" WIDTH="87" HEIGHT="20" WC="0.96" CONTENT="utsedda"/><SP WIDTH="16" VPOS="1040" HPOS="508"/>
							<String ID="string_168" HPOS="524" VPOS="1040" WIDTH="36" HEIGHT="20" WC="0.93" CONTENT="och"/><SP WIDTH="15" VPOS="1040" HPOS="560"/>
							<String ID="string_169" HPOS="575" VPOS="1040" WIDTH="8" HEIGHT="20" WC="0.95" CONTENT="i"/><SP WIDTH="11" VPOS="1040" HPOS="583"/>
							<String ID="string_170" HPOS="594" VPOS="1040" WIDTH="133" HEIGHT="20" WC="0.96" CONTENT="kommunens"/><SP WIDTH="11" VPOS="1040" HPOS="727"/>
							<String ID="string_171" HPOS="738" VPOS="1038" WIDTH="64" HEIGHT="28" WC="0.95" CONTENT="kyrka"/><SP WIDTH="10" VPOS="1038" HPOS="802"/>
							<String ID="string_172" HPOS="812" VPOS="1038" WIDTH="48" HEIGHT="22" WC="0.96" CONTENT="eller"/><SP WIDTH="11" VPOS="1038" HPOS="860"/>
							<String ID="string_173" HPOS="871" VPOS="1038" WIDTH="76" HEIGHT="28" WC="0.96" CONTENT="kyrkor"/>
						</TextLine>
						<TextLine ID="line_27" HPOS="327" VPOS="1072" WIDTH="619" HEIGHT="29">
							<String ID="string_174" HPOS="327" VPOS="1073" WIDTH="120" HEIGHT="28" WC="0.92" CONTENT="kungjorda"/><SP WIDTH="21" VPOS="1073" HPOS="447"/>
							<String ID="string_175" HPOS="468" VPOS="1073" WIDTH="82" HEIGHT="26" WC="0.96" CONTENT="ställen,"/><SP WIDTH="16" VPOS="1073" HPOS="550"/>
							<String ID="string_176" HPOS="566" VPOS="1075" WIDTH="26" HEIGHT="20" WC="0.93" CONTENT="de"/><SP WIDTH="14" VPOS="1075" HPOS="592"/>
							<String ID="string_177" HPOS="606" VPOS="1073" WIDTH="144" HEIGHT="28" WC="0.84" CONTENT="skattskyldige"/><SP WIDTH="16" VPOS="1073" HPOS="750"/>
							<String ID="string_178" HPOS="766" VPOS="1072" WIDTH="180" HEIGHT="22" WC="0.89" CONTENT="tillhandahållas."/>
						</TextLine>
						<TextLine ID="line_28" HPOS="327" VPOS="1107" WIDTH="619" HEIGHT="30">
							<String ID="string_179" HPOS="327" VPOS="1107" WIDTH="55" HEIGHT="21" WC="0.96" CONTENT="Före"/><SP WIDTH="14" VPOS="1107" HPOS="382"/>
							<String ID="string_180" HPOS="396" VPOS="1107" WIDTH="74" HEIGHT="22" WC="0.96" CONTENT="medlet"/><SP WIDTH="14" VPOS="1107" HPOS="470"/>
							<String ID="string_181" HPOS="484" VPOS="1109" WIDTH="26" HEIGHT="26" WC="0.96" CONTENT="af"/><SP WIDTH="11" VPOS="1109" HPOS="510"/>
							<String ID="string_182" HPOS="521" VPOS="1108" WIDTH="65" HEIGHT="29" WC="0.96" CONTENT="April"/><SP WIDTH="10" VPOS="1108" HPOS="586"/>
							<String ID="string_183" HPOS="596" VPOS="1109" WIDTH="80" HEIGHT="19" WC="0.96" CONTENT="månad"/><SP WIDTH="10" VPOS="1109" HPOS="676"/>
							<String ID="string_184" HPOS="686" VPOS="1107" WIDTH="52" HEIGHT="21" WC="0.93" CONTENT="skall"/><SP WIDTH="12" VPOS="1107" HPOS="738"/>
							<String ID="string_185" HPOS="750" VPOS="1107" WIDTH="196" HEIGHT="29" WC="0.91" CONTENT="uppbördsstämma"/>
						</TextLine>
						<TextLine ID="line_29" HPOS="326" VPOS="1141" WIDTH="620" HEIGHT="28">
							<String ID="string_186" HPOS="326" VPOS="1143" WIDTH="13" HEIGHT="19" WC="0.93" CONTENT="å"/><SP WIDTH="15" VPOS="1143" HPOS="339"/>
							<String ID="string_187" HPOS="354" VPOS="1141" WIDTH="86" HEIGHT="28" WC="0.96" CONTENT="lämplig"/><SP WIDTH="14" VPOS="1141" HPOS="440"/>
							<String ID="string_188" HPOS="454" VPOS="1146" WIDTH="33" HEIGHT="16" WC="0.96" CONTENT="ort"/><SP WIDTH="15" VPOS="1146" HPOS="487"/>
							<String ID="string_189" HPOS="502" VPOS="1142" WIDTH="108" HEIGHT="25" WC="0.93" CONTENT="anställas,"/><SP WIDTH="10" VPOS="1142" HPOS="610"/>
							<String ID="string_190" HPOS="620" VPOS="1142" WIDTH="88" HEIGHT="21" WC="0.92" CONTENT="hvarom"/><SP WIDTH="8" VPOS="1142" HPOS="708"/>
							<String ID="string_191" HPOS="716" VPOS="1142" WIDTH="82" HEIGHT="27" WC="0.96" CONTENT="fjorton"/><SP WIDTH="11" VPOS="1142" HPOS="798"/>
							<String ID="string_192" HPOS="809" VPOS="1142" WIDTH="69" HEIGHT="27" WC="0.96" CONTENT="dagar"/><SP WIDTH="8" VPOS="1142" HPOS="878"/>
							<String ID="string_193" HPOS="886" VPOS="1142" WIDTH="60" HEIGHT="26" WC="0.96" CONTENT="förut"/>
						</TextLine>
						<TextLine ID="line_30" HPOS="326" VPOS="1175" WIDTH="620" HEIGHT="28">
							<String ID="string_194" HPOS="326" VPOS="1175" WIDTH="104" HEIGHT="28" WC="0.92" CONTENT="kungöras"/><SP WIDTH="22" VPOS="1175" HPOS="430"/>
							<String ID="string_195" HPOS="452" VPOS="1176" WIDTH="42" HEIGHT="25" WC="0.96" CONTENT="bör,"/><SP WIDTH="24" VPOS="1176" HPOS="494"/>
							<String ID="string_196" HPOS="518" VPOS="1180" WIDTH="54" HEIGHT="17" WC="0.96" CONTENT="samt"/><SP WIDTH="25" VPOS="1180" HPOS="572"/>
							<String ID="string_197" HPOS="597" VPOS="1178" WIDTH="27" HEIGHT="25" WC="0.93" CONTENT="af"/><SP WIDTH="22" VPOS="1178" HPOS="624"/>
							<String ID="string_198" HPOS="646" VPOS="1176" WIDTH="229" HEIGHT="21" WC="0.92" CONTENT="kommunalnämnden"/><SP WIDTH="25" VPOS="1176" HPOS="875"/>
							<String ID="string_199" HPOS="900" VPOS="1175" WIDTH="46" HEIGHT="22" WC="0.89" CONTENT="eler"/>
						</TextLine>
						<TextLine ID="line_31" HPOS="326" VPOS="1205" WIDTH="619" HEIGHT="34">
							<String ID="string_200" HPOS="326" VPOS="1205" WIDTH="54" HEIGHT="26" WC="0.96" CONTENT="vissa"/><SP WIDTH="22" VPOS="1205" HPOS="380"/>
							<String ID="string_201" HPOS="402" VPOS="1211" WIDTH="44" HEIGHT="20" WC="0.95" CONTENT="dess"/><SP WIDTH="21" VPOS="1211" HPOS="446"/>
							<String ID="string_202" HPOS="467" VPOS="1211" WIDTH="135" HEIGHT="20" WC="0.96" CONTENT="medlemmar"/><SP WIDTH="14" VPOS="1211" HPOS="602"/>
							<String ID="string_203" HPOS="616" VPOS="1212" WIDTH="112" HEIGHT="26" WC="0.96" CONTENT="förrättas,"/><SP WIDTH="15" VPOS="1212" HPOS="728"/>
							<String ID="string_204" HPOS="743" VPOS="1211" WIDTH="91" HEIGHT="28" WC="0.96" CONTENT="såframt"/><SP WIDTH="16" VPOS="1211" HPOS="834"/>
							<String ID="string_205" HPOS="850" VPOS="1210" WIDTH="22" HEIGHT="27" WC="0.93" CONTENT="ej"/><SP WIDTH="15" VPOS="1210" HPOS="872"/>
							<String ID="string_206" HPOS="887" VPOS="1210" WIDTH="58" HEIGHT="21" WC="0.90" CONTENT="kom-"/>
						</TextLine>
						<TextLine ID="line_32" HPOS="325" VPOS="1244" WIDTH="620" HEIGHT="28">
							<String ID="string_207" HPOS="325" VPOS="1244" WIDTH="164" HEIGHT="21" WC="0.90" CONTENT="munalstämma"/><SP WIDTH="23" VPOS="1244" HPOS="489"/>
							<String ID="string_208" HPOS="512" VPOS="1245" WIDTH="67" HEIGHT="23" WC="0.95" CONTENT="finner"/><SP WIDTH="17" VPOS="1245" HPOS="579"/>
							<String ID="string_209" HPOS="596" VPOS="1245" WIDTH="74" HEIGHT="27" WC="0.96" CONTENT="skäligt"/><SP WIDTH="17" VPOS="1245" HPOS="670"/>
							<String ID="string_210" HPOS="687" VPOS="1248" WIDTH="29" HEIGHT="17" WC="0.96" CONTENT="att"/><SP WIDTH="16" VPOS="1248" HPOS="716"/>
							<String ID="string_211" HPOS="732" VPOS="1245" WIDTH="105" HEIGHT="27" WC="0.93" CONTENT="angående"/><SP WIDTH="15" VPOS="1245" HPOS="837"/>
							<String ID="string_212" HPOS="852" VPOS="1244" WIDTH="93" HEIGHT="28" WC="0.92" CONTENT="uppbör-"/>
						</TextLine>
						<TextLine ID="line_33" HPOS="324" VPOS="1278" WIDTH="622" HEIGHT="30">
							<String ID="string_213" HPOS="324" VPOS="1279" WIDTH="48" HEIGHT="21" WC="0.93" CONTENT="dens"/><SP WIDTH="15" VPOS="1279" HPOS="372"/>
							<String ID="string_214" HPOS="387" VPOS="1278" WIDTH="165" HEIGHT="29" WC="0.88" CONTENT="handhafvande"/><SP WIDTH="14" VPOS="1278" HPOS="552"/>
							<String ID="string_215" HPOS="566" VPOS="1279" WIDTH="34" HEIGHT="21" WC="0.96" CONTENT="och"/><SP WIDTH="16" VPOS="1279" HPOS="600"/>
							<String ID="string_216" HPOS="616" VPOS="1280" WIDTH="55" HEIGHT="20" WC="0.96" CONTENT="tiden"/><SP WIDTH="15" VPOS="1280" HPOS="671"/>
							<String ID="string_217" HPOS="686" VPOS="1280" WIDTH="72" HEIGHT="24" WC="0.96" CONTENT="derför"/><SP WIDTH="17" VPOS="1280" HPOS="758"/>
							<String ID="string_218" HPOS="775" VPOS="1280" WIDTH="33" HEIGHT="28" WC="0.96" CONTENT="på"/><SP WIDTH="16" VPOS="1280" HPOS="808"/>
							<String ID="string_219" HPOS="824" VPOS="1282" WIDTH="66" HEIGHT="17" WC="0.96" CONTENT="annat"/><SP WIDTH="14" VPOS="1282" HPOS="890"/>
							<String ID="string_220" HPOS="904" VPOS="1281" WIDTH="42" HEIGHT="18" WC="0.96" CONTENT="sätt"/>
						</TextLine>
					</TextBlock>
					<TextBlock ID="block_6" HPOS="321" VPOS="1313" WIDTH="115" HEIGHT="28">
						<TextLine ID="line_34" HPOS="321" VPOS="1313" WIDTH="115" HEIGHT="28">
							<String ID="string_221" HPOS="321" VPOS="1313" WIDTH="115" HEIGHT="28" WC="0.95" CONTENT="förordna."/>
						</TextLine>
					</TextBlock>
				</ComposedBlock>
				<ComposedBlock ID="cblock_4" HPOS="323" VPOS="1370" WIDTH="622" HEIGHT="104">
					<TextBlock ID="block_7" HPOS="323" VPOS="1370" WIDTH="622" HEIGHT="104">
						<TextLine ID="line_35" HPOS="599" VPOS="1370" WIDTH="67" HEIGHT="28">
							<String ID="string_222" HPOS="599" VPOS="1371" WIDTH="16" HEIGHT="27" WC="0.88" CONTENT="$"/><SP WIDTH="15" VPOS="1371" HPOS="615"/>
							<String ID="string_223" HPOS="630" VPOS="1370" WIDTH="36" HEIGHT="22" WC="0.96" CONTENT="64."/>
						</TextLine>
						<TextLine ID="line_36" HPOS="395" VPOS="1409" WIDTH="550" HEIGHT="30">
							<String ID="string_224" HPOS="395" VPOS="1409" WIDTH="79" HEIGHT="23" WC="0.83" CONTENT="Finnes"/><SP WIDTH="22" VPOS="1409" HPOS="474"/>
							<String ID="string_225" HPOS="496" VPOS="1412" WIDTH="68" HEIGHT="26" WC="0.96" CONTENT="någon"/><SP WIDTH="19" VPOS="1412" HPOS="564"/>
							<String ID="string_226" HPOS="583" VPOS="1412" WIDTH="8" HEIGHT="20" WC="0.93" CONTENT="i"/><SP WIDTH="19" VPOS="1412" HPOS="591"/>
							<String ID="string_227" HPOS="610" VPOS="1411" WIDTH="136" HEIGHT="26" WC="0.85" CONTENT="debiterings-"/><SP WIDTH="22" VPOS="1411" HPOS="746"/>
							<String ID="string_228" HPOS="768" VPOS="1410" WIDTH="35" HEIGHT="22" WC="0.93" CONTENT="och"/><SP WIDTH="24" VPOS="1410" HPOS="803"/>
							<String ID="string_229" HPOS="827" VPOS="1410" WIDTH="118" HEIGHT="29" WC="0.85" CONTENT="uppbörds-"/>
						</TextLine>
						<TextLine ID="line_37" HPOS="323" VPOS="1444" WIDTH="622" HEIGHT="30">
							<String ID="string_230" HPOS="323" VPOS="1444" WIDTH="66" HEIGHT="28" WC="0.96" CONTENT="längd"/><SP WIDTH="15" VPOS="1444" HPOS="389"/>
							<String ID="string_231" HPOS="404" VPOS="1449" WIDTH="113" HEIGHT="24" WC="0.96" CONTENT="upptagen,"/><SP WIDTH="19" VPOS="1449" HPOS="517"/>
							<String ID="string_232" HPOS="536" VPOS="1445" WIDTH="30" HEIGHT="21" WC="0.93" CONTENT="till"/><SP WIDTH="17" VPOS="1445" HPOS="566"/>
							<String ID="string_233" HPOS="583" VPOS="1445" WIDTH="80" HEIGHT="29" WC="0.92" CONTENT="utskyld"/><SP WIDTH="8" VPOS="1445" HPOS="663"/>
							<String ID="string_234" HPOS="671" VPOS="1445" WIDTH="77" HEIGHT="29" WC="0.86" CONTENT="piigtig"/><SP WIDTH="10" VPOS="1445" HPOS="748"/>
							<String ID="string_235" HPOS="758" VPOS="1444" WIDTH="86" HEIGHT="22" WC="0.96" CONTENT="medlem"/><SP WIDTH="12" VPOS="1444" HPOS="844"/>
							<String ID="string_236" HPOS="856" VPOS="1446" WIDTH="26" HEIGHT="28" WC="0.93" CONTENT="af"/><SP WIDTH="7" VPOS="1446" HPOS="882"/>
							<String ID="string_237" HPOS="889" VPOS="1446" WIDTH="56" HEIGHT="20" WC="0.92" CONTENT="kom-"/>
						</TextLine>
					</TextBlock>
				</ComposedBlock>
				<ComposedBlock ID="cblock_5" HPOS="255" VPOS="1484" WIDTH="659" HEIGHT="23">
					<TextBlock ID="block_8" HPOS="255" VPOS="1484" WIDTH="659" HEIGHT="23">
						<TextLine ID="line_38" HPOS="255" VPOS="1484" WIDTH="659" HEIGHT="23">
							<String ID="string_238" HPOS="255" VPOS="1484" WIDTH="145" HEIGHT="18" WC="0.89" CONTENT="Sammansatta"/><SP WIDTH="12" VPOS="1484" HPOS="400"/>
							<String ID="string_239" HPOS="412" VPOS="1484" WIDTH="52" HEIGHT="23" WC="0.90" CONTENT="Lag-"/><SP WIDTH="12" VPOS="1484" HPOS="464"/>
							<String ID="string_240" HPOS="476" VPOS="1484" WIDTH="33" HEIGHT="18" WC="0.93" CONTENT="och"/><SP WIDTH="11" VPOS="1484" HPOS="509"/>
							<String ID="string_241" HPOS="520" VPOS="1484" WIDTH="193" HEIGHT="23" WC="0.49" CONTENT="Ekonomiutskottets"/><SP WIDTH="13" VPOS="1484" HPOS="713"/>
							<String ID="string_242" HPOS="726" VPOS="1484" WIDTH="116" HEIGHT="18" WC="0.96" CONTENT="betänkande"/><SP WIDTH="12" VPOS="1484" HPOS="842"/>
							<String ID="string_243" HPOS="854" VPOS="1489" WIDTH="30" HEIGHT="13" WC="0.90" CONTENT="n:o"/><SP WIDTH="14" VPOS="1489" HPOS="884"/>
							<String ID="string_244" HPOS="898" VPOS="1484" WIDTH="16" HEIGHT="18" WC="0.96" CONTENT="7."/>
						</TextLine>
					</TextBlock>
				</ComposedBlock>
			</PrintSpace>
		</Page>
	</Layout>
</alto>
