1053 1692
226 134 27 20 12
414 132 20 20 U.
450 132 18 19 B.
485 142 27 3 —
528 131 54 24 Prop.
598 130 30 20 N:o
643 129 24 20 41
683 134 25 14 m.
724 128 18 19 fl.

567 228 17 25 L

267 277 121 29 Angående
404 276 255 29 landtdagskostnaderna
674 274 58 23 skall
741 273 115 22 Utskottet
866 270 37 23 vid
918 270 41 22 slu-

199 315 33 20 tet
247 313 26 22 af
285 313 139 27 landtdagen,
441 312 28 22 då
484 311 147 22 kostnaderna
642 310 75 21 kunna
731 310 100 20 närmare
845 305 113 27 beräknas,

199 348 86 28 afgifva
299 348 104 22 särskildt
417 346 145 23 betänkande.
592 344 129 23 Emellertid
740 344 45 21 kan
800 342 70 22 denna
884 340 74 32 utgift,

199 385 54 20 utan
267 383 49 21 fara
330 382 34 22 för
387 384 34 19 att
435 382 42 21 den
492 381 69 22 skulle
576 379 94 23 behöfva
685 378 49 22 med
748 378 69 27 något
831 375 128 23 nämnvärdt

199 418 78 27 belopp
300 417 152 26 öfverskridas,
474 416 41 21 här
537 413 132 29 upptagas
659 407 14 42 i
689 413 97 27 enlighet
808 411 48 22 med
878 405 81 36 nådiga

199 452 160 28 propositionen
374 451 41 22 N:o
430 453 26 19 17
472 450 35 22 till
521 451 103 25 250,000
639 449 67 21 mark.

270 487 61 21 Enär
352 485 120 28 utgifterna
494 485 34 22 för
551 484 71 22 denna
643 482 108 27 landtdag
773 481 98 27 försiggå
892 478 69 22 under

200 521 148 23 innevarande
363 521 26 22 år
403 521 39 21 och
457 520 84 22 således
556 519 48 22 icke
619 517 119 28 rätteligen
748 517 36 21 må
794 515 57 22 föras
865 514 29 27 på
909 513 51 22 bud-

201 558 66 26 geten
281 556 34 22 för
329 555 126 28 påföljande
464 553 153 29 treårsperiod,
633 553 40 22 har
684 552 115 22 Utskottet
814 551 71 21 ansett
895 543 66 38 rikti-

202 593 56 26 gast,
275 592 34 21 att
324 591 34 21 för
372 589 170 29 ifrågavarande
556 589 130 27 utgiftspost
700 586 134 23 omedelbart
842 579 118 36 innehålles

203 627 93 26 250,000
311 626 63 21 mark
397 625 24 22 af
442 621 25 25 de
489 623 158 28 behållningar,
669 629 46 15 som
730 622 12 21 &
759 619 108 24 särskilda
888 617 73 23 bevill-

202 661 134 27 ningsmedel
351 660 117 21 beräknats
484 659 116 22 förefinnas
610 657 38 23 vid
659 657 62 22 detta
731 657 36 21 års
777 655 91 27 utgång.
893 653 69 22 Dessa

202 695 158 27 behållningar,
384 694 61 23 öfver
460 694 74 22 hvilka
556 692 152 28 specifikation
727 689 106 23 nedanför
846 687 115 27 meddelas,

203 732 37 19 äro
263 729 124 22 beräknade
409 731 34 20 att
464 730 80 26 utgöra
566 728 142 21 tillsammans
732 725 120 27 3,162,718:
873 724 26 20 50
923 721 39 22 och

202 765 54 21 böra
271 765 72 26 alltså,
367 764 56 21 efter
438 763 78 28 afdrag
534 763 25 21 af
577 761 142 23 förenämnda
734 760 92 27 250,000
840 757 67 26 mark,
931 757 33 20 ut-

203 799 127 21 balanseras
345 798 34 22 till
395 800 55 20 1883
465 798 48 21 med
529 797 77 22 endast
621 797 122 26 2,912,718:
760 796 34 19 50.

273 833 44 22 Det
330 840 51 15 vore
403 833 67 22 likväl
493 839 27 15 en
542 831 180 27 ofullständighet
744 835 34 16 om
799 827 109 28 budgeten
929 825 34 22 för

204 868 122 22 stundande
341 868 145 27 treårsperiod
501 867 49 22 icke
565 868 94 26 upptoge
675 866 72 26 några
760 862 203 28 landtdagskostna-

205 903 44 21 der.
273 902 103 28 Utgiften
390 902 34 22 för
439 904 63 20 nästa
512 902 112 26 landtdag,
641 901 26 21 år
678 901 62 25 1885,
757 904 45 16 som
812 897 85 22 infaller
906 896 57 21 inom

205 938 70 27 sagda
289 937 75 27 period
379 938 40 20 och
433 943 45 15 som
491 939 25 19 är
530 943 27 15 en
572 935 81 22 normal
668 934 135 28 utgiftspost,
818 932 88 22 hvilken
915 930 49 22 med

205 972 137 22 bestämdhet
356 972 45 21 kan
415 971 99 26 förutses,
530 971 39 21 bör
584 970 19 28 ej
620 969 50 22 från
685 968 150 26 beräkningen
851 965 112 27 uteslutas,

206 1013 33 15 om
255 1006 38 22 det
308 1006 40 22 ock
362 1006 45 22 läte
422 1006 34 27 sig
471 1008 54 25 göra
547 1006 34 20 att
603 1004 56 22 först
681 1003 69 22 under
772 1002 73 27 loppet
861 1000 24 22 af
900 1001 64 20 nästa

205 1040 107 28 landtdag
335 1047 33 15 om
391 1040 47 22 dess
454 1039 138 23 bestridande
614 1038 109 22 förordna.
753 1036 114 22 Utskottet
888 1034 77 28 uppför

207 1074 72 22 derför
301 1076 33 20 ett
355 1074 171 28 förslagsbelopp
549 1073 25 22 af
594 1074 92 26 250,000
702 1071 61 22 mark
786 1070 34 22 till
841 1069 124 27 landtdags-

205 1109 119 22 kostnader
341 1111 61 19 1885.

573 1256 27 24 I.

276 1306 34 21 På
325 1306 46 21 sätt
387 1304 6 22 i
402 1304 124 22 Utskottets
542 1302 138 23 betänkande
695 1302 41 20 N:o
753 1303 33 25 11,
800 1300 8 21 i
818 1298 117 28 anledning
945 1298 24 22 af

207 1340 84 27 nådiga
305 1339 161 28 propositionen
480 1339 40 21 N:o
536 1340 26 20 40
578 1344 34 16 om
627 1336 121 23 anvisande
763 1335 25 22 af
800 1334 70 22 medel
883 1333 35 22 till
933 1333 34 21 be-

207 1374 112 22 stridande
343 1374 25 22 af
387 1374 147 21 kostnaderna
553 1372 35 22 för
605 1372 71 22 finska
691 1370 116 26 militären,
822 1371 99 19 närmare
935 1369 33 20 ut-

207 1409 70 28 redes,
300 1411 25 20 är
343 1408 35 23 för
397 1408 63 22 dessa
479 1407 123 27 kostnader,
618 1406 77 23 hvilka
710 1405 34 22 för
757 1405 53 22 åren
826 1404 140 21 1883—1885

207 1444 76 27 uppgå
297 1444 34 21 till
347 1449 26 16 en
387 1449 83 16 summa
484 1442 26 22 af
538 1459 4 4 .
573 1458 5 5 .
609 1458 5 5 .
645 1457 4 5 .
682 1457 4 5 «
718 1457 5 4 +»
754 1456 5 5 .
791 1439 132 27 18,511,765:
941 1439 25 20 71

279 1483 151 18 Statsutskottets
442 1481 117 19 betänkande
567 1482 37 17 N:o
616 1482 28 17 14.
