1023 1670
230 133 28 19 20
435 131 24 22 U.
475 131 23 22 B.
515 144 26 3 —
557 131 66 30 Prop.
639 131 38 23 N:o
693 130 34 23 33.

259 196 145 28 Björneborgs
420 198 37 26 (40
466 197 65 27 rubl.)
547 196 41 23 och
599 197 95 28 Nylands
706 198 36 26 (59

259 231 64 26 rubl.)
341 231 81 22 indelta
436 232 121 27 bataljoner
594 249 4 4 .
630 249 4 4 .
665 248 5 4 .
703 249 4 4 .
738 247 5 6 .
774 232 43 26 Far
834 233 46 20 185:
898 233 33 20 60.

202 265 145 22 Passevolans
378 282 5 4 .
413 283 4 4 .
449 282 4 4 «.
486 282 4 5 .
557 283 41 4 cc.
667 283 76 4 co...
790 282 10 10 »
848 267 32 21 19:
896 267 35 20 20.

202 299 180 22 Reservvakans.
414 317 3 4 .
450 318 4 4 .
486 318 4 4 .
522 316 5 5 .
561 317 2 5 .
598 316 1 5 .
630 316 5 4 «+
703 317 4 5 sv
739 318 4 3 «>
789 316 10 9 »
848 302 32 20 16:
898 302 32 19 10.

774 341 42 26 Fry
832 342 48 20 220:
897 342 33 20 90.

201 381 48 15 som
263 374 138 23 förvandladt
415 376 34 21 till
464 376 136 22 skatterubel
620 376 77 22 liksom
713 375 31 22 of-

258 416 42 15 van
315 416 38 21 ger
390 425 5 6 .
425 427 5 4 .
464 426 1 5 .
499 427 2 4 .
536 426 1 5 .
571 427 2 4 .
605 425 4 5 .
641 427 4 4 .
677 410 139 21 Skatterubel
846 411 33 19 38:
897 411 33 20 68.

201 449 70 22 Alltså
286 449 204 27 rustningskostnad
508 449 33 22 för
559 451 33 20 ett
607 450 92 21 rusthåll
715 449 29 22 ef-

261 486 34 19 ter
311 483 76 28 afdrag
401 483 23 22 af
432 483 71 23 halfva
514 484 230 28 roteringskostnaden

258 517 33 23 för
307 525 26 15 en
348 520 47 20 rote
426 535 4 4 .
462 536 4 4 .
498 534 4 5 .
533 535 4 5 .
569 536 4 4 .
606 536 4 4 .
642 535 4 5 .
677 518 139 22 Skatterubel
846 519 34 20 75:
897 519 33 20 67.

200 575 83 22 hvilket
302 575 79 28 belopp
402 576 113 22 Utskottet
535 578 73 19 ansett
627 576 34 27 sig
675 576 54 22 böra
744 576 71 21 utföra
830 576 6 21 i
852 577 108 20 närmaste

200 610 51 22 hela
270 610 31 22 tal
319 610 49 22 med
386 612 29 19 76
430 610 131 27 skatterubel,
578 616 46 16 som
640 611 65 21 alltså
720 610 67 27 enligt
802 611 158 26 noggrannaste

200 645 121 28 beräkning
342 646 65 26 utgör
430 645 40 22 den
491 651 89 21 summa,
601 645 86 22 hvartill
705 645 69 27 årliga
788 645 171 27 rustningskost-

200 680 72 21 naden
294 679 33 22 för
349 681 33 20 ett
403 679 91 22 rusthåll
519 679 55 22 efter
595 679 141 22 förenämnda
755 679 75 28 afdrag
847 679 43 22 kan
906 685 53 21 upp-

200 714 92 21 skattas.
331 714 76 22 Såsom
433 714 122 27 eqvivalent
579 714 33 22 för
635 713 263 28 rustningsskyldigheten
920 714 40 21 bör

202 749 86 22 derföre
306 749 75 27 hvarje
400 749 98 26 rusthåll,
516 749 69 28 jemte
600 749 38 22 det
653 751 33 20 att
701 749 120 22 detsamma
836 749 6 20 i
858 743 101 27 afseende

202 783 13 21 å
230 783 98 27 rotering
342 783 107 22 likställes
464 783 50 22 med
530 783 67 28 öfriga
612 784 106 26 hemman,
735 783 82 27 årligen
832 783 37 21 tilk
877 783 82 21 kronan

201 817 90 27 erlägga
310 824 27 14 en
357 817 60 21 skatt
434 817 32 21 till
486 817 61 22 detta
561 818 79 27 belopp
656 818 97 26 sålunda,
769 819 34 20 att
817 819 33 20 ett
865 818 94 20 motsva-

199 852 69 21 rande
287 852 78 27 belopp
385 848 190 31 rustningsräntor,
596 852 25 21 så
638 852 61 27 långt
715 852 109 21 desamma
838 850 73 27 förslå,
927 850 32 22 till

200 886 85 22 kronan
300 885 105 23 återfalla.

269 920 138 22 Beträffande
430 921 41 21 den
494 921 97 27 ordning,
615 920 67 28 enligt
701 920 87 22 hvilken
804 919 68 27 sagda
887 921 71 20 ränte-

201 955 81 27 belopp
303 956 68 21 borde
394 956 33 21 till
449 956 82 21 kronan
553 956 83 27 återgå,
656 955 40 21 har
712 954 114 23 Utskottet
840 955 72 21 ansett
927 954 34 26 sig

200 990 75 22 kunna
296 990 86 22 biträda
399 990 112 22 Komiténs
531 990 87 27 förslag.
649 990 10 21 I
675 989 96 27 enlighet
786 989 90 21 härmed
891 988 69 22 skulle

200 1024 34 22 för
249 1025 24 21 år
290 1026 54 20 1883
360 1024 33 22 till
408 1024 84 22 kronan
507 1024 98 22 återfalla
621 1026 32 20 ett
668 1024 85 27 belopp,
770 1023 152 22 motsvarande
933 1023 27 21 de

201 1060 125 20 nuvarande
348 1058 202 28 vakansafgifterna,
573 1059 40 22 och
637 1058 33 22 för
693 1058 73 28 hvarje
785 1057 23 22 af
824 1058 27 21 de
866 1057 94 27 följande

200 1094 54 21 åren
277 1096 13 19 4
312 1093 154 27 rubelskatter,
490 1093 43 22 tills
556 1093 50 22 hela
626 1093 38 21 det
682 1092 114 22 bestämda
815 1091 145 23 skatterubel-

201 1128 104 27 beloppet
323 1128 92 21 sålunda
432 1128 34 21 till
483 1128 83 21 kronan
585 1128 102 27 återgått.
717 1127 10 21 I
742 1126 115 23 Utskottet
871 1126 41 22 har
926 1126 34 21 väl

199 1162 83 27 yrkats,
306 1163 33 20 att
361 1162 37 21 det
421 1162 68 27 årliga
511 1162 117 21 tillskottet
650 1161 69 22 borde
733 1161 8 21 i
756 1161 70 26 någon
843 1166 49 16 mon
908 1160 52 22 ned-

199 1197 78 26 sättas,
294 1202 49 15 men
358 1196 115 22 Utskottet
487 1196 40 21 har
541 1197 74 20 ansett
629 1197 12 20 4
657 1195 135 22 skatterubel
802 1201 52 15 vara
864 1200 27 16 en
901 1194 59 27 billig

203 1230 55 27 årlig
273 1231 98 26 stegring
386 1230 41 22 och
443 1230 84 22 derföre
542 1229 113 22 bibehållit
670 1229 113 22 Komiténs
799 1228 87 27 förslag.

270 1263 101 23 Komitén
391 1264 57 22 hade
464 1264 103 22 uträknat
582 1264 27 22 de
624 1263 125 22 nuvarande
765 1262 195 28 vakansafgifterna

199 1298 7 22 i
226 1298 95 22 rubeltal
344 1298 55 22 efter
420 1300 54 20 1878
495 1298 35 22 års
550 1298 210 27 medelmarkegång.
791 1297 34 21 Då
840 1296 120 22 emellertid

199 1333 69 21 sedan
291 1333 50 21 dess
364 1335 35 19 tre
418 1332 25 22 år
460 1332 97 28 förflutit,
573 1332 123 23 hvarunder
709 1331 161 27 markegången
886 1333 74 19 natur-

198 1366 75 28 ligtvis
288 1367 130 27 förändrats,
435 1374 64 16 anser
516 1368 113 22 Utskottet
644 1368 37 21 det
695 1367 109 27 riktigare,
824 1368 33 19 att
872 1367 88 20 senaste

199 1401 136 28 tillgängliga
353 1402 208 28 medelmarkegäng,
582 1402 19 22 d.
617 1409 20 14 v.
653 1408 16 16 s.
693 1404 53 19 1881
766 1401 43 27 års,
832 1400 76 27 lägges
928 1400 32 22 till

199 1436 71 27 grund
287 1436 34 22 för
340 1436 147 28 beräkningen
503 1436 23 22 af
539 1436 207 28 vakansafgifternas
761 1435 79 28 belopp
856 1435 6 21 i
877 1434 83 22 skatte-

271 1475 150 19 Statsutskottets
434 1476 116 18 betänkande
564 1476 36 18 N'o
612 1476 16 18 3.
