1034 1673
307 91 66 26 Ständ.
389 92 30 25 Sv.
436 104 25 4 —
477 92 55 31 Prop.
547 91 31 25 N:o
592 91 32 26 36.
797 92 27 23 89

232 155 75 20 honom
323 155 17 28 ej
355 155 100 28 fullgöras
471 155 47 25 kan,
543 154 48 23 eller
611 158 26 17 är
652 155 75 21 brottet
742 156 23 19 sä
785 154 68 29 groft,

232 193 32 17 att
279 189 40 21 han
333 193 72 24 genast
419 189 101 28 fängslad
530 189 84 25 varder,
630 189 38 21 bör
678 190 8 20 i
698 189 155 29 ofvanberörda

232 223 100 22 ändamäl
348 224 101 21 domaren
465 224 48 22 eller
531 223 134 22 Guvernören
680 223 42 22 läta
732 224 77 21 sädant
823 223 31 21 till

233 258 154 21 vederbörande
409 258 152 28 befälhafvares
584 258 95 29 kunskap
702 258 88 21 komma.
819 253 35 25 Är

233 291 158 30 befälhafvaren
406 294 23 19 sä
441 293 87 28 fjerran
542 293 82 24 boende,
640 296 37 22 att,
693 294 67 21 under
774 296 80 18 väntan

231 328 31 27 på
278 327 51 28 hang
344 335 55 19 svar,
415 327 129 28 ransakning
559 327 37 21 och
612 327 48 21 dom
685 327 61 21 skulle
760 327 94 26 hindras,

233 363 35 19 må
283 361 149 22 underrättelse
447 369 34 14 om
492 361 63 22 målet
565 361 107 22 meddelas
682 365 106 18 närmaste
799 361 55 21 kom-

231 395 106 29 panichef,
354 403 43 14 som
413 397 30 20 då
454 396 122 29 förordnar
590 396 122 27 fullmäktig
726 395 37 22 och
779 396 76 21 sådant

236 430 31 21 till
292 430 263 29 bataljonskommendören
578 435 146 24 rapporterar.
755 430 100 21 Kommer

232 464 120 28 fullmäktig
368 465 25 27 ej,
408 466 64 20 sedan
484 467 31 27 på
531 466 56 20 detta
602 469 40 17 sätt
663 465 92 28 förfaret
777 469 26 17 är
818 465 37 21 och

234 501 23 19 så
273 499 48 28 lång
337 500 31 20 tid
377 499 104 30 förflutit,
497 503 29 18 att
547 500 43 21 han
613 500 78 21 kunnat
713 500 31 27 sig
766 499 89 26 inställa,

232 533 96 29 företage
344 535 102 20 domaren
462 535 58 20 ändå
536 534 62 21 målet
614 533 32 22 till
655 534 121 29 afgörande.
805 534 51 21 Var-

236 569 37 20 der
289 570 66 26 någon
371 569 100 27 förrymd
495 569 49 21 eller
568 572 57 17 utom
648 572 126 25 truppernas
795 569 63 20 stånd

233 603 141 28 permitterad
390 603 106 28 krigsman
506 605 41 28 för
562 606 58 18 rätta
636 603 62 25 stäld,
718 603 38 21 bör
770 603 35 20 ock
820 603 37 20 do-

236 645 74 14 maren
324 645 75 20 genom
415 637 136 22 Guvernören
573 638 71 21 derom
666 638 127 21 underrätta
816 637 41 21 den

236 671 126 28 anklagades
377 672 159 29 befälhafvare;
554 672 52 21 dock
620 673 34 20 må
671 672 128 28 ransakning
821 671 37 21 och

234 706 103 28 pröfning
353 711 23 23 aj
391 707 62 20 målet
469 707 119 28 derigenom
598 707 42 21 icke
650 706 131 30 uppehållas.
810 705 47 21 Fal-

238 740 29 22 ler
283 742 48 20 dom
354 741 35 21 och
405 742 40 20 har
469 741 221 29 kompanifullmäktig
712 742 21 27 ej
755 741 102 26 närvarit,

236 776 55 28 gifve
321 776 102 21 domaren
453 776 97 28 utslagets
579 776 93 21 innehåll
700 775 157 29 befälhafvaren

239 809 110 21 tillkänna.

510 874 16 27 $
540 874 52 22 215.

309 919 178 28 Handräckning,
503 927 44 14 som
565 919 110 22 Guvernör
688 919 48 22 eller
751 919 88 21 domstol
852 919 9 20 i

240 953 49 28 laga
305 954 90 28 ordning
415 956 24 26 af
462 954 145 29 befälhafvare
630 955 70 24 äskar,
723 961 58 14 vare
803 954 55 21 denn

240 987 79 29 skyldig
334 992 28 17 att
378 992 50 17 utan
445 989 129 28 tidsutdrägt
588 989 100 21 meddela.

511 1070 15 27 $
540 1069 55 21 216.

312 1114 67 27 Viten,
405 1114 31 21 till
462 1115 70 21 hvilka
556 1117 68 26 någon
649 1115 61 28 enligt
736 1115 67 21 denna
827 1114 34 27 lag

241 1149 74 24 dömes,
332 1149 57 21 delas
403 1149 66 28 jemnt
485 1149 88 22 emellan
588 1149 228 29 krigsmanshuskassan
827 1148 35 21 och

241 1182 113 29 åklagaren
369 1187 54 17 samt
443 1184 128 27 förvandlas
594 1185 34 20 vid
650 1185 103 20 bristande
775 1183 86 28 tillgång

241 1216 30 21 till
279 1217 170 30 fängelsestraff,
465 1220 33 27 på
513 1221 41 18 sätt
569 1219 9 20 i
593 1218 77 21 allmän
692 1218 33 29 lag
748 1226 32 13 om
803 1219 58 20 vites-

241 1251 56 22 böter
312 1253 93 26 stadgas.

513 1316 16 27 $
543 1316 49 21 217.

313 1359 13 21 I
341 1360 36 21 allt
396 1361 83 27 sådant,
502 1360 87 22 hvarom
604 1362 67 20 denna
686 1361 35 28 lag
745 1361 17 26 ej
786 1368 77 13 annor-

244 1394 65 21 lunda
324 1395 93 28 stadgar,
434 1395 63 21 lände
513 1396 33 20 till
562 1395 132 29 efterrättelse
703 1396 35 27 för
748 1395 116 28 krigsdom-
