1009 1670
287 140 20 19 U.
323 140 19 19 B.
359 150 27 4 —
401 140 54 24 Prop.
472 139 31 21 N:o
517 139 33 20 86.
743 140 26 20 13

40 204 97 27 ordning,
153 203 34 22 för
202 203 89 23 hvilken
305 203 120 28 auditören,
440 203 72 22 säsom
521 203 95 23 Rättens
628 203 99 28 lagfarne
742 203 57 23 leda-

39 239 51 26 mot,
106 237 69 29 enligt
190 237 161 28 propositionen
367 238 39 21 bör
420 244 101 16 ansvara.
551 238 36 21 Dä
609 238 120 22 emellertid
751 238 48 22 icke

39 272 68 22 heller
121 272 27 22 de
163 272 73 28 öfriga
249 272 149 22 ledamöterna
419 272 75 22 kunna
515 278 64 16 anses
601 271 44 23 fria
666 272 50 22 frän
730 272 69 23 sädan

40 306 146 28 ansvarighet,
209 307 41 21 har
264 306 115 22 Utskottet
399 305 92 23 framför
515 306 112 27 ,auditör*
645 306 76 29 tillagt
738 306 62 23 ordet

42 340 110 27 »främst".

109 375 12 21 I
135 375 152 28 stadgandena
309 380 34 16 om
357 374 123 28 Ständrätt,
503 375 34 22 uti
551 375 73 28 23:dje
638 375 99 28 kapitlet,
760 375 40 21 har

43 409 115 22 Utskottet
172 409 115 27 föreslagit
301 409 33 21 ett
351 415 40 21 par
400 408 161 28 förändringar,
577 409 117 27 åsyftande
706 409 45 22 dels
766 410 35 20 att

42 445 100 20 närmare
157 444 118 22 bestämma
298 443 27 21 de
339 443 46 27 fall,
401 443 29 21 då
445 443 117 22 Ståndrätt
579 444 39 21 bör
633 443 166 27 sammanträda,

41 478 45 22 dels
102 479 34 21 att
150 478 69 28 något
233 478 119 22 inskränka
374 477 71 22 denna
460 477 166 23 extraordinära
648 478 101 22 domstols
763 478 36 22 be-

39 512 109 28 fogenhet.
177 512 46 22 För
243 512 71 28 begge
336 512 183 28 förändringarna
541 512 44 22 kan
600 513 71 21 såsom
686 512 49 22 stöd
751 512 49 22 åbe-

40 553 64 21 ropas
120 546 65 23 äfven
199 546 104 22 utländsk
317 546 234 28 militärlagstiftnings
566 547 115 22 föredöme.

110 581 72 22 Bland
197 581 27 22 de
239 581 8 21 i
262 583 26 19 25
299 580 94 28 kapitlet
403 582 113 26 upptagna
526 581 109 22 särskilda
649 580 152 29 stadgandena

42 616 40 21 har
96 616 115 22 Utskottet
225 615 100 23 uteslutit
340 615 37 22 det
391 615 8 22 i
413 616 172 27 propositionens
599 615 14 29 &
628 618 41 19 217
684 615 115 29 ingående,

42 650 85 23 hvilket
141 650 48 22 icke
204 656 64 22 synes
283 650 66 22 hafva
364 650 34 22 sin
412 652 60 20 rätta
486 650 59 28 plats
559 650 8 22 i
582 657 27 15 en
624 650 133 28 ständerlag.

109 685 45 21 För
169 685 26 22 de
210 684 288 28 redaktionsförändringar,
513 685 116 22 Utskottet
638 686 29 26 på
677 685 59 22 olika
750 684 51 22 stäl-

41 719 36 22 len
92 719 8 22 i
114 719 145 28 lagförslaget
273 719 102 27 vidtagit,
397 719 62 22 torde
475 720 74 27 någon
563 719 128 28 motivering
706 719 49 22 icke
769 725 32 15 er-

41 753 91 22 fordras.
162 754 43 22 Till
219 754 84 22 sådana
324 753 155 29 förändringar
500 754 81 22 räknar
603 754 114 22 Utskottet
734 753 67 23 äfven

42 787 165 29 omflyttningen
231 788 25 22 af
278 788 99 27 kapitlen
402 790 11 20 7
430 789 40 21 och
485 791 20 25 8,
531 788 88 23 hvilken
636 789 59 21 skett
717 788 35 22 för
767 789 34 20 att

41 822 163 28 stadgandenas
220 822 157 28 ordningsföljd
396 823 36 21 må
451 823 74 22 bättre
540 824 110 21 motsvara
665 823 63 22 deras
743 822 58 21 inne-

41 857 51 26 håll,
115 858 57 20 samt
186 857 150 22 uteslutandet
355 857 25 22 af
395 857 171 28 propositionens
581 857 13 29 &
610 859 47 26 107,
680 863 45 16 som
740 858 61 26 synts

42 891 113 33 obehöflig,
178 891 5 29 $
199 893 49 26 212,
271 892 65 22 hvars
351 891 96 22 innehåll
465 892 69 22 redan
549 892 7 21 i
571 892 160 27 propositionen
746 892 56 21 åter-

40 925 69 22 finnes
124 925 8 22 i
147 925 13 30 &
175 928 20 25 5,
211 928 56 20 samt
282 925 25 30 8$
324 928 41 20 115
381 927 39 21 och
435 928 50 26 218,
505 926 86 23 hvilkas
606 926 96 22 innehåll
715 926 86 27 flyttats

42 960 35 22 till
92 961 159 22 betänkandets
266 960 26 29 $$
308 963 41 20 112
366 961 39 22 och
420 963 34 20 12.

111 995 12 22 I
138 995 42 22 den
195 995 70 22 finska
279 995 113 28 lagtexten
415 995 68 23 hafva
504 996 72 27 nägra
590 995 101 23 rättelser
705 995 8 22 i
726 995 76 28 spräk-

40 1029 45 28 ligt
99 1029 103 22 afseende
216 1029 114 28 vidtagits.

113 1064 12 21 I
140 1064 36 22 det
191 1064 74 22 härtill
279 1064 104 28 bifogade
396 1064 129 28 lagförslag,
549 1065 80 22 sådant
646 1064 119 23 detsamma
779 1063 25 22 af

43 1098 115 22 Utskottet
172 1099 127 27 tillstyrkes,
323 1101 37 20 äro
376 1099 27 22 de
418 1099 25 21 af
455 1099 116 22 Utskottet
585 1099 78 28 gjorda
681 1097 122 24 förändrin-

41 1139 70 21 garna
119 1133 39 22 och
168 1133 107 28 tilläggen
282 1133 135 22 betecknade
425 1133 48 23 med
481 1133 76 23 kursiv
564 1133 43 28 stil,
618 1134 40 21 och
666 1133 38 22 der
713 1132 90 23 uteslut-

41 1167 79 28 ningar
135 1167 66 28 skett,
217 1167 62 22 detta
293 1167 58 22 inom
365 1169 128 26 parenteser
507 1168 108 22 anmärkt.
644 1168 45 22 Der
699 1173 104 22 paragra-

40 1201 73 22 fernas
129 1201 199 28 ordningsnummer
343 1202 25 22 af
387 1202 116 22 Utskottet
525 1203 96 27 ändrats,
645 1204 24 20 är
691 1208 111 16 nummern

40 1235 105 28 angifven
166 1236 50 22 med
237 1236 91 22 kursiva
350 1236 71 22 siffror
441 1237 40 21 och
503 1237 172 27 propositionens
689 1235 114 29 paragraf-

40 1276 97 28 nummer
151 1272 26 20 är
191 1270 122 22 innesluten
327 1270 58 23 inom
399 1272 133 26 parenteser.

110 1305 149 27 Aberopande
273 1305 59 23 hvad
346 1305 8 22 i
369 1305 38 23 det
421 1305 134 28 föregående
570 1305 83 23 anförts
663 1305 36 22 får
713 1304 90 23 Utskot-

40 1340 34 20 tet
88 1339 111 23 vördsamt
212 1339 112 28 tillstyrka

179 1376 32 20 att
221 1374 82 22 landets
313 1374 112 28 höglofliga
434 1374 94 22 Ständer
541 1375 48 21 ville
595 1375 39 21 hos
643 1374 64 22 Hans
716 1373 86 28 Kejser-

144 1409 43 27 liga
201 1409 105 27 Majestät
320 1409 9 21 i
343 1409 170 27 underdänighet
528 1409 91 27 anmäla,
636 1411 32 19 att
677 1408 125 26 ständerna,

146 1443 8 21 i
177 1443 143 27 förhoppning
343 1444 70 21 derom
439 1446 32 19 att
495 1443 308 27 militärstrafflagstiftningen

110 1482 141 23 Lagutskottets
263 1482 117 18 betänkande
392 1483 37 17 N:o
441 1484 16 16 8.
