1014 1673
248 124 26 20 62
470 125 19 19 U.
505 125 19 19 B.
541 135 28 4 —
585 125 53 24 Prop.
654 125 28 19 N:o
698 124 31 21 36.

218 188 118 28 iakttagas,
348 189 52 22 eller
410 191 34 20 att
459 189 18 28 ej
489 189 73 28 någon
573 189 103 28 oätspord
686 189 95 22 erhåller
790 189 187 28 tjensteuppdrag,

217 229 45 15 som
277 223 56 22 skall
348 223 83 22 utföras
446 225 58 20 utom
519 223 82 22 landet.
625 224 44 27 Jag
684 223 35 22 fär
734 223 86 23 derföre
834 224 34 21 för
882 223 45 22 min
942 223 35 22 del

217 257 111 22 vördsamt
343 257 82 23 föreslä

322 295 30 19 att
368 293 122 22 Ständerna
511 293 66 21 mätte
600 295 78 25 antaga
697 293 135 27 lagförslaget
854 293 68 21 under
943 293 34 21 det

320 327 66 22 vilkor
409 330 31 19 att
461 327 62 22 Hans
539 327 120 28 Kejserliga
674 327 104 28 Majestät
799 327 47 22 ville
863 328 36 21 vid
913 329 64 20 nästa

321 362 100 27 landtdag
443 362 108 27 förelägga
576 361 123 22 Ständerna
722 362 114 27 lagförslag
860 362 70 21 derom
946 364 30 19 att

321 396 55 26 finsk
391 396 113 27 krigsman,
520 398 53 19 utan
587 397 40 20 sitt
642 398 44 25 eget
699 397 110 27 samtycke,
826 397 18 26 ej
858 397 37 20 mä
905 397 71 21 kunna

321 431 98 21 beordras
434 433 57 19 utom
507 431 70 21 landet
593 431 135 21 annorlunda
743 432 29 20 än
788 431 46 21 med
843 431 57 26 finsk
911 433 64 25 trupp

320 465 47 21 eller
382 465 167 27 kommendering
559 468 56 19 samt
625 465 81 28 jemväl
717 466 97 26 pähjuda
830 467 30 20 att
875 465 49 22 slikt
932 467 43 26 för-

318 500 128 27 faringssätt
462 500 112 21 emellertid
581 500 54 21 skall
644 500 107 27 iakttagas
766 500 59 27 ifrån
841 500 34 21 det
884 500 90 21 militär-

319 535 124 26 strafflagen
463 535 71 21 träder
549 535 8 20 i
570 535 100 26 gällande
686 535 56 27 kraft
766 535 42 21 tills
825 535 34 21 det
879 535 9 21 i
899 535 77 27 anförd

319 570 67 21 måtto
401 569 90 27 begärda
502 569 136 28 lagförslaget
647 569 41 22 kan
696 570 74 21 såsom
780 569 34 28 lag
820 569 153 28 promulgeras.

692 620 56 23 Axel
766 620 103 23 Grönvik.

578 730 21 14 2

531 777 41 21 Vid
585 776 16 28 $
616 779 38 19 20.

280 816 98 23 Emedan
391 817 40 28 jag
446 824 63 15 anser
523 817 126 22 Utskottets
661 817 114 28 pluralitet
784 817 67 22 hafva
860 817 50 22 med
919 817 52 22 hän-

210 857 41 21 syn
270 851 35 22 till
323 852 194 27 verkställigheten
535 852 26 21 af
573 852 27 22 de
615 852 8 21 i
639 852 71 22 denna
725 851 106 28 paragraf
842 851 128 22 omnämnda

210 885 136 22 arreststraff
357 887 111 21 meddelat
482 886 141 28 föreskrifter,
640 893 45 16 som
699 886 105 22 innebära
819 887 69 21 större
899 886 71 21 ömhet

210 919 34 22 för
254 920 43 21 den
307 921 146 22 arresterades
463 921 122 28 personliga
595 921 166 22 välbefinnande
772 923 28 19 än
809 920 9 22 i
827 920 144 22 förevarande

210 954 39 21 fall
264 955 59 22 varit
338 955 25 22 af
376 955 77 28 nöden,
469 955 82 22 tillåter
564 956 39 27 jag
619 956 45 27 mig
680 957 33 20 att
728 955 110 22 vördsamt
853 955 88 22 föreslå:

383 1007 35 22 det
432 1008 46 21 ville
493 1008 82 22 landets
589 1008 113 27 höglofliga
719 1007 91 22 Ständer
824 1008 34 27 för
864 1014 106 20 paragra-

313 1042 35 26 fen
362 1042 110 27 fastställa
487 1043 39 21 den
541 1043 82 27 lydelse,
640 1049 46 15 som
700 1043 136 26 förekommer
846 1043 33 20 uti
888 1042 40 21 den
940 1042 31 21 till

316 1075 121 23 Ständerna
453 1077 80 26 aflåtna
548 1077 80 27 nådiga
640 1077 170 27 propositionen.

728 1122 24 23 A.
770 1121 130 23 Grotenfelt.

279 1162 12 21 I
306 1162 71 22 denna
392 1163 133 22 reservation
539 1163 76 22 förena
630 1163 35 27 sig

362 1209 85 22 Robert
462 1209 157 29 Montgomery.
690 1209 24 22 A.
732 1209 89 22 Wrede.

575 1319 27 21 3.

385 1364 41 22 Vid
439 1364 16 28 $
473 1367 26 19 72
515 1365 25 27 ($
557 1366 28 20 65
599 1365 9 21 i
619 1365 180 27 propositionen).

276 1404 12 21 I
302 1406 92 20 motsats
409 1404 34 22 till
457 1405 124 22 Utskottets
596 1404 115 28 pluralitet
726 1405 70 21 häller
808 1405 40 27 jag
863 1404 52 27 före,
934 1407 34 20 att

205 1438 166 23 befälhafvaren
391 1439 34 22 för
443 1440 71 21 finska
532 1442 119 25 trupperna
670 1440 49 22 icke
734 1440 70 27 enligt
818 1439 149 27 folkrättsliga

276 1478 141 22 Lagutskottets
429 1480 116 18 betänkande
557 1480 36 18 N:o
605 1480 18 18 8.
