1009 1673
224 120 27 20 74
528 118 41 23 N:o
585 117 34 24 36.

195 183 22 22 af
231 185 151 21 motsvarande
397 190 59 22 rang,
473 186 56 20 samt
544 185 66 26 högst
625 185 33 27 sju
673 185 56 26 dygn
740 183 33 22 för
783 183 171 23 öfverofficerare

195 219 40 21 och
251 218 61 22 civile
328 219 129 27 tjenstemän
473 219 23 21 af
509 219 44 21 lika
567 225 55 21 rang
637 219 50 21 med
703 219 60 26 dem;
779 220 56 20 samt
850 220 33 20 att

264 255 35 18 4:0
315 253 96 27 aflägsna
425 253 47 22 från
487 253 57 22 befäl
561 253 60 22 öfver
635 253 108 28 kompani,
759 253 40 22 och
816 253 27 22 då
858 253 67 22 saken
934 252 18 28 ej

195 287 31 22 tål
242 287 95 28 uppskof
347 288 80 27 jemväl
441 288 46 22 från
502 288 58 23 befäl
576 288 60 23 öfver
651 289 103 27 bataljon,
771 288 109 22 äfvensom
891 287 63 28 skilja

195 321 48 22 från
259 321 125 23 anförtrodd
400 323 93 22 särskild
508 323 121 27 befattning
644 323 35 22 vid
695 325 98 25 truppen.

264 357 267 27 Regimentskommendör
554 358 40 21 och
619 357 49 22 med
690 357 79 22 honom
784 357 86 21 likstäld
887 356 67 22 befäl-

195 391 90 22 hafvare
301 397 51 21 eger
367 391 111 22 dessutom
494 392 105 27 rättighet
615 393 33 20 att
662 392 7 21 i
685 391 101 22 faststäld
802 391 89 27 ordning
902 392 52 26 göra

195 425 158 28 framställning
368 432 34 15 om
418 425 83 23 officers
515 426 139 27 förbigående
670 426 36 21 vid
721 425 115 23 befordran
850 425 8 21 i
873 427 41 19 tur.

545 479 13 26 8
575 480 33 19 22.

263 512 257 28 Bataljonskommendör,
545 519 46 15 som
607 512 33 22 för
656 512 57 22 befäl
730 512 59 22 öfver
804 511 103 22 särskildt
922 511 32 22 af-

195 547 168 22 kommenderad
378 549 71 26 trupp,
465 547 129 22 tillkommer
611 553 82 16 samma
704 547 196 27 bestraffningsrätt
908 552 45 16 som

196 581 263 28 ”egimentskommendör.

545 623 13 26 8
575 624 33 20 23.

265 656 131 27 Brigadchef
410 663 50 21 eger
475 657 104 27 rättighet
595 659 41 20 att:

267 693 32 20 1:0
315 693 53 26 göra
383 691 117 27 officerare,
512 692 72 21 hvilka
593 692 85 27 åtnjuta
686 690 267 29 regimentskommendörs

195 725 136 27 rättigheter,
348 726 163 27 anmärkningar
527 727 40 21 och
579 725 179 28 föreställningar,
768 725 100 27 antingen
876 730 77 22 genom

197 759 113 23 skrifvelse
326 760 53 22 eller
394 766 77 21 genom
487 760 115 28 dagorder;

266 796 33 20 2:0
316 795 77 29 ålägga
408 795 121 21 hemarrest
543 797 56 20 samt
616 797 71 19 arrest
702 795 13 21 &
731 794 93 28 högvakt
835 794 51 22 eller
896 794 6 21 i
910 794 44 21 läst

196 828 54 29 hytt,
267 829 66 28 högst
347 830 34 27 sju
397 830 55 27 dygn
469 829 32 22 för
517 829 173 22 stabsofficerare
706 829 41 22 och
755 829 62 22 civile
825 829 129 27 tjenstemän

196 863 23 22 af
239 864 151 21 motsvarande
408 871 59 20 rang,
484 866 56 19 samt
555 865 64 26 högst
635 864 79 28 fjorton
730 864 56 28 dygn
801 863 33 22 för
848 862 106 23 öfveroffi-

197 904 74 16 cerare
287 898 40 22 och
342 898 7 21 i
364 905 53 21 rang
433 899 49 21 med
497 899 48 21 dem
561 899 103 21 likstälde
680 899 61 21 civile
757 899 138 27 tjenstemän;

266 935 33 20 3:0
316 933 96 27 aflägsna
426 933 46 22 från
487 933 58 22 befäl
559 933 275 28 bataljonskommendörer
844 932 40 22 och
894 932 60 21 kom-

195 967 130 28 panichefer,
349 969 57 20 samt
427 968 8 21 i
457 968 92 27 krigstid
572 967 61 22 äfven
657 974 110 21 personer,
783 967 71 22 hvilka
870 967 84 27 ätnjuta

195 1002 270 27 regimentskommendörs
487 1003 136 26 rättigheter,
640 1002 65 22 likväl
721 1002 49 22 med
785 1001 121 28 skyldighet
922 1003 32 20 att

195 1036 75 22 derom
286 1037 151 27 ofördröjligen
453 1037 7 21 i
475 1037 101 22 faststäld
593 1037 92 27 ordning
701 1037 90 21 aflemna
806 1038 94 25 rapport.

545 1084 13 26 8
575 1085 33 20 24.

263 1117 162 22 Divisionschef
439 1120 24 19 är
476 1118 124 27 berättigad
616 1120 43 19 att:

265 1154 33 19 1:0
313 1153 53 26 göra
381 1152 112 27 generaler
509 1153 40 21 och
565 1153 61 21 civile
635 1153 131 27 tjenstemän
775 1151 23 22 af
803 1151 151 22 motsvarande

193 1192 54 21 rang
263 1187 166 26 anmärkningar
444 1187 41 22 och
499 1186 182 28 föreställningar,
699 1187 100 26 antingen
816 1193 76 20 genom
908 1188 45 19 sär-

194 1220 57 21 skild
267 1220 113 23 skrifvelse
399 1221 52 22 eller
467 1221 40 22 ock
523 1227 76 22 genom
617 1221 117 27 dagorder;

263 1257 34 20 2:0
314 1255 77 27 ålägga
406 1255 120 22 hemarrest
541 1257 56 20 samt
613 1257 71 20 arrest
699 1255 13 22 å
728 1255 95 27 högvakt
837 1255 117 22 elleriläst

192 1288 55 28 hytt,
263 1289 66 28 högst
342 1289 79 28 fjorton
437 1291 55 26 dygn
508 1290 33 22 för
556 1289 174 23 stabsofficerare
747 1289 39 22 och
795 1289 60 22 civile
864 1289 90 28 tjenste-

192 1325 50 20 män
265 1323 24 23 af
308 1325 153 21 motsvarande
483 1331 59 21 rang,
566 1327 57 19 samt
639 1325 33 21 till
687 1324 41 22 och
743 1324 49 22 med
808 1323 74 22 trettio
898 1324 56 27 dygn

191 1357 34 23 för
241 1358 174 23 öfverofficerare
432 1359 40 22 och
487 1360 8 21 i
509 1366 54 21 rang
578 1359 49 22 med
643 1359 48 22 dem
705 1359 102 21 likstälde
823 1358 60 22 civile
898 1359 55 27 tjen-

193 1394 96 26 stemän
279 1390 12 34 ;

263 1429 34 20 3:0
315 1428 8 21 i
338 1428 91 27 krigstid
446 1430 62 25 samt,
525 1434 33 16 om
575 1428 66 22 saken
658 1428 19 27 ej
694 1427 30 21 täl
740 1426 99 29 uppskof,
852 1426 79 28 jemväl
946 1428 9 20 i

191 1460 93 23 fredstid
306 1461 47 22 frän
376 1462 58 22 befäl
457 1462 95 28 aflägsna
572 1462 161 28 underlydande
748 1461 150 28 brigadchefer
912 1462 42 22 och
