1009 1673
199 108 26 21 52
503 108 39 22 N:o
557 106 35 24 36.

168 179 51 21 gare
241 173 8 21 i
273 173 117 22 allmänhet
405 174 103 27 stadgadt
523 176 30 24 är,
570 176 57 20 samt
641 172 124 29 krigsfiskal
779 174 8 20 i
803 173 126 28 tillämpliga

169 208 61 22 delar
245 207 57 22 hvad
317 207 34 22 för
365 208 157 22 advokatfiskal
537 209 7 21 i
559 208 88 22 Hofrätt
662 208 69 22 finnes
747 208 143 22 föreskrifvet.

509 271 11 28 8
537 273 46 20 170.

237 311 46 22 Har
306 312 77 27 någon,
407 318 46 16 som
472 312 100 28 angifvits
587 312 34 22 för
636 312 67 27 brott,
719 312 85 22 hvilket
819 312 37 28 går
872 312 12 22 å
898 312 30 27 lif,

169 346 54 22 eller
237 346 34 22 för
287 352 70 16 annan
372 347 49 22 svär
435 347 149 27 missgerning,
600 347 33 21 till
647 346 82 29 flykten
745 347 61 27 tagit,
815 347 64 21 innan
887 347 43 21 han

169 380 34 23 för
215 383 60 20 rätta
291 381 82 27 ställes,
389 382 66 22 anlite
470 381 160 23 befälhafvaren
643 382 165 22 vederbörande
819 382 111 22 Guvernör

169 422 36 16 om
224 416 55 22 hans
304 416 171 28 efterspanande,
497 417 40 21 och
552 417 93 21 ransake
662 416 105 22 domaren
782 417 62 26 ändä,
860 416 70 22 sävidt

170 450 34 28 sig
226 452 54 26 göra
302 450 62 27 läter,
387 452 77 26 genast
479 457 35 16 om
529 451 88 27 brottet,
633 458 50 15 men
699 451 58 22 hälle
772 452 49 21 med
836 451 73 27 utslag
923 451 8 21 i

169 485 67 21 mälet
254 485 59 26 inne,
329 485 44 21 tills
389 487 32 20 att
436 486 42 22 den
493 485 85 28 angifne
592 484 42 23 till
646 480 67 38 svars
718 486 97 22 kommer
831 486 52 22 eller
897 485 33 22 för

169 521 59 20 rätta
243 520 85 22 ställes.

511 561 10 29 $
539 563 46 20 171.

239 601 47 22 Har
301 601 71 27 nägon
387 601 33 23 för
435 602 68 22 sädan
517 602 114 28 lagstridig
646 602 111 27 handling,
766 602 63 22 hvars
838 602 92 22 bestraf-

170 635 65 22 fande
251 636 19 27 ej
288 636 67 27 enligt
370 636 195 28 ordningsstadgan
580 637 125 22 tillkommit
719 636 152 27 befälhafvare,
885 636 46 22 blif-

171 670 31 22 vit
221 670 91 22 straffad
327 671 7 21 i
349 672 124 27 disciplinär
488 672 97 27 ordning,
600 672 37 22 mä
651 672 81 22 sädant
747 672 19 28 ej
782 671 76 22 hindra
874 672 56 22 brot-

171 707 44 20 tets
231 706 102 22 ätalande
349 706 36 22 vid
400 706 99 23 domstol.

490 806 34 20 20
540 807 61 23 Kap.

172 860 38 22 Om
228 860 123 29 rättegäng
370 861 37 22 vid
428 861 117 30 Krigsrätt
559 862 57 22 samt
630 862 82 23 besvär
728 861 62 23 öfver
804 861 127 29 Krigsrätts

512 897 81 28 utslag.

512 954 11 28 8
539 956 47 20 172.

241 993 36 22 Dä
296 993 111 28 Krigsrätt
421 994 116 22 förordnad
552 997 31 24 är,
599 995 163 21 sammanträde
778 995 41 21 den
835 994 13 21 ä
863 995 69 20 utsatt

172 1027 32 21 tid
226 1028 42 21 och
291 1029 64 21 ställe
369 1031 57 19 samt
443 1030 74 21 vidare
533 1030 24 20 sä
572 1029 45 21 ofta
632 1030 27 20 de
675 1029 34 21 till
726 1029 124 21 densamma
865 1029 67 21 öfver-

172 1061 99 23 lemnade
287 1062 44 22 mäl
347 1063 40 21 och
403 1064 94 21 ärenden
513 1063 36 22 det
565 1063 102 22 erfordra.

509 1126 11 27 8
537 1128 47 20 173.

242 1165 103 22 Kommer
360 1166 19 27 ej
396 1166 143 22 ordföranden
555 1167 52 22 eller
621 1166 179 23 militärledamot
814 1166 33 22 till
860 1166 73 27 Krigs-

173 1201 44 20 rätt
233 1200 13 21 &
261 1202 71 20 utsatt
346 1200 42 27 tid;
405 1201 81 27 dömes,
503 1202 38 22 der
555 1202 44 21 han
615 1202 18 28 ej
650 1202 67 27 gitter
732 1201 50 27 laga
796 1200 70 23 förfall
880 1201 52 25 visa,

173 1234 33 21 till
221 1234 170 27 ordningsstraff.

242 1268 121 23 Uteblifver
378 1269 87 23 auditör
478 1270 134 27 förfallolöst,
628 1270 53 22 böte
698 1270 76 22 trettio
788 1270 68 21 mark.

517 1333 11 27 8
545 1335 46 20 174.

242 1371 78 23 Parter
335 1373 40 22 och
391 1373 90 27 vittnen,
498 1380 45 15 som
559 1374 61 21 skola
635 1374 35 21 vid
685 1373 112 27 Krigsrätt
807 1373 33 27 sig
847 1371 85 28 infinna,

173 1405 70 22 kallas
259 1413 78 20 genom
351 1408 126 22 auditörens
493 1408 93 27 försorg;
603 1408 40 22 och
659 1414 53 21 eger
727 1408 43 21 han
777 1401 29 39 för
801 1407 133 22 kallelsens

173 1440 162 23 verkställande
359 1442 72 27 anlita,
456 1442 28 22 dä
499 1443 40 22 den
555 1443 67 27 gäller
636 1443 7 21 i
659 1442 62 22 aktiv
736 1442 145 28 tjenstgöring
896 1442 38 21 be-
