1025 1673
292 122 66 25 Ständ.
374 123 29 24 Sv.
421 135 23 4 —
462 123 53 31 Prop.
530 123 30 25 N:o
575 124 30 24 36.
771 124 27 21 57

210 190 78 28 dighet;
302 191 68 21 dömes
385 190 30 21 till
429 192 167 28 ordningsstraff,
621 200 52 19 men,
696 200 33 13 om
750 193 78 20 sådant

210 224 50 22 skett
276 225 34 25 för
330 232 49 21 egen
397 225 80 29 fördel,
501 226 31 20 till
554 226 89 28 fängelse
665 226 32 21 till
720 227 37 21 och
780 227 48 21 med

212 262 27 18 ett
254 260 32 20 är.

476 357 27 17 15
516 358 54 21 Kap.

598 385 7 12 ,

234 407 37 23 Om
287 407 165 24 öfverträdande
468 408 23 24 af
506 409 43 29 god
562 408 87 30 ordning
665 408 55 24 inom
737 408 66 30 krigs-

246 442 86 23 makten
348 445 56 21 samt
419 443 165 23 äsidosättände
599 443 23 24 af
637 443 93 24 militära
745 443 51 29 plig-

303 479 35 21 ter
353 477 28 23 uti
397 477 69 24 andra
482 479 27 22 än
525 477 57 24 förut
597 477 5 23 i
618 477 71 24 denna
705 477 34 30 lag

450 511 90 24 nämnda
556 511 44 24 fall.

482 572 17 23 $
512 569 51 22 130.

282 608 126 28 Krigsman,
423 617 44 13 som
483 615 22 22 aj
520 610 72 20 starka
616 610 85 27 drycker
715 610 32 27 sig
761 609 69 28 öfver-

215 642 69 26 lastar,
308 643 64 21 varde
387 643 74 29 första
483 643 34 22 och
540 645 71 20 andra
633 651 60 14 resan
716 644 62 21 dömd
801 643 32 21 till

215 677 168 28 ordningsstraff.
411 677 83 28 Förgär
509 678 41 21 han
560 679 31 27 sig
601 678 89 21 sålunda
703 678 64 28 tredje
780 679 52 26 gän-

213 719 39 20 gen
268 711 48 22 eller
332 712 77 27 oftare,
424 712 46 21 eller
485 713 46 20 sker
541 713 110 28 förseelsen
668 713 27 20 dä
709 712 42 21 han
767 715 25 17 är
804 713 27 28 pä

214 746 50 20 vakt
278 745 48 22 eller
341 747 68 20 under
424 754 73 13 annan
514 747 148 28 tjenstgöring;
684 747 81 27 strafes
784 747 46 20 med

210 780 96 28 fängelse
320 781 8 20 i
342 781 56 28 högst
413 788 33 14 sex
461 782 111 24 månader,
587 781 35 21 och
638 781 40 20 kan
694 781 79 29 officer,
789 788 40 13 un-

216 815 110 27 derofficer
341 815 37 21 och
394 815 46 21 civil
455 816 121 28 tjensteman
594 816 95 28 derjemte
707 816 72 20 dömas
795 814 37 21 'till

214 849 171 30 jörafskedande.
415 850 16 20 I
444 850 55 21 aktiv
515 851 58 27 tjenst
589 850 84 21 anstäld
691 850 75 24 soldat,
787 856 45 14 som

215 887 30 18 tre
260 887 56 18 resor
331 884 48 22 eller
393 884 70 22 oftare
480 886 111 26 undergätt
606 886 25 24 af
639 885 98 27 krigsrätt
747 884 85 21 ådömdt

216 926 75 12 ansvar
301 919 39 29 för
351 918 82 29 fylleri,
449 919 40 21 kan
504 919 70 28 äfven,
590 927 32 13 om
640 921 24 19 sä
678 919 71 27 nödigt
768 918 64 29 pröf-

217 960 43 17 vas,
274 953 52 26 frän
341 954 82 26 tjensten
437 953 77 28 skiljas.

284 987 118 27 Angäende
418 987 79 21 valrätt
511 987 37 21 och
564 987 105 21 valbarhet
676 988 41 28 för
728 987 47 25 den,
789 994 44 13 som

216 1022 47 21 med
278 1022 143 28 dryckenskap
436 1022 63 27 tredje
512 1023 81 27 gången
616 1022 102 24 beträdes,
733 1024 53 18 samt
801 1020 32 21 be-

218 1057 107 27 träfande
347 1056 59 24 brott,
429 1064 44 13 som
495 1056 8 20 i
523 1056 71 28 fylleri
615 1056 65 28 begås,
701 1055 54 28 gälle
776 1054 56 21 hvad

217 1091 71 20 derom
302 1090 99 21 särskildt
417 1093 25 18 är
457 1091 107 27 stadgadt.

485 1148 16 27 $
516 1148 49 20 131.

287 1187 69 25 Hvar,
371 1195 43 13 som
429 1188 19 27 ej
463 1188 103 27 iakttager
578 1188 23 20 de
607 1187 144 29 föreskrifter,
767 1185 67 21 hvilka

219 1222 31 20 till
264 1221 185 29 upprätthållande
463 1222 26 28 af
501 1222 41 27 god
558 1222 92 27 ordning
667 1220 69 29 blifvit
751 1220 84 21 medde-

217 1256 52 24 lade,
284 1256 46 21 eller
345 1256 92 21 beträdes
451 1256 48 21 med
513 1256 55 21 kort-
583 1255 48 22 eller
646 1254 147 28 tärningsspel,
807 1254 29 20 då

218 1290 43 21 han
277 1293 26 18 är
314 1292 33 26 på
361 1290 54 25 vakt,
431 1290 50 22 eller
494 1294 38 24 gör
552 1290 64 27 oljud,
640 1290 47 21 eler
709 1290 56 26 eljest
780 1295 56 21 upp-

214 1325 38 28 för
267 1326 31 26 sig
318 1325 105 27 ovärdigt,
447 1325 68 21 dömes
537 1324 32 21 till
590 1323 167 29 ordningsstraf,
781 1322 55 25 eller,

218 1360 36 20 der
269 1360 206 27 omständigheterna
491 1362 38 18 äro
544 1359 131 28 synnerligen
689 1357 147 30 försvårande,

218 1393 32 21 till
260 1394 174 28 förafskedande,
451 1393 52 22 eller
516 1394 92 27 fängelse
623 1393 31 21 till
671 1392 35 21 och
721 1392 46 21 med
787 1392 49 27 fyra

218 1428 110 21 månader.
