1034 1673
231 96 27 22 92
428 94 65 26 Ständ.
508 94 31 25 Sv.
556 107 25 4 —
597 94 54 32 Prop.
666 94 31 26 N:o
712 94 30 25 36.

202 164 124 27 strafflagen
341 164 65 22 infört
424 171 25 15 en
474 165 134 27 bestämning
623 165 8 20 i
646 164 112 22 enahanda
781 164 54 27 syfte
857 164 39 22 och
919 163 46 22 der-

203 199 37 21 vid
254 198 61 27 gifvit
330 199 123 22 densamma
467 205 27 16 en
508 199 66 27 nödig
589 199 95 27 ansedd,;
694 199 106 27 tydligare
821 198 144 27 formulering,

203 239 63 21 synes
281 233 36 21 det
333 233 93 28 önskligt
441 235 38 25 att,
502 233 34 22 för
550 233 107 22 vinnande
672 233 23 22 af
715 233 152 27 likformighet,
889 233 76 27 ifräga-

203 267 95 21 varande
313 267 134 28 bestämning
464 267 70 22 blefve
554 268 80 27 jemväl
648 268 8 21 i
672 267 192 28 ordningsstadgan
886 267 79 27 förtyd-

204 301 58 28 ligad
276 301 29 27 pä
319 308 80 15 samma
414 304 43 19 sätt
472 308 46 15 som
533 302 8 21 i
556 301 124 28 strafflagen
694 302 64 21 skett.

273 335 11 22 I
299 335 12 28 8
326 337 27 20 45
369 336 23 21 af
405 336 101 27 förslaget
521 337 33 21 till
570 336 179 27 ordningsstadga
771 336 39 21 har
830 336 87 27 intagits
939 342 27 15 en

204 370 141 27 bestämning,
361 376 52 21 som,
430 370 66 27 enligt
511 370 132 22 Ständernas
659 371 71 25 tanke,
746 371 72 20 kunde
827 370 58 27 gifva
894 370 71 22 anled-

203 405 51 26 ning
270 404 33 21 till
318 406 31 19 ett
364 404 127 27 förfarande,
512 405 81 21 hvilket
608 405 69 21 skulle
696 405 53 21 räka
763 405 8 20 i
786 405 54 21 strid
855 405 48 22 med
918 405 26 21 de
958 405 8 20 i

203 439 74 21 landet
292 439 99 26 gällande
409 439 167 27 rättsprinciper.
608 439 33 22 En
656 439 175 27 omformulering
853 439 24 21 af
889 439 76 27 ifräga-

204 473 95 21 varande
313 473 102 27 paragraf
427 473 8 21 i
450 473 61 28 syfte,
527 475 32 20 att
575 474 41 21 den
632 473 45 22 deri
698 473 22 22 ät
743 473 144 22 befälhafvare
909 473 58 22 med-

204 507 59 27 gifna
278 509 43 20 rätt
337 510 32 19 att
384 508 7 21 i
409 507 147 28 tvifvelaktiga
578 507 37 22 fall
638 507 80 28 afgöra,
743 507 105 22 huruvida
870 509 31 20 ett
923 508 42 21 mål

204 541 40 22 bör
259 541 36 22 vid
316 542 91 21 domstol
430 542 73 27 ätalas,
527 541 70 22 blefve
619 542 94 27 tydligen
736 541 120 28 begränsad
879 542 86 26 derhän,

204 578 33 20 att
252 576 147 27 mälsegandes
414 578 43 20 rätt
473 578 32 20 att
521 577 62 26 vädja
598 577 33 21 till
650 576 93 22 domstol
765 576 46 22 icke
833 576 132 27 inskränkes,

205 617 62 21 synes
283 611 84 21 derföre
382 611 111 27 högeligen
512 611 112 22 önskvärd.

274 645 105 27 Slutligen
394 651 50 16 anse
460 646 31 27 sig
506 645 121 23 Ständerna
641 645 53 22 böra
717 647 84 25 nämna,
823 647 32 20 att
870 645 26 22 de
911 645 7 21 i
933 651 33 15 sa-

204 680 42 21 ken
257 680 128 27 rädfrägade
399 680 94 21 militära
508 682 126 25 experterna
650 680 102 27 enhälligt
767 682 67 25 yttrat
849 680 40 21 den
904 680 61 26 äsigt,

204 716 32 20 att
252 714 33 21 för
301 714 186 27 upprätthällande
502 714 24 22 af
538 715 42 27 god
603 715 56 21 anda
678 714 58 22 inom
758 716 92 25 truppen
872 714 39 21 och
933 714 33 20 för

204 750 33 20 att
252 748 199 27 underofficerarne,
468 748 82 22 hvilkas
566 748 84 28 uppgift
665 749 7 21 i
688 749 60 21 detta
770 748 121 22 hänseende
905 750 24 19 är
945 748 23 21 af

203 783 47 21 icke
266 783 61 27 ringa
342 783 51 27 vigt,
408 783 35 21 mä
458 789 39 21 ega
512 783 115 27 tillräcklig
642 783 124 26 auktoritet,
784 783 35 21 det
838 788 51 16 vore
904 782 61 22 önsk-

203 817 46 27 ligt,
266 819 32 20 att
314 818 40 21 den
370 817 139 28 diskiplinära
524 817 111 28 straffrätt,
652 818 60 21 desse
730 818 67 27 enligt
817 824 29 15 nu
867 817 98 28 gällande

204 852 133 27 stadganden
352 852 119 25 innehafva,
487 859 49 15 men
552 859 44 15 som
612 852 7 21 i
635 853 36 20 det
691 852 158 27 föreligganden
864 851 101 28 förslaget

204 886 47 21 icke
267 886 121 27 medgifvits
404 887 54 26 dem,
474 887 77 26 kunde,
567 887 33 21 för
615 885 270 29 plutonsunderofficerare,
906 886 6 21 i
928 887 37 20 nö-

206 920 45 27 digt
267 920 85 27 omfäng
367 921 124 21 hibehällas.

275 960 101 22 Finlands
392 961 92 21 Ständer
498 961 123 21 framhärda
636 963 39 19 etc.

344 1000 139 27 Helsingfors,
499 1001 41 21 den
556 1002 12 19 5
583 1001 50 21 Juni
650 1001 62 22 1882.

362 1412 112 18 Helsingfors,
483 1412 189 14 Hufvudstadsbladets
682 1411 80 18 tryckeri,
771 1411 39 14 1883.
