1020 1670
215 116 28 21 42

409 116 65 25 Ständ.
489 117 30 24 Sv.
536 129 25 4 —
577 117 53 31 Prop.
645 117 30 25 N:o
690 117 30 25 36.

601 185 15 27 $
630 186 35 20 88.

393 230 69 27 Hvar,
484 237 45 15 som
552 231 8 20 i
576 230 51 27 fält
649 230 72 27 blifvit
733 230 60 28 från
809 234 65 25 trupp
890 231 52 21 eller

320 263 81 29 fartyg
423 264 118 28 ofrivilligt
564 265 59 21 skild
649 265 39 27 ogh
712 265 125 21 underlåter
861 268 33 18 att
916 265 26 21 sä

325 300 63 19 snart
402 298 36 21 ske
452 298 43 22 kan
510 299 38 21 vid
562 299 146 28 krigsmakten
730 300 47 20 åter
796 300 34 27 sig
847 299 94 27 infinna;

327 332 63 21 varde
413 333 65 21 dömd
500 334 35 20 till
558 333 97 28 fängelse
676 334 9 20 i
704 334 62 28 högst
779 340 38 15 sex
831 334 111 26 månader,

327 367 52 20 eller
394 367 35 21 till
444 368 176 27 ordningsstraff.

601 453 16 27 $
633 454 35 20 89.

398 497 95 22 Lemnar
508 499 47 26 den,
571 505 45 14 som
632 499 110 26 undergår
752 498 122 27 hemarrest,
890 501 54 19 utan

329 531 100 22 tillstånd
443 532 34 21 sin
494 532 81 27 bostad,
598 533 52 21 eller
671 533 36 20 det
721 532 79 30 ställe,
815 533 38 20 der
867 532 77 22 honom

329 565 73 28 ålagts
423 569 33 18 att
478 569 98 19 arresten
590 567 108 27 undergå;
722 566 87 27 straffes
831 567 47 21 med
890 566 56 27 fän-

329 600 56 27 gelse
400 601 35 20 till
450 601 37 20 och
504 601 47 21 med
565 608 37 14 sex
616 601 110 22 månader.

603 687 16 27 $
635 688 35 20 90.

399 731 47 21 Der
460 731 119 29 krigsman,
601 732 56 27 efter
671 732 35 21 det
722 731 44 22 han
777 732 33 27 pä
825 731 121 29 ansökning

330 765 9 21 i
354 765 65 27 tjenst
434 767 104 26 antagits,
561 767 52 20 eller
635 769 169 24 transporterats
822 766 35 21 till
872 773 75 14 annan

332 799 127 28 befattning,
480 801 52 20 eller
546 801 69 20 under
630 800 94 28 beviljad
739 800 158 28 tjenstledighet
912 801 35 21 till

332 834 142 28 tjenstgöring
490 835 111 24 inkallats,
624 835 51 20 eller
691 834 59 27 från
771 834 91 27 sjukhus
876 835 71 20 såsom

325 867 64 27 frisk
403 868 129 27 utskrifvits,
555 868 45 21 icke
622 868 100 21 inställer
743 868 34 28 sig
796 868 9 20 i
820 868 96 27 tjensten,
939 869 9 20 i

326 901 100 27 Jredstid
440 902 69 21 innan
519 903 108 27 utgängen
638 904 29 23 af
673 909 26 14 en
709 902 87 27 mänad,
813 902 38 21 och
862 902 8 21 i
879 902 69 28 krigs-

333 936 32 21 tid
380 936 57 21 inom
448 936 86 27 femton
548 937 77 27 dagar,
648 936 132 22 oberäknadt
795 936 153 28 resedagarna,

332 970 58 27 eller,
410 971 68 21 sedan
494 971 58 21 tiden
562 970 42 28 för
619 970 94 28 beviljad
728 970 160 28 tjenstledighet
902 972 48 27 gått

334 1004 32 21 till
381 1005 67 27 ända,
466 1005 21 27 ej
502 1005 93 26 infinner
609 1006 35 26 sig
660 1006 7 19 i
683 1005 150 27 tjenstgöring,
855 1005 9 20 i
872 1004 76 27 freds-

333 1038 33 22 tid
387 1039 70 21 innan
473 1038 114 28 förloppet
603 1039 28 27 af
643 1046 25 14 en
683 1039 81 21 månad
779 1038 39 21 och
833 1039 9 20 i
857 1038 93 29 krigstid

332 1073 58 21 inom
400 1072 86 27 femton
502 1074 81 27 dagar;
599 1074 72 26 varde,
687 1080 33 14 om
735 1073 44 21 han
795 1073 20 27 ej
822 1073 66 27 gitter
898 1074 52 27 laga

327 1106 87 28 förfall
435 1108 53 24 visa,
512 1108 65 20 dömd
594 1108 35 20 till
644 1108 35 20 det
692 1108 9 20 i
715 1107 15 27 $
743 1108 32 21 82
795 1106 38 27 för
848 1108 102 27 rymning

332 1144 83 18 utsatta
431 1148 85 14 ansvar.

406 1181 82 21 Uteblir
502 1181 43 21 han
561 1181 86 21 kortare
663 1181 32 21 tid
710 1183 29 18 än
754 1181 67 26 ofvan
835 1181 65 27 sagdt
914 1183 37 23 är;

334 1215 71 21 dömes
421 1216 35 21 till
470 1215 176 28 ordningsstraf.

608 1300 15 28 $
641 1301 35 20 91.
831 1297 10 9 *

403 1347 119 27 Angående
536 1346 153 28 värnepligtig,
711 1352 51 20 som,
785 1346 30 20 dä
837 1345 44 21 han
906 1345 46 21 bort

334 1380 66 22 träda
415 1381 9 21 i
438 1380 59 22 aktiv
517 1381 71 27 tjenst,
611 1383 53 18 utan
689 1380 50 27 laga
749 1379 87 28 förfall
851 1379 101 27 derifrän

334 1414 86 26 uteblir,
435 1415 89 27 stadgas
539 1416 9 20 i
563 1414 201 28 värnepligtslagen.
