<?xml version="1.0" encoding="UTF-8"?>
<alto xmlns="http://www.loc.gov/standards/alto/ns-v3#" xmlns:xlink="http://www.w3.org/1999/xlink" xmlns:xsi="http://www.w3.org/2001/XMLSchema-instance" xsi:schemaLocation="http://www.loc.gov/standards/alto/ns-v3# http://www.loc.gov/alto/v3/alto-3-0.xsd">
	<Description>
		<MeasurementUnit>pixel</MeasurementUnit>
		<sourceImageInformation>
			<fileName>/tmp/tess_vt5w5gdc_input.PNG</fileName>
		</sourceImageInformation>
		<OCRProcessing ID="OCR_0">
			<ocrProcessingStep>
				<processingSoftware>
					<softwareName>tesseract 5.3.4</softwareName>
				</processingSoftware>
			</ocrProcessingStep>
		</OCRProcessing>
	</Description>
	<Layout>
		<Page WIDTH="1020" HEIGHT="1670" PHYSICAL_IMG_NR="0" ID="page_0">
			<PrintSpace HPOS="0" VPOS="0" WIDTH="1020" HEIGHT="1670">
				<ComposedBlock ID="cblock_0" HPOS="416" VPOS="126" WIDTH="312" HEIGHT="32">
					<TextBlock ID="block_0" HPOS="416" VPOS="126" WIDTH="312" HEIGHT="32">
						<TextLine ID="line_0" HPOS="416" VPOS="126" WIDTH="312" HEIGHT="32">
							<String ID="string_0" HPOS="416" VPOS="126" WIDTH="65" HEIGHT="25" WC="0.90" CONTENT="Ständ."/><SP WIDTH="16" VPOS="126" HPOS="481"/>
							<String ID="string_1" HPOS="497" VPOS="126" WIDTH="29" HEIGHT="25" WC="0.93" CONTENT="Sv."/><SP WIDTH="16" VPOS="126" HPOS="526"/>
							<String ID="string_2" HPOS="542" VPOS="140" WIDTH="27" HEIGHT="2" WC="0.93" CONTENT="—"/><SP WIDTH="15" VPOS="140" HPOS="569"/>
							<String ID="string_3" HPOS="584" VPOS="127" WIDTH="54" HEIGHT="31" WC="0.95" CONTENT="Prop."/><SP WIDTH="15" VPOS="127" HPOS="638"/>
							<String ID="string_4" HPOS="653" VPOS="127" WIDTH="30" HEIGHT="25" WC="0.92" CONTENT="N:o"/><SP WIDTH="15" VPOS="127" HPOS="683"/>
							<String ID="string_5" HPOS="698" VPOS="127" WIDTH="30" HEIGHT="24" WC="0.92" CONTENT="36."/>
						</TextLine>
					</TextBlock>
				</ComposedBlock>
				<ComposedBlock ID="cblock_1" HPOS="324" VPOS="197" WIDTH="627" HEIGHT="543">
					<TextBlock ID="block_1" HPOS="606" VPOS="197" WIDTH="68" HEIGHT="25">
						<TextLine ID="line_1" HPOS="606" VPOS="197" WIDTH="68" HEIGHT="25">
							<String ID="string_6" HPOS="606" VPOS="198" WIDTH="16" HEIGHT="24" WC="0.92" CONTENT="$"/><SP WIDTH="14" VPOS="198" HPOS="622"/>
							<String ID="string_7" HPOS="636" VPOS="197" WIDTH="38" HEIGHT="20" WC="0.95" CONTENT="25."/>
						</TextLine>
					</TextBlock>
					<TextBlock ID="block_2" HPOS="325" VPOS="236" WIDTH="626" HEIGHT="269">
						<TextLine ID="line_2" HPOS="400" VPOS="236" WIDTH="551" HEIGHT="29">
							<String ID="string_8" HPOS="400" VPOS="236" WIDTH="51" HEIGHT="21" WC="0.92" CONTENT="Har"/><SP WIDTH="14" VPOS="236" HPOS="451"/>
							<String ID="string_9" HPOS="465" VPOS="236" WIDTH="72" HEIGHT="28" WC="0.91" CONTENT="nägon"/><SP WIDTH="10" VPOS="236" HPOS="537"/>
							<String ID="string_10" HPOS="547" VPOS="236" WIDTH="44" HEIGHT="27" WC="0.92" CONTENT="för"/><SP WIDTH="14" VPOS="236" HPOS="591"/>
							<String ID="string_11" HPOS="605" VPOS="236" WIDTH="74" HEIGHT="21" WC="0.93" CONTENT="skilda"/><SP WIDTH="16" VPOS="236" HPOS="679"/>
							<String ID="string_12" HPOS="695" VPOS="236" WIDTH="56" HEIGHT="21" WC="0.93" CONTENT="brott"/><SP WIDTH="16" VPOS="236" HPOS="751"/>
							<String ID="string_13" HPOS="767" VPOS="236" WIDTH="60" HEIGHT="28" WC="0.96" CONTENT="gjort"/><SP WIDTH="21" VPOS="236" HPOS="827"/>
							<String ID="string_14" HPOS="848" VPOS="237" WIDTH="34" HEIGHT="28" WC="0.93" CONTENT="sig"/><SP WIDTH="17" VPOS="237" HPOS="882"/>
							<String ID="string_15" HPOS="899" VPOS="236" WIDTH="52" HEIGHT="27" WC="0.88" CONTENT="för-"/>
						</TextLine>
						<TextLine ID="line_3" HPOS="325" VPOS="270" WIDTH="625" HEIGHT="29">
							<String ID="string_16" HPOS="325" VPOS="270" WIDTH="76" HEIGHT="27" WC="0.95" CONTENT="fallen"/><SP WIDTH="16" VPOS="270" HPOS="401"/>
							<String ID="string_17" HPOS="417" VPOS="271" WIDTH="35" HEIGHT="21" WC="0.93" CONTENT="till"/><SP WIDTH="15" VPOS="271" HPOS="452"/>
							<String ID="string_18" HPOS="467" VPOS="270" WIDTH="59" HEIGHT="22" WC="0.93" CONTENT="enkel"/><SP WIDTH="15" VPOS="270" HPOS="526"/>
							<String ID="string_19" HPOS="541" VPOS="274" WIDTH="77" HEIGHT="22" WC="0.93" CONTENT="arrest,"/><SP WIDTH="16" VPOS="274" HPOS="618"/>
							<String ID="string_20" HPOS="634" VPOS="271" WIDTH="29" HEIGHT="21" WC="0.96" CONTENT="dä"/><SP WIDTH="16" VPOS="271" HPOS="663"/>
							<String ID="string_21" HPOS="679" VPOS="271" WIDTH="42" HEIGHT="25" WC="0.96" CONTENT="mä,"/><SP WIDTH="16" VPOS="271" HPOS="721"/>
							<String ID="string_22" HPOS="737" VPOS="271" WIDTH="37" HEIGHT="21" WC="0.93" CONTENT="vid"/><SP WIDTH="16" VPOS="271" HPOS="774"/>
							<String ID="string_23" HPOS="790" VPOS="271" WIDTH="160" HEIGHT="28" WC="0.91" CONTENT="sammanlägg-"/>
						</TextLine>
						<TextLine ID="line_4" HPOS="330" VPOS="305" WIDTH="620" HEIGHT="27">
							<String ID="string_24" HPOS="330" VPOS="306" WIDTH="54" HEIGHT="26" WC="0.95" CONTENT="ning"/><SP WIDTH="24" VPOS="306" HPOS="384"/>
							<String ID="string_25" HPOS="408" VPOS="305" WIDTH="29" HEIGHT="27" WC="0.90" CONTENT="af"/><SP WIDTH="19" VPOS="305" HPOS="437"/>
							<String ID="string_26" HPOS="456" VPOS="305" WIDTH="104" HEIGHT="27" WC="0.96" CONTENT="straffen,"/><SP WIDTH="24" VPOS="305" HPOS="560"/>
							<String ID="string_27" HPOS="584" VPOS="306" WIDTH="59" HEIGHT="20" WC="0.96" CONTENT="tiden"/><SP WIDTH="17" VPOS="306" HPOS="643"/>
							<String ID="string_28" HPOS="660" VPOS="305" WIDTH="43" HEIGHT="27" WC="0.96" CONTENT="för"/><SP WIDTH="22" VPOS="305" HPOS="703"/>
							<String ID="string_29" HPOS="725" VPOS="306" WIDTH="36" HEIGHT="20" WC="0.96" CONTENT="det"/><SP WIDTH="20" VPOS="306" HPOS="761"/>
							<String ID="string_30" HPOS="781" VPOS="305" WIDTH="30" HEIGHT="27" WC="0.96" CONTENT="af"/><SP WIDTH="18" VPOS="305" HPOS="811"/>
							<String ID="string_31" HPOS="829" VPOS="306" WIDTH="54" HEIGHT="26" WC="0.96" CONTENT="dem,"/><SP WIDTH="22" VPOS="306" HPOS="883"/>
							<String ID="string_32" HPOS="905" VPOS="312" WIDTH="45" HEIGHT="14" WC="0.96" CONTENT="som"/>
						</TextLine>
						<TextLine ID="line_5" HPOS="332" VPOS="339" WIDTH="619" HEIGHT="28">
							<String ID="string_33" HPOS="332" VPOS="340" WIDTH="72" HEIGHT="27" WC="0.96" CONTENT="längst"/><SP WIDTH="16" VPOS="340" HPOS="404"/>
							<String ID="string_34" HPOS="420" VPOS="342" WIDTH="32" HEIGHT="25" WC="0.96" CONTENT="är,"/><SP WIDTH="16" VPOS="342" HPOS="452"/>
							<String ID="string_35" HPOS="468" VPOS="340" WIDTH="53" HEIGHT="21" WC="0.96" CONTENT="eller"/><SP WIDTH="14" VPOS="340" HPOS="521"/>
							<String ID="string_36" HPOS="535" VPOS="347" WIDTH="32" HEIGHT="14" WC="0.96" CONTENT="om"/><SP WIDTH="18" VPOS="347" HPOS="567"/>
							<String ID="string_37" HPOS="585" VPOS="340" WIDTH="59" HEIGHT="21" WC="0.96" CONTENT="tiden"/><SP WIDTH="14" VPOS="340" HPOS="644"/>
							<String ID="string_38" HPOS="658" VPOS="339" WIDTH="39" HEIGHT="27" WC="0.93" CONTENT="för"/><SP WIDTH="9" VPOS="339" HPOS="697"/>
							<String ID="string_39" HPOS="706" VPOS="340" WIDTH="108" HEIGHT="20" WC="0.90" CONTENT="hvardera"/><SP WIDTH="9" VPOS="340" HPOS="814"/>
							<String ID="string_40" HPOS="823" VPOS="339" WIDTH="92" HEIGHT="28" WC="0.96" CONTENT="straffet"/><SP WIDTH="9" VPOS="339" HPOS="915"/>
							<String ID="string_41" HPOS="924" VPOS="341" WIDTH="27" HEIGHT="19" WC="0.96" CONTENT="är"/>
						</TextLine>
						<TextLine ID="line_6" HPOS="332" VPOS="374" WIDTH="619" HEIGHT="28">
							<String ID="string_42" HPOS="332" VPOS="374" WIDTH="46" HEIGHT="21" WC="0.93" CONTENT="lika"/><SP WIDTH="16" VPOS="374" HPOS="378"/>
							<String ID="string_43" HPOS="394" VPOS="375" WIDTH="57" HEIGHT="27" WC="0.91" CONTENT="läng,"/><SP WIDTH="17" VPOS="375" HPOS="451"/>
							<String ID="string_44" HPOS="468" VPOS="374" WIDTH="70" HEIGHT="21" WC="0.96" CONTENT="denna"/><SP WIDTH="15" VPOS="374" HPOS="538"/>
							<String ID="string_45" HPOS="553" VPOS="374" WIDTH="33" HEIGHT="22" WC="0.92" CONTENT="tid"/><SP WIDTH="14" VPOS="374" HPOS="586"/>
							<String ID="string_46" HPOS="600" VPOS="375" WIDTH="22" HEIGHT="27" WC="0.90" CONTENT="ej"/><SP WIDTH="15" VPOS="375" HPOS="622"/>
							<String ID="string_47" HPOS="637" VPOS="374" WIDTH="147" HEIGHT="27" WC="0.91" CONTENT="öfverskridas"/><SP WIDTH="15" VPOS="374" HPOS="784"/>
							<String ID="string_48" HPOS="799" VPOS="374" WIDTH="48" HEIGHT="21" WC="0.96" CONTENT="med"/><SP WIDTH="15" VPOS="374" HPOS="847"/>
							<String ID="string_49" HPOS="862" VPOS="381" WIDTH="45" HEIGHT="15" WC="0.96" CONTENT="mer"/><SP WIDTH="14" VPOS="381" HPOS="907"/>
							<String ID="string_50" HPOS="921" VPOS="376" WIDTH="30" HEIGHT="19" WC="0.96" CONTENT="än"/>
						</TextLine>
						<TextLine ID="line_7" HPOS="332" VPOS="408" WIDTH="619" HEIGHT="29">
							<String ID="string_51" HPOS="332" VPOS="409" WIDTH="30" HEIGHT="20" WC="0.96" CONTENT="tio"/><SP WIDTH="22" VPOS="409" HPOS="362"/>
							<String ID="string_52" HPOS="384" VPOS="409" WIDTH="63" HEIGHT="28" WC="0.91" CONTENT="dygn."/><SP WIDTH="42" VPOS="409" HPOS="447"/>
							<String ID="string_53" HPOS="489" VPOS="409" WIDTH="89" HEIGHT="27" WC="0.91" CONTENT="Utgöres"/><SP WIDTH="22" VPOS="409" HPOS="578"/>
							<String ID="string_54" HPOS="600" VPOS="409" WIDTH="87" HEIGHT="26" WC="0.61" CONTENT="strajfet"/><SP WIDTH="22" VPOS="409" HPOS="687"/>
							<String ID="string_55" HPOS="709" VPOS="408" WIDTH="29" HEIGHT="27" WC="0.93" CONTENT="af"/><SP WIDTH="21" VPOS="408" HPOS="738"/>
							<String ID="string_56" HPOS="759" VPOS="408" WIDTH="118" HEIGHT="21" WC="0.92" CONTENT="hemarrest"/><SP WIDTH="22" VPOS="408" HPOS="877"/>
							<String ID="string_57" HPOS="899" VPOS="408" WIDTH="52" HEIGHT="21" WC="0.97" CONTENT="eller"/>
						</TextLine>
						<TextLine ID="line_8" HPOS="330" VPOS="443" WIDTH="621" HEIGHT="28">
							<String ID="string_58" HPOS="330" VPOS="443" WIDTH="129" HEIGHT="27" WC="0.92" CONTENT="vaktarrest,"/><SP WIDTH="19" VPOS="443" HPOS="459"/>
							<String ID="string_59" HPOS="478" VPOS="443" WIDTH="45" HEIGHT="27" WC="0.91" CONTENT="fär"/><SP WIDTH="26" VPOS="443" HPOS="523"/>
							<String ID="string_60" HPOS="549" VPOS="443" WIDTH="37" HEIGHT="21" WC="0.93" CONTENT="vid"/><SP WIDTH="28" VPOS="443" HPOS="586"/>
							<String ID="string_61" HPOS="614" VPOS="443" WIDTH="207" HEIGHT="28" WC="0.92" CONTENT="sammanläggning"/><SP WIDTH="25" VPOS="443" HPOS="821"/>
							<String ID="string_62" HPOS="846" VPOS="443" WIDTH="59" HEIGHT="21" WC="0.93" CONTENT="tiden"/><SP WIDTH="25" VPOS="443" HPOS="905"/>
							<String ID="string_63" HPOS="930" VPOS="443" WIDTH="21" HEIGHT="28" WC="0.90" CONTENT="ej"/>
						</TextLine>
						<TextLine ID="line_9" HPOS="331" VPOS="477" WIDTH="482" HEIGHT="28">
							<String ID="string_64" HPOS="331" VPOS="477" WIDTH="147" HEIGHT="27" WC="0.20" CONTENT="Ofverskridas"/><SP WIDTH="15" VPOS="477" HPOS="478"/>
							<String ID="string_65" HPOS="493" VPOS="478" WIDTH="49" HEIGHT="21" WC="0.96" CONTENT="med"/><SP WIDTH="14" VPOS="478" HPOS="542"/>
							<String ID="string_66" HPOS="556" VPOS="485" WIDTH="45" HEIGHT="14" WC="0.96" CONTENT="mer"/><SP WIDTH="15" VPOS="485" HPOS="601"/>
							<String ID="string_67" HPOS="616" VPOS="479" WIDTH="29" HEIGHT="19" WC="0.93" CONTENT="än"/><SP WIDTH="17" VPOS="479" HPOS="645"/>
							<String ID="string_68" HPOS="662" VPOS="478" WIDTH="70" HEIGHT="21" WC="0.96" CONTENT="trettio"/><SP WIDTH="17" VPOS="478" HPOS="732"/>
							<String ID="string_69" HPOS="749" VPOS="477" WIDTH="64" HEIGHT="28" WC="0.96" CONTENT="dygn."/>
						</TextLine>
					</TextBlock>
					<TextBlock ID="block_3" HPOS="324" VPOS="511" WIDTH="627" HEIGHT="229">
						<TextLine ID="line_10" HPOS="404" VPOS="511" WIDTH="546" HEIGHT="28">
							<String ID="string_70" HPOS="404" VPOS="512" WIDTH="42" HEIGHT="21" WC="0.93" CONTENT="Vid"/><SP WIDTH="14" VPOS="512" HPOS="446"/>
							<String ID="string_71" HPOS="460" VPOS="513" WIDTH="206" HEIGHT="26" WC="0.90" CONTENT="sammanläggning"/><SP WIDTH="15" VPOS="513" HPOS="666"/>
							<String ID="string_72" HPOS="681" VPOS="511" WIDTH="30" HEIGHT="27" WC="0.93" CONTENT="af"/><SP WIDTH="11" VPOS="511" HPOS="711"/>
							<String ID="string_73" HPOS="722" VPOS="511" WIDTH="79" HEIGHT="28" WC="0.91" CONTENT="skärpt"/><SP WIDTH="14" VPOS="511" HPOS="801"/>
							<String ID="string_74" HPOS="815" VPOS="514" WIDTH="76" HEIGHT="24" WC="0.90" CONTENT="arrest,"/><SP WIDTH="24" VPOS="514" HPOS="891"/>
							<String ID="string_75" HPOS="915" VPOS="512" WIDTH="35" HEIGHT="20" WC="0.96" CONTENT="mä"/>
						</TextLine>
						<TextLine ID="line_11" HPOS="331" VPOS="546" WIDTH="620" HEIGHT="28">
							<String ID="string_76" HPOS="331" VPOS="546" WIDTH="9" HEIGHT="20" WC="0.93" CONTENT="i"/><SP WIDTH="15" VPOS="546" HPOS="340"/>
							<String ID="string_77" HPOS="355" VPOS="546" WIDTH="70" HEIGHT="28" WC="0.96" CONTENT="dylikt"/><SP WIDTH="8" VPOS="546" HPOS="425"/>
							<String ID="string_78" HPOS="433" VPOS="546" WIDTH="49" HEIGHT="27" WC="0.93" CONTENT="fall"/><SP WIDTH="15" VPOS="546" HPOS="482"/>
							<String ID="string_79" HPOS="497" VPOS="546" WIDTH="129" HEIGHT="21" WC="0.92" CONTENT="arresttiden"/><SP WIDTH="16" VPOS="546" HPOS="626"/>
							<String ID="string_80" HPOS="642" VPOS="546" WIDTH="21" HEIGHT="24" WC="0.93" CONTENT="ej"/><SP WIDTH="16" VPOS="546" HPOS="663"/>
							<String ID="string_81" HPOS="679" VPOS="546" WIDTH="122" HEIGHT="20" WC="0.81" CONTENT="utsträckas"/><SP WIDTH="16" VPOS="546" HPOS="801"/>
							<String ID="string_82" HPOS="817" VPOS="546" WIDTH="35" HEIGHT="21" WC="0.96" CONTENT="till"/><SP WIDTH="15" VPOS="546" HPOS="852"/>
							<String ID="string_83" HPOS="867" VPOS="552" WIDTH="44" HEIGHT="15" WC="0.95" CONTENT="mer"/><SP WIDTH="10" VPOS="552" HPOS="911"/>
							<String ID="string_84" HPOS="921" VPOS="548" WIDTH="30" HEIGHT="18" WC="0.95" CONTENT="än"/>
						</TextLine>
						<TextLine ID="line_12" HPOS="324" VPOS="579" WIDTH="627" HEIGHT="29">
							<String ID="string_85" HPOS="324" VPOS="580" WIDTH="59" HEIGHT="28" WC="0.22" CONTENT="Fyra"/><SP WIDTH="15" VPOS="580" HPOS="383"/>
							<String ID="string_86" HPOS="398" VPOS="580" WIDTH="57" HEIGHT="28" WC="0.93" CONTENT="dygn"/><SP WIDTH="16" VPOS="580" HPOS="455"/>
							<String ID="string_87" HPOS="471" VPOS="581" WIDTH="84" HEIGHT="26" WC="0.92" CONTENT="utöfver"/><SP WIDTH="14" VPOS="581" HPOS="555"/>
							<String ID="string_88" HPOS="569" VPOS="581" WIDTH="42" HEIGHT="21" WC="0.96" CONTENT="den"/><SP WIDTH="9" VPOS="581" HPOS="611"/>
							<String ID="string_89" HPOS="620" VPOS="580" WIDTH="43" HEIGHT="27" WC="0.93" CONTENT="för"/><SP WIDTH="14" VPOS="580" HPOS="663"/>
							<String ID="string_90" HPOS="677" VPOS="580" WIDTH="76" HEIGHT="28" WC="0.96" CONTENT="hvarje"/><SP WIDTH="11" VPOS="580" HPOS="753"/>
							<String ID="string_91" HPOS="764" VPOS="580" WIDTH="56" HEIGHT="21" WC="0.93" CONTENT="brott"/><SP WIDTH="4" VPOS="580" HPOS="820"/>
							<String ID="string_92" HPOS="824" VPOS="579" WIDTH="127" HEIGHT="27" WC="0.91" CONTENT="faststälda"/>
						</TextLine>
						<TextLine ID="line_13" HPOS="331" VPOS="614" WIDTH="620" HEIGHT="28">
							<String ID="string_93" HPOS="331" VPOS="615" WIDTH="66" HEIGHT="25" WC="0.96" CONTENT="tiden,"/><SP WIDTH="16" VPOS="615" HPOS="397"/>
							<String ID="string_94" HPOS="413" VPOS="622" WIDTH="33" HEIGHT="14" WC="0.93" CONTENT="om"/><SP WIDTH="16" VPOS="622" HPOS="446"/>
							<String ID="string_95" HPOS="462" VPOS="615" WIDTH="124" HEIGHT="21" WC="0.91" CONTENT="densamma"/><SP WIDTH="20" VPOS="615" HPOS="586"/>
							<String ID="string_96" HPOS="606" VPOS="617" WIDTH="27" HEIGHT="19" WC="0.96" CONTENT="är"/><SP WIDTH="22" VPOS="617" HPOS="633"/>
							<String ID="string_97" HPOS="655" VPOS="614" WIDTH="30" HEIGHT="28" WC="0.96" CONTENT="af"/><SP WIDTH="12" VPOS="614" HPOS="685"/>
							<String ID="string_98" HPOS="697" VPOS="615" WIDTH="44" HEIGHT="21" WC="0.93" CONTENT="lika"/><SP WIDTH="23" VPOS="615" HPOS="741"/>
							<String ID="string_99" HPOS="764" VPOS="615" WIDTH="74" HEIGHT="27" WC="0.92" CONTENT="längd,"/><SP WIDTH="24" VPOS="615" HPOS="838"/>
							<String ID="string_100" HPOS="862" VPOS="614" WIDTH="57" HEIGHT="27" WC="0.96" CONTENT="eller,"/><SP WIDTH="23" VPOS="614" HPOS="919"/>
							<String ID="string_101" HPOS="942" VPOS="614" WIDTH="9" HEIGHT="21" WC="0.94" CONTENT="i"/>
						</TextLine>
						<TextLine ID="line_14" HPOS="330" VPOS="649" WIDTH="620" HEIGHT="28">
							<String ID="string_102" HPOS="330" VPOS="649" WIDTH="103" HEIGHT="22" WC="0.96" CONTENT="händelse"/><SP WIDTH="14" VPOS="649" HPOS="433"/>
							<String ID="string_103" HPOS="447" VPOS="650" WIDTH="42" HEIGHT="21" WC="0.96" CONTENT="den"/><SP WIDTH="8" VPOS="650" HPOS="489"/>
							<String ID="string_104" HPOS="497" VPOS="650" WIDTH="43" HEIGHT="27" WC="0.96" CONTENT="för"/><SP WIDTH="15" VPOS="650" HPOS="540"/>
							<String ID="string_105" HPOS="555" VPOS="650" WIDTH="26" HEIGHT="21" WC="0.93" CONTENT="de"/><SP WIDTH="14" VPOS="650" HPOS="581"/>
							<String ID="string_106" HPOS="595" VPOS="650" WIDTH="74" HEIGHT="21" WC="0.96" CONTENT="skilda"/><SP WIDTH="16" VPOS="650" HPOS="669"/>
							<String ID="string_107" HPOS="685" VPOS="649" WIDTH="83" HEIGHT="21" WC="0.96" CONTENT="brotten"/><SP WIDTH="16" VPOS="649" HPOS="768"/>
							<String ID="string_108" HPOS="784" VPOS="651" WIDTH="26" HEIGHT="19" WC="0.95" CONTENT="är"/><SP WIDTH="20" VPOS="651" HPOS="810"/>
							<String ID="string_109" HPOS="830" VPOS="649" WIDTH="65" HEIGHT="25" WC="0.93" CONTENT="olika,"/><SP WIDTH="23" VPOS="649" HPOS="895"/>
							<String ID="string_110" HPOS="918" VPOS="652" WIDTH="32" HEIGHT="18" WC="0.92" CONTENT="ut-"/>
						</TextLine>
						<TextLine ID="line_15" HPOS="331" VPOS="683" WIDTH="619" HEIGHT="29">
							<String ID="string_111" HPOS="331" VPOS="683" WIDTH="61" HEIGHT="27" WC="0.93" CONTENT="öfver"/><SP WIDTH="14" VPOS="683" HPOS="392"/>
							<String ID="string_112" HPOS="406" VPOS="684" WIDTH="41" HEIGHT="21" WC="0.93" CONTENT="den"/><SP WIDTH="16" VPOS="684" HPOS="447"/>
							<String ID="string_113" HPOS="463" VPOS="685" WIDTH="86" HEIGHT="27" WC="0.96" CONTENT="längsta"/><SP WIDTH="16" VPOS="685" HPOS="549"/>
							<String ID="string_114" HPOS="565" VPOS="684" WIDTH="66" HEIGHT="27" WC="0.96" CONTENT="tiden,"/><SP WIDTH="23" VPOS="684" HPOS="631"/>
							<String ID="string_115" HPOS="654" VPOS="690" WIDTH="47" HEIGHT="15" WC="0.96" CONTENT="som"/><SP WIDTH="9" VPOS="690" HPOS="701"/>
							<String ID="string_116" HPOS="710" VPOS="683" WIDTH="42" HEIGHT="28" WC="0.96" CONTENT="för"/><SP WIDTH="14" VPOS="683" HPOS="752"/>
							<String ID="string_117" HPOS="766" VPOS="684" WIDTH="48" HEIGHT="21" WC="0.93" CONTENT="dem"/><SP WIDTH="14" VPOS="684" HPOS="814"/>
							<String ID="string_118" HPOS="828" VPOS="683" WIDTH="74" HEIGHT="26" WC="0.93" CONTENT="finnes"/><SP WIDTH="16" VPOS="683" HPOS="902"/>
							<String ID="string_119" HPOS="918" VPOS="684" WIDTH="32" HEIGHT="20" WC="0.92" CONTENT="be-"/>
						</TextLine>
						<TextLine ID="line_16" HPOS="330" VPOS="718" WIDTH="78" HEIGHT="22">
							<String ID="string_120" HPOS="330" VPOS="718" WIDTH="78" HEIGHT="22" WC="0.96" CONTENT="stämd."/>
						</TextLine>
					</TextBlock>
				</ComposedBlock>
				<ComposedBlock ID="cblock_2" HPOS="323" VPOS="764" WIDTH="628" HEIGHT="206">
					<TextBlock ID="block_4" HPOS="605" VPOS="764" WIDTH="69" HEIGHT="28">
						<TextLine ID="line_17" HPOS="605" VPOS="764" WIDTH="69" HEIGHT="28">
							<String ID="string_121" HPOS="605" VPOS="764" WIDTH="16" HEIGHT="28" WC="0.91" CONTENT="$"/><SP WIDTH="15" VPOS="764" HPOS="621"/>
							<String ID="string_122" HPOS="636" VPOS="766" WIDTH="38" HEIGHT="20" WC="0.94" CONTENT="26."/>
						</TextLine>
					</TextBlock>
					<TextBlock ID="block_5" HPOS="323" VPOS="799" WIDTH="628" HEIGHT="171">
						<TextLine ID="line_18" HPOS="398" VPOS="799" WIDTH="553" HEIGHT="33">
							<String ID="string_123" HPOS="398" VPOS="799" WIDTH="35" HEIGHT="26" WC="0.92" CONTENT="Är"/><SP WIDTH="14" VPOS="799" HPOS="433"/>
							<String ID="string_124" HPOS="447" VPOS="805" WIDTH="72" HEIGHT="27" WC="0.95" CONTENT="någon"/><SP WIDTH="10" VPOS="805" HPOS="519"/>
							<String ID="string_125" HPOS="529" VPOS="804" WIDTH="113" HEIGHT="28" WC="0.95" CONTENT="förfallen"/><SP WIDTH="16" VPOS="804" HPOS="642"/>
							<String ID="string_126" HPOS="658" VPOS="804" WIDTH="35" HEIGHT="22" WC="0.93" CONTENT="till"/><SP WIDTH="16" VPOS="804" HPOS="693"/>
							<String ID="string_127" HPOS="709" VPOS="804" WIDTH="87" HEIGHT="21" WC="0.92" CONTENT="tukthus"/><SP WIDTH="12" VPOS="804" HPOS="796"/>
							<String ID="string_128" HPOS="808" VPOS="804" WIDTH="32" HEIGHT="28" WC="0.96" CONTENT="på"/><SP WIDTH="21" VPOS="804" HPOS="840"/>
							<String ID="string_129" HPOS="861" VPOS="804" WIDTH="42" HEIGHT="21" WC="0.96" CONTENT="viss"/><SP WIDTH="16" VPOS="804" HPOS="903"/>
							<String ID="string_130" HPOS="919" VPOS="803" WIDTH="32" HEIGHT="21" WC="0.96" CONTENT="tid"/>
						</TextLine>
						<TextLine ID="line_19" HPOS="330" VPOS="838" WIDTH="621" HEIGHT="29">
							<String ID="string_131" HPOS="330" VPOS="838" WIDTH="53" HEIGHT="21" WC="0.96" CONTENT="eller"/><SP WIDTH="9" VPOS="838" HPOS="383"/>
							<String ID="string_132" HPOS="392" VPOS="838" WIDTH="103" HEIGHT="29" WC="0.96" CONTENT="fängelse"/><SP WIDTH="16" VPOS="838" HPOS="495"/>
							<String ID="string_133" HPOS="511" VPOS="839" WIDTH="38" HEIGHT="21" WC="0.93" CONTENT="och"/><SP WIDTH="15" VPOS="839" HPOS="549"/>
							<String ID="string_134" HPOS="564" VPOS="839" WIDTH="102" HEIGHT="27" WC="0.91" CONTENT="derjemte"/><SP WIDTH="22" VPOS="839" HPOS="666"/>
							<String ID="string_135" HPOS="688" VPOS="839" WIDTH="35" HEIGHT="20" WC="0.96" CONTENT="till"/><SP WIDTH="23" VPOS="839" HPOS="723"/>
							<String ID="string_136" HPOS="746" VPOS="841" WIDTH="69" HEIGHT="18" WC="0.93" CONTENT="annat"/><SP WIDTH="22" VPOS="841" HPOS="815"/>
							<String ID="string_137" HPOS="837" VPOS="838" WIDTH="114" HEIGHT="28" WC="0.91" CONTENT="ordnings-"/>
						</TextLine>
						<TextLine ID="line_20" HPOS="329" VPOS="871" WIDTH="622" HEIGHT="29">
							<String ID="string_138" HPOS="329" VPOS="871" WIDTH="79" HEIGHT="29" WC="0.96" CONTENT="straff,"/><SP WIDTH="20" VPOS="871" HPOS="408"/>
							<String ID="string_139" HPOS="428" VPOS="875" WIDTH="29" HEIGHT="19" WC="0.96" CONTENT="än"/><SP WIDTH="10" VPOS="875" HPOS="457"/>
							<String ID="string_140" HPOS="467" VPOS="873" WIDTH="86" HEIGHT="27" WC="0.96" CONTENT="förlust"/><SP WIDTH="22" VPOS="873" HPOS="553"/>
							<String ID="string_141" HPOS="575" VPOS="873" WIDTH="29" HEIGHT="27" WC="0.93" CONTENT="af"/><SP WIDTH="18" VPOS="873" HPOS="604"/>
							<String ID="string_142" HPOS="622" VPOS="872" WIDTH="164" HEIGHT="27" WC="0.91" CONTENT="innehafvande"/><SP WIDTH="21" VPOS="872" HPOS="786"/>
							<String ID="string_143" HPOS="807" VPOS="872" WIDTH="96" HEIGHT="22" WC="0.93" CONTENT="särskild"/><SP WIDTH="16" VPOS="872" HPOS="903"/>
							<String ID="string_144" HPOS="919" VPOS="872" WIDTH="32" HEIGHT="21" WC="0.92" CONTENT="be-"/>
						</TextLine>
						<TextLine ID="line_21" HPOS="323" VPOS="906" WIDTH="628" HEIGHT="29">
							<String ID="string_145" HPOS="323" VPOS="906" WIDTH="105" HEIGHT="29" WC="0.86" CONTENT="fattning"/><SP WIDTH="16" VPOS="906" HPOS="428"/>
							<String ID="string_146" HPOS="444" VPOS="908" WIDTH="52" HEIGHT="21" WC="0.93" CONTENT="eller"/><SP WIDTH="11" VPOS="908" HPOS="496"/>
							<String ID="string_147" HPOS="507" VPOS="910" WIDTH="75" HEIGHT="23" WC="0.93" CONTENT="arrest,"/><SP WIDTH="16" VPOS="910" HPOS="582"/>
							<String ID="string_148" HPOS="598" VPOS="908" WIDTH="59" HEIGHT="21" WC="0.93" CONTENT="skall"/><SP WIDTH="9" VPOS="908" HPOS="657"/>
							<String ID="string_149" HPOS="666" VPOS="906" WIDTH="215" HEIGHT="29" WC="0.46" CONTENT="ordningsstrajfet"/><SP WIDTH="-7" VPOS="906" HPOS="881"/>
							<String ID="string_150" HPOS="874" VPOS="902" WIDTH="13" HEIGHT="37" WC="0.93" CONTENT="i"/><SP WIDTH="9" VPOS="902" HPOS="887"/>
							<String ID="string_151" HPOS="896" VPOS="907" WIDTH="55" HEIGHT="21" WC="0.63" CONTENT="tukt-"/>
						</TextLine>
						<TextLine ID="line_22" HPOS="327" VPOS="941" WIDTH="469" HEIGHT="29">
							<String ID="string_152" HPOS="327" VPOS="941" WIDTH="51" HEIGHT="22" WC="0.89" CONTENT="hus-"/><SP WIDTH="15" VPOS="941" HPOS="378"/>
							<String ID="string_153" HPOS="393" VPOS="942" WIDTH="52" HEIGHT="21" WC="0.93" CONTENT="eller"/><SP WIDTH="10" VPOS="942" HPOS="445"/>
							<String ID="string_154" HPOS="455" VPOS="941" WIDTH="195" HEIGHT="29" WC="0.93" CONTENT="fängelsestraffet"/><SP WIDTH="15" VPOS="941" HPOS="650"/>
							<String ID="string_155" HPOS="665" VPOS="941" WIDTH="131" HEIGHT="29" WC="0.72" CONTENT="inbegripas."/>
						</TextLine>
					</TextBlock>
				</ComposedBlock>
				<ComposedBlock ID="cblock_3" HPOS="322" VPOS="1016" WIDTH="629" HEIGHT="446">
					<TextBlock ID="block_6" HPOS="604" VPOS="1016" WIDTH="73" HEIGHT="28">
						<TextLine ID="line_23" HPOS="604" VPOS="1016" WIDTH="73" HEIGHT="28">
							<String ID="string_156" HPOS="604" VPOS="1016" WIDTH="15" HEIGHT="28" WC="0.92" CONTENT="$"/><SP WIDTH="21" VPOS="1016" HPOS="619"/>
							<String ID="string_157" HPOS="640" VPOS="1018" WIDTH="37" HEIGHT="20" WC="0.88" CONTENT="27."/>
						</TextLine>
					</TextBlock>
					<TextBlock ID="block_7" HPOS="322" VPOS="1051" WIDTH="629" HEIGHT="411">
						<TextLine ID="line_24" HPOS="397" VPOS="1051" WIDTH="554" HEIGHT="33">
							<String ID="string_158" HPOS="397" VPOS="1051" WIDTH="35" HEIGHT="26" WC="0.92" CONTENT="Är"/><SP WIDTH="14" VPOS="1051" HPOS="432"/>
							<String ID="string_159" HPOS="446" VPOS="1057" WIDTH="73" HEIGHT="27" WC="0.96" CONTENT="någon"/><SP WIDTH="12" VPOS="1057" HPOS="519"/>
							<String ID="string_160" HPOS="531" VPOS="1057" WIDTH="32" HEIGHT="27" WC="0.96" CONTENT="pä"/><SP WIDTH="16" VPOS="1057" HPOS="563"/>
							<String ID="string_161" HPOS="579" VPOS="1063" WIDTH="25" HEIGHT="14" WC="0.93" CONTENT="en"/><SP WIDTH="14" VPOS="1063" HPOS="604"/>
							<String ID="string_162" HPOS="618" VPOS="1057" WIDTH="59" HEIGHT="27" WC="0.96" CONTENT="gång"/><SP WIDTH="10" VPOS="1057" HPOS="677"/>
							<String ID="string_163" HPOS="687" VPOS="1055" WIDTH="114" HEIGHT="28" WC="0.95" CONTENT="förfallen"/><SP WIDTH="10" VPOS="1055" HPOS="801"/>
							<String ID="string_164" HPOS="811" VPOS="1056" WIDTH="23" HEIGHT="28" WC="0.96" CONTENT="a)"/><SP WIDTH="16" VPOS="1056" HPOS="834"/>
							<String ID="string_165" HPOS="850" VPOS="1056" WIDTH="35" HEIGHT="21" WC="0.91" CONTENT="till"/><SP WIDTH="11" VPOS="1056" HPOS="885"/>
							<String ID="string_166" HPOS="896" VPOS="1055" WIDTH="55" HEIGHT="21" WC="0.68" CONTENT="tuki-"/>
						</TextLine>
						<TextLine ID="line_25" HPOS="328" VPOS="1090" WIDTH="623" HEIGHT="28">
							<String ID="string_167" HPOS="328" VPOS="1090" WIDTH="40" HEIGHT="21" WC="0.96" CONTENT="hus"/><SP WIDTH="12" VPOS="1090" HPOS="368"/>
							<String ID="string_168" HPOS="380" VPOS="1091" WIDTH="33" HEIGHT="27" WC="0.96" CONTENT="pä"/><SP WIDTH="13" VPOS="1091" HPOS="413"/>
							<String ID="string_169" HPOS="426" VPOS="1091" WIDTH="42" HEIGHT="21" WC="0.96" CONTENT="viss"/><SP WIDTH="16" VPOS="1091" HPOS="468"/>
							<String ID="string_170" HPOS="484" VPOS="1090" WIDTH="33" HEIGHT="22" WC="0.96" CONTENT="tid"/><SP WIDTH="14" VPOS="1090" HPOS="517"/>
							<String ID="string_171" HPOS="531" VPOS="1093" WIDTH="56" HEIGHT="19" WC="0.92" CONTENT="samt"/><SP WIDTH="9" VPOS="1093" HPOS="587"/>
							<String ID="string_172" HPOS="596" VPOS="1090" WIDTH="105" HEIGHT="28" WC="0.92" CONTENT="fängelse"/><SP WIDTH="10" VPOS="1090" HPOS="701"/>
							<String ID="string_173" HPOS="711" VPOS="1090" WIDTH="39" HEIGHT="21" WC="0.93" CONTENT="och"/><SP WIDTH="10" VPOS="1090" HPOS="750"/>
							<String ID="string_174" HPOS="760" VPOS="1092" WIDTH="76" HEIGHT="25" WC="0.92" CONTENT="arrest,"/><SP WIDTH="16" VPOS="1092" HPOS="836"/>
							<String ID="string_175" HPOS="852" VPOS="1090" WIDTH="53" HEIGHT="21" WC="0.95" CONTENT="eller"/><SP WIDTH="10" VPOS="1090" HPOS="905"/>
							<String ID="string_176" HPOS="915" VPOS="1090" WIDTH="36" HEIGHT="21" WC="0.96" CONTENT="till"/>
						</TextLine>
						<TextLine ID="line_26" HPOS="329" VPOS="1124" WIDTH="621" HEIGHT="28">
							<String ID="string_177" HPOS="329" VPOS="1124" WIDTH="87" HEIGHT="22" WC="0.91" CONTENT="tukthus"/><SP WIDTH="13" VPOS="1124" HPOS="416"/>
							<String ID="string_178" HPOS="429" VPOS="1125" WIDTH="32" HEIGHT="27" WC="0.96" CONTENT="pä"/><SP WIDTH="15" VPOS="1125" HPOS="461"/>
							<String ID="string_179" HPOS="476" VPOS="1125" WIDTH="42" HEIGHT="21" WC="0.96" CONTENT="viss"/><SP WIDTH="16" VPOS="1125" HPOS="518"/>
							<String ID="string_180" HPOS="534" VPOS="1125" WIDTH="33" HEIGHT="21" WC="0.96" CONTENT="tid"/><SP WIDTH="15" VPOS="1125" HPOS="567"/>
							<String ID="string_181" HPOS="582" VPOS="1124" WIDTH="38" HEIGHT="22" WC="0.93" CONTENT="och"/><SP WIDTH="10" VPOS="1124" HPOS="620"/>
							<String ID="string_182" HPOS="630" VPOS="1124" WIDTH="112" HEIGHT="28" WC="0.96" CONTENT="fängelse,"/><SP WIDTH="20" VPOS="1124" HPOS="742"/>
							<String ID="string_183" HPOS="762" VPOS="1125" WIDTH="52" HEIGHT="21" WC="0.96" CONTENT="eller"/><SP WIDTH="23" VPOS="1125" HPOS="814"/>
							<String ID="string_184" HPOS="837" VPOS="1124" WIDTH="35" HEIGHT="22" WC="0.93" CONTENT="till"/><SP WIDTH="23" VPOS="1124" HPOS="872"/>
							<String ID="string_185" HPOS="895" VPOS="1124" WIDTH="55" HEIGHT="21" WC="0.83" CONTENT="tukt-"/>
						</TextLine>
						<TextLine ID="line_27" HPOS="326" VPOS="1158" WIDTH="623" HEIGHT="28">
							<String ID="string_186" HPOS="326" VPOS="1158" WIDTH="41" HEIGHT="22" WC="0.96" CONTENT="hus"/><SP WIDTH="11" VPOS="1158" HPOS="367"/>
							<String ID="string_187" HPOS="378" VPOS="1160" WIDTH="33" HEIGHT="26" WC="0.96" CONTENT="pä"/><SP WIDTH="15" VPOS="1160" HPOS="411"/>
							<String ID="string_188" HPOS="426" VPOS="1160" WIDTH="43" HEIGHT="20" WC="0.96" CONTENT="viss"/><SP WIDTH="16" VPOS="1160" HPOS="469"/>
							<String ID="string_189" HPOS="485" VPOS="1160" WIDTH="32" HEIGHT="20" WC="0.94" CONTENT="tid"/><SP WIDTH="16" VPOS="1160" HPOS="517"/>
							<String ID="string_190" HPOS="533" VPOS="1159" WIDTH="37" HEIGHT="21" WC="0.93" CONTENT="och"/><SP WIDTH="16" VPOS="1159" HPOS="570"/>
							<String ID="string_191" HPOS="586" VPOS="1162" WIDTH="81" HEIGHT="23" WC="0.92" CONTENT="arrest;"/><SP WIDTH="21" VPOS="1162" HPOS="667"/>
							<String ID="string_192" HPOS="688" VPOS="1160" WIDTH="53" HEIGHT="20" WC="0.96" CONTENT="eller"/><SP WIDTH="15" VPOS="1160" HPOS="741"/>
							<String ID="string_193" HPOS="756" VPOS="1158" WIDTH="22" HEIGHT="26" WC="0.87" CONTENT="b)"/><SP WIDTH="16" VPOS="1158" HPOS="778"/>
							<String ID="string_194" HPOS="794" VPOS="1159" WIDTH="36" HEIGHT="21" WC="0.93" CONTENT="till"/><SP WIDTH="9" VPOS="1159" HPOS="830"/>
							<String ID="string_195" HPOS="839" VPOS="1158" WIDTH="110" HEIGHT="28" WC="0.96" CONTENT="fängelse,"/>
						</TextLine>
						<TextLine ID="line_28" HPOS="326" VPOS="1193" WIDTH="624" HEIGHT="29">
							<String ID="string_196" HPOS="326" VPOS="1193" WIDTH="70" HEIGHT="21" WC="0.91" CONTENT="ehvad"/><SP WIDTH="14" VPOS="1193" HPOS="396"/>
							<String ID="string_197" HPOS="410" VPOS="1194" WIDTH="36" HEIGHT="20" WC="0.96" CONTENT="det"/><SP WIDTH="15" VPOS="1194" HPOS="446"/>
							<String ID="string_198" HPOS="461" VPOS="1197" WIDTH="26" HEIGHT="17" WC="0.93" CONTENT="är"/><SP WIDTH="15" VPOS="1197" HPOS="487"/>
							<String ID="string_199" HPOS="502" VPOS="1194" WIDTH="124" HEIGHT="28" WC="0.92" CONTENT="ovilkorligt"/><SP WIDTH="14" VPOS="1194" HPOS="626"/>
							<String ID="string_200" HPOS="640" VPOS="1194" WIDTH="51" HEIGHT="21" WC="0.93" CONTENT="eller"/><SP WIDTH="10" VPOS="1194" HPOS="691"/>
							<String ID="string_201" HPOS="701" VPOS="1195" WIDTH="71" HEIGHT="20" WC="0.93" CONTENT="såsom"/><SP WIDTH="10" VPOS="1195" HPOS="772"/>
							<String ID="string_202" HPOS="782" VPOS="1193" WIDTH="168" HEIGHT="28" WC="0.59" CONTENT="förvandlings-"/>
						</TextLine>
						<TextLine ID="line_29" HPOS="326" VPOS="1227" WIDTH="624" HEIGHT="27">
							<String ID="string_203" HPOS="326" VPOS="1227" WIDTH="76" HEIGHT="27" WC="0.92" CONTENT="straff"/><SP WIDTH="11" VPOS="1227" HPOS="402"/>
							<String ID="string_204" HPOS="413" VPOS="1228" WIDTH="95" HEIGHT="24" WC="0.82" CONTENT="ädömdt,"/><SP WIDTH="17" VPOS="1228" HPOS="508"/>
							<String ID="string_205" HPOS="525" VPOS="1228" WIDTH="38" HEIGHT="21" WC="0.93" CONTENT="och"/><SP WIDTH="15" VPOS="1228" HPOS="563"/>
							<String ID="string_206" HPOS="578" VPOS="1231" WIDTH="81" HEIGHT="23" WC="0.91" CONTENT="arrest;"/><SP WIDTH="17" VPOS="1231" HPOS="659"/>
							<String ID="string_207" HPOS="676" VPOS="1228" WIDTH="53" HEIGHT="21" WC="0.93" CONTENT="eller"/><SP WIDTH="15" VPOS="1228" HPOS="729"/>
							<String ID="string_208" HPOS="744" VPOS="1230" WIDTH="17" HEIGHT="23" WC="0.93" CONTENT="c)"/><SP WIDTH="17" VPOS="1230" HPOS="761"/>
							<String ID="string_209" HPOS="778" VPOS="1228" WIDTH="36" HEIGHT="22" WC="0.93" CONTENT="till"/><SP WIDTH="14" VPOS="1228" HPOS="814"/>
							<String ID="string_210" HPOS="828" VPOS="1228" WIDTH="122" HEIGHT="21" WC="0.92" CONTENT="vaktarrest"/>
						</TextLine>
						<TextLine ID="line_30" HPOS="324" VPOS="1261" WIDTH="625" HEIGHT="29">
							<String ID="string_211" HPOS="324" VPOS="1261" WIDTH="40" HEIGHT="21" WC="0.93" CONTENT="och"/><SP WIDTH="23" VPOS="1261" HPOS="364"/>
							<String ID="string_212" HPOS="387" VPOS="1261" WIDTH="126" HEIGHT="28" WC="0.91" CONTENT="hemarrest;"/><SP WIDTH="26" VPOS="1261" HPOS="513"/>
							<String ID="string_213" HPOS="539" VPOS="1263" WIDTH="51" HEIGHT="20" WC="0.92" CONTENT="eller"/><SP WIDTH="23" VPOS="1263" HPOS="590"/>
							<String ID="string_214" HPOS="613" VPOS="1263" WIDTH="23" HEIGHT="27" WC="0.92" CONTENT="d)"/><SP WIDTH="24" VPOS="1263" HPOS="636"/>
							<String ID="string_215" HPOS="660" VPOS="1262" WIDTH="36" HEIGHT="21" WC="0.92" CONTENT="till"/><SP WIDTH="21" VPOS="1262" HPOS="696"/>
							<String ID="string_216" HPOS="717" VPOS="1262" WIDTH="78" HEIGHT="27" WC="0.92" CONTENT="skärpt"/><SP WIDTH="21" VPOS="1262" HPOS="795"/>
							<String ID="string_217" HPOS="816" VPOS="1264" WIDTH="72" HEIGHT="19" WC="0.90" CONTENT="arrest"/><SP WIDTH="23" VPOS="1264" HPOS="888"/>
							<String ID="string_218" HPOS="911" VPOS="1261" WIDTH="38" HEIGHT="22" WC="0.96" CONTENT="och"/>
						</TextLine>
						<TextLine ID="line_31" HPOS="322" VPOS="1295" WIDTH="628" HEIGHT="30">
							<String ID="string_219" HPOS="322" VPOS="1295" WIDTH="64" HEIGHT="22" WC="0.92" CONTENT="enkel"/><SP WIDTH="14" VPOS="1295" HPOS="386"/>
							<String ID="string_220" HPOS="400" VPOS="1299" WIDTH="83" HEIGHT="22" WC="0.92" CONTENT="arrest;"/><SP WIDTH="15" VPOS="1299" HPOS="483"/>
							<String ID="string_221" HPOS="498" VPOS="1297" WIDTH="29" HEIGHT="21" WC="0.96" CONTENT="dä"/><SP WIDTH="14" VPOS="1297" HPOS="527"/>
							<String ID="string_222" HPOS="541" VPOS="1297" WIDTH="62" HEIGHT="21" WC="0.96" CONTENT="skola"/><SP WIDTH="15" VPOS="1297" HPOS="603"/>
							<String ID="string_223" HPOS="618" VPOS="1297" WIDTH="9" HEIGHT="20" WC="0.96" CONTENT="i"/><SP WIDTH="15" VPOS="1297" HPOS="627"/>
							<String ID="string_224" HPOS="642" VPOS="1297" WIDTH="37" HEIGHT="21" WC="0.97" CONTENT="det"/><SP WIDTH="8" VPOS="1297" HPOS="679"/>
							<String ID="string_225" HPOS="687" VPOS="1296" WIDTH="56" HEIGHT="28" WC="0.96" CONTENT="fall,"/><SP WIDTH="15" VPOS="1296" HPOS="743"/>
							<String ID="string_226" HPOS="758" VPOS="1303" WIDTH="45" HEIGHT="15" WC="0.93" CONTENT="som"/><SP WIDTH="11" VPOS="1303" HPOS="803"/>
							<String ID="string_227" HPOS="814" VPOS="1296" WIDTH="89" HEIGHT="29" WC="0.90" CONTENT="antydts"/><SP WIDTH="10" VPOS="1296" HPOS="903"/>
							<String ID="string_228" HPOS="913" VPOS="1296" WIDTH="37" HEIGHT="21" WC="0.96" CONTENT="vid"/>
						</TextLine>
						<TextLine ID="line_32" HPOS="324" VPOS="1330" WIDTH="624" HEIGHT="29">
							<String ID="string_229" HPOS="324" VPOS="1337" WIDTH="64" HEIGHT="14" WC="0.96" CONTENT="mom."/><SP WIDTH="16" VPOS="1337" HPOS="388"/>
							<String ID="string_230" HPOS="404" VPOS="1331" WIDTH="30" HEIGHT="27" WC="0.92" CONTENT="a),"/><SP WIDTH="5" VPOS="1331" HPOS="434"/>
							<String ID="string_231" HPOS="439" VPOS="1330" WIDTH="114" HEIGHT="29" WC="0.78" CONTENT="fängelse-"/><SP WIDTH="15" VPOS="1330" HPOS="553"/>
							<String ID="string_232" HPOS="568" VPOS="1331" WIDTH="40" HEIGHT="21" WC="0.93" CONTENT="och"/><SP WIDTH="10" VPOS="1331" HPOS="608"/>
							<String ID="string_233" HPOS="618" VPOS="1330" WIDTH="170" HEIGHT="28" WC="0.91" CONTENT="arreststraffen"/><SP WIDTH="16" VPOS="1330" HPOS="788"/>
							<String ID="string_234" HPOS="804" VPOS="1331" WIDTH="35" HEIGHT="22" WC="0.93" CONTENT="till"/><SP WIDTH="15" VPOS="1331" HPOS="839"/>
							<String ID="string_235" HPOS="854" VPOS="1330" WIDTH="94" HEIGHT="28" WC="0.93" CONTENT="tukthus,"/>
						</TextLine>
						<TextLine ID="line_33" HPOS="324" VPOS="1365" WIDTH="623" HEIGHT="28">
							<String ID="string_236" HPOS="324" VPOS="1365" WIDTH="38" HEIGHT="20" WC="0.96" CONTENT="vid"/><SP WIDTH="15" VPOS="1365" HPOS="362"/>
							<String ID="string_237" HPOS="377" VPOS="1371" WIDTH="62" HEIGHT="16" WC="0.96" CONTENT="mom."/><SP WIDTH="17" VPOS="1371" HPOS="439"/>
							<String ID="string_238" HPOS="456" VPOS="1365" WIDTH="27" HEIGHT="26" WC="0.87" CONTENT="b),"/><SP WIDTH="16" VPOS="1365" HPOS="483"/>
							<String ID="string_239" HPOS="499" VPOS="1368" WIDTH="70" HEIGHT="19" WC="0.93" CONTENT="arrest"/><SP WIDTH="19" VPOS="1368" HPOS="569"/>
							<String ID="string_240" HPOS="588" VPOS="1366" WIDTH="36" HEIGHT="21" WC="0.93" CONTENT="till"/><SP WIDTH="17" VPOS="1366" HPOS="624"/>
							<String ID="string_241" HPOS="641" VPOS="1365" WIDTH="111" HEIGHT="28" WC="0.92" CONTENT="fängelse,"/><SP WIDTH="23" VPOS="1365" HPOS="752"/>
							<String ID="string_242" HPOS="775" VPOS="1365" WIDTH="37" HEIGHT="21" WC="0.96" CONTENT="vid"/><SP WIDTH="22" VPOS="1365" HPOS="812"/>
							<String ID="string_243" HPOS="834" VPOS="1372" WIDTH="61" HEIGHT="15" WC="0.93" CONTENT="mom."/><SP WIDTH="25" VPOS="1372" HPOS="895"/>
							<String ID="string_244" HPOS="920" VPOS="1369" WIDTH="27" HEIGHT="23" WC="0.91" CONTENT="c),"/>
						</TextLine>
						<TextLine ID="line_34" HPOS="324" VPOS="1398" WIDTH="625" HEIGHT="29">
							<String ID="string_245" HPOS="324" VPOS="1398" WIDTH="120" HEIGHT="23" WC="0.91" CONTENT="hemarrest"/><SP WIDTH="15" VPOS="1398" HPOS="444"/>
							<String ID="string_246" HPOS="459" VPOS="1400" WIDTH="34" HEIGHT="21" WC="0.93" CONTENT="till"/><SP WIDTH="10" VPOS="1400" HPOS="493"/>
							<String ID="string_247" HPOS="503" VPOS="1400" WIDTH="127" HEIGHT="25" WC="0.90" CONTENT="vaktarrest,"/><SP WIDTH="16" VPOS="1400" HPOS="630"/>
							<String ID="string_248" HPOS="646" VPOS="1403" WIDTH="61" HEIGHT="18" WC="0.96" CONTENT="samt"/><SP WIDTH="9" VPOS="1403" HPOS="707"/>
							<String ID="string_249" HPOS="716" VPOS="1400" WIDTH="39" HEIGHT="21" WC="0.96" CONTENT="vid"/><SP WIDTH="9" VPOS="1400" HPOS="755"/>
							<String ID="string_250" HPOS="764" VPOS="1405" WIDTH="62" HEIGHT="16" WC="0.93" CONTENT="mom."/><SP WIDTH="16" VPOS="1405" HPOS="826"/>
							<String ID="string_251" HPOS="842" VPOS="1400" WIDTH="30" HEIGHT="27" WC="0.92" CONTENT="d),"/><SP WIDTH="16" VPOS="1400" HPOS="872"/>
							<String ID="string_252" HPOS="888" VPOS="1400" WIDTH="61" HEIGHT="22" WC="0.96" CONTENT="enkel"/>
						</TextLine>
						<TextLine ID="line_35" HPOS="324" VPOS="1434" WIDTH="624" HEIGHT="28">
							<String ID="string_253" HPOS="324" VPOS="1436" WIDTH="72" HEIGHT="18" WC="0.93" CONTENT="arrest"/><SP WIDTH="14" VPOS="1436" HPOS="396"/>
							<String ID="string_254" HPOS="410" VPOS="1434" WIDTH="36" HEIGHT="21" WC="0.93" CONTENT="till"/><SP WIDTH="15" VPOS="1434" HPOS="446"/>
							<String ID="string_255" HPOS="461" VPOS="1434" WIDTH="76" HEIGHT="28" WC="0.92" CONTENT="skärpt"/><SP WIDTH="14" VPOS="1434" HPOS="537"/>
							<String ID="string_256" HPOS="551" VPOS="1437" WIDTH="74" HEIGHT="19" WC="0.92" CONTENT="arrest"/><SP WIDTH="15" VPOS="1437" HPOS="625"/>
							<String ID="string_257" HPOS="640" VPOS="1434" WIDTH="101" HEIGHT="28" WC="0.90" CONTENT="öfvergä;"/><SP WIDTH="20" VPOS="1434" HPOS="741"/>
							<String ID="string_258" HPOS="761" VPOS="1434" WIDTH="39" HEIGHT="21" WC="0.96" CONTENT="och"/><SP WIDTH="15" VPOS="1434" HPOS="800"/>
							<String ID="string_259" HPOS="815" VPOS="1441" WIDTH="63" HEIGHT="15" WC="0.93" CONTENT="anses"/><SP WIDTH="22" VPOS="1441" HPOS="878"/>
							<String ID="string_260" HPOS="900" VPOS="1436" WIDTH="48" HEIGHT="20" WC="0.92" CONTENT="der-"/>
						</TextLine>
					</TextBlock>
				</ComposedBlock>
			</PrintSpace>
		</Page>
	</Layout>
</alto>
