1023 1673
420 134 34 21 N:o
471 133 36 22 39.
663 153 2 2 .
802 129 12 20 9

86 206 41 21 och
144 205 117 21 Lohikoski
278 204 60 25 gods,
348 209 47 15 som
411 203 43 21 kan
469 202 88 27 päföras
569 201 26 21 de
604 199 155 28 kronoparker,
771 197 74 22 hvilka

89 241 86 20 komma
190 241 32 18 att
238 239 98 25 utbrytas
351 238 57 20 inom
425 237 64 20 dessa
505 237 61 26 gods.

162 274 78 21 Inalles
264 273 63 20 hafva
350 279 76 20 genom
449 271 122 27 Styrelsens
597 269 121 26 bemedling
737 267 109 22 härintills

90 309 72 21 blifvit
186 309 78 20 inlösta
288 307 176 25 donationsgods,
481 312 33 15 om
535 305 142 21 tillsammans
697 304 40 20 841
759 301 95 26 mantal..

91 344 33 20 för
145 345 31 18 ett
191 343 45 26 pris
253 342 21 20 af
290 341 157 26 sammanlagdt
465 341 126 24 14,936,944
607 339 47 26 Zac
672 339 26 20 69
714 337 71 27 penni,
802 342 45 15 som

92 378 119 21 utbetalats
230 377 46 20 dels
296 383 25 14 ur
338 376 124 20 donations-
478 375 46 20 dels
540 381 26 14 ur
582 374 108 20 allmänna
706 371 141 22 statsfonden.

93 413 29 20 Af
144 413 63 19 dessa
230 411 53 26 gods
306 413 36 18 äro
360 416 89 15 numera
465 409 95 26 följande
576 409 23 20 ät
614 408 133 21 landboarne
763 405 48 21 med
827 411 21 14 e-

92 447 117 26 ganderätt
224 445 164 25 öfverlemnade,
405 444 118 26 nemligen
513 440 13 37 :

165 480 100 21 Rokkala
282 480 52 25 gods
352 480 5 19 i
374 479 31 21 S:t
420 479 106 20 Johannis
543 478 85 26 socken,

169 514 147 21 Kuschelevka
332 514 75 21 frälset
422 514 7 20 i
445 513 169 22 Jaakkimvaara
629 512 85 25 socken,

169 549 79 21 Tervus
264 550 53 25 gods
334 549 5 20 i
356 549 142 26 Kronoborgs
515 549 86 25 socken,

167 584 125 27 Niinisyrjä
308 583 164 21 frälsehemman
488 584 7 20 i
512 583 121 26 Leppälaks
649 582 81 27 kapell,

168 620 78 19 Kuusa
262 618 38 21 och
316 617 100 21 Mälkälä
431 618 55 26 gods
502 618 6 20 i
525 617 73 21 Mohla
615 617 84 25 socken,

168 653 173 27 Höyskynvaara
357 653 65 20 frälse
438 653 6 20 i
461 652 110 21 Ruskeala
587 652 86 26 socken,

173 687 105 21 Wehkmais
294 687 54 26 gods
364 687 6 20 i
386 687 85 20 Rautus
488 687 85 25 socken,

169 722 124 21 Pukiniemi
316 722 52 26 gods
392 724 58 18 samt
470 721 40 21 den
531 721 23 21 af
568 721 199 22 landthushällaren
784 721 71 22 Kordt

97 758 8 20 i
121 758 97 20 lifstiden
234 757 55 25 egda
305 756 61 21 andel
383 756 23 20 af
419 755 100 22 Laurola
536 756 102 21 donation
655 757 5 20 i
673 756 84 22 Hiitola
768 756 86 26 socken,

170 798 38 14 von
234 790 128 21 Tornowska
385 790 155 26 lägenheterna
560 791 7 20 i
586 791 100 26 Wiborgs
703 791 86 25 socken,
806 790 49 22 med

95 827 112 26 undantag
228 826 24 20 af
275 825 99 21 Kattelus
398 825 105 26 hemman,
523 831 53 20 som,
596 826 6 20 i
618 825 52 26 följd
687 826 23 21 af
723 832 27 15 en
765 826 87 26 nyligen

93 861 90 27 afgjord
199 861 152 26 rägängstvist,
368 866 28 14 nu
412 860 56 20 först
485 860 83 21 kunnat
583 860 144 27 skattläggas,

173 895 93 20 Tiurula
280 895 38 20 och
333 895 65 20 Asila
414 894 173 27 donationsgods
603 895 6 20 i
626 895 83 20 Hiitola
725 894 86 26 socken,

169 929 67 28 Haga
251 929 165 21 frälsehemman
433 929 6 20 i
457 929 101 26 Wiborgs
575 929 85 26 socken,

169 963 128 28 Pirtipohja
313 963 54 27 gods
384 964 5 20 i
406 963 111 21 Ruskeala
533 963 86 26 socken,

170 998 130 21 Kontiolaks
315 998 193 26 frälselägenheter
524 999 6 20 i
541 998 109 21 Ruskeala
661 999 39 20 och
717 997 139 22 Oravaniemi

96 1035 100 21 hemman
212 1034 7 20 i
236 1033 118 26 Walkjärvi
370 1033 86 25 socken,
474 1035 56 18 samt

171 1069 32 20 De
227 1068 23 21 af
269 1067 105 21 Jaatinen
393 1067 39 21 och
452 1066 58 21 Pösö
527 1074 26 14 m.
571 1067 20 20 fi.
607 1068 80 20 inlösta
702 1068 154 26 lägenheterna

98 1104 7 20 i
121 1103 85 21 Hiitola
221 1103 85 20 socken.

170 1137 116 21 Dessutom
310 1137 85 20 komma
418 1137 134 20 landboarne
575 1137 13 20 &
614 1136 85 21 Pällilä
719 1137 135 20 vidsträckta

100 1172 53 26 gods
177 1172 6 20 i
207 1171 73 21 Mohla
300 1171 47 20 med
364 1171 36 20 det
416 1173 99 18 snaraste
532 1173 32 18 att
579 1171 69 21 förses
664 1171 47 21 med
728 1171 127 26 skattebref,

99 1207 118 26 hvarjemte
240 1206 141 25 Kronoborgs
406 1205 172 26 donationsgods
598 1205 7 21 i
620 1205 140 27 Kronoborgs
777 1205 79 21 socken

101 1244 55 18 samt
172 1240 110 25 Sumbula,
300 1240 126 21 Maanselkä
442 1239 39 21 och
499 1240 80 26 Wepsä
593 1240 54 26 gods
657 1241 6 20 i
674 1240 84 21 Rautus
769 1239 87 27 socken,

98 1275 73 22 hvilka
190 1275 109 20 allaredan
316 1274 70 21 blifvit
403 1274 133 26 skattlagda,
553 1274 61 21 äfven
630 1275 57 20 inom
703 1275 51 20 kort
770 1274 86 21 komma

97 1313 33 19 att
147 1310 32 21 till
194 1309 135 22 Jandboarne
343 1309 48 20 med
408 1309 129 26 eganderätt
553 1309 149 21 öfverlemnas.

169 1374 77 26 Enligt
268 1373 40 21 den
332 1372 22 22 af
376 1372 170 22 Statsutskottet
569 1372 35 21 vid
630 1373 139 21 1863—1864
793 1372 63 21 årens

98 1408 104 27 landtdag
219 1408 120 27 uppgjorda
349 1407 136 25 förteckning
501 1407 60 21 öfver
572 1407 203 26 donationsgodsen,
786 1406 70 22 skulle

98 1442 110 23 desamma
224 1444 89 26 utgöras
330 1441 22 21 af
367 1441 98 26 omkring
482 1442 42 19 983
541 1441 79 21 mantal
637 1441 55 21 inom
707 1440 103 27 Wiborgs
821 1442 35 20 län
