1036 1673
333 149 23 18 U.
369 148 23 19 B.
405 159 23 2 —
440 148 61 24 Prop.
515 149 36 18 N:o
563 149 31 18 32.
792 150 20 17 11

254 207 48 20 med
324 207 27 20 71
369 207 15 27 $
407 207 9 20 i
438 206 240 28 Landtdagsordningen
700 207 27 26 af
745 207 39 21 den
808 208 27 19 15

255 240 64 27 April
333 242 58 20 1869
406 241 80 27 jemväl
504 241 79 27 antagit
599 241 33 21 det
647 241 119 22 Ständerna
781 241 54 26 före-

255 275 61 26 lagda
333 275 101 27 förslaget
448 275 32 21 till
495 275 92 27 ändring
605 275 27 26 af
644 277 27 20 51
686 276 36 21 och
737 277 29 20 52
781 275 31 28 $$
828 275 9 20 i

256 309 129 21 sistnämnda
407 309 112 28 grundlag,
535 309 51 22 dock
608 310 49 21 med
681 317 25 14 cn
728 310 24 26 af
773 310 63 21 Stän-

258 343 63 22 derna
335 344 97 27 vidtagen
446 344 99 27 ändring,
560 344 9 21 i
583 344 56 27 följd
653 344 77 27 hvaraf
738 345 59 20 dessa
806 344 31 28 $$

256 377 77 22 komme
347 380 30 19 att
392 378 82 22 erhälla
488 378 93 27 följande
597 379 86 27 lydelse:

517 445 16 28 $
548 447 33 19 51.

291 490 82 22 Motion
388 491 50 21 eller
451 491 88 27 petition
554 491 8 21 i
577 492 66 25 ämne,
660 498 44 14 som
719 491 69 21 tillhör
801 491 36 21 all-

258 526 57 20 mänt
337 525 87 22 utskotts
440 525 131 28 behandling,
589 525 36 21 bör
641 525 27 26 af
680 525 158 27 landtdagsman

258 560 130 26 framställas
406 560 9 21 i
432 560 35 21 det
480 560 70 27 stånd,
567 560 42 21 han
623 559 76 27 tillhör,
715 560 56 20 inom
786 559 52 27 fjor-

259 596 34 19 ton
314 595 65 26 dagar
398 594 53 26 efter
466 594 138 27 landtdagens
619 594 116 27 öppnande.
765 593 73 22 Seder-

258 635 57 14 mera
335 629 36 20 mä
393 628 67 21 sådan
482 628 64 27 fråga
565 628 44 21 icke
627 628 71 21 kunna
716 628 80 26 väckas,
813 628 25 21 sä

260 663 65 26 framt
345 663 41 21 den
406 663 20 26 ej
444 662 171 27 omedelbarligen
633 662 118 27 föranledes
774 663 24 25 af
812 663 28 20 ett

259 697 55 21 inom
328 697 63 27 nägot
405 697 65 21 ständ
485 697 65 21 redan
564 697 78 26 fattadt
657 697 65 21 beslut
736 696 49 22 eller
802 703 37 14 an-

258 738 42 14 nan
315 731 66 22 under
396 731 125 27 landtdagen
536 731 105 27 inträffad
655 731 104 22 händelse.

293 766 47 21 Har
362 766 160 26 landtdagsman
541 766 35 26 för
592 766 65 27 afsigt
676 768 29 19 att
720 765 120 27 framställa

259 801 69 26 nägon
343 800 77 21 motion
437 800 50 21 eller
498 800 96 26 petition,
607 800 36 21 bör
655 800 41 21 han
704 800 70 21 derom
782 800 58 26 förut

260 835 122 21 underrätta
398 834 143 27 ordföranden
555 834 9 21 i
575 834 93 27 ståndet;
684 834 107 22 hvarutom
799 834 41 22 alla

262 870 99 21 motioner
383 869 37 21 och
437 869 112 26 petitioner
571 869 64 26 skola,
661 869 66 21 innan
746 869 24 21 de
785 869 55 26 före-

262 905 81 26 dragas,
358 903 120 27 skriftligen
500 905 97 25 uppsatta
613 903 32 21 till
659 904 93 21 ständets
774 903 68 22 sekre-

262 940 66 19 terare
343 938 108 26 aflemnas.
481 937 30 27 Ej
525 938 36 20 mä
576 938 9 20 i
599 945 26 14 en
639 937 63 27 skrift
716 938 50 26 flere
781 939 61 20 ären-

262 973 40 20 den
315 972 27 26 af
353 971 55 22 olika
423 971 138 27 beskaffenhet
573 972 161 27 sammanföras.
764 971 79 28 Hvarjc

263 1007 77 20 motion
361 1006 37 21 bör
420 1006 107 21 innehälla
549 1007 24 20 de
591 1006 53 26 skäl,
664 1007 79 26 hvarpä
763 1007 40 20 den
818 1007 26 20 är

262 1041 103 27 grundad,
381 1041 37 21 och
432 1041 88 27 åtföljas
535 1041 47 26 af
572 1037 13 35 i
596 1041 90 27 lagform
693 1041 95 27 affattadt
796 1041 44 26 för-

264 1075 45 28 slag
319 1075 31 22 till
365 1075 97 28 äsyftade
477 1075 130 28 stadganden
621 1076 10 20 i
645 1077 75 20 ämnet.

521 1150 16 28 8
552 1151 35 20 52.

300 1196 102 27 Kejsaren
424 1196 36 21 och
482 1196 143 26 Storfurstens
641 1197 161 26 propositioner,
818 1197 25 20 sä

267 1230 36 21 ock
318 1231 7 20 i
338 1231 90 20 stånden
443 1230 73 21 väckta
530 1231 107 26 motioner,
652 1231 36 20 mä
702 1231 43 21 icke
757 1231 31 20 till
796 1231 50 21 slut-

268 1265 28 27 lig
311 1265 77 26 åtgärd
406 1265 108 27 företagas
529 1265 65 21 innan
609 1265 87 22 allmänt
710 1265 76 22 utskott
802 1265 44 21 der-

266 1299 57 26 öfver
338 1299 86 27 afgifvit
438 1300 104 27 yttrande.

301 1333 47 22 Har
360 1334 90 26 petition
464 1335 90 20 rörande
569 1334 79 21 allmän
663 1334 63 27 fråga
740 1334 56 21 inom
808 1335 38 20 nå-

265 1370 35 26 got
314 1368 64 22 stånd
392 1368 68 26 blifvit
475 1369 124 27 föreslagen,
617 1368 41 22 kan
672 1369 82 21 ståndet
764 1369 85 27 jemväl

268 1410 33 14 om
323 1403 31 21 det
373 1404 26 20 så
414 1402 35 27 för
463 1404 50 26 godt
528 1403 77 27 finner,
621 1403 87 22 hänvisa
723 1404 81 26 frågan
819 1403 32 21 till

267 1437 123 27 behandling
405 1437 27 26 af
444 1437 88 21 allmänt
546 1437 82 21 utskott.

168 1484 122 22 Lagutskottets
302 1483 105 17 betänkande
420 1483 35 17 N:o
469 1484 17 16 3.
