1023 1673
226 128 32 36 24
407 131 81 23 Ständ.
503 131 37 24 Sv.
555 144 28 3 —
599 131 72 28 Prop.
686 131 41 22 N:o
742 130 37 22 38.

276 234 51 21 Men
342 235 41 20 när
398 234 135 22 såbeskaffad
547 234 148 28 förskrifning,
711 235 8 20 i
733 233 101 22 afseende

248 269 14 20 å
283 268 133 28 inteckning,
438 269 117 27 utsökning
577 269 52 21 eller
655 276 72 14 annan
750 269 84 27 åtgärd,

248 303 51 21 med
320 303 113 28 undantag
455 303 25 22 af
498 303 123 28 bevakning
643 303 7 21 i
672 303 96 21 konkurs
784 303 54 21 eller

250 337 156 28 årsproklama,
421 338 91 27 ingifves
529 338 52 21 eller
595 340 79 25 upptes
689 337 39 22 hos
744 337 92 22 domstol

250 371 52 22 eller
324 372 161 22 vederbörande
508 373 109 25 exekutor,
641 372 55 21 skall
711 373 125 20 densamma

250 407 29 26 på
294 406 142 27 gäldenärens
451 407 120 21 bekostnad
585 406 103 28 beläggas
698 407 49 20 med
758 407 81 21 sådant

250 441 182 27 stämpelpapper,
456 448 45 14 som
517 441 54 21 efter
586 442 36 20 det
637 441 125 21 resterande
777 440 59 28 kapi-

250 475 135 28 talbeloppet
400 475 44 22 kan
459 475 113 22 erfordras.

220 509 202 29 Försäkringsbref,
431 510 162 27 assuranspolis,
603 510 58 21 bevis
672 509 59 22 öfver
745 509 91 28 förnyad

250 543 53 22 eller
318 543 108 23 öfverförd
435 544 129 27 försäkring,
575 551 46 14 som
632 545 25 20 af
663 543 173 28 försäkringsgif-

250 585 51 15 vare
316 580 60 19 utom
393 579 94 21 Finland
501 585 78 21 genom
593 579 48 21 dess
651 580 66 26 agent
727 578 53 21 eller
795 585 42 14 om-

250 612 45 21 bud
306 612 40 21 här
356 613 6 20 i
371 613 74 21 landet
452 613 98 21 utställes
561 613 52 22 eller
622 613 114 25 utlemnas,
745 613 92 20 rörande

249 646 123 29 försäkring
387 647 25 22 af
423 647 139 22 menniskolif
570 647 40 22 och
619 647 150 26 lifstidsränta,
786 647 51 21 eller

250 682 22 20 af
288 683 104 26 egendom
407 685 57 19 emot
474 682 35 22 eld
519 682 39 22 och
568 682 70 22 brand
654 682 52 22 eller
721 681 115 29 sjöskada
825 677 15 38 .

224 715 121 29 Gåfvobref
357 716 99 22 karteras
470 717 45 21 lika
529 718 49 20 med
593 717 111 27 köpebref,
720 716 40 22 och
774 716 62 26 skall,

249 751 30 27 på
300 752 44 20 sätt
367 758 35 14 om
423 751 111 27 bytesbref
553 752 24 20 är
599 752 109 27 stadgadt,
731 753 56 19 samt
801 751 36 21 vid

250 784 45 22 lika
317 785 91 28 påföljd,
430 786 89 26 gåfvans
535 786 66 21 värde
616 786 8 20 i
639 786 122 27 penningar
776 785 61 21 alltid

250 819 32 21 uti
297 819 147 28 gåfvobrefvet
459 821 93 20 utsättas
567 820 52 21 eller
634 820 7 21 i
657 822 68 19 annat
739 819 39 22 fall
793 820 43 27 lag-

250 853 58 28 ligen
323 855 95 24 utredas,
426 855 30 27 på
466 855 35 21 det
512 855 195 27 stämpelbeloppet
717 855 36 20 må
763 855 75 20 kunna

250 888 94 21 derefter
358 888 136 23 bestämmas,

221 922 175 22 Konnässement
418 923 51 21 eller
491 923 117 22 fraktsedel
629 924 12 21 &
656 924 60 27 gods,
731 923 107 28 afgäende

250 957 33 21 till
298 959 34 19 ort
346 959 61 19 utom
422 957 103 22 Finland:

307 992 50 21 med
370 991 68 22 finskt
453 992 51 21 eller
519 991 59 28 ryskt
588 992 71 55 mu

331 1034 8 11 >
371 1026 113 21 utländskt
582 1044 39 4 mä

220 1059 116 28 Kontrakt,
352 1060 114 27 skriftligt:

250 1094 34 21 1:o
300 1101 36 14 om
350 1095 100 25 arrende,
465 1094 59 28 hyra,
539 1095 54 26 lega,
609 1095 73 27 städja
697 1093 52 22 eller
764 1101 73 14 annan

278 1128 75 27 afgäld
375 1128 34 22 för
426 1130 110 26 egendom,
551 1129 47 26 hus,
613 1136 54 18 rum,
683 1128 50 25 bod,
748 1128 89 26 källare,

278 1164 62 25 tomt,
363 1164 111 27 trädgård,
498 1170 73 21 qvarn,
593 1163 78 26 fabrik,
691 1162 63 26 bruk,
778 1162 58 25 åker,

279 1198 49 27 äng,
344 1197 124 28 beteshage,
484 1197 58 29 skog,
558 1197 73 22 fiskeri
646 1198 50 21 med
710 1203 66 19 mera,
793 1197 24 21 så
831 1197 8 21 i

278 1232 50 21 stad
349 1239 47 14 som
418 1233 29 27 på
466 1232 80 26 landet,
561 1232 62 25 skall,
638 1234 55 19 utan
708 1231 102 21 afseende
826 1232 12 20 å

278 1267 37 21 det
337 1268 51 24 sätt,
410 1266 84 28 hvarpå
514 1266 127 22 kontraktet
663 1267 25 20 är
702 1266 136 27 upprättadt,

277 1300 69 22 förses
361 1302 50 20 med
425 1301 71 26 karta,
510 1300 111 22 beräknad
639 1300 56 22 efter
709 1301 42 20 den
765 1306 73 15 arren-

278 1336 118 25 desumma,
412 1335 54 28 hyra
481 1335 52 21 eller
549 1334 80 28 afgäld,
645 1341 46 15 som
705 1334 34 21 för
753 1334 47 21 helt
814 1334 24 20 år

279 1370 32 28 sig
326 1369 95 28 belöper,
438 1370 100 21 sålunda:

278 1405 28 21 då
328 1404 70 28 byran
420 1403 35 22 för
476 1404 46 22 året
544 1404 64 27 utgör
627 1403 33 21 till
676 1402 41 22 och
731 1403 51 21 med
796 1402 42 21 100

305 1438 63 22 mark
439 1455 5 5 s

276 1474 57 20 samt
348 1451 132 54 derutöfver
486 1456 34 39 för
533 1456 75 44 hvarje
617 1454 59 40 fulla
687 1450 47 53 100
749 1453 62 40 märk

924 988 30 21 50
