<?xml version="1.0" encoding="UTF-8"?>
<alto xmlns="http://www.loc.gov/standards/alto/ns-v3#" xmlns:xlink="http://www.w3.org/1999/xlink" xmlns:xsi="http://www.w3.org/2001/XMLSchema-instance" xsi:schemaLocation="http://www.loc.gov/standards/alto/ns-v3# http://www.loc.gov/alto/v3/alto-3-0.xsd">
	<Description>
		<MeasurementUnit>pixel</MeasurementUnit>
		<sourceImageInformation>
			<fileName>/tmp/tess_ksdp1m55_input.PNG</fileName>
		</sourceImageInformation>
		<OCRProcessing ID="OCR_0">
			<ocrProcessingStep>
				<processingSoftware>
					<softwareName>tesseract 5.3.4</softwareName>
				</processingSoftware>
			</ocrProcessingStep>
		</OCRProcessing>
	</Description>
	<Layout>
		<Page WIDTH="1028" HEIGHT="1673" PHYSICAL_IMG_NR="0" ID="page_0">
			<PrintSpace HPOS="0" VPOS="0" WIDTH="1028" HEIGHT="1673">
				<ComposedBlock ID="cblock_0" HPOS="240" VPOS="120" WIDTH="26" HEIGHT="21">
					<TextBlock ID="block_0" HPOS="240" VPOS="120" WIDTH="26" HEIGHT="21">
						<TextLine ID="line_0" HPOS="240" VPOS="120" WIDTH="26" HEIGHT="21">
							<String ID="string_0" HPOS="240" VPOS="120" WIDTH="26" HEIGHT="21" WC="0.93" CONTENT="76"/>
						</TextLine>
					</TextBlock>
				</ComposedBlock>
				<ComposedBlock ID="cblock_1" HPOS="433" VPOS="120" WIDTH="312" HEIGHT="30">
					<TextBlock ID="block_1" HPOS="433" VPOS="120" WIDTH="312" HEIGHT="30">
						<TextLine ID="line_1" HPOS="433" VPOS="120" WIDTH="312" HEIGHT="30">
							<String ID="string_1" HPOS="433" VPOS="120" WIDTH="65" HEIGHT="24" WC="0.90" CONTENT="Ständ."/><SP WIDTH="16" VPOS="120" HPOS="498"/>
							<String ID="string_2" HPOS="514" VPOS="120" WIDTH="29" HEIGHT="24" WC="0.93" CONTENT="Sv."/><SP WIDTH="16" VPOS="120" HPOS="543"/>
							<String ID="string_3" HPOS="559" VPOS="132" WIDTH="28" HEIGHT="4" WC="0.91" CONTENT="—"/><SP WIDTH="15" VPOS="132" HPOS="587"/>
							<String ID="string_4" HPOS="602" VPOS="120" WIDTH="53" HEIGHT="30" WC="0.95" CONTENT="Prop."/><SP WIDTH="16" VPOS="120" HPOS="655"/>
							<String ID="string_5" HPOS="671" VPOS="120" WIDTH="29" HEIGHT="24" WC="0.95" CONTENT="N:o"/><SP WIDTH="14" VPOS="120" HPOS="700"/>
							<String ID="string_6" HPOS="714" VPOS="120" WIDTH="31" HEIGHT="24" WC="0.94" CONTENT="36."/>
						</TextLine>
					</TextBlock>
				</ComposedBlock>
				<ComposedBlock ID="cblock_2" HPOS="344" VPOS="189" WIDTH="622" HEIGHT="617">
					<TextBlock ID="block_2" HPOS="616" VPOS="189" WIDTH="81" HEIGHT="27">
						<TextLine ID="line_2" HPOS="616" VPOS="189" WIDTH="81" HEIGHT="27">
							<String ID="string_7" HPOS="616" VPOS="189" WIDTH="16" HEIGHT="27" WC="0.92" CONTENT="$"/><SP WIDTH="15" VPOS="189" HPOS="632"/>
							<String ID="string_8" HPOS="647" VPOS="190" WIDTH="50" HEIGHT="20" WC="0.93" CONTENT="181."/>
						</TextLine>
					</TextBlock>
					<TextBlock ID="block_3" HPOS="344" VPOS="227" WIDTH="622" HEIGHT="579">
						<TextLine ID="line_3" HPOS="417" VPOS="227" WIDTH="547" HEIGHT="29">
							<String ID="string_9" HPOS="417" VPOS="228" WIDTH="65" HEIGHT="22" WC="0.81" CONTENT="Hvad"/><SP WIDTH="16" VPOS="228" HPOS="482"/>
							<String ID="string_10" HPOS="498" VPOS="229" WIDTH="8" HEIGHT="20" WC="0.92" CONTENT="i"/><SP WIDTH="15" VPOS="229" HPOS="506"/>
							<String ID="string_11" HPOS="521" VPOS="228" WIDTH="15" HEIGHT="28" WC="0.92" CONTENT="$"/><SP WIDTH="15" VPOS="228" HPOS="536"/>
							<String ID="string_12" HPOS="551" VPOS="228" WIDTH="44" HEIGHT="22" WC="0.96" CONTENT="180"/><SP WIDTH="17" VPOS="228" HPOS="595"/>
							<String ID="string_13" HPOS="612" VPOS="230" WIDTH="27" HEIGHT="19" WC="0.93" CONTENT="är"/><SP WIDTH="9" VPOS="230" HPOS="639"/>
							<String ID="string_14" HPOS="648" VPOS="227" WIDTH="143" HEIGHT="28" WC="0.90" CONTENT="föreskrifvet"/><SP WIDTH="16" VPOS="227" HPOS="791"/>
							<String ID="string_15" HPOS="807" VPOS="228" WIDTH="93" HEIGHT="21" WC="0.93" CONTENT="rörande"/><SP WIDTH="14" VPOS="228" HPOS="900"/>
							<String ID="string_16" HPOS="914" VPOS="234" WIDTH="50" HEIGHT="14" WC="0.91" CONTENT="ran-"/>
						</TextLine>
						<TextLine ID="line_4" HPOS="348" VPOS="262" WIDTH="615" HEIGHT="28">
							<String ID="string_17" HPOS="348" VPOS="262" WIDTH="119" HEIGHT="28" WC="0.92" CONTENT="sakningen"/><SP WIDTH="14" VPOS="262" HPOS="467"/>
							<String ID="string_18" HPOS="481" VPOS="263" WIDTH="34" HEIGHT="21" WC="0.93" CONTENT="uti"/><SP WIDTH="15" VPOS="263" HPOS="515"/>
							<String ID="string_19" HPOS="530" VPOS="262" WIDTH="47" HEIGHT="22" WC="0.91" CONTENT="deri"/><SP WIDTH="16" VPOS="262" HPOS="577"/>
							<String ID="string_20" HPOS="593" VPOS="263" WIDTH="96" HEIGHT="21" WC="0.96" CONTENT="nämnda"/><SP WIDTH="23" VPOS="263" HPOS="689"/>
							<String ID="string_21" HPOS="712" VPOS="263" WIDTH="50" HEIGHT="26" WC="0.96" CONTENT="mål,"/><SP WIDTH="23" VPOS="263" HPOS="762"/>
							<String ID="string_22" HPOS="785" VPOS="262" WIDTH="57" HEIGHT="22" WC="0.96" CONTENT="skall"/><SP WIDTH="14" VPOS="262" HPOS="842"/>
							<String ID="string_23" HPOS="856" VPOS="262" WIDTH="38" HEIGHT="21" WC="0.93" CONTENT="ock"/><SP WIDTH="15" VPOS="262" HPOS="894"/>
							<String ID="string_24" HPOS="909" VPOS="262" WIDTH="54" HEIGHT="21" WC="0.92" CONTENT="iakt-"/>
						</TextLine>
						<TextLine ID="line_5" HPOS="350" VPOS="296" WIDTH="614" HEIGHT="28">
							<String ID="string_25" HPOS="350" VPOS="301" WIDTH="60" HEIGHT="23" WC="0.80" CONTENT="togas"/><SP WIDTH="23" VPOS="301" HPOS="410"/>
							<String ID="string_26" HPOS="433" VPOS="298" WIDTH="8" HEIGHT="20" WC="0.95" CONTENT="i"/><SP WIDTH="21" VPOS="298" HPOS="441"/>
							<String ID="string_27" HPOS="462" VPOS="296" WIDTH="101" HEIGHT="28" WC="0.93" CONTENT="afseende"/><SP WIDTH="22" VPOS="296" HPOS="563"/>
							<String ID="string_28" HPOS="585" VPOS="298" WIDTH="14" HEIGHT="20" WC="0.83" CONTENT="å"/><SP WIDTH="22" VPOS="298" HPOS="599"/>
							<String ID="string_29" HPOS="621" VPOS="297" WIDTH="193" HEIGHT="27" WC="0.92" CONTENT="ransakningarna"/><SP WIDTH="23" VPOS="297" HPOS="814"/>
							<String ID="string_30" HPOS="837" VPOS="297" WIDTH="7" HEIGHT="21" WC="0.96" CONTENT="i"/><SP WIDTH="22" VPOS="297" HPOS="844"/>
							<String ID="string_31" HPOS="866" VPOS="296" WIDTH="26" HEIGHT="22" WC="0.95" CONTENT="de"/><SP WIDTH="21" VPOS="296" HPOS="892"/>
							<String ID="string_32" HPOS="913" VPOS="297" WIDTH="51" HEIGHT="27" WC="0.95" CONTENT="mål,"/>
						</TextLine>
						<TextLine ID="line_6" HPOS="349" VPOS="331" WIDTH="615" HEIGHT="29">
							<String ID="string_33" HPOS="349" VPOS="331" WIDTH="72" HEIGHT="21" WC="0.96" CONTENT="hvilka"/><SP WIDTH="16" VPOS="331" HPOS="421"/>
							<String ID="string_34" HPOS="437" VPOS="331" WIDTH="53" HEIGHT="21" WC="0.96" CONTENT="höra"/><SP WIDTH="16" VPOS="331" HPOS="490"/>
							<String ID="string_35" HPOS="506" VPOS="332" WIDTH="35" HEIGHT="20" WC="0.93" CONTENT="till"/><SP WIDTH="18" VPOS="332" HPOS="541"/>
							<String ID="string_36" HPOS="559" VPOS="326" WIDTH="256" HEIGHT="34" WC="0.91" CONTENT="Öfverkrigsdomstolens"/><SP WIDTH="15" VPOS="326" HPOS="815"/>
							<String ID="string_37" HPOS="830" VPOS="331" WIDTH="134" HEIGHT="21" WC="0.96" CONTENT="omedelbara"/>
						</TextLine>
						<TextLine ID="line_7" HPOS="350" VPOS="365" WIDTH="615" HEIGHT="28">
							<String ID="string_38" HPOS="350" VPOS="365" WIDTH="121" HEIGHT="28" WC="0.91" CONTENT="afgörande"/><SP WIDTH="15" VPOS="365" HPOS="471"/>
							<String ID="string_39" HPOS="486" VPOS="366" WIDTH="52" HEIGHT="21" WC="0.93" CONTENT="eller"/><SP WIDTH="16" VPOS="366" HPOS="538"/>
							<String ID="string_40" HPOS="554" VPOS="365" WIDTH="141" HEIGHT="28" WC="0.89" CONTENT="öfverlemnas"/><SP WIDTH="11" VPOS="365" HPOS="695"/>
							<String ID="string_41" HPOS="706" VPOS="366" WIDTH="35" HEIGHT="20" WC="0.96" CONTENT="till"/><SP WIDTH="10" VPOS="366" HPOS="741"/>
							<String ID="string_42" HPOS="751" VPOS="366" WIDTH="70" HEIGHT="20" WC="0.96" CONTENT="sådan"/><SP WIDTH="13" VPOS="366" HPOS="821"/>
							<String ID="string_43" HPOS="834" VPOS="365" WIDTH="47" HEIGHT="21" WC="0.96" CONTENT="dess"/><SP WIDTH="10" VPOS="365" HPOS="881"/>
							<String ID="string_44" HPOS="891" VPOS="366" WIDTH="74" HEIGHT="20" WC="0.96" CONTENT="vidare"/>
						</TextLine>
						<TextLine ID="line_8" HPOS="350" VPOS="400" WIDTH="614" HEIGHT="27">
							<String ID="string_45" HPOS="350" VPOS="400" WIDTH="85" HEIGHT="27" WC="0.95" CONTENT="åtgärd,"/><SP WIDTH="15" VPOS="400" HPOS="435"/>
							<String ID="string_46" HPOS="450" VPOS="407" WIDTH="45" HEIGHT="14" WC="0.96" CONTENT="som"/><SP WIDTH="17" VPOS="407" HPOS="495"/>
							<String ID="string_47" HPOS="512" VPOS="400" WIDTH="7" HEIGHT="21" WC="0.93" CONTENT="i"/><SP WIDTH="16" VPOS="400" HPOS="519"/>
							<String ID="string_48" HPOS="535" VPOS="401" WIDTH="13" HEIGHT="26" WC="0.93" CONTENT="$"/><SP WIDTH="16" VPOS="401" HPOS="548"/>
							<String ID="string_49" HPOS="564" VPOS="402" WIDTH="44" HEIGHT="19" WC="0.93" CONTENT="157"/><SP WIDTH="16" VPOS="402" HPOS="608"/>
							<String ID="string_50" HPOS="624" VPOS="400" WIDTH="148" HEIGHT="27" WC="0.92" CONTENT="omförmäles;"/><SP WIDTH="15" VPOS="400" HPOS="772"/>
							<String ID="string_51" HPOS="787" VPOS="400" WIDTH="38" HEIGHT="20" WC="0.96" CONTENT="och"/><SP WIDTH="17" VPOS="400" HPOS="825"/>
							<String ID="string_52" HPOS="842" VPOS="406" WIDTH="48" HEIGHT="15" WC="0.94" CONTENT="vare"/><SP WIDTH="16" VPOS="406" HPOS="890"/>
							<String ID="string_53" HPOS="906" VPOS="400" WIDTH="58" HEIGHT="21" WC="0.95" CONTENT="tiden"/>
						</TextLine>
						<TextLine ID="line_9" HPOS="344" VPOS="433" WIDTH="621" HEIGHT="29">
							<String ID="string_54" HPOS="344" VPOS="433" WIDTH="42" HEIGHT="27" WC="0.92" CONTENT="för"/><SP WIDTH="16" VPOS="433" HPOS="386"/>
							<String ID="string_55" HPOS="402" VPOS="435" WIDTH="144" HEIGHT="20" WC="0.92" CONTENT="insändandet"/><SP WIDTH="15" VPOS="435" HPOS="546"/>
							<String ID="string_56" HPOS="561" VPOS="434" WIDTH="86" HEIGHT="21" WC="0.96" CONTENT="räknad"/><SP WIDTH="11" VPOS="434" HPOS="647"/>
							<String ID="string_57" HPOS="658" VPOS="434" WIDTH="61" HEIGHT="27" WC="0.96" CONTENT="ifrån"/><SP WIDTH="11" VPOS="434" HPOS="719"/>
							<String ID="string_58" HPOS="730" VPOS="434" WIDTH="40" HEIGHT="21" WC="0.96" CONTENT="den"/><SP WIDTH="11" VPOS="434" HPOS="770"/>
							<String ID="string_59" HPOS="781" VPOS="434" WIDTH="49" HEIGHT="28" WC="0.96" CONTENT="dag,"/><SP WIDTH="16" VPOS="434" HPOS="830"/>
							<String ID="string_60" HPOS="846" VPOS="434" WIDTH="28" HEIGHT="21" WC="0.93" CONTENT="då"/><SP WIDTH="15" VPOS="434" HPOS="874"/>
							<String ID="string_61" HPOS="889" VPOS="434" WIDTH="76" HEIGHT="21" WC="0.91" CONTENT="under-"/>
						</TextLine>
						<TextLine ID="line_10" HPOS="350" VPOS="468" WIDTH="615" HEIGHT="29">
							<String ID="string_62" HPOS="350" VPOS="468" WIDTH="117" HEIGHT="28" WC="0.96" CONTENT="sökningen"/><SP WIDTH="15" VPOS="468" HPOS="467"/>
							<String ID="string_63" HPOS="482" VPOS="469" WIDTH="36" HEIGHT="21" WC="0.93" CONTENT="vid"/><SP WIDTH="15" VPOS="469" HPOS="518"/>
							<String ID="string_64" HPOS="533" VPOS="468" WIDTH="142" HEIGHT="29" WC="0.92" CONTENT="Krigsrätten"/><SP WIDTH="17" VPOS="468" HPOS="675"/>
							<String ID="string_65" HPOS="692" VPOS="469" WIDTH="100" HEIGHT="21" WC="0.91" CONTENT="slutades."/><SP WIDTH="31" VPOS="469" HPOS="792"/>
							<String ID="string_66" HPOS="823" VPOS="468" WIDTH="50" HEIGHT="21" WC="0.92" CONTENT="Har"/><SP WIDTH="16" VPOS="468" HPOS="873"/>
							<String ID="string_67" HPOS="889" VPOS="468" WIDTH="76" HEIGHT="28" WC="0.91" CONTENT="Krigs-"/>
						</TextLine>
						<TextLine ID="line_11" HPOS="350" VPOS="502" WIDTH="616" HEIGHT="29">
							<String ID="string_68" HPOS="350" VPOS="505" WIDTH="45" HEIGHT="18" WC="0.93" CONTENT="rätt"/><SP WIDTH="15" VPOS="505" HPOS="395"/>
							<String ID="string_69" HPOS="410" VPOS="503" WIDTH="121" HEIGHT="27" WC="0.92" CONTENT="hänskjutit"/><SP WIDTH="15" VPOS="503" HPOS="531"/>
							<String ID="string_70" HPOS="546" VPOS="503" WIDTH="72" HEIGHT="27" WC="0.96" CONTENT="någon"/><SP WIDTH="14" VPOS="503" HPOS="618"/>
							<String ID="string_71" HPOS="632" VPOS="503" WIDTH="40" HEIGHT="21" WC="0.91" CONTENT="sak"/><SP WIDTH="22" VPOS="503" HPOS="672"/>
							<String ID="string_72" HPOS="694" VPOS="503" WIDTH="35" HEIGHT="20" WC="0.91" CONTENT="till"/><SP WIDTH="21" VPOS="503" HPOS="729"/>
							<String ID="string_73" HPOS="750" VPOS="503" WIDTH="126" HEIGHT="28" WC="0.93" CONTENT="ytterligare"/><SP WIDTH="22" VPOS="503" HPOS="876"/>
							<String ID="string_74" HPOS="898" VPOS="502" WIDTH="68" HEIGHT="21" WC="0.92" CONTENT="hand-"/>
						</TextLine>
						<TextLine ID="line_12" HPOS="351" VPOS="537" WIDTH="615" HEIGHT="28">
							<String ID="string_75" HPOS="351" VPOS="537" WIDTH="105" HEIGHT="28" WC="0.96" CONTENT="läggning"/><SP WIDTH="15" VPOS="537" HPOS="456"/>
							<String ID="string_76" HPOS="471" VPOS="537" WIDTH="36" HEIGHT="21" WC="0.96" CONTENT="vid"/><SP WIDTH="14" VPOS="537" HPOS="507"/>
							<String ID="string_77" HPOS="521" VPOS="544" WIDTH="76" HEIGHT="15" WC="0.93" CONTENT="annan"/><SP WIDTH="10" VPOS="544" HPOS="597"/>
							<String ID="string_78" HPOS="607" VPOS="537" WIDTH="166" HEIGHT="25" WC="0.92" CONTENT="underdomstol,"/><SP WIDTH="16" VPOS="537" HPOS="773"/>
							<String ID="string_79" HPOS="789" VPOS="537" WIDTH="37" HEIGHT="21" WC="0.93" CONTENT="bör"/><SP WIDTH="10" VPOS="537" HPOS="826"/>
							<String ID="string_80" HPOS="836" VPOS="537" WIDTH="130" HEIGHT="21" WC="0.91" CONTENT="ransaknin-"/>
						</TextLine>
						<TextLine ID="line_13" HPOS="350" VPOS="568" WIDTH="614" HEIGHT="31">
							<String ID="string_81" HPOS="350" VPOS="578" WIDTH="40" HEIGHT="21" WC="0.96" CONTENT="gen"/><SP WIDTH="15" VPOS="578" HPOS="390"/>
							<String ID="string_82" HPOS="405" VPOS="572" WIDTH="47" HEIGHT="21" WC="0.91" CONTENT="med"/><SP WIDTH="15" VPOS="572" HPOS="452"/>
							<String ID="string_83" HPOS="467" VPOS="572" WIDTH="74" HEIGHT="21" WC="0.91" CONTENT="dertill"/><SP WIDTH="15" VPOS="572" HPOS="541"/>
							<String ID="string_84" HPOS="556" VPOS="571" WIDTH="96" HEIGHT="22" WC="0.96" CONTENT="hörande"/><SP WIDTH="15" VPOS="571" HPOS="652"/>
							<String ID="string_85" HPOS="667" VPOS="568" WIDTH="134" HEIGHT="31" WC="0.96" CONTENT="handlingar"/><SP WIDTH="21" VPOS="568" HPOS="801"/>
							<String ID="string_86" HPOS="822" VPOS="572" WIDTH="56" HEIGHT="21" WC="0.95" CONTENT="inom"/><SP WIDTH="15" VPOS="572" HPOS="878"/>
							<String ID="string_87" HPOS="893" VPOS="571" WIDTH="71" HEIGHT="22" WC="0.96" CONTENT="trettio"/>
						</TextLine>
						<TextLine ID="line_14" HPOS="351" VPOS="605" WIDTH="614" HEIGHT="29">
							<String ID="string_88" HPOS="351" VPOS="606" WIDTH="70" HEIGHT="27" WC="0.96" CONTENT="dagar"/><SP WIDTH="14" VPOS="606" HPOS="421"/>
							<String ID="string_89" HPOS="435" VPOS="605" WIDTH="94" HEIGHT="28" WC="0.96" CONTENT="derefter"/><SP WIDTH="14" VPOS="605" HPOS="529"/>
							<String ID="string_90" HPOS="543" VPOS="607" WIDTH="105" HEIGHT="27" WC="0.95" CONTENT="antingen"/><SP WIDTH="19" VPOS="607" HPOS="648"/>
							<String ID="string_91" HPOS="667" VPOS="605" WIDTH="129" HEIGHT="22" WC="0.96" CONTENT="omedelbart"/><SP WIDTH="22" VPOS="605" HPOS="796"/>
							<String ID="string_92" HPOS="818" VPOS="606" WIDTH="51" HEIGHT="21" WC="0.96" CONTENT="eller"/><SP WIDTH="21" VPOS="606" HPOS="869"/>
							<String ID="string_93" HPOS="890" VPOS="612" WIDTH="75" HEIGHT="21" WC="0.95" CONTENT="genom"/>
						</TextLine>
						<TextLine ID="line_15" HPOS="354" VPOS="640" WIDTH="611" HEIGHT="28">
							<String ID="string_94" HPOS="354" VPOS="640" WIDTH="136" HEIGHT="22" WC="0.96" CONTENT="Guvernören"/><SP WIDTH="15" VPOS="640" HPOS="490"/>
							<String ID="string_95" HPOS="505" VPOS="641" WIDTH="8" HEIGHT="20" WC="0.96" CONTENT="i"/><SP WIDTH="16" VPOS="641" HPOS="513"/>
							<String ID="string_96" HPOS="529" VPOS="641" WIDTH="58" HEIGHT="21" WC="0.92" CONTENT="länet"/><SP WIDTH="14" VPOS="641" HPOS="587"/>
							<String ID="string_97" HPOS="601" VPOS="641" WIDTH="124" HEIGHT="27" WC="0.91" CONTENT="försändas"/><SP WIDTH="23" VPOS="641" HPOS="725"/>
							<String ID="string_98" HPOS="748" VPOS="641" WIDTH="35" HEIGHT="21" WC="0.95" CONTENT="till"/><SP WIDTH="22" VPOS="641" HPOS="783"/>
							<String ID="string_99" HPOS="805" VPOS="641" WIDTH="40" HEIGHT="20" WC="0.96" CONTENT="den"/><SP WIDTH="23" VPOS="641" HPOS="845"/>
							<String ID="string_100" HPOS="868" VPOS="641" WIDTH="97" HEIGHT="23" WC="0.96" CONTENT="domstol,"/>
						</TextLine>
						<TextLine ID="line_16" HPOS="352" VPOS="675" WIDTH="614" HEIGHT="27">
							<String ID="string_101" HPOS="352" VPOS="675" WIDTH="32" HEIGHT="20" WC="0.96" CONTENT="dit"/><SP WIDTH="14" VPOS="675" HPOS="384"/>
							<String ID="string_102" HPOS="398" VPOS="675" WIDTH="89" HEIGHT="21" WC="0.96" CONTENT="ärendet"/><SP WIDTH="15" VPOS="675" HPOS="487"/>
							<String ID="string_103" HPOS="502" VPOS="675" WIDTH="71" HEIGHT="25" WC="0.93" CONTENT="blifvit"/><SP WIDTH="9" VPOS="675" HPOS="573"/>
							<String ID="string_104" HPOS="582" VPOS="675" WIDTH="120" HEIGHT="27" WC="0.88" CONTENT="förvisadt."/><SP WIDTH="27" VPOS="675" HPOS="702"/>
							<String ID="string_105" HPOS="729" VPOS="675" WIDTH="141" HEIGHT="21" WC="0.91" CONTENT="Försummar"/><SP WIDTH="9" VPOS="675" HPOS="870"/>
							<String ID="string_106" HPOS="879" VPOS="675" WIDTH="87" HEIGHT="21" WC="0.96" CONTENT="auditör"/>
						</TextLine>
						<TextLine ID="line_17" HPOS="352" VPOS="709" WIDTH="614" HEIGHT="28">
							<String ID="string_107" HPOS="352" VPOS="711" WIDTH="32" HEIGHT="19" WC="0.94" CONTENT="att"/><SP WIDTH="22" VPOS="711" HPOS="384"/>
							<String ID="string_108" HPOS="406" VPOS="710" WIDTH="7" HEIGHT="19" WC="0.96" CONTENT="i"/><SP WIDTH="24" VPOS="710" HPOS="413"/>
							<String ID="string_109" HPOS="437" VPOS="710" WIDTH="64" HEIGHT="27" WC="0.96" CONTENT="något"/><SP WIDTH="22" VPOS="710" HPOS="501"/>
							<String ID="string_110" HPOS="523" VPOS="709" WIDTH="29" HEIGHT="27" WC="0.96" CONTENT="af"/><SP WIDTH="20" VPOS="709" HPOS="552"/>
							<String ID="string_111" HPOS="572" VPOS="710" WIDTH="61" HEIGHT="21" WC="0.96" CONTENT="dessa"/><SP WIDTH="17" VPOS="710" HPOS="633"/>
							<String ID="string_112" HPOS="650" VPOS="709" WIDTH="50" HEIGHT="28" WC="0.96" CONTENT="fall"/><SP WIDTH="22" VPOS="709" HPOS="700"/>
							<String ID="string_113" HPOS="722" VPOS="709" WIDTH="164" HEIGHT="28" WC="0.95" CONTENT="handlingarna"/><SP WIDTH="22" VPOS="709" HPOS="886"/>
							<String ID="string_114" HPOS="908" VPOS="710" WIDTH="58" HEIGHT="20" WC="0.95" CONTENT="inom"/>
						</TextLine>
						<TextLine ID="line_18" HPOS="346" VPOS="743" WIDTH="620" HEIGHT="28">
							<String ID="string_115" HPOS="346" VPOS="743" WIDTH="149" HEIGHT="27" WC="0.81" CONTENT="föreskrifven"/><SP WIDTH="23" VPOS="743" HPOS="495"/>
							<String ID="string_116" HPOS="518" VPOS="744" WIDTH="32" HEIGHT="21" WC="0.96" CONTENT="tid"/><SP WIDTH="23" VPOS="744" HPOS="550"/>
							<String ID="string_117" HPOS="573" VPOS="745" WIDTH="34" HEIGHT="20" WC="0.96" CONTENT="till"/><SP WIDTH="23" VPOS="745" HPOS="607"/>
							<String ID="string_118" HPOS="630" VPOS="744" WIDTH="86" HEIGHT="27" WC="0.96" CONTENT="behörig"/><SP WIDTH="23" VPOS="744" HPOS="716"/>
							<String ID="string_119" HPOS="739" VPOS="746" WIDTH="33" HEIGHT="19" WC="0.96" CONTENT="ort"/><SP WIDTH="23" VPOS="746" HPOS="772"/>
							<String ID="string_120" HPOS="795" VPOS="744" WIDTH="103" HEIGHT="25" WC="0.93" CONTENT="insända;"/><SP WIDTH="23" VPOS="744" HPOS="898"/>
							<String ID="string_121" HPOS="921" VPOS="743" WIDTH="45" HEIGHT="22" WC="0.92" CONTENT="böte"/>
						</TextLine>
						<TextLine ID="line_19" HPOS="350" VPOS="778" WIDTH="308" HEIGHT="28">
							<String ID="string_122" HPOS="350" VPOS="778" WIDTH="70" HEIGHT="21" WC="0.96" CONTENT="såsom"/><SP WIDTH="17" VPOS="778" HPOS="420"/>
							<String ID="string_123" HPOS="437" VPOS="778" WIDTH="8" HEIGHT="21" WC="0.92" CONTENT="i"/><SP WIDTH="14" VPOS="778" HPOS="445"/>
							<String ID="string_124" HPOS="459" VPOS="780" WIDTH="13" HEIGHT="24" WC="0.92" CONTENT="$"/><SP WIDTH="16" VPOS="780" HPOS="472"/>
							<String ID="string_125" HPOS="488" VPOS="779" WIDTH="43" HEIGHT="20" WC="0.93" CONTENT="180"/><SP WIDTH="13" VPOS="779" HPOS="531"/>
							<String ID="string_126" HPOS="544" VPOS="779" WIDTH="66" HEIGHT="27" WC="0.92" CONTENT="sagdt"/><SP WIDTH="16" VPOS="779" HPOS="610"/>
							<String ID="string_127" HPOS="626" VPOS="781" WIDTH="32" HEIGHT="18" WC="0.96" CONTENT="är."/>
						</TextLine>
					</TextBlock>
				</ComposedBlock>
				<ComposedBlock ID="cblock_3" HPOS="346" VPOS="841" WIDTH="623" HEIGHT="614">
					<TextBlock ID="block_4" HPOS="618" VPOS="841" WIDTH="81" HEIGHT="28">
						<TextLine ID="line_20" HPOS="618" VPOS="841" WIDTH="81" HEIGHT="28">
							<String ID="string_128" HPOS="618" VPOS="841" WIDTH="16" HEIGHT="28" WC="0.89" CONTENT="$"/><SP WIDTH="15" VPOS="841" HPOS="634"/>
							<String ID="string_129" HPOS="649" VPOS="842" WIDTH="50" HEIGHT="21" WC="0.96" CONTENT="182."/>
						</TextLine>
					</TextBlock>
					<TextBlock ID="block_5" HPOS="350" VPOS="875" WIDTH="619" HEIGHT="580">
						<TextLine ID="line_21" HPOS="420" VPOS="875" WIDTH="546" HEIGHT="34">
							<String ID="string_130" HPOS="420" VPOS="875" WIDTH="91" HEIGHT="34" WC="0.92" CONTENT="Åtnöjes"/><SP WIDTH="14" VPOS="875" HPOS="511"/>
							<String ID="string_131" HPOS="525" VPOS="888" WIDTH="51" HEIGHT="14" WC="0.94" CONTENT="man"/><SP WIDTH="15" VPOS="888" HPOS="576"/>
							<String ID="string_132" HPOS="591" VPOS="882" WIDTH="22" HEIGHT="27" WC="0.96" CONTENT="ej"/><SP WIDTH="15" VPOS="882" HPOS="613"/>
							<String ID="string_133" HPOS="628" VPOS="882" WIDTH="46" HEIGHT="20" WC="0.93" CONTENT="med"/><SP WIDTH="15" VPOS="882" HPOS="674"/>
							<String ID="string_134" HPOS="689" VPOS="881" WIDTH="126" HEIGHT="28" WC="0.89" CONTENT="Krigsrätts"/><SP WIDTH="14" VPOS="881" HPOS="815"/>
							<String ID="string_135" HPOS="829" VPOS="881" WIDTH="90" HEIGHT="27" WC="0.93" CONTENT="slutliga"/><SP WIDTH="15" VPOS="881" HPOS="919"/>
							<String ID="string_136" HPOS="934" VPOS="883" WIDTH="32" HEIGHT="19" WC="0.88" CONTENT="ut-"/>
						</TextLine>
						<TextLine ID="line_22" HPOS="346" VPOS="906" WIDTH="620" HEIGHT="37">
							<String ID="string_137" HPOS="346" VPOS="906" WIDTH="53" HEIGHT="37" WC="0.55" CONTENT="slag"/><SP WIDTH="15" VPOS="906" HPOS="399"/>
							<String ID="string_138" HPOS="414" VPOS="916" WIDTH="8" HEIGHT="19" WC="0.92" CONTENT="i"/><SP WIDTH="15" VPOS="916" HPOS="422"/>
							<String ID="string_139" HPOS="437" VPOS="915" WIDTH="156" HEIGHT="27" WC="0.90" CONTENT="hufvudsaken,"/><SP WIDTH="16" VPOS="915" HPOS="593"/>
							<String ID="string_140" HPOS="609" VPOS="915" WIDTH="83" HEIGHT="28" WC="0.91" CONTENT="ingifve"/><SP WIDTH="14" VPOS="915" HPOS="692"/>
							<String ID="string_141" HPOS="706" VPOS="916" WIDTH="50" HEIGHT="20" WC="0.96" CONTENT="sina"/><SP WIDTH="15" VPOS="916" HPOS="756"/>
							<String ID="string_142" HPOS="771" VPOS="915" WIDTH="73" HEIGHT="21" WC="0.96" CONTENT="besvär"/><SP WIDTH="10" VPOS="915" HPOS="844"/>
							<String ID="string_143" HPOS="854" VPOS="916" WIDTH="68" HEIGHT="33" WC="0.93" CONTENT="jemte"/><SP WIDTH="12" VPOS="916" HPOS="922"/>
							<String ID="string_144" HPOS="934" VPOS="918" WIDTH="32" HEIGHT="18" WC="0.91" CONTENT="ut-"/>
						</TextLine>
						<TextLine ID="line_23" HPOS="350" VPOS="945" WIDTH="616" HEIGHT="32">
							<String ID="string_145" HPOS="350" VPOS="949" WIDTH="70" HEIGHT="28" WC="0.95" CONTENT="slaget"/><SP WIDTH="15" VPOS="949" HPOS="420"/>
							<String ID="string_146" HPOS="435" VPOS="949" WIDTH="38" HEIGHT="21" WC="0.93" CONTENT="och"/><SP WIDTH="16" VPOS="949" HPOS="473"/>
							<String ID="string_147" HPOS="489" VPOS="949" WIDTH="74" HEIGHT="22" WC="0.92" CONTENT="dertill"/><SP WIDTH="22" VPOS="949" HPOS="563"/>
							<String ID="string_148" HPOS="585" VPOS="949" WIDTH="96" HEIGHT="22" WC="0.96" CONTENT="hörande"/><SP WIDTH="19" VPOS="949" HPOS="681"/>
							<String ID="string_149" HPOS="700" VPOS="949" WIDTH="111" HEIGHT="28" WC="0.96" CONTENT="protokoll"/><SP WIDTH="22" VPOS="949" HPOS="811"/>
							<String ID="string_150" HPOS="833" VPOS="949" WIDTH="35" HEIGHT="22" WC="0.93" CONTENT="till"/><SP WIDTH="24" VPOS="949" HPOS="868"/>
							<String ID="string_151" HPOS="892" VPOS="945" WIDTH="74" HEIGHT="31" WC="0.92" CONTENT="Öfver-"/>
						</TextLine>
						<TextLine ID="line_24" HPOS="351" VPOS="983" WIDTH="615" HEIGHT="29">
							<String ID="string_152" HPOS="351" VPOS="983" WIDTH="185" HEIGHT="28" WC="0.91" CONTENT="krigsdemstolen,"/><SP WIDTH="21" VPOS="983" HPOS="536"/>
							<String ID="string_153" HPOS="557" VPOS="983" WIDTH="61" HEIGHT="28" WC="0.93" CONTENT="ifrån"/><SP WIDTH="15" VPOS="983" HPOS="618"/>
							<String ID="string_154" HPOS="633" VPOS="984" WIDTH="117" HEIGHT="28" WC="0.89" CONTENT="Krigsrätt"/><SP WIDTH="15" VPOS="984" HPOS="750"/>
							<String ID="string_155" HPOS="765" VPOS="985" WIDTH="8" HEIGHT="20" WC="0.96" CONTENT="i"/><SP WIDTH="14" VPOS="985" HPOS="773"/>
							<String ID="string_156" HPOS="787" VPOS="984" WIDTH="41" HEIGHT="21" WC="0.96" CONTENT="den"/><SP WIDTH="21" VPOS="984" HPOS="828"/>
							<String ID="string_157" HPOS="849" VPOS="984" WIDTH="55" HEIGHT="27" WC="0.96" CONTENT="stad,"/><SP WIDTH="23" VPOS="984" HPOS="904"/>
							<String ID="string_158" HPOS="927" VPOS="985" WIDTH="39" HEIGHT="20" WC="0.96" CONTENT="der"/>
						</TextLine>
						<TextLine ID="line_25" HPOS="354" VPOS="1013" WIDTH="612" HEIGHT="33">
							<String ID="string_159" HPOS="354" VPOS="1013" WIDTH="243" HEIGHT="33" WC="0.91" CONTENT="Öfverkrigsdomstolen"/><SP WIDTH="16" VPOS="1013" HPOS="597"/>
							<String ID="string_160" HPOS="613" VPOS="1018" WIDTH="41" HEIGHT="21" WC="0.95" CONTENT="har"/><SP WIDTH="14" VPOS="1018" HPOS="654"/>
							<String ID="string_161" HPOS="668" VPOS="1019" WIDTH="38" HEIGHT="20" WC="0.95" CONTENT="sitt"/><SP WIDTH="14" VPOS="1019" HPOS="706"/>
							<String ID="string_162" HPOS="720" VPOS="1020" WIDTH="53" HEIGHT="23" WC="0.96" CONTENT="säte,"/><SP WIDTH="18" VPOS="1020" HPOS="773"/>
							<String ID="string_163" HPOS="791" VPOS="1019" WIDTH="69" HEIGHT="20" WC="0.96" CONTENT="innan"/><SP WIDTH="15" VPOS="1019" HPOS="860"/>
							<String ID="string_164" HPOS="875" VPOS="1018" WIDTH="91" HEIGHT="21" WC="0.96" CONTENT="klockan"/>
						</TextLine>
						<TextLine ID="line_26" HPOS="352" VPOS="1051" WIDTH="613" HEIGHT="30">
							<String ID="string_165" HPOS="352" VPOS="1052" WIDTH="44" HEIGHT="27" WC="0.90" CONTENT="tolf"/><SP WIDTH="19" VPOS="1052" HPOS="396"/>
							<String ID="string_166" HPOS="415" VPOS="1053" WIDTH="14" HEIGHT="20" WC="0.90" CONTENT="å"/><SP WIDTH="17" VPOS="1053" HPOS="429"/>
							<String ID="string_167" HPOS="446" VPOS="1051" WIDTH="113" HEIGHT="28" WC="0.96" CONTENT="femtonde"/><SP WIDTH="22" VPOS="1051" HPOS="559"/>
							<String ID="string_168" HPOS="581" VPOS="1053" WIDTH="77" HEIGHT="28" WC="0.96" CONTENT="dagen,"/><SP WIDTH="22" VPOS="1053" HPOS="658"/>
							<String ID="string_169" HPOS="680" VPOS="1059" WIDTH="48" HEIGHT="15" WC="0.96" CONTENT="men"/><SP WIDTH="22" VPOS="1059" HPOS="728"/>
							<String ID="string_170" HPOS="750" VPOS="1053" WIDTH="63" HEIGHT="26" WC="0.93" CONTENT="ifrån"/><SP WIDTH="15" VPOS="1053" HPOS="813"/>
							<String ID="string_171" HPOS="828" VPOS="1052" WIDTH="116" HEIGHT="29" WC="0.91" CONTENT="Krigsrätt"/><SP WIDTH="14" VPOS="1052" HPOS="944"/>
							<String ID="string_172" HPOS="958" VPOS="1053" WIDTH="8" HEIGHT="20" WC="0.97" CONTENT="i"/>
						</TextLine>
						<TextLine ID="line_27" HPOS="351" VPOS="1086" WIDTH="616" HEIGHT="29">
							<String ID="string_173" HPOS="351" VPOS="1093" WIDTH="74" HEIGHT="14" WC="0.95" CONTENT="annan"/><SP WIDTH="15" VPOS="1093" HPOS="425"/>
							<String ID="string_174" HPOS="440" VPOS="1087" WIDTH="51" HEIGHT="21" WC="0.96" CONTENT="stad"/><SP WIDTH="14" VPOS="1087" HPOS="491"/>
							<String ID="string_175" HPOS="505" VPOS="1087" WIDTH="52" HEIGHT="21" WC="0.96" CONTENT="eller"/><SP WIDTH="10" VPOS="1087" HPOS="557"/>
							<String ID="string_176" HPOS="567" VPOS="1088" WIDTH="32" HEIGHT="27" WC="0.96" CONTENT="på"/><SP WIDTH="24" VPOS="1088" HPOS="599"/>
							<String ID="string_177" HPOS="623" VPOS="1087" WIDTH="81" HEIGHT="25" WC="0.96" CONTENT="landet,"/><SP WIDTH="16" VPOS="1087" HPOS="704"/>
							<String ID="string_178" HPOS="720" VPOS="1086" WIDTH="53" HEIGHT="28" WC="0.96" CONTENT="före"/><SP WIDTH="20" VPOS="1086" HPOS="773"/>
							<String ID="string_179" HPOS="793" VPOS="1094" WIDTH="83" HEIGHT="14" WC="0.96" CONTENT="samma"/><SP WIDTH="23" VPOS="1094" HPOS="876"/>
							<String ID="string_180" HPOS="899" VPOS="1087" WIDTH="33" HEIGHT="21" WC="0.93" CONTENT="tid"/><SP WIDTH="21" VPOS="1087" HPOS="932"/>
							<String ID="string_181" HPOS="953" VPOS="1087" WIDTH="14" HEIGHT="21" WC="0.91" CONTENT="å"/>
						</TextLine>
						<TextLine ID="line_28" HPOS="352" VPOS="1121" WIDTH="615" HEIGHT="28">
							<String ID="string_182" HPOS="352" VPOS="1121" WIDTH="113" HEIGHT="21" WC="0.96" CONTENT="trettionde"/><SP WIDTH="22" VPOS="1121" HPOS="465"/>
							<String ID="string_183" HPOS="487" VPOS="1121" WIDTH="70" HEIGHT="28" WC="0.96" CONTENT="dagen"/><SP WIDTH="22" VPOS="1121" HPOS="557"/>
							<String ID="string_184" HPOS="579" VPOS="1121" WIDTH="53" HEIGHT="28" WC="0.96" CONTENT="efter"/><SP WIDTH="22" VPOS="1121" HPOS="632"/>
							<String ID="string_185" HPOS="654" VPOS="1122" WIDTH="35" HEIGHT="21" WC="0.96" CONTENT="det"/><SP WIDTH="20" VPOS="1122" HPOS="689"/>
							<String ID="string_186" HPOS="709" VPOS="1122" WIDTH="92" HEIGHT="27" WC="0.93" CONTENT="utslaget"/><SP WIDTH="22" VPOS="1122" HPOS="801"/>
							<String ID="string_187" HPOS="823" VPOS="1121" WIDTH="144" HEIGHT="28" WC="0.91" CONTENT="afkunnades,"/>
						</TextLine>
						<TextLine ID="line_29" HPOS="351" VPOS="1155" WIDTH="616" HEIGHT="28">
							<String ID="string_188" HPOS="351" VPOS="1155" WIDTH="41" HEIGHT="21" WC="0.96" CONTENT="den"/><SP WIDTH="15" VPOS="1155" HPOS="392"/>
							<String ID="string_189" HPOS="407" VPOS="1156" WIDTH="70" HEIGHT="27" WC="0.95" CONTENT="dagen"/><SP WIDTH="14" VPOS="1156" HPOS="477"/>
							<String ID="string_190" HPOS="491" VPOS="1156" WIDTH="54" HEIGHT="21" WC="0.91" CONTENT="dock"/><SP WIDTH="16" VPOS="1156" HPOS="545"/>
							<String ID="string_191" HPOS="561" VPOS="1156" WIDTH="105" HEIGHT="21" WC="0.90" CONTENT="oräknad."/><SP WIDTH="30" VPOS="1156" HPOS="666"/>
							<String ID="string_192" HPOS="696" VPOS="1156" WIDTH="76" HEIGHT="21" WC="0.95" CONTENT="Faller"/><SP WIDTH="16" VPOS="1156" HPOS="772"/>
							<String ID="string_193" HPOS="788" VPOS="1156" WIDTH="33" HEIGHT="21" WC="0.96" CONTENT="tid"/><SP WIDTH="21" VPOS="1156" HPOS="821"/>
							<String ID="string_194" HPOS="842" VPOS="1158" WIDTH="33" HEIGHT="19" WC="0.93" CONTENT="att"/><SP WIDTH="22" VPOS="1158" HPOS="875"/>
							<String ID="string_195" HPOS="897" VPOS="1156" WIDTH="70" HEIGHT="21" WC="0.88" CONTENT="besvä-"/>
						</TextLine>
						<TextLine ID="line_30" HPOS="351" VPOS="1190" WIDTH="617" HEIGHT="29">
							<String ID="string_196" HPOS="351" VPOS="1196" WIDTH="37" HEIGHT="14" WC="0.92" CONTENT="ren"/><SP WIDTH="22" VPOS="1196" HPOS="388"/>
							<String ID="string_197" HPOS="410" VPOS="1190" WIDTH="94" HEIGHT="21" WC="0.92" CONTENT="inlemna"/><SP WIDTH="15" VPOS="1190" HPOS="504"/>
							<String ID="string_198" HPOS="519" VPOS="1191" WIDTH="14" HEIGHT="20" WC="0.83" CONTENT="å"/><SP WIDTH="14" VPOS="1191" HPOS="533"/>
							<String ID="string_199" HPOS="547" VPOS="1191" WIDTH="83" HEIGHT="28" WC="0.96" CONTENT="söndag"/><SP WIDTH="24" VPOS="1191" HPOS="630"/>
							<String ID="string_200" HPOS="654" VPOS="1191" WIDTH="52" HEIGHT="20" WC="0.93" CONTENT="eller"/><SP WIDTH="20" VPOS="1191" HPOS="706"/>
							<String ID="string_201" HPOS="726" VPOS="1190" WIDTH="110" HEIGHT="28" WC="0.92" CONTENT="helgedag,"/><SP WIDTH="22" VPOS="1190" HPOS="836"/>
							<String ID="string_202" HPOS="858" VPOS="1190" WIDTH="30" HEIGHT="21" WC="0.96" CONTENT="dä"/><SP WIDTH="21" VPOS="1190" HPOS="888"/>
							<String ID="string_203" HPOS="909" VPOS="1190" WIDTH="59" HEIGHT="21" WC="0.96" CONTENT="skall"/>
						</TextLine>
						<TextLine ID="line_31" HPOS="351" VPOS="1223" WIDTH="617" HEIGHT="30">
							<String ID="string_204" HPOS="351" VPOS="1223" WIDTH="35" HEIGHT="22" WC="0.96" CONTENT="det"/><SP WIDTH="14" VPOS="1223" HPOS="386"/>
							<String ID="string_205" HPOS="400" VPOS="1223" WIDTH="36" HEIGHT="22" WC="0.96" CONTENT="ske"/><SP WIDTH="14" VPOS="1223" HPOS="436"/>
							<String ID="string_206" HPOS="450" VPOS="1226" WIDTH="63" HEIGHT="19" WC="0.93" CONTENT="nästa"/><SP WIDTH="15" VPOS="1226" HPOS="513"/>
							<String ID="string_207" HPOS="528" VPOS="1224" WIDTH="120" HEIGHT="29" WC="0.92" CONTENT="söckendag"/><SP WIDTH="18" VPOS="1224" HPOS="648"/>
							<String ID="string_208" HPOS="666" VPOS="1223" WIDTH="99" HEIGHT="28" WC="0.95" CONTENT="derefter."/><SP WIDTH="31" VPOS="1223" HPOS="765"/>
							<String ID="string_209" HPOS="796" VPOS="1224" WIDTH="68" HEIGHT="25" WC="0.95" CONTENT="Hvar,"/><SP WIDTH="22" VPOS="1224" HPOS="864"/>
							<String ID="string_210" HPOS="886" VPOS="1231" WIDTH="46" HEIGHT="15" WC="0.95" CONTENT="som"/><SP WIDTH="14" VPOS="1231" HPOS="932"/>
							<String ID="string_211" HPOS="946" VPOS="1225" WIDTH="22" HEIGHT="27" WC="0.95" CONTENT="ej"/>
						</TextLine>
						<TextLine ID="line_32" HPOS="351" VPOS="1258" WIDTH="617" HEIGHT="28">
							<String ID="string_212" HPOS="351" VPOS="1258" WIDTH="58" HEIGHT="21" WC="0.93" CONTENT="inom"/><SP WIDTH="14" VPOS="1258" HPOS="409"/>
							<String ID="string_213" HPOS="423" VPOS="1259" WIDTH="66" HEIGHT="27" WC="0.92" CONTENT="sagde"/><SP WIDTH="16" VPOS="1259" HPOS="489"/>
							<String ID="string_214" HPOS="505" VPOS="1259" WIDTH="33" HEIGHT="20" WC="0.96" CONTENT="tid"/><SP WIDTH="15" VPOS="1259" HPOS="538"/>
							<String ID="string_215" HPOS="553" VPOS="1259" WIDTH="47" HEIGHT="21" WC="0.96" CONTENT="med"/><SP WIDTH="15" VPOS="1259" HPOS="600"/>
							<String ID="string_216" HPOS="615" VPOS="1259" WIDTH="75" HEIGHT="22" WC="0.96" CONTENT="besvär"/><SP WIDTH="19" VPOS="1259" HPOS="690"/>
							<String ID="string_217" HPOS="709" VPOS="1259" WIDTH="122" HEIGHT="24" WC="0.93" CONTENT="inkommer,"/><SP WIDTH="23" VPOS="1259" HPOS="831"/>
							<String ID="string_218" HPOS="854" VPOS="1258" WIDTH="64" HEIGHT="28" WC="0.89" CONTENT="hafve"/><SP WIDTH="14" VPOS="1258" HPOS="918"/>
							<String ID="string_219" HPOS="932" VPOS="1259" WIDTH="36" HEIGHT="21" WC="0.96" CONTENT="sin"/>
						</TextLine>
						<TextLine ID="line_33" HPOS="352" VPOS="1293" WIDTH="616" HEIGHT="28">
							<String ID="string_220" HPOS="352" VPOS="1293" WIDTH="61" HEIGHT="20" WC="0.95" CONTENT="talan"/><SP WIDTH="15" VPOS="1293" HPOS="413"/>
							<String ID="string_221" HPOS="428" VPOS="1295" WIDTH="54" HEIGHT="19" WC="0.96" CONTENT="emot"/><SP WIDTH="15" VPOS="1295" HPOS="482"/>
							<String ID="string_222" HPOS="497" VPOS="1293" WIDTH="92" HEIGHT="28" WC="0.96" CONTENT="utslaget"/><SP WIDTH="16" VPOS="1293" HPOS="589"/>
							<String ID="string_223" HPOS="605" VPOS="1293" WIDTH="106" HEIGHT="27" WC="0.92" CONTENT="förlorat."/><SP WIDTH="31" VPOS="1293" HPOS="711"/>
							<String ID="string_224" HPOS="742" VPOS="1293" WIDTH="53" HEIGHT="21" WC="0.96" CONTENT="Kan"/><SP WIDTH="23" VPOS="1293" HPOS="795"/>
							<String ID="string_225" HPOS="818" VPOS="1293" WIDTH="51" HEIGHT="28" WC="0.95" CONTENT="han,"/><SP WIDTH="15" VPOS="1293" HPOS="869"/>
							<String ID="string_226" HPOS="884" VPOS="1293" WIDTH="9" HEIGHT="20" WC="0.93" CONTENT="i"/><SP WIDTH="14" VPOS="1293" HPOS="893"/>
							<String ID="string_227" HPOS="907" VPOS="1300" WIDTH="61" HEIGHT="14" WC="0.91" CONTENT="anse-"/>
						</TextLine>
						<TextLine ID="line_34" HPOS="350" VPOS="1327" WIDTH="619" HEIGHT="28">
							<String ID="string_228" HPOS="350" VPOS="1327" WIDTH="53" HEIGHT="20" WC="0.96" CONTENT="ende"/><SP WIDTH="16" VPOS="1327" HPOS="403"/>
							<String ID="string_229" HPOS="419" VPOS="1327" WIDTH="34" HEIGHT="20" WC="0.96" CONTENT="till"/><SP WIDTH="14" VPOS="1327" HPOS="453"/>
							<String ID="string_230" HPOS="467" VPOS="1328" WIDTH="126" HEIGHT="27" WC="0.96" CONTENT="synnerliga"/><SP WIDTH="16" VPOS="1328" HPOS="593"/>
							<String ID="string_231" HPOS="609" VPOS="1327" WIDTH="37" HEIGHT="22" WC="0.96" CONTENT="och"/><SP WIDTH="19" VPOS="1327" HPOS="646"/>
							<String ID="string_232" HPOS="665" VPOS="1327" WIDTH="141" HEIGHT="28" WC="0.96" CONTENT="oundvikliga"/><SP WIDTH="21" VPOS="1327" HPOS="806"/>
							<String ID="string_233" HPOS="827" VPOS="1327" WIDTH="85" HEIGHT="27" WC="0.96" CONTENT="hinder,"/><SP WIDTH="22" VPOS="1327" HPOS="912"/>
							<String ID="string_234" HPOS="934" VPOS="1328" WIDTH="35" HEIGHT="21" WC="0.96" CONTENT="sin"/>
						</TextLine>
						<TextLine ID="line_35" HPOS="351" VPOS="1361" WIDTH="615" HEIGHT="28">
							<String ID="string_235" HPOS="351" VPOS="1361" WIDTH="228" HEIGHT="28" WC="0.92" CONTENT="ändringsansökning"/><SP WIDTH="16" VPOS="1361" HPOS="579"/>
							<String ID="string_236" HPOS="595" VPOS="1363" WIDTH="52" HEIGHT="20" WC="0.93" CONTENT="eller"/><SP WIDTH="18" VPOS="1363" HPOS="647"/>
							<String ID="string_237" HPOS="665" VPOS="1362" WIDTH="75" HEIGHT="21" WC="0.92" CONTENT="dertill"/><SP WIDTH="14" VPOS="1362" HPOS="740"/>
							<String ID="string_238" HPOS="754" VPOS="1362" WIDTH="96" HEIGHT="21" WC="0.93" CONTENT="hörande"/><SP WIDTH="14" VPOS="1362" HPOS="850"/>
							<String ID="string_239" HPOS="864" VPOS="1361" WIDTH="102" HEIGHT="22" WC="0.93" CONTENT="handlin-"/>
						</TextLine>
						<TextLine ID="line_36" HPOS="350" VPOS="1391" WIDTH="617" HEIGHT="33">
							<String ID="string_240" HPOS="350" VPOS="1402" WIDTH="42" HEIGHT="20" WC="0.94" CONTENT="gar"/><SP WIDTH="15" VPOS="1402" HPOS="392"/>
							<String ID="string_241" HPOS="407" VPOS="1395" WIDTH="46" HEIGHT="21" WC="0.96" CONTENT="icke"/><SP WIDTH="18" VPOS="1395" HPOS="453"/>
							<String ID="string_242" HPOS="471" VPOS="1396" WIDTH="57" HEIGHT="21" WC="0.92" CONTENT="inom"/><SP WIDTH="17" VPOS="1396" HPOS="528"/>
							<String ID="string_243" HPOS="545" VPOS="1395" WIDTH="151" HEIGHT="28" WC="0.91" CONTENT="föreskrifven"/><SP WIDTH="22" VPOS="1395" HPOS="696"/>
							<String ID="string_244" HPOS="718" VPOS="1396" WIDTH="32" HEIGHT="21" WC="0.96" CONTENT="tid"/><SP WIDTH="23" VPOS="1396" HPOS="750"/>
							<String ID="string_245" HPOS="773" VPOS="1397" WIDTH="35" HEIGHT="20" WC="0.93" CONTENT="till"/><SP WIDTH="24" VPOS="1397" HPOS="808"/>
							<String ID="string_246" HPOS="832" VPOS="1391" WIDTH="135" HEIGHT="33" WC="0.70" CONTENT="Öfverkrigs-"/>
						</TextLine>
						<TextLine ID="line_37" HPOS="351" VPOS="1429" WIDTH="618" HEIGHT="26">
							<String ID="string_247" HPOS="351" VPOS="1429" WIDTH="117" HEIGHT="21" WC="0.91" CONTENT="domstolen"/><SP WIDTH="16" VPOS="1429" HPOS="468"/>
							<String ID="string_248" HPOS="484" VPOS="1430" WIDTH="101" HEIGHT="25" WC="0.91" CONTENT="inlemna,"/><SP WIDTH="20" VPOS="1430" HPOS="585"/>
							<String ID="string_249" HPOS="605" VPOS="1437" WIDTH="49" HEIGHT="15" WC="0.96" CONTENT="vare"/><SP WIDTH="14" VPOS="1437" HPOS="654"/>
							<String ID="string_250" HPOS="668" VPOS="1430" WIDTH="78" HEIGHT="21" WC="0.81" CONTENT="honom"/><SP WIDTH="23" VPOS="1430" HPOS="746"/>
							<String ID="string_251" HPOS="769" VPOS="1430" WIDTH="79" HEIGHT="22" WC="0.93" CONTENT="tillåtet"/><SP WIDTH="14" VPOS="1430" HPOS="848"/>
							<String ID="string_252" HPOS="862" VPOS="1432" WIDTH="33" HEIGHT="20" WC="0.96" CONTENT="att"/><SP WIDTH="16" VPOS="1432" HPOS="895"/>
							<String ID="string_253" HPOS="911" VPOS="1431" WIDTH="58" HEIGHT="21" WC="0.95" CONTENT="inom"/>
						</TextLine>
					</TextBlock>
				</ComposedBlock>
			</PrintSpace>
		</Page>
	</Layout>
</alto>
