1036 1673
417 116 35 21 N:o
468 115 34 22 37.
792 115 13 21 9

85 191 46 15 som
155 190 75 21 genom
254 184 93 21 särskild
369 184 155 27 undervisning
539 184 84 21 utbilda
638 184 70 21 lärare
724 184 39 22 och
779 184 55 21 lära-

84 219 75 20 rinnor
182 218 32 21 för
238 218 124 27 småskolor,
383 219 24 20 så
426 219 47 26 har,
490 218 54 21 efter
560 219 36 20 det
611 218 99 21 bemälda
726 214 109 31 Öfversty-

84 253 57 21 relse
157 253 105 20 anbefalts
278 254 31 19 att
320 253 87 26 vidtaga
418 253 78 26 åtgärd
506 253 7 20 i
524 253 60 20 detta
595 253 62 27 syfte,
667 252 22 21 af
700 253 136 26 årsanslaget

84 288 64 26 2,000
170 287 62 21 mark
253 287 33 21 för
309 289 24 19 är
358 288 60 26 1880,
441 287 122 21 hvarunder
586 287 112 26 utdelning
716 287 33 21 för
767 287 69 21 första

85 323 84 26 gången
192 322 121 27 verkstälts,
336 322 76 21 inalles
438 323 25 20 12
483 322 70 21 lärare
573 322 39 21 och
628 323 13 20 4
656 322 121 21 lärarinnor
792 321 43 21 till-

85 357 70 20 delats
171 357 92 20 arvoden
279 357 47 20 från
342 357 26 20 50
384 357 33 20 till
434 357 41 20 200
490 357 67 20 mark.

158 391 28 21 Af
206 391 36 21 det
261 391 48 21 utaf
327 391 120 21 Ständerna
466 391 105 27 anslagna
589 391 77 26 bidrag
684 391 76 27 50,000
775 390 61 21 mark

86 426 34 21 till
143 432 27 15 en
188 426 166 26 pensionskassa
374 426 32 21 för
427 425 205 22 folkskollärarenes
651 425 8 21 i
677 426 74 21 landet
770 425 66 21 enkor

87 460 39 21 och
149 460 52 21 barn
221 461 46 26 har,
288 460 54 21 efter
361 460 36 21 det
412 467 27 14 en
456 460 58 27 dylik
529 460 223 27 pensionsinrättning
766 459 71 22 blifvit

87 495 140 26 organiserad
243 495 39 20 och
298 495 130 26 reglemente
444 495 34 20 för
494 495 125 20 densamma
629 494 7 21 i
647 495 67 20 nåder
722 494 114 27 faststälts,

86 529 69 21 under
171 530 24 20 år
212 530 54 20 1880
284 536 26 14 en
326 536 82 14 summa
424 529 23 21 af
461 531 76 25 30,000
556 529 68 27 mark,
640 529 150 21 motsvarande
805 529 32 20 bi-

87 564 76 27 draget
185 564 33 21 för
240 565 52 20 åren
313 565 59 26 1878,
393 565 54 20 1879
466 564 39 21 och
526 565 60 26 1880,
607 564 33 21 till
656 564 134 21 direktionen
805 563 33 20 för

87 598 148 27 inrättningen
257 599 149 27 utanordnats,
425 599 114 20 hvarutom
560 599 35 20 det
611 599 33 20 för
659 598 179 27 pensionsinrätt-

87 633 80 26 ningen
190 633 86 27 nådigst
299 633 105 27 beviljade
421 633 198 21 statsunderstödet
634 633 23 21 af
671 633 90 27 200,000
777 632 61 21 mark

88 667 7 21 i
111 669 32 19 ett
158 667 32 21 för
206 667 38 21 allt
259 667 70 21 blifvit
345 668 66 21 stäldt
426 668 34 21 till
476 668 153 21 Direktionens
646 667 131 27 förfogande.

161 805 90 21 Jemlikt
266 806 72 21 derom
354 806 113 21 meddelad
487 806 110 21 föreskrift
612 806 40 21 har
668 801 171 31 Öfverstyrelsen

90 840 33 21 för
139 841 151 20 skolväsendet
305 841 99 26 uppgjort
420 843 57 18 samt
488 841 87 20 insändt
585 841 81 26 förslag
677 841 32 20 till
718 840 121 27 utgiftsstat

89 875 33 20 för
138 875 209 21 folkskoleväsendet
362 875 7 21 i
384 875 93 21 Finland
493 876 68 20 under
576 875 79 21 femårs
671 875 102 26 perioden
786 875 53 20 1883

88 921 21 3 —
119 910 53 20 1887
194 910 66 26 jemte
280 916 26 15 en
321 910 119 21 motiverad
456 910 159 27 framställning
631 910 7 21 i
654 911 78 26 ämnet,
748 909 91 21 innefat-

88 944 66 21 tande
169 944 93 27 följande
278 945 184 26 hufvudpunkter:

149 979 41 26 1:0)
206 981 38 24 att,
260 979 7 20 i
283 979 107 21 anseende
406 979 33 20 till
455 979 100 21 behofvet
571 979 23 20 af
603 979 68 20 ökade
683 977 157 22 arbetskrafter

89 1013 7 20 i
113 1008 178 33 Öfverstyrelsen,
307 1013 32 21 för
354 1013 222 22 folkskoleväsendets
592 1013 176 26 tillgodoseende,
784 1011 55 22 tills-

89 1047 74 21 vidare
178 1048 39 21 och
236 1048 56 21 intill
311 1048 48 21 dess
380 1054 26 15 en
426 1048 95 21 särskild
539 1048 123 26 expedition
677 1047 33 21 för
725 1046 115 22 folkskole-

89 1083 109 20 ärendena
220 1083 71 20 kunde
314 1083 65 20 varda
402 1083 102 26 inrättad,
528 1083 35 20 vid
583 1078 171 31 Öfverstyrelsen
773 1081 67 21 måtte

90 1117 115 21 anställas:

161 1154 25 22 a)
202 1158 26 15 en
244 1151 107 22 ordinarie
367 1152 137 27 tjensteman,
520 1152 69 21 under
603 1151 129 26 benämning
744 1150 22 21 af
774 1149 66 28 ,folk-

90 1185 173 28 skoleinspektor
278 1186 35 21 vid
329 1182 194 31 Öfverstyrelsen*,
539 1186 64 21 hvars
619 1185 114 27 äliggande
746 1191 50 14 vore
808 1185 32 20 att

89 1220 86 21 biträda
198 1216 190 31 Öfverinspektorn
412 1221 33 21 för
468 1221 147 21 folkskolorna
639 1220 45 21 dels
700 1220 6 20 i
723 1220 57 20 vissa
795 1218 45 27 fall,

89 1256 72 20 säsom
184 1256 94 20 ledamot
300 1256 7 20 i
331 1251 178 32 Öfverstyrelsen,
535 1255 46 22 dels
600 1255 35 20 vid
654 1255 151 26 inspektionen
821 1253 23 20 af

89 1289 85 22 landets
191 1290 124 27 folkskolor,
335 1290 110 21 äfvensom
463 1290 36 21 vid
516 1289 107 22 särskilda
641 1289 68 26 öfriga
724 1289 28 26 pä
768 1283 74 25 Öfver-

89 1324 111 27 inspektor
224 1325 154 20 ankommande
406 1325 102 26 göromål,
534 1324 39 21 och
601 1324 86 21 hvilken
712 1323 130 27 tjensteman

90 1358 67 22 borde
172 1359 94 21 tilldelas
282 1359 55 27 årlig
352 1359 35 21 lön
404 1359 23 21 af
440 1359 68 21 minst
523 1359 62 27 5,000
601 1359 67 26 mark,
682 1358 66 27 jemte
764 1356 77 27 rättig-

88 1393 38 21 het
142 1394 32 20 till
190 1394 238 26 tjensteårsberäkning
444 1394 39 20 och
499 1392 281 26 resekostnadsersättning.

162 1428 21 26 0)
200 1435 26 14 en
250 1428 105 28 kanslist
377 1428 33 21 för
433 1427 237 27 folkskoleärendena*,
692 1426 87 21 hvilken
797 1425 43 21 till-
