1036 1670
271 111 81 24 Ständ.
367 113 39 23 Sv.
423 125 22 2 —
463 112 72 27 Prop.
551 111 41 23 N:o
606 111 35 22 37.
794 113 12 19 5

151 175 29 21 På
203 176 44 20 sätt
269 175 7 21 i
298 175 80 27 nådiga
398 174 163 29 propositionen
579 174 126 28 ytterligare
720 174 116 26 meddelas,

81 210 40 21 har
140 209 86 21 Eders
246 209 160 28 Kejserliga
425 208 125 28 Majestät
565 208 8 21 i
587 208 68 21 nåder
669 208 113 22 förordnat
796 210 40 21 att,

87 244 50 20 med
147 244 111 26 undantag
273 243 25 21 af
310 244 26 20 de
351 243 47 28 fyra
413 243 134 21 sistnämnda
562 242 196 28 anslagsposterna,
768 242 69 28 öfriga

83 278 65 22 ofvan
162 277 125 22 beräknade
308 278 118 22 kostnader
447 277 68 26 skola,
537 278 70 21 under
626 277 156 27 förutsättning
797 279 39 24 att,

83 313 71 21 såsom
168 312 8 21 i
192 312 79 27 nådiga
286 312 162 28 propositionen
466 318 36 15 om
519 311 279 28 stämpelpappersafgiften
814 313 24 20 är

83 346 123 28 föreslaget,
222 347 93 25 475,000
330 346 61 22 mark
402 346 24 22 af
432 346 96 22 nämnda
537 346 64 28 afgift
609 346 133 21 fortfarande
753 346 85 21 komme

85 383 33 20 att
133 381 33 21 till
181 380 135 22 statsfonden
330 381 58 27 ingå,
404 380 106 22 bestridas
526 380 25 22 af
566 380 111 22 allmänna
691 380 147 22 statsfondens

85 416 122 27 tillgångar,
222 416 8 20 i
245 415 54 28 följd
313 415 79 22 hvaraf
405 416 22 20 åt
449 414 122 22 Ständerna
586 414 152 22 öfverlemnats
752 416 33 20 att
800 421 38 15 an-

85 450 47 22 visa
154 449 70 22 medel
246 450 77 21 endast
345 449 34 22 till
394 450 68 27 sagda
476 449 47 28 fyra
538 449 167 28 anslagsposter,
720 449 117 28 nemligen:

86 484 114 22 underhåll
216 483 24 22 af
252 483 148 22 folkskolorna
414 485 8 20 i
436 485 109 25 städerna,
561 483 148 22 folkskolorna
718 485 29 26 på
756 484 82 25 landet,

87 518 200 29 löneförhöjningar
302 519 22 21 åt
339 518 164 22 folkskollärare
519 518 40 22 och
573 519 122 21 lärarinnor
716 521 56 19 samt
786 525 52 20 pen-

88 553 128 22 sionerande
238 553 25 21 af
282 553 163 22 folkskollärare
469 553 40 22 och
530 553 122 22 lärarinnor
667 554 29 27 pä
709 553 81 26 landet,
806 552 33 22 till

88 587 73 26 hvilka
182 587 161 28 anslagsposter
361 587 107 22 erfordras
487 589 32 20 ett
539 587 64 28 årligt
617 587 78 28 belopp
710 587 25 22 af
748 587 91 26 522,800

88 621 63 22 mark
173 622 52 21 eller
246 621 34 22 för
302 625 31 18 tre
349 623 24 20 år
387 623 115 25 1,568,400
516 622 68 26 mark,
600 622 87 22 hvartill
701 622 96 21 kommer
812 628 26 15 en

88 657 37 21 vid
143 657 53 20 1882
211 657 35 21 års
261 657 81 27 utgång
357 657 112 21 emotsedd
484 657 54 21 brist
552 657 8 21 i
575 657 36 21 det
626 657 36 22 vid
675 659 84 20 senaste
769 656 71 22 landt-

89 691 42 27 dag
145 690 34 22 för
193 691 211 22 folkskoleväsendet
419 691 106 28 beviljade
540 691 75 27 anslag
631 691 33 21 till
679 694 30 19 ett
724 690 79 28 belopp
819 690 24 21 af

89 726 77 25 27,939
181 725 63 22 mark
259 726 26 20 21
301 725 66 28 penni
382 725 51 22 eller
456 725 83 22 således
554 725 158 28 sammanlagdt
726 725 114 26 1,596,339

89 759 62 22 mark
169 761 26 20 21
215 760 73 27 penni,
308 760 151 22 motsvarande
474 767 28 14 en
517 759 54 28 årlig
586 759 116 28 bevillning
716 759 26 22 af
754 760 8 21 i
776 759 65 21 rundt

90 794 31 21 tal
137 795 92 25 532,000
243 794 67 21 mark.

159 829 127 25 Ständerna,
305 835 45 15 som
365 829 8 21 i
388 829 33 21 sin
436 830 70 20 under
521 830 72 20 denna
608 830 42 26 dag
665 829 82 27 afgifna
764 829 78 21 under-

91 862 80 28 dåniga
188 862 172 23 svarsskrifvelse
380 864 112 26 angående
512 863 100 28 samtliga
633 864 36 21 vid
685 864 71 21 denna
770 862 71 22 landt-

91 898 42 26 dag
149 896 82 22 äskade
246 897 75 28 anslag
337 904 27 15 m.
380 904 27 15 m.
419 898 99 21 närmare
536 899 105 27 redogöra
655 898 34 21 för
703 898 27 21 de
745 897 54 26 skäl,
815 898 29 26 på

91 932 70 26 grund
172 931 24 22 af
208 931 74 22 hvilka
297 931 64 23 ofvan
376 931 143 23 omförmälda
529 932 68 28 årliga
611 932 92 22 tillskott
718 932 24 22 af
750 932 93 26 475,000

92 965 61 22 mark
169 965 23 21 af
205 966 237 28 stämpelbevillningen
457 967 35 21 för
508 967 146 21 instundande
676 966 167 28 budgetsperiod

91 999 48 22 icke
153 999 111 23 befunnits
278 1008 52 14 vara
344 1000 34 22 för
392 1001 111 22 allmänna
514 1002 135 21 statsfonden
663 1001 109 27 behöfligt,
788 1002 56 20 samt

92 1034 86 28 angifva
200 1034 25 22 af
244 1035 73 22 hvilka
335 1035 70 22 medel
426 1036 43 21 den
491 1036 34 21 för
547 1035 209 23 folkskoleväsendet
778 1035 66 21 erfor-

93 1069 81 27 derliga
196 1069 171 28 anslagssumma
390 1070 56 22 skall
465 1071 59 27 utgå,
546 1070 23 22 få
589 1070 40 22 här
650 1071 7 21 i
672 1069 173 27 underdånighet

92 1103 92 26 anmäla,

366 1141 32 19 att
422 1139 125 21 Ständerna
564 1139 41 27 för
627 1140 52 20 åren
701 1140 144 20 1883—1885

298 1173 86 21 anvisat
406 1175 29 19 ett
458 1174 70 27 årligt
543 1174 78 27 anslag
636 1174 31 27 af
677 1174 93 26 532,000
785 1172 62 21 mark

299 1207 35 21 till
358 1207 118 22 underhåll
499 1207 30 28 af
541 1207 155 28 folkskolorna
716 1209 7 19 i
741 1207 106 21 städerna

299 1241 38 21 och
350 1242 32 26 på
399 1242 81 25 landet,
498 1242 34 21 till
543 1241 205 29 löneförhöjningar
758 1243 24 19 åt
792 1241 54 24 folk-

298 1276 122 20 skollärare
428 1276 38 20 och
475 1276 129 21 lärarinnor
611 1279 57 18 samt
675 1275 173 29 pensionerande

300 1309 30 27 af
341 1309 175 28 folkskollärare
534 1310 38 21 och
587 1310 128 21 lärarinnor
726 1310 34 27 på
776 1309 72 21 landet

300 1343 110 26 äfvensom
433 1344 35 21 till
490 1344 129 22 betäckande
633 1344 30 27 af
673 1344 39 21 den
728 1344 62 24 brist,
805 1350 44 14 som

302 1378 35 21 till
352 1379 112 27 utgången
480 1378 31 28 af
522 1379 27 20 år
564 1380 58 20 1882
637 1378 115 22 beräknats
769 1378 81 27 uppstå

302 1413 7 19 i
324 1412 35 21 det
370 1412 29 27 aj
405 1415 85 19 senaste
503 1413 106 28 landtdag
621 1413 103 28 beviljade
730 1411 120 28 folkskole-

301 1446 85 28 anslag.
