1017 1670
218 147 13 20 2
438 148 17 20 U.
473 148 18 19 B.
508 159 26 3 —
550 147 53 26 Prop.
620 148 31 20 N:o
665 147 32 21 36.

293 212 16 28 $
323 214 41 20 119
379 213 39 21 den
433 213 78 28 lydelse
525 219 81 16 samma
621 215 90 20 moment
725 213 40 21 har
779 212 9 22 i
801 210 147 24 motsvarande

293 246 16 28 8
324 248 45 20 122
384 248 27 27 af
422 248 40 21 den
476 248 81 28 nådiga
569 248 167 27 propositionen.

486 311 16 28 $
517 311 46 22 218
579 310 68 28 (229).

260 344 78 22 Medan
348 345 155 28 Ridderskapet
519 346 35 21 och
565 345 70 22 Adeln
650 347 56 21 samt
718 345 163 22 Bondeståndet
896 345 51 27 god-

190 379 54 21 känt
260 379 125 28 paragrafen
405 384 51 18 utan
477 380 146 27 anmärkning,
647 380 64 22 hafva
729 380 86 21 Presta-
837 379 39 22 och
892 379 56 22 Bor-

190 414 143 26 garestånden
348 416 72 20 ansett
435 415 75 26 nödigt
525 416 38 25 att,
582 414 164 22 vidkommande
767 414 57 21 tiden
844 414 27 21 då
886 414 62 27 lagen

192 448 54 21 skall
264 448 62 22 träda
341 449 6 21 i
363 449 142 27 verksamhet,
523 449 142 28 uttryckligen
681 449 85 21 besluta
777 450 33 20 att
820 448 130 22 öfverlemna

192 483 174 22 bestämmandet
382 483 61 22 deraf
456 485 23 20 åt
494 484 132 27 regeringen.

261 518 50 21 Med
327 518 114 28 anledning
458 518 62 22 deraf
541 519 39 21 och
599 519 68 21 ehuru
687 519 36 21 det
742 518 137 22 härförinnan
895 518 55 22 varit

192 552 62 27 öfligt
280 554 33 20 att
337 554 32 20 ett
394 553 78 21 sådant
497 553 170 28 bemyndigande
689 553 34 21 för
747 553 133 27 regeringen,
904 558 46 16 som

191 586 88 22 Presta-
300 587 40 21 och
362 588 188 27 Borgarestånden
573 588 7 21 i
602 588 137 22 förestående
762 588 67 21 måtto
853 587 95 27 beslutit,

192 621 120 22 meddelats
335 622 78 22 endast
434 622 7 22 i
463 622 40 22 den
522 622 53 22 form
595 624 32 20 att
647 624 66 26 öppet
733 628 48 16 rum
803 622 91 22 lemnats
917 622 33 22 för

193 656 70 28 dagen
287 656 28 22 då
333 663 26 15 en
378 657 126 27 författning
519 658 54 22 skall
589 658 64 22 träda
667 658 7 21 i
689 657 144 27 verksamhet,
856 657 28 27 på
906 658 44 20 sätt

192 691 80 27 jemväl
289 692 5 20 i
310 692 140 22 förevarande
465 692 102 28 paragraf
579 693 66 26 skett,
665 692 33 22 får
713 692 113 22 Utskottet
841 692 111 22 vördsamt

193 725 88 28 föreslå,

367 764 31 19 att
413 762 154 27 Ridderskapet
582 762 37 22 och
633 762 69 22 Adeln
721 764 56 20 samt
791 761 161 22 Bondeståndet

297 796 47 22 ville
363 797 68 21 uttala
450 799 34 19 sin
503 797 84 27 mening
610 797 9 21 i
637 797 63 21 saken
715 797 34 27 på
771 796 111 22 enahanda
900 797 51 25 sätt,

299 838 46 14 som
360 831 85 22 Presta-
462 832 35 21 och
513 832 182 27 Borgareståndet
711 832 34 21 det
758 832 62 27 gjort.

265 912 10 21 I
300 912 153 28 sammanhang
475 913 49 22 med
547 913 154 22 ofvanstående
727 912 226 27 sammanjemknings-

194 946 83 29 förslag
295 947 92 23 utbeder
406 949 33 26 sig
457 949 112 21 Utskottet
589 950 38 24 att,
646 947 133 22 beträffande
797 947 16 28 $
828 947 45 21 166
888 946 66 27 (168),

194 981 22 21 få
231 981 106 27 meddela,
359 984 32 20 att
408 983 183 27 Borgareståndet
609 982 90 22 beslutit
717 982 77 27 utbyta
812 981 38 21 det
868 981 7 21 i
893 987 62 21 para-

196 1016 87 26 grafens
295 1017 66 21 andra
375 1020 101 24 moment,
492 1018 31 21 uti
535 1018 40 21 den
587 1017 92 22 svenska
689 1018 81 24 texten,
782 1015 174 23 förekommande

196 1051 64 21 ordet
276 1051 89 25 ,aktor*
383 1054 45 19 mot
444 1052 62 22 ordet
523 1046 14 37 ,,
536 1052 121 27 åklagare",
679 1053 57 19 samt
755 1052 33 20 att
803 1050 153 27 Lagutskottet

196 1086 82 27 jemväl
293 1086 68 26 gifver
375 1086 109 22 företräde
500 1087 23 21 åt
533 1087 37 21 det
580 1086 149 27 ifrågakomna
738 1085 92 22 svenska
841 1084 115 28 uttrycket.

197 1119 47 22 Och
261 1120 80 22 tillåter
362 1121 33 27 sig
413 1122 113 21 Utskottet
545 1121 90 26 derföre,
660 1120 67 22 ehuru
745 1120 34 22 för
796 1119 162 27 ifrågavarande

196 1155 109 27 paragraf,
328 1156 67 21 sådan
411 1156 124 22 densamma
551 1156 6 21 i
574 1156 41 22 den
631 1155 77 27 nådiga
724 1154 161 28 propositionen
900 1153 56 23 före-

197 1190 44 21 slås
259 1190 40 22 och
315 1190 6 21 i
333 1190 148 23 betänkandet
493 1191 124 27 tillstyrkes,
633 1189 201 27 ständerpluralitet
848 1188 109 22 allaredan

197 1224 94 27 vunnits,
308 1225 112 22 vördsamt
438 1226 88 27 inbjuda
541 1225 160 27 Ridderskapet
720 1224 40 22 och
776 1223 76 27 Adeln,
872 1224 85 21 Presta-

198 1259 90 21 ståndet
303 1259 40 22 och
359 1259 164 23 Bondeståndet

373 1309 36 24 att,
430 1307 9 21 i
456 1307 61 22 likhet
532 1307 47 21 med
593 1305 190 28 Borgareståndet,
800 1305 80 21 besluta
898 1304 60 27 utby-

303 1341 64 22 tande
382 1342 7 20 i
403 1341 16 28 $
434 1343 44 20 166
491 1349 60 14 mom.
567 1343 22 24 2,
605 1341 33 22 uti
652 1341 40 21 den
707 1339 88 22 svenska
810 1339 110 28 lagtexten,
936 1339 28 26 af

305 1375 58 22 ordet
380 1376 84 26 ,aktor*
481 1378 44 20 mot
540 1376 57 21 ordet
614 1375 133 27 ,äklagare*.

267 1421 143 29 Helsingfors,
427 1422 40 22 den
485 1424 8 20 1
511 1422 50 22 Juni
578 1423 61 20 1882.

279 1502 124 24 Helsingfors,
416 1502 70 19 Finska
498 1502 219 23 Litteratursällskapets
730 1488 88 41 tryckeri,
831 1502 49 17 1882.
