1014 1673
223 133 12 20 6
529 133 39 23 N:o
583 132 34 24 36.

540 200 14 26 8
572 201 33 19 18.

262 232 76 22 Såsom
354 233 166 27 ordningsstraff
533 234 121 22 användas:

296 266 23 27 a)
334 267 41 21 För
390 268 111 27 manskap.

263 302 34 20 1:o
312 301 86 23 Förbud
413 304 32 20 att
461 302 13 22 å
489 302 65 28 eljest
571 302 84 22 tillåten
672 302 33 22 tid
720 302 67 22 vistas
803 304 59 20 utom
872 303 78 22 kasern

193 334 53 23 eller
261 337 93 25 qvarter,
370 338 56 20 samt
440 337 33 21 till
489 337 50 28 sjös,
555 338 33 21 att
603 336 47 22 från
660 336 73 28 fartyg
743 336 46 22 fara
799 337 7 21 i
816 337 56 27 land,
883 338 68 22 under

192 370 67 26 högst
274 370 47 22 åtta
335 371 85 22 veckor.

263 406 34 19 2:o
312 405 141 22 Förrättande
469 406 23 21 af
505 407 129 26 manskapet
649 406 116 27 äliggande
780 406 95 27 arbeten,
887 406 64 27 högst

193 439 48 21 åtta
255 439 87 27 gånger.

263 475 34 20 3:0
314 474 133 28 Strafftjenst
465 475 66 28 högst
551 476 47 21 åtta
617 475 88 27 gånger,
728 475 31 21 till
775 475 43 28 sjös
834 475 55 22 dock
904 475 47 22 icke

195 507 13 22 å
223 508 139 28 skeppsvakt.

263 545 34 20 4:o
313 543 69 22 Enkel
400 547 75 24 arrest,
496 545 65 27 högst
579 545 62 27 tjugu
659 544 65 28 dygn,
741 544 39 22 och
796 545 35 21 vid
847 550 104 15 samman-

193 577 108 28 läggning,
317 578 68 27 enligt
399 579 56 22 hvad
470 579 7 22 i
493 579 10 28 $
519 581 27 20 25
563 579 96 27 stadgas,
677 579 67 26 högst
759 579 73 21 trettio
849 579 62 27 dygn.

263 615 34 19 5:0
313 612 80 28 Skärpt
413 616 76 24 arrest,
510 613 66 28 högst
595 614 46 21 åtta
659 614 65 27 dygn,
741 613 40 22 och
797 613 34 22 vid
847 619 104 16 samman-

193 646 109 28 läggning,
315 647 86 27 jemlikt
416 648 129 27 stadgandet
560 648 7 21 i
583 648 10 27 $
609 649 34 26 25,
659 647 68 28 högst
742 647 41 22 tolf
797 648 60 27 dygn.

263 683 34 20 6:0
312 682 87 22 Förlust
414 682 23 22 af
451 683 234 28 gefrejtersvärdighet.

297 715 20 28 0)
333 717 42 22 För
389 717 187 22 underofficerare.

266 753 34 20 1:o
315 751 119 22 Enahanda
453 752 68 27 straff,
542 759 47 15 som
604 753 40 21 här
659 751 65 23 ofvan
740 752 69 21 under
823 751 41 22 litt.
881 751 23 28 a)
919 751 34 22 för

193 785 106 28 manskap
315 786 96 27 stadgas,
427 787 65 22 likväl
507 788 48 21 med
571 787 113 27 undantag
698 788 34 20 att
742 786 179 22 underofficerare
932 787 18 26 ej

193 819 86 23 straffas
294 821 50 21 med
359 821 133 23 förrättande
508 822 22 22 af
543 822 91 22 arbeten
649 822 54 22 eller
719 822 76 27 skärpt
810 823 75 20 arrest.

263 856 33 20 2:0
312 856 171 28 Anmärkningar
498 857 41 21 och
553 856 184 28 föreställningar.

262 891 34 20 3:0
313 890 141 23 Förrättande
475 891 23 21 af
518 892 147 27 soldattjenst,
686 892 37 21 vid
741 892 125 26 landttrupp
886 891 65 27 högst

193 923 75 22 trettio
285 924 40 21 och
341 925 33 21 till
389 925 44 27 sjös
449 926 64 27 högst
528 925 81 28 fjorton
623 926 63 27 dygn.

262 960 34 19 4:0
312 959 87 22 Förlust
413 959 23 22 af
449 960 152 22 underofficers
617 960 123 27 värdighet.

261 993 33 22 De
310 994 68 21 under
392 994 42 22 litt.
450 997 23 23 a)
488 1001 63 16 mom.
569 997 10 19 1
592 995 41 22 och
645 997 11 19 6
669 995 130 21 omnämnda
809 993 63 22 straff
879 994 73 21 kunna

192 1026 49 21 med
265 1027 76 27 andra,
365 1029 68 21 under
455 1035 81 16 samma
558 1029 42 22 litt.
623 1029 142 28 uppräknade
789 1027 164 28 ordningsstraff

192 1060 94 23 förenas.

297 1096 19 26 c)
332 1096 42 22 För
389 1097 116 22 officerare.

263 1131 34 20 1:o
312 1130 103 22 Enskilda
431 1132 164 27 anmärkningar
611 1132 40 22 och
667 1131 182 28 föreställningar,
865 1131 86 22 medde-

193 1163 49 22 lade
257 1165 120 27 muntligen
393 1165 52 22 eller
460 1166 126 27 skriftligen.

261 1200 35 20 2:0
312 1199 184 28 Föreställningar
510 1201 55 21 inför
581 1201 98 21 samlade
695 1200 112 22 officerare
822 1199 23 22 af
853 1202 98 25 truppen.

261 1235 35 20 3:0
311 1234 172 28 Anmärkningar
498 1236 40 21 och
553 1235 182 27 föreställningar,
747 1235 126 22 meddelade
883 1234 8 21 i
901 1235 51 26 dag-

192 1263 70 37 order.
645 1274 2 2 :

261 1303 35 22 4:0
312 1303 134 28 Strafitjenst
460 1304 65 27 högst
539 1311 38 15 sex
593 1305 88 27 gånger.

261 1340 35 19 5:0
312 1338 77 21 Arrest
408 1339 13 20 å
435 1339 102 27 högvakt,
555 1339 52 22 eller
621 1339 33 22 till
671 1339 45 28 sjös
730 1339 7 21 i
753 1339 42 21 läst
810 1338 54 27 hytt,
881 1337 71 22 äfven-

192 1377 47 16 som
254 1372 121 22 hemarrest
389 1373 67 27 högst
471 1374 74 21 trettio
561 1375 62 26 dygn,
640 1374 41 22 och
697 1374 36 21 vid
749 1372 203 27 sammanläggning,

191 1406 74 21 såsom
280 1407 7 20 i
303 1408 11 25 $
331 1409 26 20 25
374 1410 71 25 säges,
460 1409 65 26 högst
539 1409 70 21 sextio
625 1409 62 27 dygn.

262 1442 34 20 6:0
316 1441 145 28 Aflägsnande
484 1442 47 22 från
554 1443 57 22 befäl
634 1444 53 21 eller
711 1442 127 22 anförtrodd
861 1441 92 22 särskild

192 1474 128 28 befattning.
