1009 1670
386 120 39 23 N:o
441 119 34 23 36.
755 121 26 20 13

53 187 110 22 officerare
187 189 56 19 samt
264 186 126 23 underbefäl
406 186 41 22 och
461 185 113 28 manskap,
591 185 160 28 kompanichefs
766 186 46 20 rät-

52 222 104 27 tigheter.

401 250 13 26 8
432 251 32 20 19.

121 291 145 21 Kommendör
282 290 31 22 för
329 290 48 22 icke
392 289 68 22 afdelt
475 291 65 26 trupp
557 295 52 22 eger
624 289 105 27 rättighet
740 291 41 20 att:

156 325 22 26 a)
193 325 8 21 i
216 325 87 27 hänsigt
317 325 33 21 till
365 323 127 23 underbefäl
508 324 40 22 och
564 324 114 27 manskap:

123 361 33 20 1:0
171 359 100 28 förbjuda
287 359 139 27 aflägsnande
441 358 46 22 från
503 359 80 21 kasern
598 359 53 21 eller
666 360 92 25 gvarter,
770 358 40 21 och

52 393 33 22 till
100 394 51 27 sjös,
167 394 124 22 besökande
308 393 23 22 af
344 393 56 27 land,
416 394 29 26 på
459 393 66 27 högst
539 393 46 28 fyra
601 393 87 26 veckor;

121 429 34 21 2:0
171 428 78 27 ålägga
264 428 63 22 enkel
342 429 75 25 arrest,
435 428 64 26 högst
515 428 30 21 tio
561 428 66 27 dygn;

121 464 34 20 3:0
172 462 77 28 ålägga
264 462 104 28 manskap
385 462 76 27 skärpt
475 464 76 24 arrest,
568 462 65 27 högst
647 461 46 28 fyra
709 462 62 27 dygn;

158 496 24 29 b)
198 497 7 21 i
220 497 87 27 hänsigt
322 497 33 21 till
371 496 120 22 officerare:

123 534 33 19 1:0
187 533 52 25 göra
263 530 174 28 föreställningar
459 530 56 23 inför
537 531 96 22 samlade
657 530 110 22 officerare
790 528 23 22 af

52 566 104 26 truppen;

122 602 34 20 2:0
172 600 76 28 ålägga
263 600 134 28 strafftjenst,
413 600 66 28 högst
494 602 33 20 tre
544 600 91 27 gånger;

122 636 34 20 3:0
172 635 78 27 ålägga
264 635 121 22 hemarrest
401 637 56 20 samt
472 636 70 20 arrest
557 635 13 21 å
585 634 96 28 högvakt
691 634 50 22 eller
751 633 59 22 iläst

51 668 54 28 hytt,
121 669 65 27 högst
201 672 33 19 tre
251 670 61 28 dygn.

401 716 13 26 $
430 718 33 19 20.

120 756 162 27 Kompanichef,
297 762 46 16 som
358 756 32 22 för
400 756 58 22 befäl
469 756 59 22 öfver
539 756 102 22 särskildt
649 754 160 23 afkommende-

52 790 38 21 rad
106 791 71 27 trupp,
195 790 94 27 åtnjuter
304 790 44 22 lika
363 790 198 28 bestraffningsrätt
571 791 48 21 med
629 789 140 23 kommendör
776 788 33 22 för

51 824 48 21 icke
114 824 67 22 afdelt
195 825 102 27 bataljon.

399 873 13 25 8
429 873 34 20 21.

120 911 266 27 Regimentskommendör
400 919 51 20 eger
466 912 105 27 rättighet
587 913 42 20 att:

156 945 21 28 a)
193 946 7 21 i
215 946 88 27 hänsigt
319 947 32 21 till
367 946 126 22 underbefäl
510 947 41 22 och
567 947 114 26 manskap:

122 983 32 19 1:0
170 980 99 22 meddela
292 980 85 28 förbud,
400 981 28 28 pä
450 981 65 27 högst
531 981 47 22 åtta
593 981 85 26 veckor,
695 982 32 19 att
741 980 68 21 vistas

51 1017 60 19 utom
126 1015 79 22 kasern
222 1015 52 22 eller
290 1017 92 26 qvarter,
399 1017 56 20 samt
469 1016 33 21 till
517 1016 51 27 sjös,
585 1017 32 20 att
632 1015 45 22 fara
692 1015 7 21 i
714 1015 63 25 land;

120 1051 34 20 2:0
171 1050 76 27 ålägga
263 1045 62 27 enkel
341 1052 76 25 arrest,
433 1050 66 27 högst
513 1051 63 27 tjugu
592 1050 66 27 dygn;

121 1087 33 19 3:0
171 1085 78 27 ålägga
263 1085 103 27 manskap
383 1085 76 27 skärpt
473 1087 77 24 arrest,
567 1085 64 27 högst
647 1085 45 21 åtta
707 1084 65 27 dygn;

121 1121 34 19 4:0
171 1119 78 28 ålägga
271 1119 142 22 underofficer
436 1121 33 20 att
491 1119 92 22 förrätta
605 1119 146 28 soldattjenst,
774 1118 35 21 vid

51 1153 125 28 landttrupp
200 1154 65 27 högst
288 1155 74 21 trettio
385 1155 62 27 dygn,
473 1154 39 22 och
536 1154 32 21 till
589 1154 43 27 sjös
651 1154 64 27 högst
729 1153 80 28 fjorton

52 1188 64 27 dygn;

120 1225 34 19 5:0
176 1222 99 28 fråntaga
297 1223 126 22 underbefäl
442 1223 125 22 anförtrodd
583 1223 92 22 särskild
690 1222 119 27 befattning

52 1256 110 22 äfvensom
177 1256 114 28 gefrejtrar
307 1257 237 27 gefrejtersvärdighet;

155 1290 21 28 b)
192 1291 8 21 i
215 1291 87 27 hänsigt
317 1292 33 20 till
365 1291 120 22 officerare:

122 1327 32 20 1:0
177 1326 101 22 meddela
300 1326 165 27 anmärkningar
489 1326 40 22 och
547 1326 173 26 föreställningar
734 1324 7 22 i
757 1324 52 28 dag-

51 1360 73 26 order;

120 1396 34 20 2:0
171 1395 78 27 älägga
263 1394 135 28 strafftjenst,
415 1395 65 27 högst
496 1402 37 15 sex
549 1396 90 26 gänger;

120 1430 34 20 3:0
170 1429 77 27 ålägga
262 1429 121 22 hemarrest
398 1432 57 19 samt
470 1432 71 20 arrest
556 1430 13 21 &
584 1430 95 26 högvakt
689 1428 53 22 eller
752 1429 7 21 i
767 1429 44 21 läst

50 1462 54 28 hytt,
120 1463 66 27 högst
201 1465 34 21 tre
251 1464 54 27 dygn
321 1464 33 22 för
369 1464 174 22 stabsofficerare
557 1464 40 22 och
608 1464 61 22 civile
679 1464 131 27 tjenstemän
