1009 1673
222 123 27 20 56
526 124 39 22 N:o
581 123 34 23 36.

193 188 81 22 stolens
290 187 98 29 pröfning
403 189 54 22 skall
468 190 117 22 ankomma
596 190 107 22 huruvida
710 190 147 28 ansökningen
865 190 85 22 bifallas

193 222 36 22 må
244 222 52 22 eller
311 222 26 28 ej.

263 256 39 22 Om
317 256 132 24 förfarandet
464 259 35 21 vid
514 259 118 22 besvärens
647 259 144 27 inlemnande,
804 260 28 21 då
841 260 111 27 Krigsrätt

193 292 59 20 utom
275 291 74 23 landet
370 294 175 27 sammanträder,
570 294 90 27 stadgas
676 294 7 21 i
698 293 94 29 följande
808 294 18 27 $,
842 296 56 20 samt
912 301 37 15 an-

193 326 83 27 gående
292 326 72 22 vidare
379 327 146 28 iakttagelser,
541 330 40 20 när
595 328 42 22 den
645 328 118 28 missnöjde
774 331 24 19 är
808 328 82 22 bötfäld
899 329 52 22 eller

193 360 89 27 häktad,
298 361 7 21 i
321 361 10 28 $
349 363 45 20 186.

535 402 11 28 8
563 405 47 19 185.

262 436 45 22 När
322 436 47 27 krig
383 436 57 23 föres
456 439 59 20 utom
529 438 76 21 landet
620 438 53 22 eller
687 437 71 29 fartyg
768 440 25 19 är
803 439 59 21 stadt
871 438 29 26 på
908 438 42 27 sjö-

193 471 38 27 tåg
253 471 41 21 och
309 471 109 27 Krigsrätt
433 472 38 22 der
486 472 179 27 sammanträder,
682 472 39 22 bör
736 472 120 28 Krigsrätts
871 472 79 27 utslag,

194 512 46 15 som
263 501 256 32 Öfverkrigsdomstolens
541 507 100 27 pröfning
663 507 127 21 hemställas
809 507 61 27 skall,
883 507 68 27 jemte

193 540 159 28 ransakningen
373 540 8 22 i
399 541 66 21 målet
479 541 23 21 af
515 542 114 21 auditören
644 542 58 21 inom
718 540 80 23 femton
814 542 67 26 dagar
896 541 55 22 efter

194 574 48 27 den,
266 575 28 21 då
316 576 94 26 utslaget
432 575 141 28 afkunnades,
597 576 36 22 vid
647 576 8 22 i
671 576 10 28 $
700 578 40 20 182
755 576 33 22 för
803 576 149 27 försumlighet

194 611 70 20 utsatt
285 609 87 28 påföljd,
395 610 101 22 aflemnas
519 611 33 21 till
575 612 104 26 truppens
697 610 53 23 eller
764 610 104 28 fartygets
885 610 66 22 befäl-

194 644 94 27 hafvare,
305 651 45 15 som
367 651 50 21 eger
431 646 156 26 handlingarna
602 646 50 22 med
667 645 70 22 första
751 645 102 27 lägenhet
868 646 32 20 till
914 640 38 27 Öf-

193 679 220 27 verkrigsdomstolen
429 680 134 22 öfversända.
594 680 41 22 Vill
650 680 73 27 någon
738 680 7 21 i
760 680 148 27 Krigsrättens
916 682 35 19 ut-

194 714 47 27 slag
264 714 90 28 ändring
376 715 58 26 söka,
458 714 78 28 ingifve
558 715 58 21 inom
635 715 68 27 sagde
719 714 32 22 tid
766 715 46 21 sina
827 715 77 21 besvär
918 714 33 22 till

193 748 162 22 befälhafvaren
372 751 57 20 emot
445 750 66 26 bevis,
527 756 46 15 som
589 749 22 22 af
625 750 80 21 honom
722 749 103 27 utfärdas,
842 749 39 21 och
898 749 52 27 ålig-

193 790 38 20 ger
247 784 38 22 det
300 783 164 27 befälhafvaren,
481 790 34 16 om
531 784 143 28 vederparten
690 784 29 27 på
734 785 61 20 orten
810 786 30 24 är,
852 786 33 19 att
894 783 58 28 gifva

194 818 69 22 denne
279 818 84 22 afskrift
378 818 23 22 af
413 819 104 22 besvären
533 819 49 22 med
599 818 155 28 föreläggande
770 818 22 22 af
806 818 44 22 viss
861 818 50 22 kort
920 818 32 22 tid

193 855 33 19 att
241 853 118 27 förklaring
374 853 98 22 deröfver
487 854 32 21 till
534 853 163 22 befälhafvaren
713 853 99 26 inlemna,
829 853 35 21 vid
880 852 71 23 äfven-

193 889 34 26 tyr
250 889 33 20 att
305 888 165 21 underlåtenhet
492 888 62 22 deraf
575 889 18 26 ej
617 889 90 20 hindrar
729 887 78 22 målets
826 887 126 27 afgörande;

193 921 110 22 hvarefter
325 922 40 21 och
388 923 66 21 sedan
476 922 117 27 förklaring
609 922 93 27 afgifvits
719 922 53 22 eller
787 923 41 20 den
843 922 110 27 förelagda

193 956 60 22 tiden
276 956 115 27 försuttits,
414 957 155 28 handlingarna
592 957 53 22 böra
660 957 23 22 af
697 956 166 26 befälhafvaren,
879 957 7 21 i
902 957 50 21 sist-

193 991 93 22 nämnda
307 991 37 22 fall
364 992 67 27 jemte
453 992 160 21 underrättelse
632 999 35 14 om
681 991 164 22 förklarandens
861 991 90 22 försum-

192 1026 75 26 melse,
283 1026 25 21 så
323 1025 42 23 fort
379 1027 34 26 sig
427 1028 53 25 göra
494 1027 61 26 låter,
572 1027 32 21 till
620 1022 249 30 Öfverkrigsdomstolen
880 1026 72 20 insän-

193 1060 46 21 das.
270 1060 47 22 Den
333 1060 80 22 häktad
429 1063 30 23 är,
475 1061 65 21 varde
555 1061 50 25 ock,
621 1066 35 16 om
672 1060 39 22 det
726 1060 40 22 ske
781 1060 50 26 kan,
842 1060 109 21 hemsänd.

531 1123 12 28 8
559 1126 46 19 186.

262 1153 30 25 Är
308 1157 48 27 den,
373 1164 46 16 som
433 1158 40 22 hos
490 1154 248 31 Öfverkrigsdomstolen
753 1157 37 21 vill
806 1157 33 27 sig
853 1157 97 27 besvära,

191 1192 33 21 till
246 1192 64 22 böter
331 1192 50 26 fäld,
405 1199 48 15 men
474 1193 18 27 ej
511 1193 88 24 bäktad,
617 1192 82 28 åligger
715 1192 79 22 honom
809 1194 33 20 att
858 1192 31 21 till
904 1192 48 22 sina

191 1226 80 22 besvär
291 1226 51 28 foga
364 1233 26 15 en
413 1228 23 20 af
449 1228 37 21 två
500 1234 104 21 personer
619 1226 98 28 utgifven
732 1226 135 26 löftesskrift,
882 1226 70 22 deruti

192 1261 33 27 de,
242 1268 27 15 en
284 1261 33 23 för
332 1262 69 26 begge
416 1262 39 22 och
471 1262 68 28 begge
554 1262 33 22 för
603 1269 32 19 en,
653 1262 69 27 borga
736 1261 34 22 för
785 1267 81 15 samma
880 1261 72 26 böter;

192 1296 41 21 och
256 1296 39 22 bör
317 1296 169 22 löftesmännens
509 1296 132 22 underskrift
656 1296 41 22 och
713 1295 175 27 vederhäftighet
903 1301 50 15 vara

191 1330 100 28 bestyrkt
307 1331 22 21 af
343 1331 162 22 vederbörande
519 1330 153 27 befälhafvare,
689 1331 95 25 domare,
793 1330 97 21 notarius
898 1330 54 26 pub-

191 1364 61 27 licus,
268 1368 68 24 prest,
352 1366 153 27 kronobetjent
520 1366 51 22 eller
587 1365 130 23 ordförande
729 1365 5 21 i
742 1364 210 26 kommunalnämnd,

191 1399 120 27 hvarjemte
327 1401 41 21 den
383 1400 144 22 sistnämndes
542 1401 60 27 intyg
611 1400 34 22 för
656 1401 33 20 att
700 1399 98 22 medföra
807 1398 82 22 vitsord
898 1398 54 22 skall

190 1432 70 23 förses
284 1435 49 21 med
348 1434 91 22 berörde
454 1435 91 22 nämnds
561 1434 151 28 embetssigill.
743 1433 42 22 Vill
802 1433 40 22 den
857 1432 95 23 sakfälde

189 1467 70 23 hellre
282 1468 91 22 böterna
395 1468 89 28 utgifva,
508 1471 57 20 sätte
589 1470 48 21 dem
660 1468 44 22 ned
719 1468 8 21 i
741 1467 143 23 landtränteri
900 1468 52 21 eller
