1020 1670
289 116 65 25 Ständ.
369 117 30 24 Sv.
415 129 25 4 —
457 116 54 31 Prop.
525 116 31 25 N:o
571 116 30 25 36.
768 117 26 21 25

205 185 51 22 hade
279 185 41 21 han
342 185 52 28 sjelf
414 185 74 22 brottet
513 185 69 28 begått
604 186 69 21 under
694 185 129 29 synnerligen

201 220 143 28 försvårande
359 219 179 28 omständigheter.
574 219 65 28 Tager
657 220 92 28 förman
759 219 66 28 jemte

207 254 151 21 underordnad
379 253 32 22 del
434 255 8 20 i
457 255 113 26 utförande
585 254 28 29 af
626 254 61 24 brott,
711 261 50 14 vare
783 254 42 25 ock,

207 289 36 20 vid
266 289 92 27 strajfets
380 288 153 21 bestämmande
551 289 39 28 för
609 289 133 28 förmannen
757 289 68 20 såsom

205 323 155 28 gerningsman,
375 323 69 20 sådan
460 323 151 28 omständighet
631 324 68 20 såsom
722 318 109 50 synnerlö-

206 365 39 20 gen
253 357 144 29 försvårande
413 358 86 21 ansedd.

277 391 49 22 Har
340 393 86 26 förman
441 392 90 21 hvarken
555 393 98 27 anstiftat
669 393 27 25 af
708 392 116 21 underord-

209 426 43 21 nad
266 426 98 28 begånget
378 426 55 22 brott
449 426 49 22 eller
513 428 8 19 i
536 427 43 21 dess
594 427 113 27 utförande
722 426 51 28 tagit
785 426 42 25 del,

208 468 47 14 men
270 462 113 20 detsamma
398 462 49 20 dock
462 462 46 20 med
522 462 42 20 råd
578 461 37 21 och
631 462 45 20 dåd
694 461 131 29 uppsåtligen

204 496 96 28 främjat
325 496 50 21 eller
403 496 133 21 annorlunda
562 496 71 21 dertill
659 496 74 28 hulpit,
761 496 64 20 varde

210 530 63 21 dömd
286 532 68 19 såsom
368 531 156 27 gerningsman.

279 564 45 21 För
339 565 86 27 ringare
436 565 126 28 delaktighet
574 565 83 28 strafas
671 566 88 27 förman
774 564 52 28 efter

209 599 55 21 hvad
279 600 8 20 i
300 599 16 27 $
330 599 32 21 36
376 602 63 25 säges,
454 599 90 21 sålunda
567 599 63 21 likväl
652 602 31 18 att
705 599 52 21 hans
772 605 55 21 egen-

210 634 51 28 skap
277 634 27 28 af
312 634 90 28 förman
415 634 77 21 varder
502 635 67 19 såsom
579 634 143 29 försvårande
737 636 92 18 omstän-

211 667 70 29 dighet
297 669 83 21 ansedd.

486 734 16 24 $
516 732 36 21 38.

282 745 70 55 Straff
364 771 55 21 skall
433 772 7 20 i
454 772 96 27 följande
566 771 106 21 händelser
684 770 107 29 förfalla:

280 807 32 20 1:o
328 814 34 12 om
374 805 97 29 postkarl
486 806 48 22 eller
549 806 115 28 krigsman,
686 813 43 14 som
746 804 37 22 hör
798 804 33 21 till

213 840 53 27 vakt,
281 840 79 28 patrull
377 840 50 21 eller
441 839 119 29 bevakning,
570 841 39 28 för
623 843 30 18 att
664 840 61 27 värja
735 839 30 28 sig
777 841 52 18 emot

211 874 70 29 anfall
296 874 49 21 eller
354 875 39 28 för
411 878 30 17 att
464 879 68 17 värna
554 882 75 20 person
653 874 46 21 eller
722 873 105 28 egendom,

210 917 44 13 som
269 909 67 20 under
351 909 53 20 hans
418 909 68 28 skydd
503 909 48 22 eller
566 909 115 28 bevakning
696 912 32 21 är,
747 907 82 22 brukar

211 943 49 21 våld
285 943 37 21 och
348 944 73 20 dervid
446 945 63 19 sårar
531 943 50 22 eller
603 944 70 21 dödar
695 944 38 20 den
758 941 70 28 anfal-

211 978 75 25 lande;

278 1012 36 21 2:0
330 1019 34 14 om
380 1013 47 26 den,
450 1020 44 13 som
517 1015 26 18 är
565 1013 75 20 utsänd
658 1012 38 28 för
720 1015 37 22 att,
780 1011 47 21 med

211 1047 139 20 användande
377 1047 7 20 i
409 1047 80 27 nödfall
510 1047 26 28 of
557 1054 71 21 vapen,
650 1047 63 28 gripa
735 1045 96 28 brottslig

209 1088 75 21 person
300 1080 48 22 eller
363 1082 62 27 rymd
437 1082 71 27 fånge,
524 1083 63 19 sårar
602 1081 50 22 eller
672 1081 67 21 dödar
754 1080 76 21 honom

211 1119 41 18 när
267 1115 43 21 han
324 1119 39 24 gör
378 1119 60 25 öppet
454 1117 118 24 motstånd;

278 1150 34 21 3:0
327 1157 33 14 om
376 1150 45 25 den,
444 1157 44 14 som
512 1150 38 21 hör
565 1150 30 21 till
619 1150 52 26 vakt,
693 1151 62 20 sårar
778 1149 51 21 eller

209 1184 68 21 dödar
291 1185 9 20 i
314 1184 60 21 häkte
390 1184 46 21 eller
458 1185 68 20 under
549 1185 113 27 bevakning
684 1187 43 18 satt
747 1190 85 22 person,

210 1219 28 20 då
253 1219 65 20 denne
333 1219 76 20 honom
431 1219 125 28 öfverfaller
578 1218 45 22 eller
644 1222 40 24 aör
704 1217 70 29 försök
797 1221 32 16 att

209 1260 82 20 rymma
306 1252 36 21 och
354 1254 33 27 på
402 1252 73 29 tillrop
492 1253 98 28 derifrån
606 1253 21 27 ej
643 1252 85 29 afstår
720 1248 13 38 :

277 1286 33 22 4:0
326 1294 34 14 om
376 1288 68 27 någon
460 1288 26 26 af
505 1288 139 26 bevakningen
663 1287 39 29 för
726 1285 103 28 krigsfän-

208 1328 41 20 gar
271 1321 67 21 dödar
361 1321 48 21 eller
430 1323 64 19 sårar
516 1322 67 20 sådan
605 1322 68 27 fånge,
701 1324 41 17 när
765 1320 64 21 bland

211 1356 47 20 dem
273 1355 45 21 sker
333 1357 84 27 myteri,
440 1356 50 21 eller
510 1356 174 28 rymningsförsök
706 1354 54 22 skall
783 1353 48 21 hin-

211 1391 56 24 dras,
285 1389 47 21 eller
348 1390 121 28 krigsfånge
484 1390 122 29 öfverfaller
621 1390 144 27 bevakningen,
782 1388 49 21 eller

209 1428 38 24 gör
261 1425 109 20 motstånd
384 1425 29 20 då
429 1424 43 21 han
488 1428 55 25 rymt
558 1424 35 22 och
607 1424 55 22 skall
675 1424 81 29 gripas,
779 1422 50 22 eller
