1017 1673
388 131 35 21 N:o
442 130 37 21 34.
771 131 11 18 T

52 206 48 14 men
116 199 59 27 dylik
191 199 160 27 uppskattning,
369 199 48 20 med
434 199 101 21 afseende
552 199 12 20 &
580 199 175 20 beskaffenheten
772 198 39 21 och

54 234 155 25 omfattningen
227 233 23 21 af
263 234 40 20 den
319 233 170 27 skattskyldiges
506 234 89 25 rörelse,
607 234 46 20 icke
667 240 62 14 anses
741 233 71 20 kunna

54 268 125 26 godkännas
203 268 70 21 såsom
296 269 68 25 grund
387 268 34 20 för
444 268 120 27 utgörande
588 268 23 20 af
629 267 183 22 kommunalskatt

53 303 74 20 tillhör
143 303 36 20 det
196 302 232 27 bevillningsnämnden
447 305 38 23 att,
502 303 55 20 efter
573 302 125 26 sorgfälligt
714 302 96 21 öfvervä-

54 337 70 26 gande
148 337 22 20 af
192 337 42 21 alla
257 337 189 26 omständigheter,
469 343 45 15 som
532 337 53 20 böra
601 337 57 26 tiena
675 337 33 20 till
724 337 86 25 ledning

54 371 35 21 vid
113 371 78 21 sakens
213 372 137 25 bedömande,
371 371 147 27 pröfningsvis
539 372 118 20 bestämma
673 372 37 20 det
725 371 83 26 belopp,

54 405 34 22 för
104 406 82 21 hvilket
202 407 110 20 skattören
328 406 61 21 skola
405 406 66 21 sädan
489 406 146 27 skattskyldig
652 405 92 27 påföras.

127 440 77 21 Finnes
221 441 69 25 någon
307 441 26 20 bo
349 441 6 20 i
372 440 55 25 stad,
444 442 51 19 utan
512 443 30 18 att
555 447 51 14 vara
617 440 90 21 medlem
719 439 23 22 af
752 440 58 19 kom-

55 481 84 19 munen,
156 481 51 20 eger
218 475 233 26 bevillningsnämnden
461 475 79 26 jemväl
553 475 74 26 pröfva
639 475 38 20 och
690 475 121 20 bestämma

56 509 106 21 huruvida
185 509 39 21 och
248 509 54 21 efter
325 509 81 21 hvilket
429 509 174 26 inkomstbelopp
621 509 111 20 skattören
751 507 61 22 skola

55 544 66 20 sådan
144 550 78 20 person
247 544 91 26 påföras,
362 544 122 20 oberoende
508 543 62 21 deraf
592 546 32 18 att
649 543 52 20 hans
717 543 95 20 inkomst

56 580 23 19 är
95 578 147 21 underkastad
258 578 137 26 beskattning
411 579 62 20 äfven
492 579 31 20 till
541 584 69 15 annan
627 578 108 20 kommun.

129 613 66 25 Hvar,
212 619 44 14 som
273 613 18 26 ej
308 613 59 26 nöjes
385 613 21 20 ät
422 613 250 26 bevillningsnän:ndeus
683 612 79 24 beslut,
774 616 39 20 ege

56 647 45 21 deri
118 647 38 21 hos
173 647 190 26 pröfningsnämnd
380 648 53 20 söka
449 647 92 26 ändring
554 647 38 20 och
604 647 6 20 i
622 647 77 20 sådant
711 645 100 21 afscende

57 682 38 20 sitt
118 681 109 26 skriftliga
250 681 135 26 andragande
408 682 48 20 med
478 682 73 21 dertill
573 681 95 21 hörande
686 680 127 25 handlingar

57 716 33 21 till
100 715 164 27 Länestyrelsen
275 716 104 26 antingen.
387 716 93 21 inlemna
492 716 52 21 eller
555 716 67 21 under
633 715 82 27 omslag
726 713 90 23 insända

56 751 24 20 sä
96 750 70 26 tidigt,
184 752 33 19 att
232 750 108 21 desamma
355 750 114 21 derstädes
485 750 69 21 finnas
570 750 135 27 tillgängliga
715 750 46 20 före
772 749 41 20 den

57 786 48 25 dag,
122 785 28 20 dä
165 785 217 26 pröfningsnämnden
399 786 178 20 sammanträder.
608 786 70 20 Anser
694 783 116 26 skattskyl-

56 820 38 26 dig
110 821 33 19 att
159 820 146 25 stadgandena
321 820 6 20 i
343 820 69 21 denna
427 820 128 26 förordning
572 820 70 21 blifvit
657 820 22 20 af
689 818 123 28 pröfnings-

56 855 105 20 nämnden
183 856 58 19 orätt
261 855 129 26 tillämpade,
407 861 39 20 ege
462 857 45 18 rätt
522 857 33 18 att
571 855 58 20 öfver
645 853 117 21 nämndens
778 852 36 21 be-

58 889 43 20 slut
116 889 75 20 anföra
213 889 76 20 besvär
304 889 6 21 i
326 889 94 21 Hofrätt.
451 889 109 21 Besvären
577 889 92 26 ingifvas
685 889 56 20 inom
758 887 56 20 först

57 923 116 20 infallande
187 923 90 21 Januari
293 924 76 20 mänad
385 924 32 20 till
429 923 148 26 Guvernören,
594 929 45 15 som
651 923 32 20 till
695 922 116 21 Hofrätten

58 957 110 21 inskickar
183 957 108 21 desamma
304 959 66 25 jemte
385 958 232 27 pröfningsnämndens
634 957 116 27 protokoll.
773 955 37 21 Uti

58 991 100 21 Hofrätts
174 992 72 26 utslag
261 992 32 21 fär
309 993 90 26 ändring
416 992 46 21 icke
479 993 71 20 sökas.

407 1055 11 27 8
434 1056 35 20 56.

130 1095 90 21 Säsnart
242 1095 255 26 bevillningstaxeringen
520 1095 33 21 för
572 1095 47 21 året
635 1095 12 20 å
663 1097 61 18 orten
741 1093 71 22 blifvit

58 1129 99 26 slutförd,
174 1129 141 22 öfverlemnas
331 1130 204 27 taxeringslängden
552 1130 32 21 till
600 1130 150 26 Magistraten,
766 1134 46 15 som

58 1164 83 25 åligger
156 1164 76 26 påföra
248 1165 97 26 samtlige
361 1165 6 20 i
383 1165 205 26 taxeringslängden
604 1166 111 25 upptagna
727 1163 17 27 ej
756 1163 56 21 blott

57 1199 225 26 bevillningspligtige,
302 1201 50 18 utan
373 1202 40 17 ock
428 1199 34 20 till
478 1199 130 20 kommunen
625 1199 105 20 särskildt
745 1197 69 21 skatt-

58 1233 98 26 skyldige
178 1239 103 20 personer
300 1233 39 21 och
360 1233 63 27 bolag
439 1233 38 21 det
493 1233 58 21 antal
569 1233 118 25 skattören,
703 1238 46 15 som
765 1231 47 21 med

58 1267 136 26 tillämpning
216 1267 24 21 af
253 1268 55 20 hvad
327 1267 196 26 rädhusstämman,
541 1267 85 27 jemlikt
642 1268 26 20 54
684 1267 11 27 &
712 1267 102 23 bestämt,

60 1307 74 15 svarar
150 1303 58 20 emot
236 1302 37 21 det
287 1302 34 21 för
336 1308 25 15 en
377 1302 53 21 hvar
445 1302 36 21 vid
490 1302 255 26 bevillningstaxeringen
760 1300 53 21 fast-

60 1336 72 20 stälda
147 1336 181 26 fastighetsvärde
344 1337 39 20 och
399 1336 182 27 inkomstbelopp,
597 1336 64 21 likväl
676 1335 90 22 sålunda
781 1335 33 20 att

62 1370 148 27 skattskyldig
226 1371 46 21 icke
288 1378 49 20 eger
352 1371 155 27 tillgodonjuta
525 1371 36 21 det
572 1371 112 25 särskilda,
700 1369 114 22 skattefria

60 1404 76 27 afdrag
158 1404 47 22 från
220 1405 202 27 inkomstbeloppet,
439 1412 46 14 som
502 1406 33 20 för
551 1405 127 26 bevillnings
694 1404 122 27 utgörande

59 1438 41 21 kan
116 1438 68 22 finnas
200 1440 122 26 medgifvet.
