1023 1670
264 121 81 23 Ständ.
361 122 37 23 Sv.
413 133 28 4 —
456 122 72 27 Prop.
544 121 41 23 N:o
600 121 37 22 38.
774 122 28 20 37

74 182 52 22 eller
142 183 159 27 expeditioners
315 183 131 22 utfärdande
461 183 122 22 uraktlåter
598 184 63 27 tillse,
677 186 33 20 att
721 184 110 21 desamma

74 218 38 21 äro
127 217 118 27 behörigen
260 217 123 26 karterade,
399 218 53 21 eller
467 218 130 21 försummar
611 220 33 20 att
658 218 33 22 till
701 218 130 28 beläggning

74 252 97 21 användt
187 252 176 27 stämpelpapper
373 252 8 20 i
391 252 142 22 föreskrifven
549 253 93 27 ordning
652 252 117 26 makulera,
780 252 52 22 böte

73 286 75 27 hvarje
162 286 57 27 gång
235 286 43 21 han
294 286 88 21 dermed
396 286 101 21 heträdes
513 286 62 28 tjugu
591 286 62 22 mark
668 287 40 21 och
723 294 49 15 vare
784 288 48 20 der-

70 320 69 27 jemte
161 320 86 28 skyldig
267 322 32 19 att
314 321 83 21 ersätta
411 320 30 22 all
456 321 42 21 den
513 320 79 22 förlust
607 320 85 22 kronan
708 322 28 26 pä
751 322 79 20 sädant

74 355 43 21 sätt
133 354 145 28 tillskyndats.

423 407 10 25 s
448 406 34 21 23.

142 451 181 28 Lysningssedlar
345 451 34 21 till
401 451 123 28 äktenskap
547 451 68 26 skola,
635 451 70 22 tillika
723 451 49 22 med
787 451 43 20 för-

74 485 102 28 teckning
191 485 60 22 öfver
267 486 26 20 de
307 485 104 28 förelysta
425 492 140 21 personerna,
581 486 34 21 för
630 486 73 27 hvarje
720 487 23 20 är
763 485 68 21 innan

72 519 105 22 Februari
199 520 92 21 mänads
313 519 42 22 slut
379 521 36 20 det
437 519 126 28 päföljande
582 521 47 20 äret
644 521 24 20 af
681 520 150 28 kyrkoherden

74 553 51 22 eller
141 555 48 25 den,
205 561 46 14 som
266 554 54 21 hans
335 554 67 27 tjenst
417 553 110 28 förrättar,
543 555 103 20 insändas
661 555 33 20 till
707 554 124 21 kontrakts-

73 591 94 25 prosten,
183 588 88 22 hvilken
286 589 67 20 innan
368 589 61 27 April
444 589 91 21 mänads
551 589 82 27 utgäng
650 589 48 21 dem
711 589 34 20 till
759 589 73 20 lands-

72 623 102 21 kontoret
194 623 150 25 öfverlemnar,
359 623 90 22 hvarvid
464 623 39 21 bör
519 629 57 21 noga
592 623 95 26 efterses,
703 625 33 20 att
753 624 25 20 de
794 622 36 21 be-

74 658 100 27 gagnade
189 657 106 22 kartorna
309 657 52 21 eller
377 657 198 27 stämpelmärkena
589 659 38 20 äro
643 657 24 22 af
679 657 152 28 kyrkoherden

72 691 118 28 behörigen
205 691 146 22 makulerade.
382 691 45 22 Och
442 699 51 14 vare
508 693 43 20 den
566 691 25 22 af
603 692 169 27 presterskapet,
784 698 46 14 som

73 727 96 20 nämnda
183 726 79 21 termin
277 726 135 26 försummar,
427 725 102 22 förfallen
545 726 33 21 till
593 727 62 26 tjugu
670 726 73 22 marks
761 725 67 22 böter.

74 756 64 27 Öfver
160 761 44 21 alla
221 761 49 21 frän
285 761 144 27 prosterierne
445 760 104 21 inkomna
564 760 162 28 förteckningar
740 761 90 26 upprät-

72 798 35 19 tar
129 795 166 22 landskontoret
317 796 67 20 sedan
403 796 31 20 ett
453 795 140 21 summariskt
616 795 151 26 sammandrag
790 794 40 21 och

72 830 103 20 insänder
198 830 120 20 detsamma
338 830 67 27 jemte
422 829 198 27 lysningssedlarne
635 830 67 20 innan
718 829 52 21 Juni
784 829 45 20 mä-

74 864 54 21 nads
150 864 83 26 utgäng
255 870 78 20 genom
354 865 134 26 guvernören
509 864 33 20 till
565 864 105 21 Senatens
692 863 139 21 Kammarex-

73 898 104 28 pedition,
193 898 34 21 för
242 900 33 19 att
290 898 33 21 till
340 898 89 28 behörig
443 898 136 28 granskning
600 898 7 21 i
626 897 205 23 revisionskontoret

74 932 118 22 befordras.

423 985 10 25 s
449 985 35 19 24.

142 1030 83 21 Varder
247 1030 71 27 nägon
341 1030 126 27 öfvertygad
490 1032 33 19 att
545 1030 66 21 hafva
629 1030 94 21 kronans
739 1028 93 27 stämpel

74 1064 112 28 eftergjort
209 1064 52 22 eller
280 1064 103 22 utfärdad
403 1064 63 22 karta
481 1064 92 22 medelst
587 1064 126 27 förändring
729 1063 24 21 af
765 1064 66 20 stäm-

74 1098 127 28 pelaftryck,
220 1106 46 14 som
285 1098 112 22 utmärker
412 1100 48 20 dess
476 1100 73 24 värde,
565 1098 114 22 förfalskat
694 1099 7 20 i
717 1098 65 26 afsigt
798 1099 33 19 att

74 1134 68 21 skada
164 1134 60 26 göra,
245 1133 84 22 straffes
349 1134 29 27 pä
393 1135 44 20 sätt
451 1134 8 20 i
475 1134 12 20 1
504 1135 11 25 $
530 1134 13 20 8
559 1133 92 27 kapitlet
666 1132 164 28 Missgernings-

74 1167 79 22 balken
176 1174 35 15 om
230 1167 143 28 förfalskning
393 1167 24 22 af
434 1167 79 28 högsta
527 1167 100 22 maktens
642 1165 133 24 underskrift
791 1165 41 22 och

73 1202 82 27 insegel
171 1203 63 27 sagdt
249 1203 31 20 är.

142 1237 47 27 Lag
212 1245 83 14 samma
316 1245 52 15 vare
391 1245 34 15 om
447 1239 83 27 någon,
553 1239 7 20 i
583 1238 72 22 stället
677 1238 34 22 för
733 1237 99 27 behörigt

74 1271 117 27 stämpladt
214 1278 84 22 papper
321 1272 52 22 eller
395 1272 175 28 stämpelmärke,
593 1272 109 28 begagnar
725 1272 53 21 eller
799 1273 35 19 ut-

73 1305 104 28 pränglar
199 1307 85 25 sädant,
307 1314 46 14 som
371 1307 44 21 han
429 1308 36 21 vet
481 1314 53 15 vara
549 1306 66 22 falskt
631 1307 50 21 eller
695 1305 138 23 förfalskadt.

421 1378 10 26 8
447 1377 35 21 25.

141 1420 82 22 Blifver
237 1421 49 21 från
301 1421 58 22 förut
375 1422 115 28 begagnad
505 1423 64 21 karta
579 1423 132 27 anteckning
726 1422 107 28 utplänad

72 1452 54 22 eller
146 1454 62 27 eljest
231 1454 121 29 borttagen,
375 1457 7 21 i
405 1457 102 21 ändamål
530 1460 33 19 att
583 1458 41 21 slik
643 1458 64 21 karta
722 1458 56 26 ånyo
794 1463 38 15 an-
