1036 1673
439 149 22 19 U.
473 150 23 18 B.
509 160 22 3 —
543 150 63 23 Prop.
618 150 38 18 N:o
668 150 31 18 32.

626 207 16 28 $
656 208 22 20 2.

398 246 87 22 Besluta
500 247 127 27 Ständerna,
643 248 9 20 i
666 247 111 27 anledning
792 248 27 26 af
832 248 57 20 väckt
900 254 42 15 mo-

364 281 49 26 tion,
433 283 30 19 att
480 284 76 25 antaga
574 289 28 20 ny
619 282 49 21 eller
688 282 69 21 ändra
771 281 49 22 eller
835 282 107 26 upphäfva

362 316 92 26 gammal
472 316 39 27 lag,
531 316 87 26 aflemne
636 316 79 28 förslag
734 316 71 22 derom
820 316 33 21 till
867 316 75 28 Kejsa-

363 357 38 15 ren
415 350 37 22 och
467 350 137 27 Storfursten.
638 351 69 21 Gillar
723 351 103 27 Kejsaren
839 351 35 21 och
884 351 58 21 Stor-

363 385 82 26 fursten
463 385 131 21 Ständernas
614 385 85 28 förslag,
715 386 63 21 varde
793 384 128 28 författning
935 386 9 20 i

363 420 119 26 ordagrann
501 419 213 27 öfverensstämmelse
734 420 85 21 dermed
833 420 108 26 utfärdad.

363 453 50 22 Kan
431 454 99 27 förslaget
545 454 44 21 icke
604 454 27 26 af
644 454 101 27 Kejsaren
761 454 36 21 och
812 454 132 26 Storfursten

363 488 140 26 oförändradt
522 488 130 27 godkännas,
672 496 61 14 anses
751 488 34 22 det
801 488 63 26 hafva
883 488 9 21 i
909 488 35 22 sin

362 522 66 22 helhet
441 522 97 27 förfallit,
554 522 75 22 hvilket
646 523 101 27 Kejsaren
763 523 36 21 och
813 523 131 26 Storfursten

363 557 54 21 låter
431 557 93 21 meddela
539 557 121 21 Ständerna
674 559 69 20 senast
757 557 37 21 vid
805 558 62 20 nästa
875 557 68 21 landt-

363 592 46 26 dag.

628 638 15 28 $
658 638 20 21 3.

401 677 80 22 Väckas
499 678 57 21 inom
572 678 90 21 ständen
676 678 77 27 frägor
769 685 32 14 om
817 678 80 21 allmän
911 678 33 27 lag

359 712 32 26 pä
411 714 64 19 annat
493 713 44 20 sätt
551 713 29 20 än
595 719 74 20 genom
684 712 83 26 motion,
784 712 49 21 eller
847 718 33 15 om
894 712 48 26 stif-

362 747 68 26 tande,
455 746 91 28 ändring
564 746 49 22 eller
628 746 151 27 upphäfvande
792 746 27 26 af
831 746 57 27 lagar
908 746 36 21 och

361 781 154 27 författningar
532 781 8 21 i
561 782 82 20 sådana
662 782 81 25 ämnen,
767 781 90 21 rörande
875 780 69 22 hvilka

361 815 120 22 Ständerna
500 815 18 28 ej
534 822 36 21 ega
584 816 139 25 motionsrätt,
739 815 58 22 skola
813 815 130 22 Ständernas

362 849 49 22 eller
433 850 100 21 ståndens
551 850 186 27 framställningar
751 850 9 20 i
774 850 61 21 dessa
851 850 91 21 ärenden

363 885 139 20 underställas
517 884 103 27 Kejsaren
635 884 36 21 och
686 884 133 26 Storfursten
826 884 71 21 endast
904 885 37 20 så-

361 925 45 14 som
421 919 118 26 petitioner,
559 919 14 20 å
591 918 69 22 hvilka
676 919 103 26 Kejsaren
794 919 37 20 och
845 918 97 27 Storfur-

360 954 46 19 sten
421 953 68 26 fäster
503 953 34 21 det
552 953 102 26 afseende,
671 952 50 21 Han
736 952 35 27 för
787 952 70 22 landet
873 953 69 26 finner

362 987 80 27 nyttigt.

400 1021 41 21 Till
455 1023 111 25 yttermera
580 1021 54 21 visso
650 1021 61 26 hafve
725 1021 22 20 vi
762 1021 54 21 detta
831 1021 47 21 med
892 1021 52 21 vära

363 1062 77 14 namns
454 1055 189 27 underskrifvande
658 1055 36 21 och
709 1055 53 21 våra
773 1055 88 27 insegels
867 1055 76 21 under-

364 1089 113 28 tryckande
491 1090 53 21 velat
558 1089 101 27 bestyrka,
674 1089 106 27 stadfästa
795 1089 37 21 och
843 1089 100 27 bekräfta,

363 1130 45 14 som
425 1123 74 21 skedde
514 1124 8 20 i
537 1123 135 27 Helsingfors
686 1124 40 20 den
742 1136 27 2 —
779 1135 26 3 —
814 1136 26 2 —
857 1123 64 27 dagen
936 1124 8 20 i

380 1170 45 3 -—
436 1170 27 3 —
472 1170 26 4 —
507 1170 26 3 —
548 1158 81 21 månad
642 1158 27 20 år
684 1159 53 25 efter
755 1157 80 21 Christi
849 1157 51 21 börd
907 1159 36 19 ett-

363 1194 60 19 tusen
445 1192 127 22 ättahundra
590 1192 37 21 och
641 1192 32 27 pä
692 1192 34 21 det
740 1192 202 21 ättationdeandra*.

262 1238 78 22 Vidare
356 1238 32 22 får
404 1238 148 28 Lagutskottet
568 1238 116 28 tillstyrka:

399 1280 30 19 att
444 1278 40 21 den
499 1278 26 26 af
536 1278 120 22 Ständerna
671 1278 92 21 sålunda
777 1279 91 25 antagna
884 1277 58 27 lagen

361 1313 71 25 måtte,
453 1312 108 28 behörigen
578 1312 168 26 underskrifven,
762 1312 32 20 till
812 1311 62 21 Hans
893 1311 49 27 Kej-

362 1346 77 28 serliga
465 1346 101 27 Majestät
591 1347 102 21 insändas
717 1346 65 27 jemte
811 1346 133 26 underdänig

362 1380 115 27 skrifvelse,
497 1380 60 22 hvari
572 1381 125 26 Ständerna,
713 1380 53 26 efter
784 1380 160 27 framställning

363 1415 27 26 af
408 1415 37 21 sitt
465 1415 9 21 i
491 1415 95 26 afseende
605 1416 14 20 å
633 1422 80 14 samma
728 1414 34 27 lag
777 1414 80 26 fattade
872 1414 71 26 beslut,

362 1449 47 21 ville
424 1449 85 21 anmäla
527 1451 30 20 att
572 1450 119 21 Ständerna
706 1449 9 21 i
730 1448 214 27 öfverensstämmelse

264 1490 125 22 Lagutskottets
401 1490 103 17 betänkande
516 1490 34 16 N:o
564 1491 17 16 3.
