1017 1673
408 128 34 22 N:o
458 128 37 21 39.
786 128 11 19 5

72 199 57 24 land,
146 198 90 21 inlöstes
252 197 48 22 med
316 197 109 21 allmänna
451 197 125 20 statsmedel
593 197 34 20 för
642 203 25 14 en
683 196 145 27 köpeskilling

72 233 24 20 af
111 233 76 25 35,000
204 233 68 20 mark.
302 232 143 21 Landboarne
460 231 65 21 hafva
535 231 66 21 redan
612 231 86 21 undfått
709 229 121 23 skattebref

72 267 14 21 å
102 267 62 21 dessa
181 267 131 26 lägenheter.

385 316 38 29 År
442 323 70 22 1878.

144 372 19 19 4.
194 370 113 21 Särskilda
332 371 197 20 landthandlanden
551 370 86 21 Johan
661 370 74 25 Pösö,
759 375 26 15 m.
808 368 20 21 fl.

74 405 59 21 förut
148 405 111 26 tillhöriga
282 405 213 21 donationshemman
518 405 7 20 i
541 404 88 21 Hiitola
644 405 77 20 socken
737 410 34 15 om
786 403 42 21 till-

75 446 107 15 sammans
199 440 125 27 50173:dels
339 439 127 21 arviorubel.
492 439 71 22 Dessa
573 439 130 27 lägenheter,
715 438 114 21 omfattan-

74 474 28 21 de
118 481 24 14 en
160 475 90 26 egovidd
267 474 23 21 af
305 475 61 25 7,855
377 475 104 20 tunnland
493 474 98 21 skattbar
602 474 67 25 mark,
681 474 89 21 inlöstes
781 472 49 21 med

75 509 107 21 allmänna
199 509 125 20 statsmedel
340 508 33 21 för
391 509 90 25 196,210
496 509 61 20 mark
573 510 25 19 41
616 509 63 26 penni
696 510 55 19 samt
766 507 64 20 hafva

76 544 34 21 till
126 545 82 19 största
224 543 62 21 delen
302 543 66 21 redan
374 537 80 37 blifvit
466 541 36 23 till
518 543 132 21 landboarne
666 543 67 21 under
749 543 80 20 skatte-

73 580 123 19 mannarätt
212 578 125 21 öfverlätna.

144 613 19 20 5.
199 611 95 22 Sakkola
310 612 167 27 donationsgods
493 613 6 20 i
516 612 95 21 Sakkola
625 612 83 21 socken.
731 611 30 21 Af
770 611 60 21 detta

72 649 60 20 stora
142 648 60 25 gods,
214 653 34 15 om
263 647 76 21 inalles
355 647 123 28 323295:dels
494 647 87 25 mantal,
592 647 99 26 inköptes
705 646 125 28 26%g:dels

77 681 80 22 mantal
178 681 22 22 är
222 683 53 20 1878
296 684 55 18 samt
373 681 132 26 äterstoden,
521 681 48 21 med
585 682 109 25 undantag
718 681 76 21 endast
809 679 23 22 af

72 723 26 15 en
114 716 83 21 mindre
214 717 99 26 lägenhet
329 723 33 14 om
379 717 40 20 546
436 717 116 21 tunnlands
568 717 57 25 vidd,
636 716 67 21 hvarä
714 719 116 17 stommens

72 750 115 28 äbyggnad
204 752 24 19 är
244 751 95 26 belägen,
356 751 24 21 är
397 752 60 20 1880.

144 786 189 26 Köpeskillingen,
357 792 45 14 som
425 786 138 21 utbetalades
581 792 26 15 ur
629 785 201 26 donationsfonden,

78 820 93 27 uppgick
194 820 76 21 inalles
293 820 31 21 till
347 820 92 26 992,362
462 820 62 21 mark
547 821 26 20 45
590 821 69 26 penni.
690 820 50 21 Men
763 819 68 22 ehuru

75 855 79 26 godset
170 855 102 20 omfattar
289 861 24 15 en
330 855 91 26 egovidd
436 855 23 20 af
473 855 48 21 icke
536 856 83 20 mindre
635 857 26 19 än
679 856 78 25 46,000
768 856 63 19 tunn-

73 889 59 26 land,
149 889 48 21 med
213 896 25 14 en
254 889 124 26 folkmängd
395 889 22 21 af
431 891 64 24 2,700
511 896 108 20 personer,
631 889 109 22 fördelade
752 889 27 26 pä
790 889 40 20 315

75 923 137 27 landboskap
237 924 38 20 och
301 925 22 19 11
346 924 107 27 jordtorp,
476 924 69 21 mäste
570 925 67 26 priset
656 930 63 15 anses
735 923 58 26 högt,
809 925 22 24 ty

74 958 132 21 tunnlandet
222 958 91 21 kostade
329 965 58 14 mera
403 961 27 18 än
445 959 27 20 22
489 959 68 20 mark.
587 959 61 21 Dock
664 959 95 20 kommer
770 957 61 21 äfven

71 991 48 22 frän
143 992 60 21 detta
219 993 54 26 gods
293 999 26 14 en
335 993 46 20 icke
406 993 110 27 obetydlig
539 993 123 27 kronopark
682 995 32 19 att
732 993 100 26 utbrytas

73 1027 40 21 och
129 1027 132 21 landboarne
285 1028 122 26 derigenom
429 1028 65 21 vinna
510 1034 25 15 en
552 1028 97 27 behöflig
671 1027 139 26 nedsättning
826 1026 6 21 i

75 1061 163 27 löseskillingen
255 1062 33 21 för
304 1063 47 20 sina
367 1062 158 21 innehafvande
541 1063 130 26 lägenheter.

145 1095 129 22 Storskiftet
290 1097 12 20 ä
324 1097 77 26 godset
416 1097 39 21 har
471 1097 76 27 pägätt
563 1097 105 21 alltsedan
684 1097 24 21 är
725 1097 61 20 1879.

144 1133 12 19 6
194 1130 101 29 Kyyrölä
312 1132 54 26 gods
383 1132 7 20 i
406 1131 74 21 Mohla
496 1132 85 21 socken.
611 1131 66 22 Detta
691 1131 68 22 Furst
777 1130 57 21 Uch-

73 1161 81 26 tomski
171 1166 111 26 tillhöriga
297 1166 60 27 gods,
374 1173 33 14 om
424 1167 97 26 9y%y:dels
537 1167 87 25 mantal,
640 1166 48 21 med
705 1172 25 15 en
742 1165 91 27 egovidd

73 1199 26 22 af
116 1201 75 25 10,600
207 1201 105 20 tunnland
327 1201 40 20 och
383 1207 25 15 en
425 1201 126 26 befolkning
567 1201 23 20 af
606 1201 60 25 1,123
681 1206 111 21 personer,
802 1200 32 20 in-

74 1234 98 27 ropades
192 1234 34 21 för
246 1235 206 21 donationsfondens
475 1235 93 26 räkning
585 1235 28 27 pä
628 1235 99 21 exekutiv
743 1234 90 21 auktion

71 1271 36 22 för
124 1269 91 25 180,000
231 1269 68 26 mark,
316 1270 52 21 eller
383 1270 33 20 till
433 1270 67 26 nägot
512 1271 59 25 lägre
585 1270 65 21 värde
661 1272 26 19 än
699 1268 86 23 hvartill
798 1269 37 20 det

74 1303 72 22 blifvit
162 1304 170 21 saluvärderadt.
355 1304 10 21 I
381 1304 52 27 följd
450 1304 63 21 deraf
522 1307 33 18 att
566 1304 135 21 Statsverket
715 1305 58 20 emot
783 1303 51 20 ned-

73 1339 48 20 satt
138 1338 45 27 pris
200 1338 120 21 förvärfvat
335 1339 33 25 sig
383 1339 7 20 i
406 1339 78 26 godset
499 1339 128 21 intecknade
646 1339 129 25 fordringar,
792 1337 42 20 kan

74 1372 120 32 detsamma
212 1373 33 21 till
266 1373 93 21 äboarne
382 1373 118 21 öfverlätas
521 1376 58 18 emot
599 1380 24 14 en
640 1374 59 20 lösen
716 1372 23 22 af
757 1371 77 21 endast

79 1407 90 25 160,886
186 1408 61 20 mark
263 1408 26 20 58
305 1408 70 26 penni.
