1023 1670
239 133 24 22 U.
278 133 23 22 B.
317 145 28 3 —
359 132 65 28 Prop.
440 132 38 22 N:o
494 130 35 23 33.

216 418 230 22 Statsutskottets
469 418 110 29 förslag
602 418 35 22 till
663 422 102 18 samman-

144 453 118 29 jemkning
276 452 26 23 af
314 452 105 23 ståndens
435 452 133 30 skiljaktiga
584 452 72 23 beslut
671 452 95 23 rörande

151 487 182 23 Statsutskottets
349 487 141 23 betänkande
505 488 38 22 N:o
560 487 12 23 3
588 488 7 22 i
611 487 120 29 anledning
745 486 26 23 af

152 522 83 29 nådiga
249 522 165 29 propositionen
429 528 34 16 om
478 522 144 30 upphörande
638 522 25 22 af
676 522 26 22 de
717 520 52 24 från

152 556 125 23 rusthållen
292 557 56 22 samt
362 556 105 23 roterade
482 557 101 22 hemman
599 557 40 22 och
650 556 118 23 båtsmans-

152 591 47 23 håll
217 591 110 30 utgående
346 591 180 30 vakansafgifter
541 592 40 22 och
597 591 134 29 indragning
746 590 25 23 af

152 626 28 23 de
202 626 124 23 rusthållen
352 627 105 22 anvisade
482 627 124 28 augments-
634 627 41 22 och
697 625 73 30 öfriga

151 661 85 23 räntor.

85 725 41 22 Vid
144 725 186 28 handläggningen
349 725 23 22 af
385 725 158 22 ofvannämnda
558 718 136 29 betänkande
709 724 63 23 hafva

20 761 94 26 stånden,
131 761 68 27 enligt
220 761 100 21 inkomna
335 760 207 28 protokollsutdrag,
559 762 89 21 stannat
662 760 7 21 i
685 759 86 28 skiljak-

20 795 42 28 tiga
77 796 78 26 beslut,
171 795 7 22 i
194 796 37 21 det

85 830 156 26 Ridderskapet
263 830 37 21 och
321 830 70 21 Adeln
412 830 98 27 godkänt
527 830 26 21 hr
568 830 117 22 Mechelins
701 831 6 21 i
724 830 49 22 dess

22 864 144 23 oetänkandet
187 864 100 28 bifogade
309 864 133 22 reservation
465 864 127 22 framstälda
607 864 86 28 förslag,
709 864 65 22 likväl

23 900 87 22 sålunda
124 901 34 20 att
172 898 101 28 frågorna
288 905 33 16 om
337 899 115 22 rusthålls-
468 900 41 21 och
524 899 250 28 rotevakansafgifterne,

24 941 41 15 som
81 934 7 22 i
103 934 70 27 sagda
188 933 80 27 förslag
283 934 106 26 särskilts,
406 934 71 21 skulle
493 934 141 22 sammanslås
650 934 32 22 till
699 941 25 15 en
739 940 36 21 ge-

25 976 91 16 nensam
138 968 132 28 författning,
285 969 6 21 i
307 968 51 28 följd
377 968 77 22 hvaraf
471 969 87 21 ståndet
574 969 83 27 antagit
673 971 9 19 1
700 970 13 26 &
730 969 7 21 i
752 969 25 21 hr

26 1004 112 22 Vlechelins
153 1003 220 28 författningsförslag
388 1004 40 21 N:o
445 1005 12 20 2
473 1004 51 21 med
540 1004 41 22 den
596 1004 82 27 lydelse
696 1010 82 16 samma

26 1039 6 27 3
54 1039 41 22 bar
115 1039 6 21 i
137 1038 245 23 utskottsbetänkandet
405 1038 47 27 och,
476 1039 49 21 med
548 1038 139 22 förkastande
710 1038 23 22 af
753 1038 26 22 hr

28 1074 112 22 Mechelins
158 1073 217 27 författningsförslag
390 1074 41 21 N:o
449 1075 18 25 1,
484 1074 96 27 godkänt
596 1073 67 28 öfriga
679 1073 22 29 $$
717 1073 23 23 af
753 1074 26 22 hr

28 1109 112 22 Vlechelins
162 1108 220 28 författningsförslag
401 1108 41 22 N:o
458 1110 20 24 2,
494 1108 119 28 hvarjemte
628 1108 23 22 ät
666 1108 115 23 Utskottet

29 1143 145 22 yfverlemnats
195 1144 32 20 att
245 1143 108 21 inkomma
374 1143 48 21 med
438 1142 82 28 förslag
539 1142 110 28 angående
665 1144 68 21 sättet
747 1143 34 22 för

30 1178 153 22 serkställande
199 1177 23 22 af
235 1177 41 22 den
292 1178 31 21 uti
341 1177 12 28 $
369 1180 12 20 3
398 1177 124 22 anordnade
538 1178 83 21 inlösen
629 1177 23 22 af
658 1179 123 27 augments-

31 1214 105 25 'äntorna;

94 1246 161 22 Presteständet
269 1246 97 27 godkänt
380 1246 126 22 Utskottets
522 1246 82 27 förslag
614 1246 32 22 till
657 1246 126 27 författning

32 1281 139 26 yförändradt,
196 1281 55 22 dock
272 1281 62 27 ,med
350 1281 37 22 det
402 1281 131 28 uttryckliga
548 1281 69 22 vilkor
632 1282 7 21 i
654 1281 102 22 afseende
771 1281 14 22 &

33 1317 4 26 ;
54 1318 19 25 1,
90 1317 32 21 att
136 1315 135 28 regleringen
287 1315 23 22 af
323 1315 132 23 rusthällens
471 1315 110 23 blifvande
597 1316 101 28 ställning
713 1316 70 22 blefve

34 1350 76 28 gjord
132 1350 8 22 i
162 1350 95 27 enlighet
269 1350 64 28 Zmed
359 1350 245 22 utskottsbetänkandet
632 1351 39 22 och
694 1351 86 22 således

35 1385 35 21 len
92 1384 123 28 föreslagna
237 1384 151 28 förändringen
408 1384 131 29 i?afseende
560 1386 12 21 &
592 1386 92 21 rusthäll
699 1386 86 22 komme

36 1421 25 21 itt
84 1420 76 27 gälla",
183 1420 119 27 hvarjemte
321 1420 37 22 två
377 1420 8 21 i
399 1419 70 22 finska
484 1420 111 27 lagtexten
611 1420 175 22 förekommande

38 1455 19 21 el
72 1454 220 28 uppmärksammats;

99 1495 76 23 Bihang
188 1495 30 17 till
231 1494 149 19 Statsutskottets
393 1494 119 19 betänkande
524 1496 36 18 N:o
572 1496 16 17 3.
