1034 1673
228 118 13 20 2
392 117 84 23 Ständ.
492 117 39 24 Sv.
546 130 29 4 —
590 118 73 29 Prop.
679 118 40 23 N:o
735 118 34 23 32.

273 179 47 22 Den
344 180 22 21 af
385 180 88 22 Eders
489 181 133 26 Majestät
637 181 129 28 föreslagna
781 181 67 28 lagen
864 187 35 15 om
915 187 44 15 mo-

203 213 103 23 tionsrätt
321 215 33 21 för
370 215 105 21 Finlands
492 215 93 22 Ständer
597 215 66 22 hafva
675 215 125 22 Ständerna
811 216 86 27 antagit
907 217 53 20 utan

202 248 138 29 förändring,
356 249 93 22 hvarvid
460 249 133 28 Ständerna,
605 249 49 22 med
665 249 106 22 afseende
782 250 53 21 derä
847 252 32 19 att
889 249 72 22 denna

203 282 44 27 lag,
264 283 67 21 sedan
348 283 42 22 den
406 284 77 21 vunnit
498 283 83 22 Eders
598 284 144 28 Majestäts
758 285 90 26 slutliga
864 284 97 22 faststäl-

202 316 62 27 lelse,
280 317 99 22 kommer
395 320 32 19 att
442 321 79 25 utgöra
537 325 26 15 en
581 319 24 21 af
619 318 222 23 Storfurstendömets
857 318 103 28 grundla-

203 357 47 21 gar,
267 351 80 27 jemväl
363 352 105 27 iakttagit
484 353 41 21 den
545 353 36 21 vid
599 353 85 22 sädana
700 353 74 28 lagars
791 352 105 23 stiftande
912 352 49 22 här-

202 384 103 23 förinnan
328 386 135 28 vedertagna
486 387 56 21 form
566 389 57 20 samt
643 388 6 20 i
666 387 230 22 öfverensstämmelse
913 386 48 22 der-

204 419 50 22 med
277 420 77 22 försett
376 421 130 22 densamma
529 423 47 20 med
593 421 115 28 inledning
725 422 40 21 och
781 421 180 22 slutbekräftelse

204 454 156 22 motsvarande
375 455 57 25 dem,
448 456 77 21 hvilka
541 455 110 22 användts
666 456 38 21 vid
721 456 72 27 öfriga
808 455 105 22 särskildt
930 459 31 17 ui-

203 487 93 23 färdade
319 489 142 28 grundlagar.
491 490 47 22 Och
562 490 93 22 emedan
672 490 133 28 Förenings-
822 490 40 21 och
879 490 80 21 Säker-

204 521 130 23 hetsaktens
350 525 43 20 6:te
408 524 71 27 punkt
494 530 79 21 genom
590 524 171 27 ifrägavarande
777 525 38 26 lag
826 524 94 22 förlorar
931 524 30 21 all

203 556 77 22 vidare
292 557 163 28 tillämplighet,
465 558 39 21 har
514 561 32 19 ett
556 558 98 27 formligt
665 559 156 27 upphäfvande
833 559 23 21 af
865 557 96 22 nämnda

205 591 71 26 punkt
291 591 71 22 blifvit
377 592 30 21 uti
424 592 143 28 inledningen
584 596 113 24 upptaget.

481 651 49 21 Den
554 651 31 27 af
605 651 126 21 Ständerna
749 650 96 21 sålunda
863 652 98 25 antagna

412 684 38 21 och
466 685 12 20 &
494 685 65 21 deras
575 687 85 26 vägnar
679 685 30 27 af
719 684 188 22 Landtmarskalk
923 683 38 22 och

414 718 93 22 Talmän
523 719 160 27 underskrifna
699 719 64 28 lagen
779 725 32 15 om
825 719 137 21 motionsrätt

406 752 42 28 för
463 753 110 22 Finlands
591 754 96 21 Ständer
702 753 85 28 bifogas
803 752 106 28 härjemte
921 759 41 14 un-

412 787 135 28 derdånigst.

276 838 40 21 Vid
332 839 167 27 granskningen
516 839 25 22 af
554 839 37 22 det
601 846 79 15 senare
691 839 147 28 lagförslaget
849 839 38 21 har
898 839 64 21 Stän-

205 871 81 23 dernas
309 873 196 28 uppmärksamhet
523 873 72 22 blifvit
610 873 74 22 fästad
700 873 37 22 vid
754 873 40 21 den
811 873 6 21 i
833 877 9 22 $
859 875 25 19 51
901 873 60 27 ingå-

205 906 58 21 ende
285 907 150 27 föreskriften,
458 910 32 19 att
513 908 77 26 hvarje
612 908 81 21 motion
711 907 38 21 bör
773 907 88 28 åtföljas
877 908 23 20 af
914 907 48 21 full-

205 941 100 27 ständigt
324 941 84 28 förslag
424 942 33 21 till
473 941 101 28 åsyftade
591 941 139 28 stadganden
746 942 7 21 i
769 943 80 20 ämnet.
879 942 32 21 En
928 942 33 21 så-

206 974 43 22 dan
267 975 140 28 bestämning
422 983 54 14 anse
488 976 84 27 jemväl
589 976 124 21 Ständerna
729 976 131 21 välbetänkt
875 976 40 21 och
926 976 35 21 väl

205 1009 74 27 egnad
295 1012 31 19 att
342 1009 79 28 främja
437 1010 37 21 det
489 1010 89 21 dermed
594 1010 93 21 afsedda
703 1010 103 21 ändamål
825 1023 22 2 --
861 1010 101 27 förebyg-

204 1043 85 27 gandet
304 1043 24 22 af
342 1050 94 21 omogna
452 1044 40 21 och
509 1047 51 18 utan
574 1044 170 21 sakkännedom
755 1044 152 21 framkastade
918 1050 45 15 mo-

204 1077 79 22 tioner.
318 1077 43 22 Det
376 1084 67 21 synes
459 1077 64 22 äfven
541 1077 49 23 med
606 1078 50 21 skäl
672 1078 76 21 kunna
763 1077 94 27 fordras,
873 1080 32 19 att
921 1078 40 21 den

204 1111 211 28 folkrepresentant,
430 1119 47 14 som
493 1112 98 28 påyrkar
606 1115 32 18 ett
653 1112 248 27 lagstiftningsinitiativ
914 1112 47 21 från

205 1145 137 22 Ständernas
366 1145 55 26 sida,
445 1146 38 21 bör
506 1147 49 20 icke
573 1146 95 21 allenast
683 1146 66 21 hafva
765 1146 46 21 före
827 1146 136 22 Ständernas

204 1180 211 21 sammanträdande
431 1180 159 27 erforderligen
608 1179 76 22 beredt
699 1180 36 27 sig
750 1179 73 22 dertill
835 1187 78 20 genom
925 1187 38 14 un-

205 1213 137 29 dersökning
358 1214 24 21 af
396 1214 26 21 de
439 1214 159 27 förhållanden,
615 1214 41 22 den
673 1214 114 21 tilltänkta
797 1215 66 26 lagen
875 1214 88 21 komme

206 1251 32 18 att
262 1249 99 25 omfatta,
384 1251 52 18 utan
460 1249 64 21 äfven
544 1248 66 22 hafva
626 1249 99 26 inträngt
741 1249 26 21 så
783 1248 63 27 djupt
861 1249 6 20 i
883 1250 80 25 ämnet,

205 1285 32 19 att
252 1283 43 21 han
312 1283 82 21 förmår
410 1283 6 21 i
433 1285 31 19 ett
480 1283 143 22 formuleradt
638 1283 84 26 förslag
739 1282 90 27 angifva
842 1282 123 28 detaljerna

204 1316 42 22 och
270 1317 100 27 lydelsen
394 1317 24 21 af
438 1323 85 15 samma
545 1317 44 28 lag.
619 1317 76 21 Blefve
711 1317 51 21 icke
777 1316 74 21 denna
866 1317 61 27 regel
943 1317 24 21 af

205 1350 141 28 lagstiftaren
364 1351 114 27 omfattad,
495 1351 25 22 så
535 1351 79 27 skulle,
631 1352 52 21 enär
701 1351 82 22 motion
800 1350 71 28 enligt
886 1351 41 21 den
943 1351 24 21 af

205 1385 91 21 Eders
320 1385 133 26 Majestät
475 1386 128 27 föreslagna
626 1386 102 27 lydelsen
744 1385 33 21 för
792 1386 27 20 52
835 1389 9 21 $
861 1385 6 21 i
884 1385 81 22 Landt-

202 1418 186 28 dagsordningen
404 1420 20 27 ej
442 1420 33 21 får
491 1420 32 22 till
540 1420 85 28 slutligt
636 1419 122 29 afgörande
769 1420 120 26 företagas,
898 1420 67 21 innan

203 1452 96 23 allmänt
322 1453 85 22 utskott
431 1454 101 22 deröfver
555 1454 87 28 afgifvit
661 1453 112 29 yttrande,
789 1453 84 27 följden
889 1453 76 23 blifva,
