1009 1673
408 109 40 22 N:o
464 107 35 24 36.
776 109 25 20 51

398 175 27 21 19
441 177 63 24 Kap.

244 232 37 22 Om
297 231 122 29 angifvelse
435 232 42 22 och
492 231 47 23 åtal
554 231 27 22 af
591 231 70 22 brott.

410 289 11 28 8
440 291 47 20 166.

144 330 41 21 Vill
200 336 49 15 man
264 329 77 22 tilltala
356 330 71 27 någon
442 329 35 22 för
491 329 60 22 brott
565 329 36 22 vid
616 329 159 28 Krigsdomstol
791 329 41 22 och

76 365 125 22 ankommer
223 365 38 21 det
284 364 13 21 å
315 364 111 27 Krigsrätt
441 366 34 20 att
490 364 67 22 målet
572 366 102 25 upptaga,
691 365 52 26 göre
759 363 74 22 derom

76 399 100 22 anmälan
191 399 40 22 hos
247 399 160 22 befälhafvaren
421 399 35 22 för
472 401 100 26 truppen,
588 398 108 23 beskrifve
711 398 66 22 målet
792 398 41 22 och

75 436 78 20 nämne
175 434 27 21 de
224 433 89 27 vittnen,
337 434 49 21 med
408 433 74 22 hvilka
504 433 43 22 han
569 435 46 20 tror
630 433 34 27 sig
678 433 72 22 kunna
765 432 68 22 åtalet

76 469 80 28 styrka.
185 464 31 26 Är
231 468 82 22 brottet
328 468 84 26 sådant,
430 470 34 19 att
478 468 67 21 målet
560 468 40 21 bör
615 467 23 22 af
647 463 185 32 Öfverkrigsdom-

76 503 44 22 stol
135 503 134 22 omedelbart
283 503 92 26 afgöras,
391 502 80 28 ingifve
488 502 103 28 skriftligt
601 503 106 27 klagomål
720 502 112 22 derstädes

77 538 53 22 eller
145 538 32 21 till
192 537 162 22 vederbörande
369 537 154 22 befälhafvare.

414 601 12 27 8
443 602 49 20 167.

145 641 46 22 Har
205 641 39 22 hos
260 640 147 23 befälhafvare
422 641 68 22 sådan
507 641 98 22 anmälan
621 641 61 28 gjord
697 640 75 27 blifvit,
787 645 47 16 som

78 676 7 21 i
102 677 10 20 1
129 681 63 16 mom.
207 675 23 22 af
243 675 12 27 $
272 677 39 20 166
328 678 69 25 säges,
413 677 86 20 utsätte
514 676 42 21 han
572 675 32 22 tid
620 676 40 21 och
675 677 35 20 ort
719 675 33 22 för
759 675 75 26 Krigs-

78 711 83 20 rättens
184 709 128 22 ordförande
335 710 39 21 och
391 710 121 21 ledamöter
527 711 32 20 att
575 709 164 22 sammanträda.
769 709 65 27 Ingif-

78 750 38 16 ves
138 745 7 21 i
161 744 47 27 mål,
225 751 45 15 som
286 745 53 21 höra
355 745 32 21 till
404 740 232 32 Öfverkrigsdomstols
652 744 137 22 omedelbara
803 743 31 22 af-

78 780 101 26 görande,
201 779 130 27 klagoskrift
352 780 40 21 hos
415 779 170 27 befälhafvaren,
608 780 40 22 bör
662 780 41 21 den
719 778 23 22 af
755 778 79 22 honom

78 814 33 21 till
126 809 244 32 Öfverkrigsdomstolen
385 814 110 22 insändas.

414 877 11 26 8
443 879 48 20 168.

146 917 42 22 Vid
209 917 104 28 krigsrätt
335 920 24 19 är
373 918 253 27 bataljonsrustmästare
641 918 52 22 eller
707 917 127 28 plutonsun-

80 951 113 22 derofficer
215 952 52 21 eller
283 953 62 20 deras
361 952 111 22 vederlike
488 952 35 21 vid
538 952 76 21 flottan
630 952 77 21 allmän
723 951 110 27 åklagare;

78 986 56 22 dock
149 987 41 25 må,
207 986 38 21 der
259 988 104 26 truppens
378 986 146 22 befälhafvare
539 986 68 22 finner
623 987 78 21 honom
717 986 18 27 ej
745 985 91 27 skicklig

78 1022 33 20 att
125 1021 66 21 målet
206 1020 77 27 utföra,
300 1021 87 27 lämplig
403 1021 73 22 officer
492 1021 23 21 af
521 1021 157 22 befälhafvaren
688 1020 71 22 dertill
767 1022 68 19 utses.

146 1055 69 21 Anser
229 1056 104 27 truppens
349 1055 148 22 befälhafvare
513 1055 72 28 någon
601 1056 38 21 sak
649 1062 51 15 vara
711 1055 22 22 af
742 1054 93 22 särskild

78 1089 46 28 vigt
146 1089 52 22 eller
220 1089 23 22 af
263 1090 118 27 grannlaga
395 1089 158 27 beskaffenhet,
570 1090 105 22 anbefalle
690 1090 42 21 han
747 1089 88 27 lämplig

79 1123 73 23 officer
171 1125 32 20 att
219 1124 45 22 deri
279 1125 32 20 uti
325 1125 163 21 vederbörande
504 1125 115 27 sakegares
635 1127 90 19 närvaro
741 1123 94 22 anställa

78 1158 168 27 undersökning,
262 1159 85 22 hvilken
364 1159 73 22 officer
449 1159 68 22 sedan
523 1159 85 28 jemväl,
618 1159 38 22 der
663 1158 171 27 målet
740 1154 12 37 å
763 1158 71 27 Krigs-

78 1194 56 21 rätts
150 1193 159 28 handläggning
324 1194 131 26 ankommer,
473 1194 54 21 skall
543 1194 118 22 detsamma
677 1193 112 22 derstädes
801 1193 32 21 så-

78 1233 47 16 som
140 1227 63 22 aktor
218 1227 77 22 utföra.

147 1261 41 22 Vid
211 1257 248 32 Öfverkrigsdomstolen
482 1262 57 22 föres
555 1263 160 27 åklagaretalan
731 1261 22 22 af
766 1261 69 27 krigs-

78 1295 97 22 fiskalen.

416 1349 12 28 8
445 1351 48 20 169.

146 1382 107 34 Åklagare
275 1388 36 22 vid
333 1389 162 27 Krigsdomstol
517 1397 50 15 vare
589 1390 76 27 pligtig
687 1391 33 20 att
735 1388 58 22 åtala
809 1388 26 22 de

78 1422 65 27 brott,
167 1429 45 15 som
235 1423 32 21 till
283 1423 132 23 domstolens
431 1425 141 27 upptagande
587 1425 62 26 höra,
667 1424 40 22 och
723 1423 64 22 ställe
803 1422 32 27 sig

79 1456 74 22 dervid
168 1457 33 21 till
217 1457 150 27 efterrättelse,
383 1458 104 28 åklagare
502 1460 35 21 vid
552 1459 109 27 Krigsrätt
671 1458 56 22 hvad
735 1457 33 23 för
777 1457 58 22 åkla-
