1025 1673
217 118 14 22 8
391 120 81 22 Ständ.
488 120 38 24 Sv.
542 133 27 4 —
584 122 72 28 Prop.
672 122 41 22 N:o
728 121 34 23 38.

282 228 39 15 ne-
352 222 40 22 och
420 222 215 29 besigtningsinstru-

281 258 60 19 ment
364 258 54 20 samt
437 264 73 15 annan
526 258 25 22 af
563 259 72 27 nägon

281 290 109 27 anmälan,
398 292 121 28 ansökning
530 292 52 22 eller
591 292 43 22 för-

281 325 98 28 rättning
406 326 113 22 föranledd
547 327 86 27 expedi-

281 359 52 27 tion,
350 361 50 21 med
414 362 112 26 undantag
541 361 24 21 af
578 362 55 26 dem,

281 393 74 23 hvilka
370 394 102 22 särskildt
486 397 127 20 omnämnas
626 396 7 21 i

280 429 23 26 88
325 429 7 20 5
348 428 142 23 och14..
522 446 4 5 .
557 446 76 5 ..r

251 461 22 29 d)
301 462 84 28 Utdrag
412 463 40 22 och
474 463 86 22 afskrift
583 466 50 19 utur

280 496 94 23 dombok
391 497 39 22 och
446 498 38 21 akt
498 499 8 20 i
520 499 67 21 redan
602 498 31 21 af-

279 531 73 28 gjordt
374 532 50 26 mål,
442 533 128 26 diariibevis,
585 539 48 21 gra-

279 566 144 23 vationsbevis
434 569 55 20 samt
499 567 86 22 afskrift
593 567 40 22 och

279 600 59 22 bevis
353 601 48 21 från
416 601 115 23 arkiverna
557 620 3 3 .
592 620 3 4 .
627 620 4 3 .|
659 604 54 20 2/—]
735 601 204 22 1|—|—|50|—125

278 634 138 29 Expedition,
439 643 45 15 som
502 637 8 20 i
525 636 107 22 öfverens-

250 669 123 22 stämmelse
387 670 90 22 härmed
486 670 108 23 utfärdats
604 671 29 27 på

251 703 119 28 stämpladt
384 711 90 22 papper,
490 706 25 21 är
529 706 18 27 ej
561 706 72 27 någon

249 738 126 28 ytterligare
397 739 111 28 kartering
525 739 107 22 underka-

251 773 56 26 stad,
330 773 29 21 då
381 774 42 21 den
438 773 40 22 hos
492 774 66 27 högre
572 781 59 21 myn-

251 807 74 27 dighet
339 807 113 23 inlemnas.

257 860 154 28 Anmärkning
427 862 19 19 1.
476 860 43 22 För
541 860 78 28 bilaga,
642 867 47 15 som
706 860 74 22 består
794 860 26 22 af
831 860 54 22 flera
899 860 46 25 ark,

188 892 108 23 erfordras
311 893 65 22 karta
390 895 78 21 endast
483 895 70 21 såsom
567 894 34 22 för
616 896 31 20 ett
663 894 47 22 ark.
741 894 96 22 Skrifvas
852 894 52 22 flera
914 894 32 22 bi-

188 927 61 27 lagor
264 928 29 27 på
308 929 31 20 ett
355 927 46 27 ark,
416 928 108 23 beräknas
539 929 64 21 karta
616 929 35 21 för
665 929 77 27 hvarje
757 929 74 21 sådan.

256 962 154 29 Anmärkning
425 965 21 20 2.
475 963 142 27 Handlingar,
633 970 46 15 som
694 963 59 22 inför
767 963 98 22 notarius
875 962 70 28 publi-

187 1001 38 16 cus
247 995 80 23 företes
349 997 7 20 i
379 997 101 22 afseende
502 999 14 20 å
531 999 42 20 den
588 999 29 26 på
632 998 81 21 honom
727 997 159 22 ankommande
901 1004 44 15 em-

187 1030 133 28 betsåtgärd,
336 1031 93 22 behöfva
443 1032 48 21 icke
506 1032 34 21 för
555 1033 78 20 sådant
649 1032 103 21 ändamål
766 1031 105 22 karteras.

256 1065 154 28 Anmärkning
424 1068 20 20 3.
473 1067 133 21 Instrument
625 1066 59 23 öfver
699 1065 184 28 bouppteckning,
899 1071 46 15 som

187 1098 24 22 af
224 1099 206 28 magistratsperson
439 1100 110 27 förrättas,
559 1100 102 23 behöfver
670 1100 50 21 icke
730 1099 141 28 ovilkorligen
882 1099 63 22 skrif-

186 1140 39 15 vas
247 1134 30 27 på
299 1134 119 28 stämpladt
440 1142 91 21 papper,
553 1137 53 20 utan
621 1135 44 22 kan
680 1134 65 22 äfven
760 1135 29 27 på
803 1133 82 28 vanligt
901 1135 44 20 sätt

185 1167 109 28 beläggas.

255 1203 155 28 Anmärkning
424 1205 21 20 4.
475 1203 104 22 Finlands
601 1203 69 22 banks
689 1203 75 22 vexlar
779 1203 41 22 och
834 1202 110 22 anvisnin-

185 1243 40 21 gar
247 1237 103 22 hänföras
372 1237 48 22 icke
442 1238 33 21 till
498 1239 82 21 sådana
597 1237 176 23 embetsverkens
788 1237 156 28 expeditioner,

185 1277 46 16 som
247 1271 62 22 skola
323 1271 99 23 utfärdas
437 1273 30 27 på
482 1273 182 28 stämpelpapper.

540 1325 11 26 8
569 1325 19 20 5.

253 1357 143 27 Domstolars,
412 1358 155 22 auktoriteters
581 1360 56 20 samt
647 1359 147 21 embetsmäns
805 1357 74 28 öppna
888 1356 55 27 bref,
967 1361 2 4 '

183 1391 142 28 intyganden,
348 1392 59 22 bevis
430 1393 40 22 och
494 1393 69 27 öfriga
585 1393 156 27 expeditioner,
764 1399 46 14 som
832 1391 20 28 ej
868 1391 76 22 kunna

182 1424 105 23 hänföras
303 1427 69 21 under
388 1428 27 20 de
430 1427 8 21 i
450 1429 11 25 8
474 1428 14 20 4
498 1428 137 25 omnämnda,
646 1427 64 21 skola
720 1426 92 22 skrifvas
822 1426 30 27 på
863 1426 80 27 stämp-

182 1459 48 22 ladt
252 1467 85 21 papper
359 1460 33 22 till
408 1462 187 28 nedanupptagna
609 1463 89 25 värden,
714 1468 47 15 som
776 1462 38 20 äro
828 1460 116 22 bestämda
