1000 1670
231 145 28 21 24
441 144 23 23 U.
480 144 23 23 B.
514 156 30 6 —
554 145 61 29 Prop.
632 144 37 24 N:o
685 144 40 24 34.

495 479 168 28 Reservation.

270 548 110 22 Utskottet
395 548 39 23 har
449 549 34 22 vid
498 548 158 28 uppställandet
671 547 23 23 af
707 548 121 27 grunderna
842 547 32 22 för
888 548 68 22 skatt-

200 582 166 28 öresberäkning
380 583 6 21 i
402 584 47 21 stad
465 585 69 20 ansett
548 583 32 27 sig
595 583 48 21 med
654 582 106 28 synnerlig
770 582 122 22 medkänsla
902 582 54 22 böra

198 617 83 22 bevaka
297 617 25 22 de
338 618 80 22 mindre
433 618 135 22 bemedlades
578 617 110 22 materiela
697 616 98 22 fördelar.
826 617 76 21 Denna
912 619 44 19 öm-

198 651 37 22 het
250 651 7 21 i
273 652 30 21 all
317 654 38 20 ära
370 653 65 27 vägar
447 652 37 28 jag
500 652 53 22 dock
568 651 92 27 betvifla,
676 651 104 22 huruvida
795 651 41 22 den
852 651 7 21 i
873 651 82 22 utskot-

198 688 43 19 tets
265 686 113 28 lagförslag
395 693 26 15 ur
436 693 80 15 samma
530 686 124 22 medkänsla
669 686 138 27 framgängna
821 686 134 27 bestämning

197 720 7 21 i
229 720 74 28 sjelfva
327 721 74 21 verket
421 721 54 22 skall
490 721 94 22 medföra
599 722 70 26 någon
685 720 95 22 materiel
796 720 55 22 vinst
866 720 32 22 för
913 720 41 22 den

196 754 101 27 fattigare
322 755 60 22 delen
408 755 22 22 af
452 756 110 22 städernas
587 754 132 28 befolkning;
744 755 7 21 i
766 754 72 28 hvarje
854 754 100 22 händelse

195 789 96 22 kränker
315 789 91 23 berörda
431 790 132 27 bestämning
577 790 27 27 pä
620 790 36 21 det
672 789 97 27 djupaste
784 789 118 22 ännämnde
917 789 37 22 be-

194 822 108 29 folknings
324 824 78 21 sociala
424 824 63 22 värde
509 824 39 21 och
568 824 133 27 rättigheter,
717 823 48 22 med
780 823 117 22 detsamma
912 823 41 22 den

194 857 103 28 derjemte
322 860 24 19 är
371 859 69 26 egnad
464 860 32 20 att
521 858 118 22 frammana
661 857 127 28 öfvergrepp
812 857 39 22 och
866 857 66 22 oreda
946 857 7 22 i

193 891 141 23 kommunens
350 892 152 28 förhällanden,
519 892 143 23 öfverhufvud.
680 892 44 27 Mig
737 891 107 22 förefaller
860 892 35 22 det
905 898 47 15 som

194 933 35 14 om
245 926 154 28 rättigheterna
412 927 77 27 jemväl
504 927 66 22 borde
585 927 68 22 hällas
669 926 71 27 heliga
755 926 39 22 och
813 926 91 28 dyrbara
921 926 31 22 äf-

194 967 40 15 ven
251 961 38 22 der
303 961 74 27 frägan
392 961 67 27 gäller
474 961 26 22 de
515 961 218 22 mindrebemedlades
748 962 49 21 rätt.

264 995 42 21 Det
328 995 69 27 lägsta
411 995 166 27 skatteobjektet
592 995 39 22 har
645 996 7 20 i
669 996 50 20 vära
733 994 73 22 städer
820 994 82 22 härtills
917 996 35 20 ut-

193 1028 68 28 gjorts
277 1029 22 22 af
318 1031 32 20 ett
364 1030 90 22 emellan
470 1031 41 20 100
526 1030 40 21 och
581 1030 43 22 500
638 1029 62 22 mark
716 1028 100 23 vexlande
831 1028 77 28 belopp
923 1029 29 21 el-

192 1064 38 26 ler,
247 1063 89 22 såframt
350 1064 132 27 Helsingfors
497 1064 39 22 och
551 1058 46 28 Åbo
617 1064 47 21 icke
679 1065 60 26 tagas
754 1063 48 22 med
817 1063 7 21 i
838 1063 114 22 beräknin-

192 1104 48 21 gen,
256 1098 7 21 i
278 1098 99 22 medeltal
392 1100 66 26 något
472 1099 82 21 mindre
569 1100 27 20 än
612 1099 42 21 250
669 1098 61 22 mark
745 1098 15 27 (i
776 1099 33 20 tre
818 1098 73 21 städer
900 1098 50 26 400,

191 1132 7 21 i
224 1132 43 22 tolf
290 1133 48 26 300,
364 1133 7 21 i
396 1134 32 20 tre
454 1134 47 26 250,
526 1133 6 21 i
557 1134 46 21 ätta
624 1133 42 21 200
682 1132 39 22 och
736 1132 7 22 i
758 1132 42 22 fem
818 1133 40 21 100
873 1132 76 26 mark).

191 1166 138 22 Nämnvärda
352 1167 108 27 klagomäl
485 1167 57 22 öfver
567 1168 69 21 denna
660 1167 49 27 läga
733 1166 139 28 skattegrund
887 1166 63 22 hafva

191 1200 47 22 från
255 1201 26 21 de
297 1201 207 22 mindrebemedlade
518 1202 130 26 borgarenes
663 1201 47 22 sida
724 1200 47 23 icke
782 1200 122 28 offentligen
914 1208 36 14 an-

191 1235 61 27 förts,
269 1236 39 21 och
325 1236 36 21 det
376 1238 24 19 är
415 1236 17 27 ej
450 1238 31 19 att
497 1236 67 21 undra
578 1236 34 27 pä,
635 1236 28 21 dä
677 1236 66 21 saken
758 1235 72 22 berott
845 1236 27 26 pä
888 1235 62 22 deras

190 1276 54 21 egen
269 1269 40 22 fria
333 1269 138 28 bestämning.
501 1270 102 21 Deremot
625 1269 64 22 hafva
711 1269 97 27 samtliga
822 1269 128 22 innevänare

188 1304 7 21 i
212 1304 102 22 städerna
330 1304 48 21 med
394 1311 37 15 oro
447 1305 97 21 anmärkt
559 1304 41 22 den
615 1303 108 28 betydliga
734 1299 98 37 stegring
847 1303 7 21 i
868 1303 82 22 städer-

189 1345 39 14 nas
243 1338 68 27 ärliga
326 1338 92 27 utgifter,
434 1345 46 15 som
494 1339 97 27 uppstätt
606 1338 48 22 med
671 1338 39 21 och
725 1339 28 26 pä
767 1337 69 28 grund
850 1337 24 22 af
881 1338 69 21 stads-

188 1372 274 27 fullmäktiginstitutionen.
488 1373 34 22 Dä
536 1379 28 15 nu
580 1373 116 21 utskottets
711 1372 133 27 bestämning
854 1379 34 14 om
899 1372 51 22 ned-

188 1407 96 26 sättning
303 1407 8 21 i
326 1409 90 20 rösträtt
430 1406 33 22 för
478 1407 26 22 de
518 1407 68 27 lägsta
600 1407 112 22 skattören
727 1405 138 28 ovilkorligen
881 1406 68 22 beröf-

187 1447 39 15 var
249 1441 40 21 den
312 1440 100 28 fattigare
434 1441 61 21 delen
518 1441 23 22 af
561 1440 151 28 befolkningen
729 1441 81 27 närapä
824 1440 29 22 all
868 1440 80 22 talan
935 1436 16 37 i

187 1474 61 28 fräga
271 1481 34 15 om
327 1475 111 22 städernas
460 1475 107 22 allmänna
592 1474 178 28 angelägenheter
784 1474 40 22 och
839 1474 27 22 dä
881 1475 67 27 enligt

261 1518 139 16 Sammansatta
415 1517 48 22 Lag-
476 1516 32 18 och
520 1516 192 18 Ekonomiutskottets
723 1515 118 18 betänkande
853 1520 32 13 n:o
898 1515 19 19 6.
