1009 1673
309 109 19 19 U.
345 109 19 19 B.
379 119 27 2 —
422 107 54 24 Prop.
492 107 29 20 N:o
536 106 32 21 36.
764 106 26 20 21

134 173 138 26 bestraffning
295 173 41 21 alla
360 173 67 20 andra
450 172 69 27 straff,
540 171 32 22 till
590 171 68 22 hvilka
673 171 39 21 den
727 171 96 27 sakfälde

130 208 79 27 jemväl
222 208 41 21 kan
278 207 64 27 hafva
354 207 57 27 gjort
426 207 33 26 sig
474 206 105 27 förfallen,
596 213 60 13 anses
671 206 128 26 inbegripna.

202 242 12 20 I
228 241 150 20 tukthusstraff
391 242 27 25 pä
432 241 69 20 lifstid
515 241 51 20 böra
577 241 77 26 jemväl
664 240 100 26 fängelse,
775 239 46 21 ord-

134 276 124 27 ningsstraff
270 277 39 19 och
323 277 60 19 böter
397 275 126 26 inbegripas.

286 340 23 25 $$
325 339 84 20 24—28
424 339 44 19 lika
483 339 47 19 med
544 338 48 20 nåd.
608 345 58 19 prop.

448 409 10 25 s
475 409 33 19 29.

203 449 135 20 Förekomma
348 449 32 19 till
391 449 161 25 verkställighet
562 449 26 25 pä
601 449 80 25 engång
689 448 49 20 flera
746 447 76 26 utslag,

134 485 134 25 hvarigenom
290 490 77 13 samma
389 489 75 20 person
486 483 71 20 blifvit
579 483 33 19 till
627 483 61 20 straff
700 482 67 25 dömd,
784 481 39 20 och

134 519 23 20 få
172 518 92 25 straffen,
280 518 65 26 enligt
360 517 96 26 gällande
472 517 136 26 stadganden,
624 517 46 20 icke
682 517 64 26 jemte
761 517 61 19 hvar-

134 554 64 19 andra
220 553 131 24 verkställas,
373 555 61 22 göres
457 559 33 13 om
510 552 140 20 förhållandet
671 551 94 20 anmälan
784 551 38 19 hos

135 584 246 30 Öfverkrigsdomstolen,
401 594 43 13 som
460 587 63 27 enligt
539 587 25 21 de
579 588 8 20 i
602 587 56 22 detta
672 586 78 28 kapitel
764 585 58 22 stad-

133 623 54 27 gade
200 623 92 27 grunder
302 622 108 20 förordnar
422 622 54 19 huru
488 622 86 20 straffen
586 622 58 20 skola
652 621 169 26 sammanläggas.

430 721 18 19 4
464 722 62 24 Kap.

136 772 37 22 Om
188 771 105 29 grunder,
308 777 46 16 som
365 771 58 29 höja,
434 771 88 28 mildra,
534 771 99 23 utesluta
645 771 56 23 eller
710 770 113 30 upphäfva

160 806 152 28 straffbarhet,
328 806 56 22 samt
399 812 34 16 om
448 806 93 22 återfall
556 806 8 22 i
578 806 67 28 brott,
661 805 140 29 delaktighet

328 841 9 22 i
351 841 63 22 brott
429 841 42 22 och
486 841 143 22 skadestånd.

297 911 5 4 *
324 905 11 25 $
352 905 26 20 30
393 905 44 20 lika
452 905 48 20 med
514 905 47 20 nåd.
578 912 57 19 prop.

444 969 12 26 8
473 969 33 20 31.

203 1009 68 25 Begår
294 1008 46 25 den,
363 1015 44 13 som
430 1009 32 20 till
482 1009 144 26 krigsmakten
640 1009 44 25 hör,
698 1009 57 19 brott
769 1010 55 18 emot

136 1043 66 20 denna
217 1043 43 26 lag:

205 1079 31 19 1:o
251 1078 7 19 i
273 1077 65 25 ledet;

204 1113 32 20 2:0
250 1112 86 20 framför
350 1112 92 25 fronten;
459 1113 51 20 eller

204 1147 32 20 3:o
251 1147 7 19 i
272 1150 67 17 större
354 1147 145 26 folksamling;

272 1182 50 19 eller
336 1181 92 21 föröfvar

204 1217 31 20 4:o
254 1216 80 20 förman
349 1216 7 19 i
371 1219 89 17 närvaro
476 1217 24 19 af
512 1217 145 20 underordnad
671 1216 75 20 sådant
760 1216 62 23 brott,

135 1252 31 18 att
180 1250 120 20 förledande
316 1251 92 25 exempel
424 1251 62 20 deraf
494 1251 68 26 gifvas
572 1251 51 24 kan;
634 1251 50 20 eller
693 1250 64 26 begås
767 1250 57 19 brott

204 1285 32 20 5:o
251 1285 24 19 af
287 1285 68 26 någon
369 1285 8 19 i
392 1285 99 26 utöfning
506 1285 22 20 af
541 1285 196 26 tjensteäliggande;

203 1319 75 24 (Mom.
294 1321 14 19 6
322 1319 111 28 uteslutet)

203 1360 48 14 vare
267 1353 63 21 sådan
346 1353 156 27 omständighet
516 1354 36 20 vid
568 1354 90 20 straffets
668 1353 155 21 bestämmande

134 1389 67 19 såsom
216 1388 134 20 försvårande
365 1388 86 25 ansedd,
468 1389 86 20 såframt
569 1390 62 24 brott,
647 1396 43 13 som
705 1387 66 21 under
781 1388 42 19 slik

134 1423 154 25 omständighet
305 1423 71 25 begås,
392 1423 18 26 ej
427 1426 23 17 är
465 1424 48 19 med
528 1424 100 20 särskildt
642 1430 75 13 ansvar
730 1422 92 26 belagdt.

133 1462 140 22 Lagutskottets
286 1462 117 18 betänkande
415 1463 37 17 N:o
464 1464 17 16 8.
