1025 1673
299 122 65 25 Ständ.
380 123 29 24 Sv.
424 136 26 3 —
465 123 53 30 Prop.
534 122 30 25 N:o
579 122 30 25 36.
778 123 27 21 63

484 191 16 27 $
518 190 47 22 147.

285 236 39 21 Då
339 236 98 28 krigsrätt
453 236 52 21 skall
521 236 98 21 tillsättas
641 237 35 20 vid
697 236 135 29 truppafdel-

217 271 55 27 ning,
287 271 36 21 der
337 271 84 21 auditör
436 271 20 27 ej
473 272 77 28 finnes,
573 272 106 27 äfvensom
698 272 35 20 vid
756 270 79 29 inträf-

213 306 71 28 fande
297 305 79 29 förfall
392 305 46 21 eller
451 306 42 28 jäf
503 307 35 25 för
553 306 107 20 auditören
676 305 48 21 eller
734 306 99 28 uppkom-

217 347 45 13 men
277 340 87 27 ledighet
378 340 8 20 i
402 340 96 28 tjensten,
515 348 32 20 ege
562 340 160 28 befälhafvaren
732 340 103 26 förordna

217 376 76 26 någon,
311 382 45 13 som
372 375 183 27 auditörstjensten
575 375 111 27 förrättar.
718 374 59 20 Dock
798 374 35 19 mä

217 408 71 22 dertill
303 409 18 27 ej
337 413 53 17 utses
405 416 72 14 annan
493 412 28 18 än
537 410 44 24 den,
597 409 77 21 hvilken
697 409 35 21 vid
756 408 79 21 landets

217 444 119 21 universitet
361 443 64 30 aflagt
450 445 68 20 sådan
533 451 90 18 examen,
645 451 51 18 som,
714 444 40 29 för
776 445 30 18 att
827 443 8 20 i

219 478 172 21 domareembeten
400 479 29 28 fä
444 479 84 28 nyttjas,
539 479 69 28 finnes
619 478 149 29 föreskrifven,
784 481 53 17 samt

219 513 87 28 derefter
321 513 8 20 i
344 514 61 26 något
418 513 168 28 rättegängsverk
607 513 54 28 gjort
679 513 31 27 sig
725 513 56 20 känd
802 513 35 26 för

218 547 117 28 skicklighet
345 547 37 20 och
394 547 178 26 välförhällande;
587 547 37 21 och
639 547 53 21 skall
702 547 133 28 befälhafva-

220 589 41 19 ren,
277 585 38 17 när
319 582 206 28 tjenstförrättande
541 583 86 20 auditör
642 583 24 26 af
675 582 73 21 honom
763 581 74 28 tillför-

220 617 84 24 ordnas,
320 617 77 20 sädant
410 617 60 28 jemte
485 617 62 25 tiden,
569 617 28 20 dä
607 617 155 28 förordnandet
777 622 56 22 upp-

220 651 44 24 hör,
279 651 34 20 hos
331 641 237 42 Öfverkrigsdomstolen
583 651 91 20 anmäla.

490 749 15 28 $
520 749 49 22 148.

293 790 241 33 Öfverkrigsdomstolen,
550 803 43 13 som
607 795 39 20 har
661 795 33 20 sitt
708 796 43 19 säte
766 795 8 19 i
790 792 48 22 Hel-

221 829 98 29 singfors,
335 833 80 25 utgöres
431 830 25 28 af
471 838 22 13 en
503 829 86 29 general
605 829 46 22 eller
661 830 94 26 öfverste,
770 829 68 19 såsom

222 864 136 28 ordförande,
374 868 53 16 samt
444 866 35 19 två
493 864 168 28 stabsoficerare,
678 872 24 13 en
712 863 77 28 kapten
799 862 38 21 och

223 906 24 14 en
263 899 149 26 öfverauditör,
427 900 69 20 såsom
511 899 118 21 ledamöter.

292 938 152 28 Ordföranden
467 939 38 21 och
533 940 24 20 de
584 939 91 21 militära
698 938 142 22 ledamöterna

223 977 50 17 utses
289 974 26 28 af
330 973 224 28 Generalguvernören,
576 974 36 25 för
635 974 34 20 två
684 974 25 19 år
732 973 8 20 i
761 972 79 20 sender.

227 1002 175 31 Öfverauditören
418 1011 109 18 utnämnes
548 1008 24 26 af
592 1008 105 27 Kejsaren
721 1006 36 22 och
780 1006 61 21 Stor-

223 1043 84 27 fursten,
327 1043 31 28 på
377 1040 166 30 framställning
561 1042 28 20 af
600 1042 98 21 Senatens
720 1040 121 22 Justitiede-

224 1080 123 24 partement.

299 1116 39 22 Vid
352 1118 130 27 inträfande
495 1116 74 30 förfall
580 1117 49 21 eller
641 1117 32 27 jäf
684 1118 32 26 för
727 1116 116 28 ordföran-

226 1152 47 27 den,
283 1152 60 29 föres
359 1152 59 20 ordet
432 1152 9 20 i
456 1147 234 32 Öfverkrigsdomstolen
704 1151 28 29 af
745 1151 39 21 den
795 1150 45 20 äld-

225 1190 28 17 ste
267 1186 167 28 stabsofficeren;
448 1186 37 20 och
501 1186 90 21 inkallar
606 1186 112 21 domstolen
733 1186 8 19 i
754 1186 25 20 så
789 1184 51 29 fall,

226 1222 105 28 äfvensom
346 1221 8 20 i
370 1220 97 22 händelse
483 1220 28 29 af
519 1220 40 29 jäf
571 1220 48 22 eller
633 1220 75 28 förfall
720 1220 38 28 för
774 1220 69 27 någon

226 1255 27 28 af
265 1256 24 20 de
309 1255 93 21 militära
424 1255 149 25 ledamöterna,
595 1255 119 28 ytterligare
730 1262 23 14 en
768 1254 76 28 kapten

227 1289 30 21 till
273 1289 121 22 domstolens
406 1290 67 28 femte
489 1290 97 21 ledamot.
619 1289 41 21 Vid
676 1289 42 29 jäf
738 1288 48 22 eller
800 1288 45 25 för-

227 1324 39 26 fall
275 1325 38 28 för
328 1324 175 26 öfverauditören
526 1324 120 21 ankommer
666 1324 32 20 det
713 1324 13 20 å
744 1322 100 21 Senatens

227 1358 227 29 Justitiedepartement
466 1362 30 17 att
506 1359 102 24 förordna
620 1366 70 13 annan
700 1359 7 19 i
719 1358 49 20 hans
779 1356 67 21 ställe.
