1014 1673
234 121 14 21 4
432 122 27 21 U.
474 122 28 22 B.
519 134 26 4 —
561 122 71 28 Prop.
650 122 39 22 N:o
703 121 36 23 34.

275 184 161 26 Borgareståndet
632 202 12 7 pa

205 223 39 21 har
258 223 161 23 äterremitterat
434 226 13 26 8
463 225 7 21 i
486 226 46 21 dess
548 226 72 21 helhet
634 226 33 21 för
682 225 153 29 omredigering
847 226 8 21 i
865 224 88 23 hufvud-

206 258 37 21 sak
260 258 66 28 enligt
341 260 13 26 &
370 259 27 22 55
412 259 8 22 i
434 268 29 14 nu
478 260 96 28 gällande
594 259 247 29 kommunalförfattning
855 260 32 22 för
901 259 52 23 stad.

274 304 139 28 Ridderskapet
428 306 35 21 och
478 307 57 20 Adeln
551 308 54 20 samt
623 306 139 21 Presteständet

205 343 63 23 hafva
283 345 92 27 godkänt
390 354 62 14 mom.
467 347 19 25 I,
502 346 26 22 II
542 347 38 21 och
596 347 38 22 III
651 346 143 22 oförändrade.

273 378 64 23 Mom.
352 380 35 23 IV
402 385 22 17 är
439 380 23 22 af
482 382 140 27 Ridderskapet
644 382 34 21 och
698 382 57 20 Adeln
777 380 176 23 återremitteradt

205 414 32 22 för
251 414 153 30 omredigering
420 415 7 22 i
443 416 35 22 det
492 416 55 28 syfte
563 419 30 19 att
615 416 72 28 afdrag
701 416 32 22 för
748 418 59 20 ränta
822 416 12 21 &
848 415 61 22 skuld
919 415 35 21 må

204 448 21 22 få
241 456 37 21 ega
294 457 46 13 rum
356 450 38 21 och
409 452 31 20 att
453 451 71 28 bolags
540 450 122 22 dividender
677 450 47 22 icke
740 450 34 22 må
784 453 73 26 utgöra
866 449 88 22 föremål

204 482 33 22 för
252 483 76 22 dubbel
343 484 140 30 beskattning.

280 518 140 22 Presteständet
440 520 39 21 har
500 520 102 22 likaledes
623 520 163 22 äterremitterat
808 527 79 14 samma
912 527 41 13 mo-

204 554 59 20 ment
277 552 9 22 i
300 553 54 29 syfte
370 556 30 20 att
422 554 46 22 frän
490 555 40 21 den
553 554 98 27 inkomst,
669 562 44 14 som
729 559 22 17 är
769 554 97 28 taxering
879 554 74 21 under-

204 587 80 26 kastad,
300 588 35 22 mä
350 588 94 29 afdragas
459 591 60 20 ränta
533 589 13 22 &
560 589 127 22 ointeeknad
703 589 68 21 skuld.

272 622 35 22 Då
322 622 18 30 ej
356 623 82 22 mindre
453 624 67 28 bolag,
536 628 27 18 än
578 624 26 22 de
619 632 44 14 som
678 623 46 22 från
736 624 115 22 detsamma
861 624 92 28 uppbära

207 656 87 27 divider,
310 662 36 17 äro
360 658 137 22 medlemmar
512 658 23 22 af
547 659 103 21 kommun
666 659 39 21 och
720 658 79 22 säledes
815 658 32 22 till
861 658 92 22 densam-

205 699 35 13 ma
254 692 159 29 skattskyldige,
429 702 49 12 men
489 694 78 21 endera
582 693 23 21 af
618 693 59 22 dessa
692 693 47 22 frän
754 692 64 22 sädan
834 692 119 29 skyldighet

203 725 77 23 befrias
302 726 69 23 derest
392 727 166 30 Ridderskapets
580 728 38 22 och
633 728 83 22 Adelns
731 728 68 21 beslut
814 728 8 21 i
837 727 67 22 denna
919 727 34 21 del

204 768 71 14 vunne
291 760 128 24 Ständernas
434 762 158 28 godkännande,
609 763 39 21 och
663 762 26 22 dä
704 762 167 22 Presteständets
885 762 69 22 beslut

203 794 8 22 i
225 794 59 29 fråga
299 803 35 14 om
348 796 100 28 rättighet
463 799 31 20 att
511 797 36 22 vid
564 797 97 29 taxering
679 796 118 29 undantaga
815 799 58 19 ränta
883 796 12 22 å
906 796 47 22 icke

203 829 114 23 intecknad
339 831 48 28 gäld
397 839 62 21 synes
474 831 26 29 gå
516 840 26 13 en
557 832 110 28 medelväg
683 832 89 21 emellan
787 831 164 29 Ridderskapets

203 865 39 21 och
258 865 82 22 Adelns
355 866 128 22 härutinnan
498 866 79 23 fattade
592 867 68 22 beslut
675 868 54 20 samt
743 866 112 22 utskottets
870 865 81 29 förslag,

203 898 124 23 hemställer
342 900 104 23 utskottet

477 949 33 19 att
525 947 159 28 Ridderskapet
699 946 37 21 och
751 947 72 21 Adeln
833 949 56 18 samt
897 947 57 20 Bor-

408 982 140 27 gareståndet
563 982 57 25 ville,
636 981 47 21 med
693 981 141 28 frångående
849 981 30 27 af
890 981 64 21 deras

409 1015 94 28 tidigare
519 1016 67 21 beslut
596 1017 8 20 i
614 1016 71 21 denna
696 1015 35 21 del
740 1015 117 28 godkänna
872 1015 81 22 utskot-

408 1051 40 19 tets
458 1048 91 30 förslag
558 1050 72 21 såvidt
641 1050 36 20 det
687 1051 38 19 rör
739 1050 104 20 dividend
848 1050 57 27 från
916 1050 39 20 ak-

409 1084 37 21 tie-
462 1084 52 22 eller
530 1084 124 28 bankbolag,
671 1086 54 20 samt

476 1120 33 19 att
524 1118 103 28 samtliga
647 1118 73 26 stånd,
736 1118 48 21 med
801 1118 113 28 undantag
930 1118 29 28 af

409 1153 168 25 Presteständet,
593 1153 51 21 ville
660 1152 84 28 förena
763 1153 33 27 sig
811 1159 33 14 om
859 1152 95 22 nämnda

408 1187 78 21 ständs
502 1187 67 21 beslut
586 1187 80 25 derom,
683 1189 32 19 att
725 1186 58 28 från
799 1188 39 20 den
853 1187 100 25 inkomst,

408 1228 44 14 som
474 1221 59 21 skall
555 1224 94 22 taxeras,
659 1221 64 27 finge
734 1221 140 27 fränräknas
889 1223 66 19 ränta

408 1256 14 20 å
438 1255 127 21 ointecknad
587 1255 70 25 skuld,
681 1255 37 21 och
733 1256 9 20 i
751 1255 62 28 följd
835 1256 68 27 deraf
922 1256 33 20 be

407 1290 65 26 sluta,
489 1292 32 19 att
537 1290 33 21 uti
584 1290 71 21 andra
667 1290 114 28 meningen
792 1290 30 26 af
827 1290 75 28 jjerde
913 1297 42 14 mo-

408 1326 78 19 mentet
500 1325 34 20 uti
547 1325 15 27 $
576 1325 29 21 55
620 1324 56 28 efter
692 1325 63 21 orden
782 1324 57 22 «icke
860 1324 37 22 ske
915 1325 41 27 för

410 1361 68 20 ränta
494 1360 33 24 ä»,
543 1360 83 20 insätta
642 1359 62 21 ordet
721 1359 148 22 «intecknad>.

270 1399 64 21 Mom.
355 1399 21 21 V
388 1404 22 18 är
425 1400 23 22 af
468 1400 140 27 Ridderskapet
623 1400 36 20 och
675 1400 57 20 Adeln
750 1400 101 22 uteslutet
869 1408 24 14 ur
915 1402 41 28 lag-

200 1432 106 30 förslaget,
330 1442 49 14 men
402 1434 24 22 af
446 1435 72 21 Preste-
534 1435 38 21 och
587 1434 147 22 Bondestånden
752 1434 133 23 oförändradt
908 1436 47 28 god-

201 1468 74 22 kändt.
