1017 1670
228 120 29 21 20

429 119 22 24 U.
469 119 22 24 B.
507 131 30 6 —
553 121 59 27 Prop.
629 119 37 24 N:o
681 120 40 22 34.

612 192 17 24 $
646 190 35 21 55.

408 229 237 29 Tarxeringsnämnden,
652 236 46 15 som
707 229 175 21 sammanträder
892 229 8 21 i
911 228 46 22 bör-

332 264 44 27 jan
401 263 28 29 af
441 264 54 27 äret,
515 264 107 27 nästefter
637 264 42 25 det,
695 263 123 21 hvarunder
832 264 125 21 densamma

338 298 72 27 blifvit
425 299 82 27 utsedd,
519 298 76 22 tillhör
609 301 34 19 att
657 300 173 26 samvetsgrannt
840 298 117 28 uppskatta

338 334 39 20 den
393 333 86 21 inkomst
495 334 74 27 hvarje
585 334 88 21 medlem
688 337 23 24 aj
727 333 122 21 kommunen
864 333 40 20 kan
915 340 41 14 an-

337 376 30 13 ses
386 368 66 21 under
474 369 34 21 det
526 368 140 29 sistförflutna
681 369 45 19 året
742 367 66 29 hafva
824 367 68 28 njutit.
927 368 29 20 På

335 403 72 26 grund
428 402 67 30 häraf
513 404 84 27 påföres
620 402 79 21 enhvar
713 402 105 21 skattören
842 402 8 19 i
864 402 32 20 det
910 402 46 27 för-

337 437 102 27 hållande,
462 445 43 12 som
527 437 8 20 i
558 437 29 21 53
605 439 16 24 $
644 440 62 25 säges.
741 436 41 21 Vid
795 435 162 29 skiljaktighet
945 431 15 38 i

337 472 109 27 meninaar
469 475 66 18 röstas
557 472 53 29 efter
632 471 132 28 hufvudtalet
787 471 35 20 och
839 477 47 15 vare
902 479 54 21 upp-

336 506 105 28 skattning
455 506 98 28 gällande
568 507 52 28 efter
635 507 24 20 de
669 505 70 30 flestes
755 506 89 27 mening,
865 513 45 14 men
926 509 30 18 ut-

334 541 57 27 falla
414 544 96 18 rösterna
529 541 49 25 lika,
593 541 56 28 gälle
665 541 39 21 den
722 541 88 27 mening,
826 548 43 13 som
884 540 72 21 länder

337 575 32 21 till
390 576 39 21 den
453 576 105 21 taxerades
575 576 97 28 förmån.
708 574 40 21 Vid
762 575 127 28 omröstning
905 575 52 21 böra

336 611 62 20 minst
427 610 161 28 wätredjedelar
618 611 27 28 af
672 610 117 21 nämndens
818 609 138 22 medlemmar

337 648 101 18 närvara.

407 685 35 21 Uti
455 685 54 26 stad,
525 685 62 21 hvars
602 684 164 22 invånareantal
782 685 119 27 öfverstiger
916 684 41 27 tju-

334 723 87 24 gutusen
446 727 109 20 personer,
577 720 35 19 mä
637 719 214 28 taxeringsnämnden
869 718 87 29 fördela

335 754 30 27 sig
388 755 13 19 å
424 757 71 18 tvenne
516 753 149 29 afdelningar;
680 753 49 21 dock
744 754 51 21 böra
810 754 24 20 de
850 753 106 29 uppskatt-

336 788 83 27 ningar,
443 789 90 20 rörande
551 788 70 21 hvilka
636 789 131 27 omröstning
783 792 34 24 egt
832 795 54 16 rum,
902 787 54 22 hän-

335 823 82 27 skjutas
431 823 32 20 till
479 823 45 21 hela
540 823 113 20 nämndens
665 823 107 28 pröfning
783 823 37 20 och
831 823 123 27 afgörande.

406 863 43 21 För
459 862 120 29 förfallolös
594 866 85 18 utevaro
691 862 56 29 från
763 863 193 28 taxeringsnämnds

335 898 158 21 sammanträde
507 897 44 21 böte
561 898 136 28 ordförande
707 897 35 21 och
753 897 85 22 medlem
848 897 27 29 af
882 900 74 18 nämn-

336 932 46 23 den,
399 933 67 19 såsom
481 932 32 20 uti
527 932 28 21 37
569 932 16 28 $
600 940 33 13 om
649 932 190 28 stadsfullmäktige
852 932 60 28 sagdt
922 936 32 18 är.

406 971 73 21 Såsom
495 972 91 21 skattbar
598 972 89 22 inkomst
703 980 58 14 anses
778 973 40 21 den
832 972 123 28 behållning,

334 1013 44 13 som
393 1008 96 26 uppstår,
505 1007 28 20 då
549 1008 58 28 ifrån
623 1008 40 20 den
680 1006 31 22 till
724 1008 121 27 penningar
855 1007 100 28 uppskat-

335 1041 46 21 tade
397 1041 146 28 afkastningen
559 1042 28 28 af
600 1049 25 13 en
637 1048 89 22 persons
737 1042 60 28 fasta
812 1041 50 21 eller
877 1041 77 28 rörliga

335 1075 90 28 kapital,
449 1076 68 28 tjenst,
533 1076 73 21 rörelse
622 1076 47 21 eller
685 1075 202 23 arbetsverksamhet,
903 1079 52 17 samt

334 1110 61 26 ifrån
417 1110 51 20 hans
479 1110 154 28 förmögenhets
650 1110 107 28 tillökning
773 1110 8 20 i
796 1110 72 28 öfrigt,
882 1118 73 19 genom

333 1144 72 27 gåfva,
422 1144 43 28 arf,
481 1148 124 21 testamente,
617 1145 159 28 fideikommiss,
792 1145 60 27 fynd,
860 1144 95 28 pension,

334 1178 70 20 nådår
424 1179 49 20 med
487 1187 65 17 mera,
567 1179 104 28 afdragas
687 1179 18 28 ej
719 1179 83 20 mindre
816 1179 25 21 de
858 1179 97 20 nödvän-

335 1212 51 27 diga
409 1212 70 28 årliga
503 1213 130 22 underhålls-
649 1213 36 21 och
700 1213 203 28 driftkostnaderna,
920 1213 35 20 och

334 1245 130 26 arbetslöner,
487 1251 28 16 än
537 1248 64 28 äfven
617 1247 41 21 alla
675 1247 32 21 till
721 1251 75 23 staten,
812 1247 79 28 kyrkan
907 1247 49 21 eller

334 1280 125 22 kommunen
481 1282 102 27 utgående
609 1282 106 27 utskylder
731 1282 28 28 af
771 1282 55 20 hvad
841 1289 65 13 namn
921 1281 35 21 och

335 1314 136 28 beskaffenhet
494 1316 25 21 de
535 1323 52 14 vara
602 1317 42 20 må.
676 1315 101 22 Deremot
790 1316 38 27 får
843 1317 63 26 något
921 1316 34 28 af-

335 1349 53 27 drag
411 1350 42 20 icke
468 1350 34 21 ske
511 1351 38 28 för
565 1353 63 18 ränta
643 1352 14 18 å
671 1350 70 27 skuld,
757 1350 21 28 ej
792 1350 61 21 heller
862 1350 40 29 för
917 1351 37 20 den

333 1383 156 29 skattskyldiges
512 1384 35 21 och
569 1384 52 21 hans
631 1384 86 30 familjs
733 1384 200 29 lefnadskostnader,
948 1385 8 20 i

334 1418 70 20 hvilka
427 1418 78 26 bostad,
529 1427 47 19 egen
599 1419 48 21 eller
669 1419 60 28 hyrd,
743 1423 55 17 samt
812 1419 92 29 aflöning
919 1419 36 21 och

334 1452 111 21 underhäll
465 1454 26 26 af
504 1454 105 28 personlig
625 1454 111 28 betjening,
751 1454 35 20 och
801 1454 54 20 hvad
870 1454 85 21 dermed

266 1493 139 17 Sammansatta
417 1492 52 23 Lag-
481 1492 33 19 och
526 1493 193 19 Ekonomiutskottets
732 1493 117 18 betänkande
861 1498 32 13 n:o
906 1494 18 18 6.
