1014 1670
214 139 81 23 Ständ.
311 140 37 23 Sv.
364 153 26 3 —
406 140 71 28 Prop.
494 140 40 22 N:o
549 140 35 21 35.

335 407 133 25 Finlands
499 407 136 25 Ständers
669 406 137 26 underdå-

258 448 64 31 niga
340 454 66 18 svar
424 448 7 24 i
456 447 118 32 anledning
596 448 26 24 af
639 448 56 25 Hans
714 448 92 31 Kejser-

257 488 47 31 liga
323 488 117 31 Majestäts
464 486 80 33 nådiga
562 488 136 32 proposition
716 495 34 18 om
768 489 38 23 än-

258 528 66 31 dring
354 528 26 24 af
405 528 157 31 förordningen
592 528 41 24 den
659 528 14 24 6
700 528 106 24 Febroari

259 568 58 25 1865
341 566 113 34 angående
478 568 287 31 kommunalförvaltningen
780 566 28 33 på

259 607 95 27 landet.”

110 676 206 28 Stormäktigste
337 676 203 28 Allernådigste
561 676 118 29 Kejsare
695 676 47 22 och

349 710 162 22 Storfurstel

123 768 38 22 Uti
177 776 25 13 en
218 768 33 22 till
266 768 103 21 Finlands
384 768 91 22 Ständer
490 768 35 22 vid
540 768 142 22 innevarande
698 768 33 22 års
740 767 67 21 landt-

55 804 39 27 dag
114 802 75 22 aflåten
209 802 63 29 nådig
286 802 129 29 proposition
430 802 38 22 har
484 802 83 22 Eders
582 802 159 29 Kejserliga
756 802 52 20 Ma-

52 837 85 28 jestät
159 836 107 29 föreslagit
289 836 102 22 särskilda
412 836 146 29 förändringar
576 836 32 22 uti
623 836 149 28 förordningen
787 835 23 21 af

55 871 40 21 den
111 872 12 21 6
139 871 103 22 Februari
259 871 61 25 1865,
336 871 107 28 angående
463 870 253 29 kommunalförvaltning
730 869 27 29 på
766 870 42 21 lan-

55 905 41 26 det,
112 905 109 28 åsyftande
237 905 182 28 hufvudsakligast
434 907 31 20 att
480 905 250 29 bevillningstaxeringen
740 904 68 22 skulle

55 941 70 27 läggas
140 940 32 21 till
187 940 68 28 grund
271 939 31 22 för
318 940 25 21 de
358 940 136 21 kommunala
510 940 130 22 skattörenas
656 939 114 22 åsättande.

123 975 74 21 Jemte
221 975 34 21 det
277 974 117 22 Ständerna
417 974 68 22 tillåta
507 975 31 28 sig
560 976 31 20 att
612 975 8 20 i
642 973 168 29 underdånighet

55 1009 116 26 framhålla,
196 1009 35 22 det
254 1009 142 28 nyssnämnda
416 1009 69 28 grund
508 1009 32 22 för
563 1009 117 22 skattörens
695 1007 115 30 påförande

55 1043 96 22 hvarken
166 1043 129 22 beträffande
311 1043 64 22 stads-
391 1044 50 21 eller
456 1043 187 22 landskommuner
658 1043 76 22 vunnit
750 1042 60 22 Stän-

56 1078 74 21 dernas
146 1077 65 26 bifall,
227 1078 36 22 vid
278 1078 83 22 hvilket
375 1077 131 22 förhållande
522 1078 163 27 hufvudsakliga
700 1077 68 22 skälet
778 1076 32 22 för

56 1112 158 29 ifrågavarande
235 1112 155 29 förändringars
412 1112 154 29 godkännande
588 1112 92 26 förfallit,
704 1111 21 22 få
748 1111 62 22 Stän-

57 1147 64 21 derna
144 1146 149 29 underdånigst
308 1147 90 25 anmäla,
413 1149 31 20 att
459 1147 155 22 ofvannämnda
630 1147 75 28 nådiga
720 1145 90 29 proposi-

56 1181 45 22 tion
116 1181 47 22 icke
178 1181 82 22 kunnat
275 1181 24 22 af
312 1181 47 22 dem
375 1183 91 26 antagas.

124 1226 103 22 Finlands
243 1227 91 22 Ständer
349 1227 119 22 framhärda
484 1229 39 20 ete.

125 1272 140 28 Helsingfors,
281 1272 41 22 den
337 1273 28 21 30
379 1272 43 28 Maj
440 1273 61 21 1882.

340 1377 23 2 <
390 1368 122 18 SE

159 1471 134 23 Helsingfors,
305 1471 19 17 J.
339 1472 77 17 Simelii
428 1471 114 23 arfvingars
555 1471 91 23 tryckeri,
660 1470 48 18 1882.
