1034 1670
223 122 12 19 4
388 121 81 23 Ständ.
485 122 38 24 Sv.
540 134 27 4 —
584 122 72 29 Prop.
672 123 40 21 N:o
727 122 35 22 32.

400 191 52 21 gens
467 186 123 26 öppnande.
613 185 127 21 Sedermera
755 186 37 20 må
801 186 72 20 sådan
879 185 74 27 fråga

400 218 45 21 icke
467 218 75 22 kunna
564 219 85 27 väckas,
672 220 25 20 så
716 220 76 26 framt
807 220 42 20 den
864 220 19 27 ej
899 226 54 14 ome-

401 252 134 29 delbarligen
555 254 132 26 föranledes
711 253 30 27 af
759 256 30 18 ett
811 255 58 20 inom
886 254 69 27 något

400 287 66 21 stånd
484 288 71 20 redan
565 288 90 27 fattadt
670 288 70 20 beslut
755 288 53 21 eller
823 295 75 14 annan
913 294 40 14 un-

401 321 39 21 der
456 322 134 27 landtdagen
605 322 112 27 inträfad
733 322 109 21 händelse.

468 355 53 21 Har
531 356 172 28 landtdagsman
710 356 42 26 för
762 356 70 27 afsigt
843 358 32 19 att
889 356 64 27 fram-

400 390 68 20 ställa
490 390 73 27 någon
578 391 81 20 motion
675 390 52 21 eller
739 391 100 27 petition,
855 390 38 21 bör
908 389 51 22 han

400 423 72 21 derom
483 423 68 27 förut
566 424 131 21 underrätta
713 424 150 27 ordföranden
875 424 8 20 i
893 425 59 20 stån-

399 457 45 26 det;
466 457 113 22 hvarutom
601 459 46 20 alla
663 459 105 20 motioner
783 458 38 21 och
835 458 119 27 petitioner

399 492 69 26 skola,
484 493 70 20 innan
570 493 25 20 de
606 492 143 28 föredragas,
760 493 127 27 skriftligen
898 499 53 20 upp-

400 529 58 18 satta
474 527 36 19 till
524 527 98 20 ständets
637 527 132 20 sekreterare
785 527 110 27 aflemnas.
920 526 33 27 Ej

400 561 35 20 mä
458 560 8 20 i
488 567 25 13 en
535 560 68 27 skrift
621 560 57 27 flere
693 561 95 20 ärenden
804 560 30 23 af
845 560 58 21 olika
919 560 31 21 be-

400 594 122 27 skaffenhet
551 594 170 27 sammanjföras.
757 594 84 28 Hvarje
870 595 81 20 motion

400 628 38 21 bör
451 628 115 21 innehålla
581 629 26 21 de
621 629 56 25 skäl,
693 628 84 28 hvarpä
793 628 41 21 den
845 630 27 19 är
881 635 70 21 grun-

401 663 51 25 dad,
476 662 37 22 och
536 662 91 28 åtföljas
649 662 31 28 af
698 663 8 20 i
729 662 95 28 lagform
846 662 106 27 afattadt

395 696 90 28 förslag
502 697 35 21 till
553 696 102 28 äsyftade
670 697 138 26 stadganden
823 698 9 19 i
847 699 77 19 ämnet.

644 748 15 27 $
674 748 36 21 52.

472 782 106 28 Kejsaren
601 782 39 20 och
657 781 150 27 Storfurstens
819 782 132 27 propositio-

400 824 46 19 ner,
469 817 25 20 sä
516 816 37 21 ock
568 816 8 20 i
591 816 93 21 ständen
699 816 76 20 väckta
789 817 112 23 motioner,
916 816 36 20 mä

400 850 44 21 icke
461 851 35 20 till
508 850 78 27 slutlig
602 850 81 25 åtgärd
691 849 124 28 företagas,
827 850 69 20 innan
910 849 41 20 all-

401 887 60 18 mänt
475 883 83 22 utskott
573 883 100 27 deröfver
688 883 91 27 afgifvit
793 883 109 28 yttrande.

469 918 51 21 Har
539 918 93 27 petition
655 918 96 20 rörande
773 918 85 20 allmän
878 917 73 27 fråga

402 953 56 20 inom
481 953 67 26 något
570 952 66 20 stånd
659 951 75 27 blifvit
751 951 135 28 föreslagen,
907 951 44 21 kan

401 986 85 21 ståndet
503 986 89 27 jemväl,
613 992 33 14 om
663 986 35 20 det
713 986 25 19 så
748 985 41 26 för
803 985 54 27 godt
866 981 85 31 finner,

401 1020 91 21 hänvisa
510 1020 89 27 frågan
621 1020 36 20 till
673 1019 130 27 behandling
819 1019 30 27 af
859 1020 95 20 allmänt

402 1054 87 21 utskott.

264 1089 9 21 I
291 1088 232 22 öfverensstämmelse
545 1087 48 21 med
617 1087 57 21 hvad
690 1087 114 21 ofvanföre
821 1088 6 20 i
844 1086 107 22 underdå-

194 1123 79 27 nighet
289 1122 82 22 anförts
387 1122 23 22 få
426 1122 125 22 Ständerna
567 1122 57 20 dock
641 1121 78 21 härvid
735 1122 100 26 tillägga,

472 1156 35 21 det
533 1156 124 20 Ständerna
676 1155 43 27 för
738 1156 41 20 den
794 1155 108 25 händelse,
919 1157 34 18 att

402 1191 41 21 den
459 1190 29 28 af
500 1190 47 20 dem
563 1190 106 27 vidtagna
684 1190 96 27 ändring
795 1190 10 20 i
815 1190 34 20 det
859 1189 94 21 sednare

396 1224 113 28 förslaget
533 1224 43 20 icke
599 1230 70 14 vunne
684 1224 86 20 Eders
789 1222 163 28 Kejserliga

401 1258 146 27 Majestäts
570 1257 82 28 nådiga
674 1257 171 28 godkännande,
868 1259 84 25 antaga

401 1293 66 27 sagde
477 1292 91 27 förslag
583 1292 82 20 sådant
680 1291 35 21 det
730 1292 9 19 i
753 1291 41 21 den
808 1291 83 27 nådiga
900 1297 53 20 pro-

398 1327 125 27 positionen
533 1326 136 27 framstälts.

263 1361 108 22 Finlands
388 1360 95 22 Ständer
499 1359 128 22 framhärda
643 1362 40 19 etc.

263 1395 148 28 Helsingfors,
429 1395 41 21 den
486 1395 28 20 28
530 1394 59 21 Mars
606 1394 64 20 1882.
