1056 1689
227 127 12 18 8
451 127 24 18 U.
487 127 23 19 B.
523 137 23 4 —
557 127 63 24 Prop.
632 128 38 19 N:o
682 128 32 19 42.

203 185 12 20 1
230 179 46 27 Äbo
292 185 70 21 kunde
377 191 26 15 en
419 185 59 27 dylik
492 185 110 27 placering
617 185 67 22 blifva
695 185 80 27 möjlig,
792 191 34 16 om
842 186 26 21 de
884 187 77 20 tvenne

203 218 84 27 flyglar,
306 224 45 15 som
370 219 53 21 höra
441 219 33 21 till
493 219 72 26 gamla
580 219 112 22 lasarettet
707 220 119 26 derstädes,
842 225 48 15 men
905 221 56 20 ännu

204 251 21 27 ej
244 251 71 22 blifvit
333 253 126 26 disponibla,
479 253 116 26 behörigen
613 254 147 21 iständsattes.
790 254 11 21 I
822 253 138 26 Tavastehus,

204 286 39 21 der
265 286 126 27 tillräckligt
409 289 104 26 utrymme
532 287 47 22 icke
597 287 123 22 förefunnes
736 288 7 20 i
758 288 27 21 de
800 287 124 22 nuvarande
939 288 22 21 åt

204 320 123 27 bataljonen
342 321 103 27 upplåtna
459 321 117 26 lokalerna,
592 321 71 22 kunde
679 322 199 27 reservmanskapet
891 321 70 27 place-

204 360 36 15 ras
256 355 7 20 i
279 361 26 15 en
321 355 22 21 af
357 355 27 21 de
399 355 22 21 åt
436 355 65 27 ryska
515 355 108 22 militären
640 355 102 28 upplåtna
756 356 80 21 kasern
850 355 110 28 flyglarna,

203 389 56 21 eller
274 389 39 21 ock
327 390 8 20 i
350 389 46 26 tält,
412 389 34 21 för
461 389 83 22 hvilkas
559 390 149 27 uppställande
724 390 52 27 godt
794 392 105 25 utrymme
914 389 47 21 fun-

205 429 38 15 nes
258 423 7 21 i
280 425 39 24 tre,
335 423 33 21 till
384 423 131 22 kasernerna
529 424 149 27 angränsande
693 424 135 27 trädgårdar.
856 423 105 27 Slutligen

204 463 65 15 anser
283 457 263 28 Befälhafvarestyrelsen,
562 459 31 20 att
608 458 95 27 Nylands
718 458 96 27 bataljon
824 458 71 21 kunde
905 457 56 22 utfö-

204 497 36 15 ras
255 491 34 21 till
305 491 92 28 Thusby,
413 498 34 15 om
463 492 131 21 dervarande
609 492 103 21 kaserner
727 491 34 22 för
777 498 26 15 en
819 492 76 21 månad
905 491 56 27 finge

203 525 134 27 disponeras,
354 526 53 21 eller
423 526 38 21 ock
477 528 31 19 att
523 527 199 26 reservmanskapet
741 526 71 21 kunde
831 526 108 27 förläggas
955 525 6 21 i

204 560 47 25 tält,
267 559 34 22 för
315 560 72 21 hvilka
403 560 97 27 lämpligt
510 559 63 23 ställe
583 561 34 20 väl
628 562 52 20 utan
691 560 109 27 svårighet
810 560 70 21 skulle
891 560 70 21 kunna

204 594 116 26 uppsökas.

273 628 30 21 Af
316 629 36 21 det
367 629 68 21 under
449 629 34 21 4:0
499 631 109 24 upptagna
623 629 77 26 utdrag
714 635 26 14 ur
750 628 118 21 Ekonomie
879 629 81 26 Depar-

204 663 116 20 tementets
338 663 115 26 protokoll,
472 663 57 21 fördt
548 663 40 21 den
607 663 26 21 21
654 663 58 21 Mars
730 662 56 22 1882
800 663 36 20 vid
851 663 110 26 föredrag-

205 696 50 26 ning
271 696 24 21 af
308 696 76 27 frågan
399 697 110 26 angående
525 697 156 21 ofvannämnda
699 697 87 26 nädigst
800 697 114 21 anbefalda
930 697 31 20 ät-

202 730 81 26 gärder
304 731 33 20 till
360 731 214 27 barackbyggnaders
597 731 133 27 uppförande
749 731 34 21 för
802 737 99 15 reserven
923 731 38 21 och

203 764 35 20 till
254 764 190 23 ästadkommande
463 765 22 21 af
503 772 26 15 en
545 765 73 27 duglig
633 771 73 15 reserv
722 765 144 26 befälskader,
881 765 80 21 inhem-

204 799 41 25 tas,
262 799 101 21 hurusom
385 799 122 27 Kejserliga
526 799 93 22 Senaten
638 799 89 22 beslutit
745 799 32 20 uti
796 799 113 21 skrifvelse
928 799 32 21 till

205 831 229 28 Generalguvernören
452 833 123 22 framhälla:
594 835 32 19 att
641 833 42 26 det,
697 833 87 26 jemlikt
799 832 164 22 föreskrifterna

205 867 30 20 uti
255 866 26 27 $$
300 867 19 26 3,
338 868 14 20 4
368 867 39 21 och
422 868 14 21 5
451 867 24 22 af
487 867 161 27 Förordningen
664 867 40 21 den
721 867 28 20 30
763 867 122 21 November
900 867 62 26 1881,

202 900 113 27 angående
330 900 69 22 finska
413 902 119 21 militärens
547 908 79 20 reserv,
642 902 113 21 ankomme
770 901 13 21 å
792 901 81 21 militär
883 901 80 21 befälet

202 936 34 19 att
251 935 88 27 vidtaga
356 936 79 26 nödiga
454 936 100 27 åtgärder
573 936 33 21 för
624 936 191 21 åstadkommande
830 935 24 21 af
868 941 26 15 en
909 935 53 26 dug-

203 969 32 26 lig
250 969 149 26 befälskader;
417 971 32 20 att
468 969 98 27 Senaten,
585 970 7 21 i
608 969 102 22 afseende
726 969 12 21 å
754 969 171 22 bestämmandet
940 969 23 21 af

205 1003 187 27 mötesplatserna,
412 1004 65 21 sedan
496 1004 253 27 organisationskomitén
768 1004 74 21 derom
863 1003 100 22 aflemnat

202 1037 91 26 förslag,
310 1037 47 21 från
373 1037 163 22 Guvernörerne
547 1039 7 20 i
565 1039 100 25 samtliga
678 1038 36 20 län
729 1037 106 21 infordrat
848 1038 113 26 yttranden

204 1070 108 27 deröfver,
329 1071 72 21 hvilka
416 1072 113 26 yttranden
545 1072 68 21 under
628 1072 73 26 loppet
712 1071 24 21 af
744 1071 24 21 år
780 1071 53 21 1881
844 1071 118 26 inkommit,

202 1104 113 22 äfvensom
334 1106 105 20 inhemtat
455 1106 177 21 Befälhafvarens
650 1106 34 20 för
701 1104 69 22 finska
786 1105 106 21 militären
907 1105 55 21 utlå-

204 1139 65 21 tande
286 1140 91 20 rörande
393 1140 26 21 de
435 1140 23 21 af
471 1140 163 21 Guvernörerne
644 1140 123 26 föreslagna
778 1140 185 26 mötesplatserna,

203 1172 74 22 såsom
293 1173 39 21 ock
347 1174 96 21 anbefalt
459 1170 170 31 Öfverstyrelsen
644 1174 34 21 för
693 1174 108 21 allmänna
811 1174 151 26 byggnaderna

203 1208 40 24 att,
259 1208 49 20 med
323 1208 88 26 ledning
427 1208 23 21 af
463 1208 264 27 organisationskomiténs
743 1208 74 21 derom
828 1207 81 27 afgifna
919 1208 42 20 för-

203 1240 54 28 slag,
277 1244 98 24 uppgöra
393 1242 173 27 eskissritningar
582 1242 38 22 och
638 1242 186 26 kostnadsförslag
840 1241 32 21 till
889 1242 26 20 de
929 1242 34 21 för

202 1275 125 22 ändamålet
342 1276 141 27 erforderliga
497 1277 98 21 bostads-
610 1276 39 22 och
666 1276 245 27 ekonomiebyggnader;
931 1277 32 19 att

201 1308 43 22 den
260 1309 75 22 vidare
350 1310 83 26 åtgärd,
452 1316 45 16 som
516 1310 67 27 enligt
602 1310 104 22 Senatens
729 1310 55 26 åsigt
806 1310 66 21 borde
895 1310 68 20 vidta-

203 1348 46 21 gas,
272 1350 51 15 vore
347 1344 110 21 definitiva
474 1344 170 22 bestämmandet
663 1344 23 21 af
704 1344 178 26 mötesplatserna
904 1344 57 20 inom

204 1376 75 28 hvarje
293 1378 24 20 af
331 1378 26 21 de
372 1378 111 22 trettiotvå
493 1378 295 27 reservkompanidistrikten,
800 1384 49 16 men
860 1379 37 25 att,
909 1378 52 21 ehu-

203 1412 62 20 ruväl
275 1412 187 27 undersökningar
471 1413 34 21 för
515 1413 103 21 utseende
626 1412 23 22 af
659 1412 93 22 berörda
759 1412 81 27 platser
848 1412 71 21 blifvit
927 1418 35 21 ge-

277 1451 195 23 Värnepligtsutskottets
483 1452 104 18 betänkande
599 1452 35 17 N:o
647 1452 16 17 1.
