1039 1678
292 138 19 20 U.
326 138 19 20 B.
362 149 27 3 —
405 139 54 25 Prop.
475 139 30 21 N:o
521 140 23 20 41
560 146 23 15 m.
599 141 18 20 fl.
781 143 27 20 17

392 202 121 47 Transport
537 206 97 22 2,025,000:
646 215 23 3 —

76 228 111 24 Bevillning
200 228 30 19 för
242 230 59 18 tobak
333 244 33 5 ..
450 246 3 4 +
479 246 4 4 <
507 246 5 5 <
537 235 96 22 1,100,000:
646 244 23 4 —

129 270 8 9 x
211 272 8 8 -
244 240 129 47 maltdrycker
392 244 4 5 .
391 273 121 7 ee.
554 264 79 22 500,000:
645 273 24 3 —

211 300 8 9 n
245 288 88 22 Spelkort
361 302 4 4 .
389 302 5 5 .
477 304 33 5 oa
565 293 68 22 10,000:
645 302 23 3 —

77 299 192 40 Stämpelbevillning
281 316 67 24 (något
360 304 91 60 förhöjd)
479 333 3 3 <
507 333 4 5 <
553 321 80 22 400,000:
645 331 24 3 —

75 342 205 25 Inkomstbevillning
280 338 9 33 .
305 358 4 5 .
333 359 4 4 .
448 361 4 4 +
478 361 3 4 <
507 361 4 4 +
534 344 11 31 =
553 349 80 22 800,000;
645 359 23 3 —

75 370 51 19 Från
140 372 89 19 Bankens
241 374 52 18 vinst
310 388 1 4 .
335 387 4 5 .
362 389 4 4 .
391 389 5 4 .
420 390 4 4 .
449 389 62 6 e.
553 379 80 22 765,000:
645 389 22 2 —
702 386 98 22 5,600,000:
812 395 23 3 —

144 423 69 20 Blefve
232 425 163 24 militiebudgeten
414 428 79 23 stegrad
509 434 69 20 genom
594 430 109 19 inrättande
718 430 22 19 af
749 431 85 23 artilleri,

75 451 63 19 skulle
151 453 86 24 anslaget
250 453 41 19 frän
304 455 128 19 bankvinsten
444 457 65 18 kunna
522 457 53 20 ökas.

435 583 37 24 II.

145 642 78 29 Enligt
237 644 182 24 Bankutskottets
435 646 139 23 betänkande
589 647 40 23 N:o
645 651 11 19 1
673 650 79 26 utgöra
767 649 27 22 de
805 649 30 22 di-

74 676 99 27 sponibla
186 678 145 23 vinstmedlen
346 680 8 22 i
368 680 106 23 Finlands
489 682 64 22 Bank

661 685 121 26 8,263,217:
800 685 33 19 10.

141 711 46 22 För
202 712 41 22 den
258 714 103 22 händelse
376 717 34 20 att
424 716 119 22 ständerna
556 717 116 27 godkänna
682 718 106 27 förslaget
798 719 34 20 att

76 744 108 24 afskrifva
198 746 105 24 Finlands
317 744 226 48 Hypoteksförenings
558 751 69 28 skuld,
638 753 45 20 stor
697 753 100 26 600,000:
808 764 24 4 —

72 779 41 22 har
133 779 170 25 Statsutskottet
325 785 73 20 ansett
420 784 35 28 sig
477 785 54 22 böra
550 785 97 22 beräkna
661 786 38 22 det
713 786 122 27 disponibla

73 813 103 28 beloppet
191 816 78 22 endast
283 817 59 22 till
330 809 15 37 .
553 836 5 5 E

74 847 104 24 Förutom
201 849 38 22 det
261 851 64 22 ofvan
347 835 115 40 förordade
478 835 101 46 anslaget
597 854 34 23 till

102 883 169 23 militiefonden.
303 902 4 5 .
338 902 4 5 .
590 905 40 6 0.

72 916 36 22 fär
122 917 115 24 Utskottet
251 926 29 15 nu
294 903 110 40 vördsamt
409 899 117 55 tillstyrka
535 901 95 55 följande

102 952 77 28 anslag
194 953 51 22 från
259 954 101 23 Bankens
375 956 69 22 vinst:

72 986 42 27 1:0)
130 986 76 22 Under
229 989 137 27 åberopande
386 990 25 21 af
427 990 96 28 tidigare
539 991 91 23 anförda

141 1021 98 29 motiver,
257 1024 31 20 till
303 1024 132 22 bestridande
451 1026 27 26 af
489 1026 141 23 kostnaderna

141 1056 35 26 för
191 1056 127 29 landtdagen
334 1060 26 20 år
376 1059 72 22 1885.
479 1076 6 6 .

73 1090 42 26 2:0)
131 1089 62 23 Enär
207 1091 38 22 det
259 1092 62 22 torde
339 1094 108 22 erkännas
462 1101 55 16 vara
531 1074 102 53 lämpligt

141 1126 35 20 att
197 1131 27 16 en
246 1126 26 22 så
291 1128 46 21 stor
355 1128 35 21 del
405 1134 45 16 som
464 1129 87 28 möjligt
565 1130 26 21 af
603 1130 27 22 de

140 1158 50 23 från
204 1159 53 23 flere
271 1161 26 22 år
306 1162 85 27 hopade
401 1162 145 24 vinstmedlen
555 1164 9 22 i
573 1164 56 23 Ban-

143 1193 43 22 ken
201 1195 111 22 användas
327 1196 34 22 till
376 1198 33 21 ett
423 1199 60 20 utom
494 1198 41 22 den
542 1198 89 28 vanliga

145 1228 148 28 årsbudgeten
313 1231 92 22 stående
422 1232 130 27 produktivt
566 1234 65 22 ända-

137 1262 51 28 mål,
204 1263 35 22 för
253 1264 65 23 hvars
333 1266 57 21 skull
399 1268 142 26 upptagande
554 1268 25 22 af
591 1268 37 22 lån

137 1302 80 17 annors
231 1304 53 16 vore
299 1298 24 23 af
335 1300 77 28 nöden,
428 1300 93 24 föreslås

241 1336 32 19 att
303 1334 32 21 til
356 1335 271 28 kommunikationsfonden

170 1366 120 28 öfverföres,
305 1368 34 26 för
355 1371 32 19 att
403 1370 112 22 användas
531 1371 32 21 till
568 1372 59 26 jern-

169 1401 182 29 vägsbyggnader,
367 1406 30 20 ett
411 1404 76 29 belopp
505 1406 27 26 af
551 1422 4 5 .
586 1422 5 6 .

659 820 122 27 7,663,217:
797 820 35 23 10.

661 891 120 26 1,121,172:
798 891 34 20 32.

680 1063 100 26 250,000:
796 1074 28 3 —

656 1408 122 26 4,000,000:
795 1418 29 4 —

504 1446 120 28 Transport
653 1449 122 26 5,371,172:
793 1448 35 20 32.

136 1478 151 21 Statsutskottets
299 1482 116 19 betänkande
427 1484 38 18 N:o
477 1486 29 16 14.

749 1488 11 16 2
