<?xml version="1.0" encoding="UTF-8"?>
<alto xmlns="http://www.loc.gov/standards/alto/ns-v3#" xmlns:xlink="http://www.w3.org/1999/xlink" xmlns:xsi="http://www.w3.org/2001/XMLSchema-instance" xsi:schemaLocation="http://www.loc.gov/standards/alto/ns-v3# http://www.loc.gov/alto/v3/alto-3-0.xsd">
	<Description>
		<MeasurementUnit>pixel</MeasurementUnit>
		<sourceImageInformation>
			<fileName>/tmp/tess_sh_bgkm4_input.PNG</fileName>
		</sourceImageInformation>
		<OCRProcessing ID="OCR_0">
			<ocrProcessingStep>
				<processingSoftware>
					<softwareName>tesseract 5.3.4</softwareName>
				</processingSoftware>
			</ocrProcessingStep>
		</OCRProcessing>
	</Description>
	<Layout>
		<Page WIDTH="1048" HEIGHT="1689" PHYSICAL_IMG_NR="0" ID="page_0">
			<PrintSpace HPOS="0" VPOS="0" WIDTH="1048" HEIGHT="1689">
				<ComposedBlock ID="cblock_0" HPOS="243" VPOS="134" WIDTH="533" HEIGHT="26">
					<TextBlock ID="block_0" HPOS="243" VPOS="134" WIDTH="533" HEIGHT="26">
						<TextLine ID="line_0" HPOS="243" VPOS="134" WIDTH="533" HEIGHT="26">
							<String ID="string_0" HPOS="243" VPOS="135" WIDTH="27" HEIGHT="19" WC="0.96" CONTENT="14"/><SP WIDTH="128" VPOS="135" HPOS="270"/>
							<String ID="string_1" HPOS="398" VPOS="134" WIDTH="62" HEIGHT="21" WC="0.91" CONTENT="Ständ."/><SP WIDTH="17" VPOS="134" HPOS="460"/>
							<String ID="string_2" HPOS="477" VPOS="135" WIDTH="28" HEIGHT="20" WC="0.87" CONTENT="Sv."/><SP WIDTH="17" VPOS="135" HPOS="505"/>
							<String ID="string_3" HPOS="522" VPOS="145" WIDTH="27" HEIGHT="4" WC="0.92" CONTENT="—"/><SP WIDTH="16" VPOS="145" HPOS="549"/>
							<String ID="string_4" HPOS="565" VPOS="135" WIDTH="53" HEIGHT="25" WC="0.94" CONTENT="Prop."/><SP WIDTH="17" VPOS="135" HPOS="618"/>
							<String ID="string_5" HPOS="635" VPOS="135" WIDTH="30" HEIGHT="20" WC="0.96" CONTENT="N:o"/><SP WIDTH="15" VPOS="135" HPOS="665"/>
							<String ID="string_6" HPOS="680" VPOS="135" WIDTH="22" HEIGHT="21" WC="0.93" CONTENT="41"/><SP WIDTH="16" VPOS="135" HPOS="702"/>
							<String ID="string_7" HPOS="718" VPOS="141" WIDTH="24" HEIGHT="14" WC="0.95" CONTENT="m."/><SP WIDTH="15" VPOS="141" HPOS="742"/>
							<String ID="string_8" HPOS="757" VPOS="135" WIDTH="19" HEIGHT="20" WC="0.83" CONTENT="fl."/>
						</TextLine>
					</TextBlock>
				</ComposedBlock>
				<ComposedBlock ID="cblock_1" HPOS="213" VPOS="198" WIDTH="754" HEIGHT="619">
					<TextBlock ID="block_1" HPOS="213" VPOS="198" WIDTH="754" HEIGHT="619">
						<TextLine ID="line_1" HPOS="281" VPOS="198" WIDTH="686" HEIGHT="30">
							<String ID="string_9" HPOS="281" VPOS="198" WIDTH="121" HEIGHT="25" WC="0.92" CONTENT="Ständerna"/><SP WIDTH="21" VPOS="198" HPOS="402"/>
							<String ID="string_10" HPOS="423" VPOS="200" WIDTH="64" HEIGHT="22" WC="0.96" CONTENT="hafva"/><SP WIDTH="22" VPOS="200" HPOS="487"/>
							<String ID="string_11" HPOS="509" VPOS="199" WIDTH="65" HEIGHT="23" WC="0.96" CONTENT="alltså"/><SP WIDTH="22" VPOS="199" HPOS="574"/>
							<String ID="string_12" HPOS="596" VPOS="200" WIDTH="96" HEIGHT="27" WC="0.96" CONTENT="godkänt"/><SP WIDTH="22" VPOS="200" HPOS="692"/>
							<String ID="string_13" HPOS="714" VPOS="200" WIDTH="95" HEIGHT="28" WC="0.93" CONTENT="följande"/><SP WIDTH="23" VPOS="200" HPOS="809"/>
							<String ID="string_14" HPOS="832" VPOS="200" WIDTH="74" HEIGHT="27" WC="0.96" CONTENT="anslag"/><SP WIDTH="15" VPOS="200" HPOS="906"/>
							<String ID="string_15" HPOS="921" VPOS="199" WIDTH="46" HEIGHT="22" WC="0.96" CONTENT="från"/>
						</TextLine>
						<TextLine ID="line_2" HPOS="213" VPOS="233" WIDTH="200" HEIGHT="23">
							<String ID="string_16" HPOS="213" VPOS="233" WIDTH="200" HEIGHT="23" WC="0.90" CONTENT="bränvinsskatten:"/>
						</TextLine>
						<TextLine ID="line_3" HPOS="384" VPOS="269" WIDTH="379" HEIGHT="27">
							<String ID="string_17" HPOS="384" VPOS="269" WIDTH="24" HEIGHT="26" WC="0.93" CONTENT="1)"/><SP WIDTH="10" VPOS="269" HPOS="408"/>
							<String ID="string_18" HPOS="418" VPOS="269" WIDTH="130" HEIGHT="27" WC="0.88" CONTENT="Ersättning"/><SP WIDTH="11" VPOS="269" HPOS="548"/>
							<String ID="string_19" HPOS="559" VPOS="269" WIDTH="31" HEIGHT="21" WC="0.93" CONTENT="till"/><SP WIDTH="8" VPOS="269" HPOS="590"/>
							<String ID="string_20" HPOS="598" VPOS="269" WIDTH="124" HEIGHT="22" WC="0.91" CONTENT="statsverket"/><SP WIDTH="6" VPOS="269" HPOS="722"/>
							<String ID="string_21" HPOS="728" VPOS="269" WIDTH="35" HEIGHT="27" WC="0.96" CONTENT="för"/>
						</TextLine>
						<TextLine ID="line_4" HPOS="317" VPOS="303" WIDTH="446" HEIGHT="28">
							<String ID="string_22" HPOS="317" VPOS="303" WIDTH="160" HEIGHT="28" WC="0.92" CONTENT="eftergifvandet"/><SP WIDTH="15" VPOS="303" HPOS="477"/>
							<String ID="string_23" HPOS="492" VPOS="303" WIDTH="27" HEIGHT="27" WC="0.96" CONTENT="af"/><SP WIDTH="12" VPOS="303" HPOS="519"/>
							<String ID="string_24" HPOS="531" VPOS="303" WIDTH="34" HEIGHT="22" WC="0.93" CONTENT="det"/><SP WIDTH="14" VPOS="303" HPOS="565"/>
							<String ID="string_25" HPOS="579" VPOS="303" WIDTH="59" HEIGHT="27" WC="0.92" CONTENT="förra"/><SP WIDTH="15" VPOS="303" HPOS="638"/>
							<String ID="string_26" HPOS="653" VPOS="303" WIDTH="110" HEIGHT="22" WC="0.92" CONTENT="bränvins-"/>
						</TextLine>
						<TextLine ID="line_5" HPOS="315" VPOS="337" WIDTH="646" HEIGHT="28">
							<String ID="string_27" HPOS="315" VPOS="337" WIDTH="229" HEIGHT="28" WC="0.74" CONTENT="bränningsarrendet"/><SP WIDTH="1" VPOS="337" HPOS="544"/>
							<String ID="string_28" HPOS="545" VPOS="333" WIDTH="12" HEIGHT="36" WC="0.51" CONTENT="."/><SP WIDTH="19" VPOS="333" HPOS="557"/>
							<String ID="string_29" HPOS="576" VPOS="355" WIDTH="4" HEIGHT="4" WC="0.83" CONTENT="."/><SP WIDTH="32" VPOS="355" HPOS="580"/>
							<String ID="string_30" HPOS="612" VPOS="355" WIDTH="4" HEIGHT="4" WC="0.85" CONTENT="."/><SP WIDTH="31" VPOS="355" HPOS="616"/>
							<String ID="string_31" HPOS="647" VPOS="354" WIDTH="5" HEIGHT="5" WC="0.87" CONTENT="."/><SP WIDTH="31" VPOS="354" HPOS="652"/>
							<String ID="string_32" HPOS="683" VPOS="353" WIDTH="5" HEIGHT="6" WC="0.89" CONTENT="."/><SP WIDTH="67" VPOS="353" HPOS="688"/>
							<String ID="string_33" HPOS="755" VPOS="354" WIDTH="5" HEIGHT="5" WC="0.20" CONTENT="."/><SP WIDTH="27" VPOS="354" HPOS="760"/>
							<String ID="string_34" HPOS="787" VPOS="333" WIDTH="15" HEIGHT="36" WC="0.19" CONTENT="="/><SP WIDTH="9" VPOS="333" HPOS="802"/>
							<String ID="string_35" HPOS="811" VPOS="339" WIDTH="108" HEIGHT="25" WC="0.19" CONTENT="660,000:"/><SP WIDTH="14" VPOS="339" HPOS="919"/>
							<String ID="string_36" HPOS="933" VPOS="349" WIDTH="28" HEIGHT="3" WC="0.92" CONTENT="—"/>
						</TextLine>
						<TextLine ID="line_6" HPOS="382" VPOS="350" WIDTH="543" HEIGHT="54">
							<String ID="string_37" HPOS="382" VPOS="372" WIDTH="30" HEIGHT="26" WC="0.92" CONTENT="2)"/><SP WIDTH="17" VPOS="372" HPOS="412"/>
							<String ID="string_38" HPOS="429" VPOS="371" WIDTH="74" HEIGHT="28" WC="0.88" CONTENT="Skjuts"/><SP WIDTH="15" VPOS="371" HPOS="503"/>
							<String ID="string_39" HPOS="518" VPOS="371" WIDTH="37" HEIGHT="22" WC="0.96" CONTENT="och"/><SP WIDTH="14" VPOS="371" HPOS="555"/>
							<String ID="string_40" HPOS="569" VPOS="350" WIDTH="193" HEIGHT="54" WC="0.45" CONTENT="dagtraktamenten"/><SP WIDTH="161" VPOS="350" HPOS="762"/>
							<String ID="string_41" HPOS="923" VPOS="384" WIDTH="2" HEIGHT="4" WC="0.81" CONTENT=":"/>
						</TextLine>
						<TextLine ID="line_7" HPOS="317" VPOS="405" WIDTH="447" HEIGHT="28">
							<String ID="string_42" HPOS="317" VPOS="406" WIDTH="23" HEIGHT="21" WC="0.90" CONTENT="ät"/><SP WIDTH="21" VPOS="406" HPOS="340"/>
							<String ID="string_43" HPOS="361" VPOS="405" WIDTH="198" HEIGHT="28" WC="0.89" CONTENT="öfverkontrollörer,"/><SP WIDTH="16" VPOS="405" HPOS="559"/>
							<String ID="string_44" HPOS="575" VPOS="406" WIDTH="137" HEIGHT="22" WC="0.91" CONTENT="kontrollörer"/><SP WIDTH="15" VPOS="406" HPOS="712"/>
							<String ID="string_45" HPOS="727" VPOS="406" WIDTH="37" HEIGHT="21" WC="0.93" CONTENT="och"/>
						</TextLine>
						<TextLine ID="line_8" HPOS="315" VPOS="440" WIDTH="448" HEIGHT="28">
							<String ID="string_46" HPOS="315" VPOS="440" WIDTH="86" HEIGHT="27" WC="0.87" CONTENT="vittnen,"/><SP WIDTH="16" VPOS="440" HPOS="401"/>
							<String ID="string_47" HPOS="417" VPOS="441" WIDTH="84" HEIGHT="27" WC="0.96" CONTENT="uppköp"/><SP WIDTH="11" VPOS="441" HPOS="501"/>
							<String ID="string_48" HPOS="512" VPOS="441" WIDTH="27" HEIGHT="27" WC="0.93" CONTENT="af"/><SP WIDTH="6" VPOS="441" HPOS="539"/>
							<String ID="string_49" HPOS="545" VPOS="441" WIDTH="218" HEIGHT="22" WC="0.40" CONTENT="kontrollinstrumen-"/>
						</TextLine>
						<TextLine ID="line_9" HPOS="317" VPOS="475" WIDTH="445" HEIGHT="27">
							<String ID="string_50" HPOS="317" VPOS="476" WIDTH="30" HEIGHT="20" WC="0.96" CONTENT="ter"/><SP WIDTH="16" VPOS="476" HPOS="347"/>
							<String ID="string_51" HPOS="363" VPOS="475" WIDTH="37" HEIGHT="21" WC="0.96" CONTENT="och"/><SP WIDTH="15" VPOS="475" HPOS="400"/>
							<String ID="string_52" HPOS="415" VPOS="475" WIDTH="67" HEIGHT="22" WC="0.96" CONTENT="andra"/><SP WIDTH="14" VPOS="475" HPOS="482"/>
							<String ID="string_53" HPOS="496" VPOS="475" WIDTH="35" HEIGHT="27" WC="0.93" CONTENT="för"/><SP WIDTH="14" VPOS="475" HPOS="531"/>
							<String ID="string_54" HPOS="545" VPOS="475" WIDTH="116" HEIGHT="22" WC="0.92" CONTENT="kontrollen"/><SP WIDTH="9" VPOS="475" HPOS="661"/>
							<String ID="string_55" HPOS="670" VPOS="475" WIDTH="26" HEIGHT="27" WC="0.93" CONTENT="af"/><SP WIDTH="4" VPOS="475" HPOS="696"/>
							<String ID="string_56" HPOS="700" VPOS="475" WIDTH="62" HEIGHT="21" WC="0.92" CONTENT="brän-"/>
						</TextLine>
						<TextLine ID="line_10" HPOS="316" VPOS="509" WIDTH="447" HEIGHT="28">
							<String ID="string_57" HPOS="316" VPOS="509" WIDTH="241" HEIGHT="28" WC="0.90" CONTENT="vinsförfattningarnas"/><SP WIDTH="24" VPOS="509" HPOS="557"/>
							<String ID="string_58" HPOS="581" VPOS="509" WIDTH="124" HEIGHT="28" WC="0.88" CONTENT="efterlefnad"/><SP WIDTH="21" VPOS="509" HPOS="705"/>
							<String ID="string_59" HPOS="726" VPOS="511" WIDTH="37" HEIGHT="20" WC="0.79" CONTENT="nö-"/>
						</TextLine>
						<TextLine ID="line_11" HPOS="316" VPOS="543" WIDTH="645" HEIGHT="29">
							<String ID="string_60" HPOS="316" VPOS="543" WIDTH="49" HEIGHT="28" WC="0.88" CONTENT="diga"/><SP WIDTH="14" VPOS="543" HPOS="365"/>
							<String ID="string_61" HPOS="379" VPOS="544" WIDTH="93" HEIGHT="27" WC="0.93" CONTENT="utgifter,"/><SP WIDTH="15" VPOS="544" HPOS="472"/>
							<String ID="string_62" HPOS="487" VPOS="544" WIDTH="126" HEIGHT="28" WC="0.92" CONTENT="förslagsvis"/><SP WIDTH="34" VPOS="544" HPOS="613"/>
							<String ID="string_63" HPOS="647" VPOS="562" WIDTH="4" HEIGHT="4" WC="0.79" CONTENT="."/><SP WIDTH="31" VPOS="562" HPOS="651"/>
							<String ID="string_64" HPOS="682" VPOS="560" WIDTH="5" HEIGHT="5" WC="0.76" CONTENT="."/><SP WIDTH="31" VPOS="560" HPOS="687"/>
							<String ID="string_65" HPOS="718" VPOS="560" WIDTH="6" HEIGHT="6" WC="0.83" CONTENT="."/><SP WIDTH="31" VPOS="560" HPOS="724"/>
							<String ID="string_66" HPOS="755" VPOS="560" WIDTH="4" HEIGHT="6" WC="0.87" CONTENT="."/><SP WIDTH="48" VPOS="560" HPOS="759"/>
							<String ID="string_67" HPOS="807" VPOS="545" WIDTH="112" HEIGHT="26" WC="0.87" CONTENT="200,000:"/><SP WIDTH="15" VPOS="545" HPOS="919"/>
							<String ID="string_68" HPOS="934" VPOS="556" WIDTH="27" HEIGHT="2" WC="0.92" CONTENT="—"/>
						</TextLine>
						<TextLine ID="line_12" HPOS="387" VPOS="577" WIDTH="377" HEIGHT="29">
							<String ID="string_69" HPOS="387" VPOS="579" WIDTH="23" HEIGHT="24" WC="0.95" CONTENT="3)"/><SP WIDTH="16" VPOS="579" HPOS="410"/>
							<String ID="string_70" HPOS="426" VPOS="577" WIDTH="41" HEIGHT="22" WC="0.91" CONTENT="Till"/><SP WIDTH="13" VPOS="577" HPOS="467"/>
							<String ID="string_71" HPOS="480" VPOS="580" WIDTH="65" HEIGHT="20" WC="0.96" CONTENT="ränta"/><SP WIDTH="15" VPOS="580" HPOS="545"/>
							<String ID="string_72" HPOS="560" VPOS="578" WIDTH="37" HEIGHT="22" WC="0.93" CONTENT="och"/><SP WIDTH="15" VPOS="578" HPOS="597"/>
							<String ID="string_73" HPOS="612" VPOS="579" WIDTH="127" HEIGHT="27" WC="0.93" CONTENT="amortering"/><SP WIDTH="11" VPOS="579" HPOS="739"/>
							<String ID="string_74" HPOS="750" VPOS="579" WIDTH="14" HEIGHT="21" WC="0.82" CONTENT="ä"/>
						</TextLine>
						<TextLine ID="line_13" HPOS="316" VPOS="612" WIDTH="449" HEIGHT="28">
							<String ID="string_75" HPOS="316" VPOS="612" WIDTH="93" HEIGHT="22" WC="0.92" CONTENT="statslän"/><SP WIDTH="14" VPOS="612" HPOS="409"/>
							<String ID="string_76" HPOS="423" VPOS="612" WIDTH="34" HEIGHT="27" WC="0.93" CONTENT="för"/><SP WIDTH="10" VPOS="612" HPOS="457"/>
							<String ID="string_77" HPOS="467" VPOS="613" WIDTH="149" HEIGHT="27" WC="0.92" CONTENT="jernvägarne,"/><SP WIDTH="13" VPOS="613" HPOS="616"/>
							<String ID="string_78" HPOS="629" VPOS="615" WIDTH="31" HEIGHT="19" WC="0.93" CONTENT="att"/><SP WIDTH="9" VPOS="615" HPOS="660"/>
							<String ID="string_79" HPOS="669" VPOS="613" WIDTH="53" HEIGHT="27" WC="0.93" CONTENT="ingä"/><SP WIDTH="10" VPOS="613" HPOS="722"/>
							<String ID="string_80" HPOS="732" VPOS="612" WIDTH="33" HEIGHT="22" WC="0.96" CONTENT="till"/>
						</TextLine>
						<TextLine ID="line_14" HPOS="316" VPOS="646" WIDTH="646" HEIGHT="28">
							<String ID="string_81" HPOS="316" VPOS="646" WIDTH="268" HEIGHT="28" WC="0.85" CONTENT="kommunikationsfonden"/><SP WIDTH="30" VPOS="646" HPOS="584"/>
							<String ID="string_82" HPOS="614" VPOS="664" WIDTH="5" HEIGHT="5" WC="0.86" CONTENT="."/><SP WIDTH="31" VPOS="664" HPOS="619"/>
							<String ID="string_83" HPOS="650" VPOS="664" WIDTH="5" HEIGHT="5" WC="0.90" CONTENT="."/><SP WIDTH="31" VPOS="664" HPOS="655"/>
							<String ID="string_84" HPOS="686" VPOS="664" WIDTH="5" HEIGHT="5" WC="0.89" CONTENT="."/><SP WIDTH="67" VPOS="664" HPOS="691"/>
							<String ID="string_85" HPOS="758" VPOS="664" WIDTH="5" HEIGHT="5" WC="0.41" CONTENT="."/><SP WIDTH="25" VPOS="664" HPOS="763"/>
							<String ID="string_86" HPOS="788" VPOS="647" WIDTH="131" HEIGHT="27" WC="0.91" CONTENT="1,800,000:"/><SP WIDTH="15" VPOS="647" HPOS="919"/>
							<String ID="string_87" HPOS="934" VPOS="658" WIDTH="28" HEIGHT="4" WC="0.92" CONTENT="—"/>
						</TextLine>
						<TextLine ID="line_15" HPOS="384" VPOS="664" WIDTH="378" HEIGHT="44">
							<String ID="string_88" HPOS="384" VPOS="681" WIDTH="28" HEIGHT="26" WC="0.95" CONTENT="4)"/><SP WIDTH="16" VPOS="681" HPOS="412"/>
							<String ID="string_89" HPOS="428" VPOS="680" WIDTH="40" HEIGHT="22" WC="0.93" CONTENT="Till"/><SP WIDTH="9" VPOS="680" HPOS="468"/>
							<String ID="string_90" HPOS="477" VPOS="681" WIDTH="119" HEIGHT="27" WC="0.92" CONTENT="fördelming"/><SP WIDTH="8" VPOS="681" HPOS="596"/>
							<String ID="string_91" HPOS="604" VPOS="682" WIDTH="86" HEIGHT="21" WC="0.93" CONTENT="emellan"/><SP WIDTH="8" VPOS="682" HPOS="690"/>
							<String ID="string_92" HPOS="698" VPOS="664" WIDTH="64" HEIGHT="39" WC="0.25" CONTENT="sand"/>
						</TextLine>
						<TextLine ID="line_16" HPOS="319" VPOS="714" WIDTH="444" HEIGHT="29">
							<String ID="string_93" HPOS="319" VPOS="714" WIDTH="43" HEIGHT="28" WC="0.85" CONTENT="liga"/><SP WIDTH="22" VPOS="714" HPOS="362"/>
							<String ID="string_94" HPOS="384" VPOS="715" WIDTH="72" HEIGHT="22" WC="0.87" CONTENT="lands-"/><SP WIDTH="17" VPOS="715" HPOS="456"/>
							<String ID="string_95" HPOS="473" VPOS="715" WIDTH="35" HEIGHT="22" WC="0.93" CONTENT="och"/><SP WIDTH="15" VPOS="715" HPOS="508"/>
							<String ID="string_96" HPOS="523" VPOS="716" WIDTH="189" HEIGHT="27" WC="0.91" CONTENT="stadskommuner,"/><SP WIDTH="16" VPOS="716" HPOS="712"/>
							<String ID="string_97" HPOS="728" VPOS="723" WIDTH="35" HEIGHT="14" WC="0.93" CONTENT="en-"/>
						</TextLine>
						<TextLine ID="line_17" HPOS="319" VPOS="749" WIDTH="644" HEIGHT="28">
							<String ID="string_98" HPOS="319" VPOS="749" WIDTH="38" HEIGHT="27" WC="0.96" CONTENT="ligt"/><SP WIDTH="13" VPOS="749" HPOS="357"/>
							<String ID="string_99" HPOS="370" VPOS="756" WIDTH="81" HEIGHT="16" WC="0.96" CONTENT="samma"/><SP WIDTH="14" VPOS="756" HPOS="451"/>
							<String ID="string_100" HPOS="465" VPOS="750" WIDTH="72" HEIGHT="27" WC="0.95" CONTENT="grund"/><SP WIDTH="14" VPOS="750" HPOS="537"/>
							<String ID="string_101" HPOS="551" VPOS="757" WIDTH="45" HEIGHT="15" WC="0.93" CONTENT="som"/><SP WIDTH="14" VPOS="757" HPOS="596"/>
							<String ID="string_102" HPOS="610" VPOS="750" WIDTH="108" HEIGHT="22" WC="0.79" CONTENT="härintills"/><SP WIDTH="40" VPOS="750" HPOS="718"/>
							<String ID="string_103" HPOS="758" VPOS="766" WIDTH="5" HEIGHT="4" WC="0.83" CONTENT="."/><SP WIDTH="48" VPOS="766" HPOS="763"/>
							<String ID="string_104" HPOS="811" VPOS="751" WIDTH="110" HEIGHT="24" WC="0.89" CONTENT="400,000:"/><SP WIDTH="14" VPOS="751" HPOS="921"/>
							<String ID="string_105" HPOS="935" VPOS="761" WIDTH="28" HEIGHT="3" WC="0.92" CONTENT="—"/>
						</TextLine>
						<TextLine ID="line_18" HPOS="617" VPOS="789" WIDTH="344" HEIGHT="28">
							<String ID="string_106" HPOS="617" VPOS="789" WIDTH="88" HEIGHT="23" WC="0.96" CONTENT="Summa"/><SP WIDTH="15" VPOS="789" HPOS="705"/>
							<String ID="string_107" HPOS="720" VPOS="790" WIDTH="43" HEIGHT="27" WC="0.55" CONTENT="Fig"/><SP WIDTH="24" VPOS="790" HPOS="763"/>
							<String ID="string_108" HPOS="787" VPOS="792" WIDTH="133" HEIGHT="25" WC="0.91" CONTENT="3,060,000:"/><SP WIDTH="15" VPOS="792" HPOS="920"/>
							<String ID="string_109" HPOS="935" VPOS="802" WIDTH="26" HEIGHT="2" WC="0.90" CONTENT="—"/>
						</TextLine>
					</TextBlock>
				</ComposedBlock>
				<ComposedBlock ID="cblock_2" HPOS="213" VPOS="846" WIDTH="756" HEIGHT="62">
					<TextBlock ID="block_2" HPOS="213" VPOS="846" WIDTH="756" HEIGHT="62">
						<TextLine ID="line_19" HPOS="282" VPOS="846" WIDTH="687" HEIGHT="29">
							<String ID="string_110" HPOS="282" VPOS="846" WIDTH="62" HEIGHT="22" WC="0.91" CONTENT="Hvad"/><SP WIDTH="17" VPOS="846" HPOS="344"/>
							<String ID="string_111" HPOS="361" VPOS="846" WIDTH="122" HEIGHT="22" WC="0.89" CONTENT="derutöfver"/><SP WIDTH="15" VPOS="846" HPOS="483"/>
							<String ID="string_112" HPOS="498" VPOS="846" WIDTH="85" HEIGHT="29" WC="0.88" CONTENT="inflyter"/><SP WIDTH="14" VPOS="846" HPOS="583"/>
							<String ID="string_113" HPOS="597" VPOS="854" WIDTH="77" HEIGHT="20" WC="0.93" CONTENT="genom"/><SP WIDTH="16" VPOS="854" HPOS="674"/>
							<String ID="string_114" HPOS="690" VPOS="847" WIDTH="164" HEIGHT="27" WC="0.92" CONTENT="ifrägavarande"/><SP WIDTH="15" VPOS="847" HPOS="854"/>
							<String ID="string_115" HPOS="869" VPOS="848" WIDTH="59" HEIGHT="21" WC="0.92" CONTENT="skatt"/><SP WIDTH="10" VPOS="848" HPOS="928"/>
							<String ID="string_116" HPOS="938" VPOS="847" WIDTH="31" HEIGHT="21" WC="0.92" CONTENT="in-"/>
						</TextLine>
						<TextLine ID="line_20" HPOS="213" VPOS="880" WIDTH="474" HEIGHT="28">
							<String ID="string_117" HPOS="213" VPOS="880" WIDTH="39" HEIGHT="27" WC="0.93" CONTENT="gär"/><SP WIDTH="12" VPOS="880" HPOS="252"/>
							<String ID="string_118" HPOS="264" VPOS="880" WIDTH="80" HEIGHT="28" WC="0.90" CONTENT="jemväl"/><SP WIDTH="15" VPOS="880" HPOS="344"/>
							<String ID="string_119" HPOS="359" VPOS="881" WIDTH="32" HEIGHT="21" WC="0.92" CONTENT="uti"/><SP WIDTH="15" VPOS="881" HPOS="391"/>
							<String ID="string_120" HPOS="406" VPOS="881" WIDTH="281" HEIGHT="23" WC="0.92" CONTENT="kommunikationsfonden."/>
						</TextLine>
					</TextBlock>
				</ComposedBlock>
				<ComposedBlock ID="cblock_3" HPOS="211" VPOS="1024" WIDTH="761" HEIGHT="411">
					<TextBlock ID="block_3" HPOS="580" VPOS="1024" WIDTH="27" HEIGHT="24">
						<TextLine ID="line_21" HPOS="580" VPOS="1024" WIDTH="27" HEIGHT="24">
							<String ID="string_121" HPOS="580" VPOS="1024" WIDTH="27" HEIGHT="24" WC="0.83" CONTENT="V."/>
						</TextLine>
					</TextBlock>
					<TextBlock ID="block_4" HPOS="211" VPOS="1064" WIDTH="761" HEIGHT="132">
						<TextLine ID="line_22" HPOS="282" VPOS="1064" WIDTH="688" HEIGHT="28">
							<String ID="string_122" HPOS="282" VPOS="1064" WIDTH="155" HEIGHT="28" WC="0.92" CONTENT="Uppgörandet"/><SP WIDTH="15" VPOS="1064" HPOS="437"/>
							<String ID="string_123" HPOS="452" VPOS="1065" WIDTH="23" HEIGHT="22" WC="0.93" CONTENT="af"/><SP WIDTH="12" VPOS="1065" HPOS="475"/>
							<String ID="string_124" HPOS="487" VPOS="1065" WIDTH="287" HEIGHT="22" WC="0.92" CONTENT="kommunikationsfondens"/><SP WIDTH="11" VPOS="1065" HPOS="774"/>
							<String ID="string_125" HPOS="785" VPOS="1064" WIDTH="83" HEIGHT="28" WC="0.96" CONTENT="budget"/><SP WIDTH="9" VPOS="1064" HPOS="868"/>
							<String ID="string_126" HPOS="877" VPOS="1064" WIDTH="33" HEIGHT="22" WC="0.93" CONTENT="för"/><SP WIDTH="8" VPOS="1064" HPOS="910"/>
							<String ID="string_127" HPOS="918" VPOS="1064" WIDTH="52" HEIGHT="22" WC="0.91" CONTENT="ären"/>
						</TextLine>
						<TextLine ID="line_23" HPOS="214" VPOS="1098" WIDTH="758" HEIGHT="28">
							<String ID="string_128" HPOS="214" VPOS="1100" WIDTH="141" HEIGHT="21" WC="0.93" CONTENT="1883—1885"/><SP WIDTH="18" VPOS="1100" HPOS="355"/>
							<String ID="string_129" HPOS="373" VPOS="1099" WIDTH="69" HEIGHT="27" WC="0.93" CONTENT="beror,"/><SP WIDTH="16" VPOS="1099" HPOS="442"/>
							<String ID="string_130" HPOS="458" VPOS="1100" WIDTH="56" HEIGHT="21" WC="0.92" CONTENT="hvad"/><SP WIDTH="16" VPOS="1100" HPOS="514"/>
							<String ID="string_131" HPOS="530" VPOS="1100" WIDTH="147" HEIGHT="22" WC="0.88" CONTENT="inkomsterna"/><SP WIDTH="7" VPOS="1100" HPOS="677"/>
							<String ID="string_132" HPOS="684" VPOS="1099" WIDTH="74" HEIGHT="27" WC="0.92" CONTENT="angär,"/><SP WIDTH="9" VPOS="1099" HPOS="758"/>
							<String ID="string_133" HPOS="767" VPOS="1098" WIDTH="134" HEIGHT="28" WC="0.93" CONTENT="väsentligen"/><SP WIDTH="9" VPOS="1098" HPOS="901"/>
							<String ID="string_134" HPOS="910" VPOS="1098" WIDTH="62" HEIGHT="22" WC="0.92" CONTENT="deraf"/>
						</TextLine>
						<TextLine ID="line_24" HPOS="211" VPOS="1132" WIDTH="758" HEIGHT="28">
							<String ID="string_135" HPOS="211" VPOS="1132" WIDTH="58" HEIGHT="22" WC="0.93" CONTENT="huru"/><SP WIDTH="14" VPOS="1132" HPOS="269"/>
							<String ID="string_136" HPOS="283" VPOS="1133" WIDTH="54" HEIGHT="27" WC="0.93" CONTENT="högt"/><SP WIDTH="19" VPOS="1133" HPOS="337"/>
							<String ID="string_137" HPOS="356" VPOS="1133" WIDTH="201" HEIGHT="23" WC="0.91" CONTENT="bränvinsskattens"/><SP WIDTH="17" VPOS="1133" HPOS="557"/>
							<String ID="string_138" HPOS="574" VPOS="1134" WIDTH="40" HEIGHT="22" WC="0.96" CONTENT="och"/><SP WIDTH="17" VPOS="1134" HPOS="614"/>
							<String ID="string_139" HPOS="631" VPOS="1134" WIDTH="26" HEIGHT="22" WC="0.93" CONTENT="de"/><SP WIDTH="15" VPOS="1134" HPOS="657"/>
							<String ID="string_140" HPOS="672" VPOS="1133" WIDTH="84" HEIGHT="27" WC="0.93" CONTENT="färdiga"/><SP WIDTH="13" VPOS="1133" HPOS="756"/>
							<String ID="string_141" HPOS="769" VPOS="1133" WIDTH="154" HEIGHT="27" WC="0.92" CONTENT="jernvägarnas"/><SP WIDTH="16" VPOS="1133" HPOS="923"/>
							<String ID="string_142" HPOS="939" VPOS="1132" WIDTH="30" HEIGHT="22" WC="0.92" CONTENT="af-"/>
						</TextLine>
						<TextLine ID="line_25" HPOS="211" VPOS="1166" WIDTH="318" HEIGHT="30">
							<String ID="string_143" HPOS="211" VPOS="1166" WIDTH="103" HEIGHT="28" WC="0.92" CONTENT="kastning"/><SP WIDTH="13" VPOS="1166" HPOS="314"/>
							<String ID="string_144" HPOS="327" VPOS="1168" WIDTH="108" HEIGHT="22" WC="0.93" CONTENT="beräknas"/><SP WIDTH="15" VPOS="1168" HPOS="435"/>
							<String ID="string_145" HPOS="450" VPOS="1169" WIDTH="79" HEIGHT="27" WC="0.92" CONTENT="uppgä."/>
						</TextLine>
					</TextBlock>
					<TextBlock ID="block_5" HPOS="211" VPOS="1201" WIDTH="760" HEIGHT="234">
						<TextLine ID="line_26" HPOS="281" VPOS="1201" WIDTH="688" HEIGHT="29">
							<String ID="string_146" HPOS="281" VPOS="1201" WIDTH="34" HEIGHT="22" WC="0.93" CONTENT="Dä"/><SP WIDTH="22" VPOS="1201" HPOS="315"/>
							<String ID="string_147" HPOS="337" VPOS="1202" WIDTH="102" HEIGHT="28" WC="0.95" CONTENT="beloppet"/><SP WIDTH="23" VPOS="1202" HPOS="439"/>
							<String ID="string_148" HPOS="462" VPOS="1202" WIDTH="23" HEIGHT="22" WC="0.93" CONTENT="af"/><SP WIDTH="21" VPOS="1202" HPOS="485"/>
							<String ID="string_149" HPOS="506" VPOS="1202" WIDTH="124" HEIGHT="22" WC="0.92" CONTENT="tillverkadt"/><SP WIDTH="14" VPOS="1202" HPOS="630"/>
							<String ID="string_150" HPOS="644" VPOS="1202" WIDTH="90" HEIGHT="22" WC="0.92" CONTENT="bränvin"/><SP WIDTH="20" VPOS="1202" HPOS="734"/>
							<String ID="string_151" HPOS="754" VPOS="1202" WIDTH="69" HEIGHT="21" WC="0.96" CONTENT="under"/><SP WIDTH="17" VPOS="1202" HPOS="823"/>
							<String ID="string_152" HPOS="840" VPOS="1201" WIDTH="26" HEIGHT="22" WC="0.93" CONTENT="de"/><SP WIDTH="16" VPOS="1201" HPOS="866"/>
							<String ID="string_153" HPOS="882" VPOS="1202" WIDTH="87" HEIGHT="20" WC="0.93" CONTENT="senaste"/>
						</TextLine>
						<TextLine ID="line_27" HPOS="213" VPOS="1234" WIDTH="757" HEIGHT="30">
							<String ID="string_154" HPOS="213" VPOS="1234" WIDTH="51" HEIGHT="22" WC="0.92" CONTENT="ären"/><SP WIDTH="15" VPOS="1234" HPOS="264"/>
							<String ID="string_155" HPOS="279" VPOS="1235" WIDTH="57" HEIGHT="22" WC="0.93" CONTENT="visat"/><SP WIDTH="15" VPOS="1235" HPOS="336"/>
							<String ID="string_156" HPOS="351" VPOS="1236" WIDTH="101" HEIGHT="27" WC="0.92" CONTENT="temligen"/><SP WIDTH="16" VPOS="1236" HPOS="452"/>
							<String ID="string_157" HPOS="468" VPOS="1238" WIDTH="61" HEIGHT="20" WC="0.93" CONTENT="stora"/><SP WIDTH="14" VPOS="1238" HPOS="529"/>
							<String ID="string_158" HPOS="543" VPOS="1236" WIDTH="108" HEIGHT="28" WC="0.92" CONTENT="vexlingar"/><SP WIDTH="15" VPOS="1236" HPOS="651"/>
							<String ID="string_159" HPOS="666" VPOS="1236" WIDTH="49" HEIGHT="22" WC="0.93" CONTENT="med"/><SP WIDTH="15" VPOS="1236" HPOS="715"/>
							<String ID="string_160" HPOS="730" VPOS="1236" WIDTH="92" HEIGHT="22" WC="0.93" CONTENT="tendens"/><SP WIDTH="9" VPOS="1236" HPOS="822"/>
							<String ID="string_161" HPOS="831" VPOS="1237" WIDTH="33" HEIGHT="20" WC="0.92" CONTENT="att"/><SP WIDTH="7" VPOS="1237" HPOS="864"/>
							<String ID="string_162" HPOS="871" VPOS="1235" WIDTH="58" HEIGHT="21" WC="0.92" CONTENT="hälla"/><SP WIDTH="8" VPOS="1235" HPOS="929"/>
							<String ID="string_163" HPOS="937" VPOS="1235" WIDTH="33" HEIGHT="27" WC="0.97" CONTENT="sig"/>
						</TextLine>
						<TextLine ID="line_28" HPOS="211" VPOS="1269" WIDTH="760" HEIGHT="29">
							<String ID="string_164" HPOS="211" VPOS="1269" WIDTH="69" HEIGHT="27" WC="0.92" CONTENT="nägot"/><SP WIDTH="15" VPOS="1269" HPOS="280"/>
							<String ID="string_165" HPOS="295" VPOS="1270" WIDTH="66" HEIGHT="27" WC="0.96" CONTENT="lägre,"/><SP WIDTH="16" VPOS="1270" HPOS="361"/>
							<String ID="string_166" HPOS="377" VPOS="1272" WIDTH="27" HEIGHT="20" WC="0.96" CONTENT="än"/><SP WIDTH="15" VPOS="1272" HPOS="404"/>
							<String ID="string_167" HPOS="419" VPOS="1271" WIDTH="69" HEIGHT="21" WC="0.96" CONTENT="under"/><SP WIDTH="16" VPOS="1271" HPOS="488"/>
							<String ID="string_168" HPOS="504" VPOS="1271" WIDTH="41" HEIGHT="21" WC="0.93" CONTENT="den"/><SP WIDTH="14" VPOS="1271" HPOS="545"/>
							<String ID="string_169" HPOS="559" VPOS="1271" WIDTH="131" HEIGHT="27" WC="0.92" CONTENT="föregäende"/><SP WIDTH="10" VPOS="1271" HPOS="690"/>
							<String ID="string_170" HPOS="700" VPOS="1270" WIDTH="68" HEIGHT="27" WC="0.93" CONTENT="tiden,"/><SP WIDTH="9" VPOS="1270" HPOS="768"/>
							<String ID="string_171" HPOS="777" VPOS="1269" WIDTH="64" HEIGHT="23" WC="0.93" CONTENT="hafva"/><SP WIDTH="8" VPOS="1269" HPOS="841"/>
							<String ID="string_172" HPOS="849" VPOS="1269" WIDTH="122" HEIGHT="22" WC="0.92" CONTENT="Ständerna"/>
						</TextLine>
						<TextLine ID="line_29" HPOS="212" VPOS="1303" WIDTH="758" HEIGHT="29">
							<String ID="string_173" HPOS="212" VPOS="1306" WIDTH="75" HEIGHT="19" WC="0.92" CONTENT="ansett"/><SP WIDTH="21" VPOS="1306" HPOS="287"/>
							<String ID="string_174" HPOS="308" VPOS="1304" WIDTH="165" HEIGHT="28" WC="0.90" CONTENT="försigtigheten"/><SP WIDTH="23" VPOS="1304" HPOS="473"/>
							<String ID="string_175" HPOS="496" VPOS="1305" WIDTH="72" HEIGHT="22" WC="0.96" CONTENT="fordra"/><SP WIDTH="19" VPOS="1305" HPOS="568"/>
							<String ID="string_176" HPOS="587" VPOS="1307" WIDTH="34" HEIGHT="20" WC="0.93" CONTENT="att"/><SP WIDTH="17" VPOS="1307" HPOS="621"/>
							<String ID="string_177" HPOS="638" VPOS="1305" WIDTH="48" HEIGHT="21" WC="0.96" CONTENT="icke"/><SP WIDTH="16" VPOS="1305" HPOS="686"/>
							<String ID="string_178" HPOS="702" VPOS="1306" WIDTH="80" HEIGHT="25" WC="0.96" CONTENT="antaga"/><SP WIDTH="16" VPOS="1306" HPOS="782"/>
							<String ID="string_179" HPOS="798" VPOS="1306" WIDTH="32" HEIGHT="20" WC="0.97" CONTENT="ett"/><SP WIDTH="15" VPOS="1306" HPOS="830"/>
							<String ID="string_180" HPOS="845" VPOS="1304" WIDTH="67" HEIGHT="26" WC="0.93" CONTENT="högre"/><SP WIDTH="15" VPOS="1304" HPOS="912"/>
							<String ID="string_181" HPOS="927" VPOS="1303" WIDTH="43" HEIGHT="21" WC="0.84" CONTENT="till-"/>
						</TextLine>
						<TextLine ID="line_30" HPOS="211" VPOS="1337" WIDTH="760" HEIGHT="29">
							<String ID="string_182" HPOS="211" VPOS="1338" WIDTH="203" HEIGHT="28" WC="0.90" CONTENT="verkningsbelopp,"/><SP WIDTH="17" VPOS="1338" HPOS="414"/>
							<String ID="string_183" HPOS="431" VPOS="1342" WIDTH="26" HEIGHT="19" WC="0.93" CONTENT="än"/><SP WIDTH="16" VPOS="1342" HPOS="457"/>
							<String ID="string_184" HPOS="473" VPOS="1340" WIDTH="125" HEIGHT="21" WC="0.96" CONTENT="medeltalet"/><SP WIDTH="9" VPOS="1340" HPOS="598"/>
							<String ID="string_185" HPOS="607" VPOS="1339" WIDTH="33" HEIGHT="23" WC="0.93" CONTENT="för"/><SP WIDTH="15" VPOS="1339" HPOS="640"/>
							<String ID="string_186" HPOS="655" VPOS="1339" WIDTH="53" HEIGHT="22" WC="0.93" CONTENT="åren"/><SP WIDTH="17" VPOS="1339" HPOS="708"/>
							<String ID="string_187" HPOS="725" VPOS="1340" WIDTH="148" HEIGHT="24" WC="0.84" CONTENT="1878—1880,"/><SP WIDTH="15" VPOS="1340" HPOS="873"/>
							<String ID="string_188" HPOS="888" VPOS="1337" WIDTH="83" HEIGHT="22" WC="0.95" CONTENT="hvilket"/>
						</TextLine>
						<TextLine ID="line_31" HPOS="211" VPOS="1371" WIDTH="758" HEIGHT="29">
							<String ID="string_189" HPOS="211" VPOS="1372" WIDTH="83" HEIGHT="27" WC="0.96" CONTENT="utgjort"/><SP WIDTH="23" VPOS="1372" HPOS="294"/>
							<String ID="string_190" HPOS="317" VPOS="1374" WIDTH="97" HEIGHT="26" WC="0.93" CONTENT="omkring"/><SP WIDTH="22" VPOS="1374" HPOS="414"/>
							<String ID="string_191" HPOS="436" VPOS="1375" WIDTH="113" HEIGHT="25" WC="0.90" CONTENT="3,200,000"/><SP WIDTH="23" VPOS="1375" HPOS="549"/>
							<String ID="string_192" HPOS="572" VPOS="1374" WIDTH="89" HEIGHT="21" WC="0.95" CONTENT="kannor."/><SP WIDTH="31" VPOS="1374" HPOS="661"/>
							<String ID="string_193" HPOS="692" VPOS="1373" WIDTH="34" HEIGHT="21" WC="0.96" CONTENT="Då"/><SP WIDTH="22" VPOS="1373" HPOS="726"/>
							<String ID="string_194" HPOS="748" VPOS="1373" WIDTH="88" HEIGHT="21" WC="0.93" CONTENT="skatten"/><SP WIDTH="14" VPOS="1373" HPOS="836"/>
							<String ID="string_195" HPOS="850" VPOS="1371" WIDTH="119" HEIGHT="23" WC="0.80" CONTENT="bibehälles"/>
						</TextLine>
						<TextLine ID="line_32" HPOS="212" VPOS="1406" WIDTH="758" HEIGHT="29">
							<String ID="string_196" HPOS="212" VPOS="1406" WIDTH="35" HEIGHT="22" WC="0.96" CONTENT="vid"/><SP WIDTH="16" VPOS="1406" HPOS="247"/>
							<String ID="string_197" HPOS="263" VPOS="1407" WIDTH="38" HEIGHT="21" WC="0.96" CONTENT="det"/><SP WIDTH="14" VPOS="1407" HPOS="301"/>
							<String ID="string_198" HPOS="315" VPOS="1408" WIDTH="124" HEIGHT="22" WC="0.96" CONTENT="nuvarande"/><SP WIDTH="15" VPOS="1408" HPOS="439"/>
							<String ID="string_199" HPOS="454" VPOS="1408" WIDTH="103" HEIGHT="27" WC="0.96" CONTENT="beloppet"/><SP WIDTH="16" VPOS="1408" HPOS="557"/>
							<String ID="string_200" HPOS="573" VPOS="1408" WIDTH="51" HEIGHT="22" WC="0.96" CONTENT="eller"/><SP WIDTH="17" VPOS="1408" HPOS="624"/>
							<String ID="string_201" HPOS="641" VPOS="1410" WIDTH="9" HEIGHT="19" WC="0.95" CONTENT="1"/><SP WIDTH="18" VPOS="1410" HPOS="650"/>
							<String ID="string_202" HPOS="668" VPOS="1408" WIDTH="61" HEIGHT="21" WC="0.96" CONTENT="mark"/><SP WIDTH="9" VPOS="1408" HPOS="729"/>
							<String ID="string_203" HPOS="738" VPOS="1408" WIDTH="27" HEIGHT="20" WC="0.93" CONTENT="20"/><SP WIDTH="9" VPOS="1408" HPOS="765"/>
							<String ID="string_204" HPOS="774" VPOS="1406" WIDTH="64" HEIGHT="28" WC="0.92" CONTENT="penni"/><SP WIDTH="8" VPOS="1406" HPOS="838"/>
							<String ID="string_205" HPOS="846" VPOS="1412" WIDTH="39" HEIGHT="21" WC="0.96" CONTENT="per"/><SP WIDTH="8" VPOS="1412" HPOS="885"/>
							<String ID="string_206" HPOS="893" VPOS="1406" WIDTH="77" HEIGHT="25" WC="0.96" CONTENT="kanna,"/>
						</TextLine>
					</TextBlock>
				</ComposedBlock>
			</PrintSpace>
		</Page>
	</Layout>
</alto>
