1017 1670
294 143 19 19 U.
330 143 18 20 B.
365 154 27 3 —
409 143 52 24 Prop.
478 143 30 21 N:o
523 143 32 20 36.

259 387 168 29 Lagutskottets
445 388 86 29 förslag
546 388 35 23 till
597 389 211 28 sammanjemkning

188 422 25 22 af
226 422 27 22 de
265 422 133 28 skiljaktiga
413 422 80 29 beslut,
508 423 8 22 i
526 423 77 22 hvilka
614 422 93 24 ständen
718 423 91 23 stannat

188 457 36 21 vid
243 456 163 29 behandlingen
429 457 26 23 af
470 458 58 22 Hans
550 458 126 28 Kejserliga
694 458 114 29 Majestäts

188 491 83 29 nädiga
295 492 137 28 proposition
455 498 33 16 om
511 492 126 29 antagande
659 492 26 22 af
702 492 107 28 strafflag

189 526 37 22 för
240 526 73 23 finska
328 526 119 23 militären.

120 591 90 21 Jemlikt
224 591 153 27 Lagutskottet
392 591 45 21 från
450 591 93 22 Ständen
561 592 184 21 tillhandakomna
759 597 50 22 pro-

53 625 159 27 tokollsutdrag
232 628 24 18 är
276 626 39 21 den
335 625 33 22 för
386 626 167 22 Ständerbeslut
570 626 7 21 i
597 626 60 21 detta
677 626 80 22 ärende
777 632 32 15 er-

52 659 116 27 forderliga
184 660 110 26 pluralitet
306 666 84 16 vunnen
401 660 6 22 i
419 660 68 27 öfriga
497 661 66 26 delar,
574 660 92 22 förutom
677 660 134 22 beträffande

56 694 148 28 efterföljande
219 694 134 28 paragrafer:

358 752 15 28 $
389 754 41 20 119
445 753 67 26 (129).

123 786 157 28 Ridderskapet
301 787 36 21 och
355 787 69 21 Adeln
443 787 40 21 har
501 788 7 21 i
528 788 75 21 stället
622 787 33 22 för
674 788 41 20 den
733 787 22 21 af
774 787 38 21 Ut-

56 822 83 21 skottet
154 822 123 26 föreslagna
292 822 11 27 &
316 824 39 19 119
371 822 84 27 antagit
469 822 151 22 motsvarande
635 822 11 27 $
659 824 39 19 122
714 822 6 21 i
735 822 79 26 nådiga

56 856 168 27 propositionen.

126 891 163 22 Prestaständet
300 891 39 22 har
350 892 97 26 godkänt
457 892 133 27 paragrafen,
608 892 67 21 sädan
691 892 125 21 densamma

57 925 23 22 af
93 926 115 22 Utskottet
223 926 128 27 föreslagits.

126 961 184 27 Borgareständet
325 961 44 26 har,
390 961 49 22 med
459 961 156 27 godkännande
631 961 23 22 af
666 960 127 28 paragrafen
809 960 7 21 i

58 995 64 28 öfrigt
138 996 67 27 enligt
220 996 125 21 Utskottets
356 995 87 28 förslag,
455 996 90 21 beslutit
555 998 33 19 att
599 998 77 25 antaga
687 995 131 27 stadgandet

80 1031 55 21 sista
150 1032 118 20 momentet
288 1031 79 21 sådant
385 1031 38 21 det
440 1031 61 27 lyder
519 1031 7 21 i
543 1031 150 22 motsvarande
713 1031 10 27 $
741 1032 40 19 122
798 1029 22 22 af

58 1065 80 27 nädiga
153 1065 168 27 propositionen.

128 1099 164 22 Bondeständet
310 1100 39 21 har
367 1101 89 20 stannat
478 1100 7 21 i
508 1100 44 21 lika
571 1100 72 22 beslut
665 1100 48 21 med
732 1100 86 21 Presta-

60 1135 95 22 ständet.

129 1169 33 22 Då
187 1171 53 20 1877
265 1170 35 21 års
324 1169 102 27 strafflag
448 1169 32 22 för
503 1170 42 21 den
565 1169 70 22 finska
649 1169 107 22 militären
772 1168 48 21 icke

60 1205 88 26 stadgar
160 1203 119 22 dödsstraff
287 1204 32 21 för
330 1204 68 22 sådan
409 1204 136 27 förbrytelse,
557 1210 46 15 som
615 1204 30 21 uti
656 1202 164 29 ifrågavarande

58 1239 102 28 paragraf
183 1238 143 27 omförmäles,
352 1239 40 21 och
418 1239 42 21 den
484 1239 79 27 nådiga
587 1238 180 28 propositionens,
798 1237 25 21 af

61 1274 160 26 Ridderskapet
242 1273 39 22 och
296 1273 71 22 Adeln
388 1275 56 19 samt
459 1273 184 27 Borgareståndet
660 1272 116 27 godkända
790 1271 32 27 ly-

62 1309 59 21 delse
136 1308 33 22 för
183 1308 54 21 sista
247 1310 120 19 momentet
381 1308 22 21 af
418 1308 66 27 sagde
500 1307 102 28 paragraf
615 1307 84 21 säledes
716 1308 106 23 närmare,

62 1345 27 19 än
113 1343 41 22 den
177 1342 23 22 af
215 1343 113 21 Utskottet
351 1342 128 27 föreslagna,
503 1342 202 22 öfverensstämmer
723 1341 50 21 med
794 1346 29 15 nu

62 1378 100 28 gällande
177 1377 135 27 lagstiftning
327 1377 7 21 i
349 1379 79 25 ämnet,
445 1377 25 21 sä
484 1377 125 21 hemställes
625 1376 116 26 vördsamt,

235 1426 31 19 att
282 1423 85 22 Presta-
384 1423 36 22 och
435 1423 167 21 Bondeständen
617 1423 53 27 ville,
685 1423 8 21 i
703 1422 63 22 likhet
776 1421 47 21 med

166 1458 26 22 de
215 1459 35 21 två
270 1458 69 27 öfriga
354 1458 98 26 stånden,
469 1460 78 25 antaga
564 1458 34 27 för
616 1458 53 21 sista
688 1458 111 20 momentet
814 1462 7 20 1

133 1498 76 23 Bihang
222 1498 30 18 till
265 1498 140 22 Lagutskoitets
418 1497 117 18 betänkande
548 1498 35 17 N:o
595 1498 16 17 8.
