1020 1670
222 123 28 21 28

417 122 65 26 Ständ.
498 123 29 25 Sv.
542 136 29 3 —
585 123 54 31 Prop.
653 123 30 25 N:o
699 122 29 25 86.

327 192 56 28 från
399 193 38 21 den
454 193 49 27 dag,
518 193 29 20 dä
562 192 116 28 mönstring
694 192 50 22 eller
758 192 137 28 granskning,
915 192 34 20 vid

332 226 80 22 hvilken
434 227 136 28 förbrytelsen
601 228 79 20 kunnat
711 227 137 29 uppenbaras,
878 226 71 29 blifvit

332 260 102 29 afslutad.

601 359 13 18 6
628 360 54 21 Kap.

359 420 37 24 Om
412 421 113 29 förräderi,
542 422 164 24 blottställande
722 422 22 23 af
759 421 142 30 krigsmakten
917 422 5 23 i

546 462 46 29 fält,
608 463 40 23 och
663 462 81 29 feghet.

608 537 15 28 $
641 537 36 21 44.

405 575 45 21 Gör
464 576 105 28 krigsman
585 578 66 21 under
673 577 89 28 krigstid
777 578 31 27 sig
822 575 81 30 skyldig
919 576 33 21 till

333 610 116 26 förräderi,
465 612 65 20 varde
546 612 53 28 efter
615 612 80 21 allmän
711 612 32 28 lag
758 612 84 25 ansedd,
857 610 90 30 säframt

334 644 99 21 särskildt
448 653 78 13 ansvar
541 646 70 28 derför
625 646 40 21 här
681 647 69 20 nedan
765 646 21 27 ej
804 646 64 24 finnes
884 649 68 17 utsatt.

610 722 16 24 $
641 720 36 22 45.

408 754 125 34 Öfverlöper
549 760 107 28 krigsman
674 760 32 21 till
720 761 98 28 fienden;
840 761 66 20 dömes
922 760 32 21 till

336 793 114 28 dödsstraff
462 794 50 21 eller
528 794 83 22 tukthus
623 796 31 27 pä
670 795 75 28 lifstid.
773 794 65 22 Söker
852 794 40 22 han
902 794 49 29 begå

335 828 76 20 sådant
427 828 61 27 brott,
504 836 44 13 men
565 830 76 20 varder
657 830 98 27 derifrån
771 829 104 26 hindrad;
889 830 64 27 straf-

332 861 35 28 fes
382 862 47 21 med
445 862 82 21 tukthus
540 864 52 26 från
607 863 36 21 och
657 864 48 20 med
718 863 54 28 fyra
796 863 30 21 till
849 863 36 21 och
907 864 47 20 med

338 896 26 20 tio
380 897 31 20 år.

611 943 16 28 $
641 943 37 21 46.

406 981 69 25 Hvar,
496 990 45 13 som
556 983 8 20 i
582 983 48 27 fält,
653 984 8 20 i
676 983 66 28 afsigt
765 986 29 18 att
817 983 136 28 understödja

337 1015 48 21 eller
399 1024 69 20 gynna
479 1016 92 29 fienden,

405 1051 24 27 a)
443 1051 9 20 i
460 1051 99 29 fiendens
583 1052 50 20 våld
654 1052 89 27 bringar
765 1052 108 28 krigsfolk,
895 1052 56 25 stad,

336 1084 67 23 hamn,
415 1086 105 28 fästning,
536 1086 67 25 skans,
625 1094 50 20 pass
691 1080 47 39 eller
753 1093 72 14 annan
844 1086 111 29 försvars-

332 1122 57 24 post,
405 1119 126 31 örlogsskepp
545 1117 52 25 eller
611 1123 78 26 fartyg,
705 1121 77 27 tyghus,
799 1123 101 25 magasin,
919 1128 36 14 va-

333 1160 44 20 pen
392 1153 48 22 eller
456 1155 129 26 munförråd,
601 1156 118 27 krigskassa
734 1154 47 23 eller
792 1159 68 17 annat
875 1155 82 29 dylikt
950 1149 11 39 ;

406 1188 21 26 b)
441 1189 87 27 förstör]
543 1189 48 21 eller
611 1190 129 28 förderjvar
766 1191 61 27 något
850 1191 23 25 af
899 1190 56 21 hvad

336 1222 67 21 under
418 1231 60 13 mom.
495 1224 24 26 a)
534 1227 85 18 nämnes
635 1224 46 21 eller
697 1225 36 20 ock
748 1224 90 28 telegraf,
849 1224 104 28 fördäm-

337 1256 57 28 ning,
405 1257 101 28 jernväg,
522 1258 44 25 bro,
584 1258 63 29 färja
663 1258 50 21 eller
728 1261 66 18 annat
808 1258 145 21 kommunika-

336 1291 127 26 tionsmedel,
479 1291 47 22 eller
542 1292 149 29 krigsredskap
707 1292 35 21 och
764 1296 73 23 annat,
859 1299 44 14 som
913 1292 42 29 för

336 1325 150 28 krigsmaktens
500 1326 62 27 behof
574 1327 67 27 afsedt
656 1330 39 22 är;

406 1360 21 27 €)
442 1360 90 21 hindrar
546 1361 142 21 användande
707 1362 26 27 af
752 1360 98 31 krigsfolk
872 1361 83 30 mot
926 1356 32 39 fi-

337 1395 65 20 enden
419 1394 48 22 eller
484 1395 96 28 förleder
602 1396 34 21 det
659 1399 31 17 att
714 1395 31 21 til
761 1395 86 29 fienden
869 1396 84 29 öfvergä

337 1428 49 22 eller
403 1429 30 20 till
446 1437 83 20 uppror
545 1429 50 21 eller
611 1437 72 13 annan
700 1429 107 26 trolöshet;
