1034 1670
258 122 81 23 Ständ.
355 122 38 23 Sv.
409 134 26 4 —
452 122 65 28 Prop
532 122 41 22 N:o
588 122 35 22 37.
780 123 13 20 7

68 185 87 21 Eders
174 184 153 28 Kejserliga
347 184 122 28 Majestät
484 185 36 21 vid
536 184 68 22 skedd
618 184 135 28 underdånig
768 184 55 22 före-

68 219 106 27 dragning
190 218 25 22 af
227 220 97 25 ärendet,
339 220 49 20 med
403 219 102 22 afseende
521 220 52 20 derå
588 221 32 20 att
636 220 41 20 den
695 219 128 27 utvidgning

68 254 25 22 af
113 254 242 27 pensionsrättigheten,
378 254 89 21 hvarom
486 254 123 21 Ständerna
624 254 145 28 petitionerat,
785 254 37 28 på-

68 288 86 22 kallade
169 295 27 15 en
212 288 150 27 oberäkneligt
377 290 45 19 stor
435 288 117 28 tillökning
565 288 7 21 i
584 288 71 22 denna
669 288 154 28 pensionsstat,

68 323 34 21 för
124 322 80 23 hvilket
227 322 102 22 ändamål
352 322 123 22 Ständerna
496 322 48 22 icke
566 322 83 22 anvisat
664 323 68 27 några
747 322 76 26 medel,

68 356 71 22 täckts
154 357 7 21 i
176 358 69 20 nåder
259 356 109 26 förordna,
385 357 35 21 det
435 357 70 21 skulle
518 357 166 27 ifrågavarande
694 357 129 28 angelägen-

68 392 38 20 het
120 392 36 22 vid
171 393 72 20 denna
258 392 105 27 landtdag
378 391 122 28 föreläggas
515 392 123 21 Ständerna
648 392 7 20 i
666 392 158 27 sammanhang

69 426 48 21 med
132 425 69 28 öfriga
216 426 73 27 frågor
303 426 8 21 i
327 426 41 21 den
384 426 79 27 nådiga
479 426 134 27 proposition
626 427 112 26 angående
748 425 75 28 anslag

68 460 25 21 af
111 460 201 28 bevillningsmedel
333 460 34 21 för
390 460 217 27 folkskoleväsendet,
626 461 87 22 hvartill
729 461 94 21 Senaten

68 494 84 22 komme
168 497 33 20 att
215 496 100 27 uppgöra
330 495 87 28 förslag.

136 529 50 21 Med
201 529 102 21 afseende
318 529 53 21 härå
386 529 40 22 och
442 530 34 25 då,
492 530 71 21 såsom
579 530 6 20 i
602 530 79 27 nådiga
695 529 126 28 propositio-

69 570 41 14 nen
131 564 80 27 jemväl
233 564 134 26 framhålles,
391 565 114 21 städernas
528 564 209 26 folkskoleväsende,
760 564 63 21 äfven

69 598 133 22 beträffande
218 598 82 22 lärares
315 598 40 22 och
371 598 132 22 lärarinnors
518 599 134 21 tillsättande
668 599 40 21 och
721 598 104 32 aflöning,

68 632 121 23 oberoende
212 633 25 21 af
257 634 104 27 styrelsen
381 634 78 21 ordnas
475 634 24 21 af
512 633 223 27 stadskommunerna,
751 633 74 22 hvilka

68 667 70 22 likaså
159 668 120 21 bestämma
301 668 84 21 antalet
407 668 72 21 skolor
499 668 8 21 i
526 668 137 26 kommunen,
679 674 62 22 synes
756 667 69 22 första

68 704 70 26 steget
153 702 33 21 till
205 702 79 22 sakens
299 703 112 21 ordnande
425 710 53 14 vara
493 704 44 25 det,
552 704 32 20 att
600 702 223 26 stadskommunerna,

68 737 74 21 hvilka
157 744 113 20 omsorgen
287 744 34 14 om
337 738 26 21 de
378 738 7 20 i
401 738 110 22 desamma
526 738 102 21 anstälda
642 738 81 21 lärares
737 738 41 21 och
793 737 31 21 lä-

68 771 111 21 rarinnors
190 772 152 28 pensionering
352 772 7 21 i
369 772 91 22 främsta
470 775 92 19 rummet
574 772 86 28 åligger,
670 771 69 23 blefve
750 772 74 25 hörde,

68 806 106 22 huruvida
189 807 26 21 de
231 813 50 15 vore
292 806 72 28 villige
375 809 32 19 att
418 807 7 21 i
435 808 78 20 sådant
526 807 102 22 afseende
638 808 65 27 åtaga
713 807 32 27 sig
757 807 68 27 några

68 840 151 28 förpligtelser,
243 840 109 23 hvarefter
374 841 81 28 förslag
475 841 33 22 till
526 841 163 22 bestämmande
704 841 25 22 af
741 843 83 19 statens

68 874 210 29 bidragsskyldighet
301 875 72 22 kunde
388 877 109 26 uppgöras
513 877 40 21 och
569 876 254 21 nästsammanträdande

69 910 89 21 ständer
172 909 129 28 föreläggas.

136 945 9 20 I
161 943 53 29 följd
230 945 65 21 häraf
308 945 22 21 få
344 945 123 22 Ständerna
481 946 7 20 i
504 945 173 28 underdånighet
692 945 94 26 anhålla,

343 992 36 20 det
395 992 80 21 täcktes
492 992 84 21 Eders
596 992 154 28 Kejserliga
767 991 57 20 Ma-

271 1026 86 26 jestät
373 1026 46 21 låta
435 1026 96 21 inhemta
544 1026 227 21 stadskommunernas
782 1027 41 25 ytt-

273 1060 70 21 rande
358 1061 9 19 i
381 1060 56 21 hvad
452 1061 51 20 mån
519 1061 26 21 de
560 1067 48 15 vore
623 1061 73 27 villige
706 1063 32 18 att
749 1059 75 22 ikläda

274 1096 34 26 s'g
319 1094 153 28 förpligtelser
483 1094 41 28 för
534 1095 49 21 sina
590 1094 186 28 folkskollärares
787 1094 38 20 och

276 1129 139 21 lärarinnors
427 1130 157 27 pensionering
598 1132 56 18 samt
664 1129 48 21 med
722 1128 103 26 afseende

276 1164 52 20 derå
337 1165 98 27 uppgöra
445 1163 36 21 och
491 1163 259 22 nästsammanträdande
761 1162 62 21 Stän-

274 1198 38 20 der
325 1197 117 28 förelägga
453 1198 93 27 förslag
561 1204 32 14 om
605 1197 78 28 bidrag
695 1198 34 20 till
741 1203 83 15 samma

274 1232 105 20 ändamål
394 1232 30 27 af
434 1232 114 21 allmänna
564 1232 72 21 medel.

137 1276 105 22 Finlands
257 1277 93 22 Ständer
365 1277 126 22 framhärda
506 1279 40 20 etc.

136 1323 142 28 Helsingfors,
295 1325 41 20 den
352 1325 13 20 5
380 1324 53 21 Juni
448 1325 63 20 1882.

362 1434 29 1 SET
403 1426 46 18 BET
504 1433 28 2 FEN
