1014 1667
255 126 82 22 Ständ.
353 126 37 22 Sv.
406 138 27 4 —
449 126 72 28 Prop.
536 126 42 22 N:o
592 126 37 23 34.
780 126 13 20 3

69 193 34 20 att
114 190 84 28 erlägga
213 189 116 28 utskylder,
346 193 26 16 än
388 188 32 21 för
435 188 48 25 den,
499 196 45 13 som
559 188 93 27 åtnjuter
667 191 66 19 större
743 188 79 21 inkom-

70 229 48 20 ster,
133 226 32 19 att
179 225 75 26 utgöra
268 222 152 29 proportionelt
435 223 64 28 högre
514 223 62 21 skatt.
606 223 40 21 Ett
655 222 105 29 praktiskt
770 224 54 19 samt

71 258 100 29 derjemte
194 257 48 22 med
265 257 87 22 rättvisa
375 257 39 21 och
428 256 98 29 billighet
541 257 227 22 öfverensstämmande
783 258 41 20 sätt

70 295 31 20 att
116 292 94 29 afhjelpa
225 299 29 14 nu
270 291 92 28 antydda
376 291 53 22 brist
444 291 8 21 i
467 291 149 28 förordningen
632 291 23 22 af
663 291 40 22 den
713 292 13 21 8
736 291 88 22 Decem-

71 329 36 20 ber
123 327 55 22 1873
194 325 63 22 hafva
273 325 119 22 Ständerna
406 327 52 20 trott
472 325 32 28 sig
515 326 57 21 finna
582 325 51 26 deri,
644 327 31 20 att
684 325 26 22 de
720 333 104 21 personer,

70 361 84 22 hvilkas
177 361 127 22 årsinkomst
325 359 124 28 uppskattas
465 360 73 21 endast
553 360 33 21 till
601 362 30 19 ett
646 359 51 23 fåtal
711 359 113 25 skattören,

48 397 3 3 *
72 395 76 22 befrias
171 395 46 22 från
240 394 148 29 skyldigheten
411 396 31 19 att
456 394 86 28 bidraga
557 394 33 21 till
605 394 25 21 de
646 394 135 21 kommunala
795 395 30 19 ut-

72 430 113 28 skylderna
207 429 32 22 för
254 437 26 13 en
296 429 33 21 del
352 428 23 21 af
395 429 60 21 dessa
476 429 127 25 skatteören,
626 431 54 19 samt
694 430 31 20 att
739 427 87 22 härmed

72 465 134 22 kombineras
221 471 26 14 en
270 462 113 26 föreskrift,
407 463 87 21 hvilken
517 463 87 21 hindrar
625 463 166 22 bestämmandet
805 461 24 22 af

73 499 112 22 skattörets
208 497 64 22 värde
295 497 33 22 till
344 500 30 19 ett
396 497 100 28 antingen
512 497 32 21 för
559 497 51 28 högt
625 498 50 21 eller
690 497 32 22 för
736 497 43 28 lågt
793 497 33 20 be-

73 534 56 27 lopp,
145 540 48 14 men
209 531 69 22 tillika
293 532 82 21 lemnar
390 531 114 28 tillräcklig
518 531 78 22 latitud
610 531 32 22 för
656 534 31 19 att
700 531 7 22 i
718 530 108 23 beräknin-

74 575 41 20 gen
129 567 74 21 kunna
217 569 47 25 taga
280 565 26 22 de
321 565 57 22 olika
400 565 224 23 lefnadskostnaderna
640 566 27 29 pä
681 565 102 22 särskilda
797 573 30 13 or-
839 582 2 5 i

74 605 39 22 ter,
129 601 135 27 hvarigenom
280 600 47 25 den,
344 600 62 21 hvars
422 600 94 21 inkomst
530 600 47 21 icke
592 600 42 21 kan
649 600 64 21 förslä
722 600 33 21 till
765 599 63 27 nägot

75 635 84 22 utöfver
174 634 25 22 de
215 634 165 28 nödvändigaste
402 634 112 26 behofven,
537 634 41 22 blir
597 634 129 28 fullkomligt
739 633 28 21 fri
781 632 46 22 frän

76 669 124 29 erläggande
215 668 23 21 af
250 668 188 26 kommunalskatt,
454 671 55 19 samt
524 669 25 21 de
565 668 82 22 mindre
661 668 122 22 bemedlade
799 675 29 14 er-

75 704 57 21 hälla
147 711 26 13 en
196 702 125 28 välbehöflig
344 702 92 28 lindring
452 702 8 21 i
475 703 32 21 sin
530 703 139 21 skattebörda.
699 702 78 22 Denna
791 702 38 21 lin-

77 738 60 28 dring
152 737 59 22 torde
226 736 66 22 likväl
306 736 48 22 icke
368 736 92 22 behöfva
474 737 117 21 utsträckas
606 737 71 28 längre
692 741 26 17 än
731 736 33 22 till
775 736 53 25 dem,

77 780 44 14 som
137 772 66 28 ålagts
216 772 61 28 högst
291 774 32 18 tre
338 771 114 25 skattören,
468 771 88 22 sålunda
566 774 31 19 att
607 772 46 25 den,
665 772 63 21 hvars
738 771 92 21 inkomst

77 806 133 30 uppskattats
224 806 31 21 till
272 808 30 19 ett
317 806 98 26 skattöre,
432 806 47 21 icke
494 806 89 22 behöfde
600 807 81 27 erlägga
696 806 68 28 nägon
775 805 56 21 skatt

78 844 54 19 samt
147 842 30 20 att
193 840 46 25 den,
255 848 45 13 som
314 839 80 29 päförts
408 840 37 21 tvä
460 840 52 21 eller
527 842 31 20 tre
574 840 112 26 skattören,
697 839 133 23 beskattades

78 875 33 21 för
125 882 53 20 resp.
195 877 29 19 ett
239 874 51 21 eller
304 874 36 21 två
355 878 57 17 ören.
443 874 103 22 Deremot
560 874 84 22 komme
660 874 46 26 den,
723 874 62 21 hvars
800 874 31 20 in-

78 910 70 21 komst
170 908 149 29 uppskattades
341 908 33 21 till
388 908 47 28 fyra
451 908 51 21 eller
524 909 50 21 flere
589 909 112 25 skattören,
717 911 30 19 att
763 908 68 21 betala

78 943 39 21 full
125 942 180 22 kommunalskatt
319 942 33 21 för
374 942 40 21 alla
430 942 45 22 sina
486 943 114 25 skattören,
610 948 49 16 enär
667 943 40 21 den
723 950 44 14 som
783 950 49 20 eger

79 985 26 14 en
121 976 22 22 så
157 980 43 18 stor
214 976 99 22 inkomst,
337 976 63 21 redan
424 976 37 22 bör
483 984 61 14 anses
559 977 72 21 kunna
641 979 49 20 utan
702 976 72 28 afdrag
789 976 42 21 del-

79 1015 47 24 taga
141 1011 8 21 i
164 1011 140 21 kommunens
320 1018 68 14 onera.

148 1045 33 21 Af
195 1045 39 21 den
250 1044 96 22 befrielse
361 1044 46 22 från
424 1045 38 21 och
474 1045 92 28 lindring
576 1045 7 22 i
594 1045 183 28 skattskyldighet,
788 1053 44 13 som

81 1079 119 22 Ständerna
215 1079 87 21 sålunda
316 1079 86 28 antagit,
418 1079 62 28 följer
495 1079 67 22 såsom
574 1087 25 14 en
610 1079 69 28 gifven
695 1079 138 28 konseqvens,

80 1115 31 20 att
125 1113 41 22 den
181 1113 45 21 från
242 1113 180 22 kommunalskatt
437 1113 93 22 befriade
546 1113 47 22 icke
604 1114 65 21 heller
679 1114 42 21 kan
732 1121 38 21 ega
784 1116 51 19 röst-

80 1150 42 19 rätt
141 1147 2 21 i
158 1147 141 21 kommunens
314 1147 177 28 angelägenheter
506 1150 55 19 samt
575 1150 31 19 att
620 1148 47 25 den,
682 1155 44 14 som
742 1148 93 27 erlägger

81 1182 56 21 skatt
151 1181 33 22 för
199 1181 81 21 mindre
296 1181 56 22 antal
368 1181 115 26 skattören,
500 1186 25 17 än
542 1182 76 21 honom
634 1181 69 22 blifvit
717 1182 73 25 åsatte,
801 1189 34 14 en-

81 1216 46 21 dast
141 1215 42 22 kan
199 1215 117 22 tillkomma
340 1217 85 20 rösträtt
440 1215 32 21 för
487 1215 25 22 de
529 1216 113 25 skattören,
658 1216 32 21 för
704 1216 74 21 hvilka
793 1216 40 21 hav

81 1249 79 22 betalar
175 1249 61 22 skatt.

150 1283 70 22 Sedan
245 1283 119 22 Ständerna
382 1283 90 22 sålunda
487 1284 105 29 redogjort
606 1284 32 22 för
653 1285 25 21 de
693 1285 142 28 grundsatser,

82 1326 44 13 som
142 1318 38 21 hos
196 1317 118 22 Ständerna
330 1317 7 22 i
352 1317 72 29 frågan
440 1318 55 28 gjort
510 1319 32 28 sig
556 1319 101 28 gällande,
674 1318 86 28 öfvergå
775 1318 61 22 Stän-

82 1352 65 21 derna
162 1351 32 22 till
211 1359 24 14 en
260 1351 132 28 redogörelse
407 1352 32 21 för
455 1352 25 21 de
496 1353 24 20 af
536 1353 47 21 dem
602 1353 99 28 vidtagna
724 1352 112 29 ändringar

82 1387 6 20 i
105 1386 40 21 den
161 1385 76 28 nådiga
252 1386 163 28 propositionen.

151 1419 50 22 Med
216 1419 98 22 afseende
330 1420 50 22 derå
395 1424 31 18 att
440 1421 78 22 allmän
542 1421 172 25 rådhusstämma,
731 1423 58 19 utom
805 1421 32 21 för

83 1454 25 20 de
123 1454 7 20 i
146 1455 9 25 8
166 1455 13 19 9
190 1453 136 22 omförmälda
342 1455 33 20 val
391 1455 38 20 och
446 1455 97 23 ärenden,
558 1455 65 21 hålles
639 1455 60 21 äfven
715 1455 32 21 för
763 1455 74 21 anstäl-
