1011 1673
210 120 27 21 38
516 120 38 23 N:o
570 120 35 23 36.

180 191 49 15 men
244 185 51 22 sker
312 185 82 22 brottet
409 186 74 27 oftare,
501 187 51 21 eller
567 186 40 22 har
622 187 79 21 sådant
717 186 101 28 tillgrepp
833 186 104 23 föröfvats

180 220 93 21 medelst
292 220 80 22 inbrott
387 221 52 22 eller
454 228 25 14 ur
494 220 62 28 ficka,
572 222 33 21 till
621 228 85 20 ansvar,
725 227 46 16 som
785 222 8 21 i
810 223 9 19 1
837 228 62 16 mom.
915 221 23 22 af

181 255 69 21 denna
266 255 13 25 $
295 256 70 25 säges.

506 344 28 19 14
548 345 62 23 Kap.

259 392 38 22 Om
312 393 110 23 missbruk
437 394 26 22 af
477 394 129 29 myndighet
621 394 58 22 emot
693 394 164 22 underordnad.

517 452 13 26 8
548 454 46 20 126.

248 490 149 29 Misshandlar,
415 493 85 21 smädar
515 493 53 21 eller
583 492 131 28 förolämpar
728 492 83 22 förman
826 492 52 22 eller
892 492 43 22 för-

179 531 61 15 mans
256 526 115 27 vederlike,
386 527 7 21 i
409 527 96 27 utöfning
520 527 22 22 af
556 527 204 28 tjensteäliggande,
774 527 160 26 underordnad;

179 559 85 23 straffes
288 560 72 23 säsom
383 562 6 20 i
412 562 78 21 allmän
512 562 35 27 lag
569 562 33 22 för
622 562 57 22 slika
698 562 66 26 brott,
783 562 112 27 begängna
913 562 24 21 af

178 594 130 27 tjensteman
325 596 68 22 under
407 596 184 28 tjensteutöfning,
607 596 68 22 finnes
692 596 114 28 stadgadt;
826 596 55 22 dock
899 596 35 22 mä

178 628 35 22 vid
229 630 112 27 upprepad
356 631 131 22 misshandel
503 631 61 22 äfven
580 632 74 21 dömas
671 632 33 21 till
719 631 170 22 förafskedande.

247 664 114 28 Förgriper
379 665 34 27 sig
431 665 81 22 förman
533 666 53 22 eller
604 666 94 22 förmans
718 666 114 26 vederlike,
849 665 28 22 dä
891 665 42 22 han

179 698 18 27 ej
214 700 24 19 är
253 699 7 20 i
275 698 98 28 utöfning
389 700 23 21 af
425 700 66 27 något
501 700 202 28 tjensteäliggande,
716 702 57 20 emot
784 700 150 22 underordnad

177 732 29 27 pä
221 734 46 20 sätt
281 734 7 20 i
306 736 9 18 1
332 740 62 16 mom.
411 734 145 28 omförmäles;
573 736 56 26 gälle
645 735 70 26 äfven,
727 735 38 21 der
775 735 82 21 brottet
870 740 63 16 anses

178 767 18 27 ej
220 768 74 21 kunna
315 769 48 21 med
387 769 165 27 ordningsstraff
570 770 105 26 försonas,
697 770 79 21 allmän
790 770 35 26 lag
839 770 7 21 i
862 769 69 27 öfrigt,

177 803 60 19 utom
253 804 39 24 att,
308 809 34 15 om
357 804 149 22 underordnad
522 810 76 21 genom
609 804 148 22 misshandeln
767 803 104 28 tillfogats
883 804 49 21 svår

177 836 152 27 kroppsskada
348 838 53 22 eller
420 839 58 27 ljutit
494 839 76 26 döden,
587 839 42 22 den
644 839 127 26 brottsliges
788 839 108 27 egenskap
913 838 22 22 af

176 870 84 23 förman
284 872 52 22 eller
357 873 94 22 förmans
471 874 109 21 vederlike
600 873 55 22 skall
670 873 37 22 vid
723 873 94 22 straffets
832 873 100 22 mätande

177 905 72 22 säsom
271 905 140 24 försvärande
433 908 159 27 omständighet
615 914 64 15 anses
700 910 56 19 samt
775 910 33 19 att
824 908 46 26 den,
887 914 46 15 som

177 940 67 21 andra
263 947 63 15 resan
345 941 53 22 eller
414 943 68 21 oftare
497 943 48 21 med
562 943 131 21 misshandel
710 945 58 19 emot
782 943 151 21 underordnad

176 973 109 28 beträdes,
298 975 80 28 jemväl
393 977 35 21 mä
443 977 73 22 dömas
532 977 33 22 till
580 977 174 22 förafskedande.

514 1046 14 26 8
546 1048 46 19 127.

244 1084 99 26 Förman,
363 1091 47 15 som
425 1087 61 25 tager
501 1086 33 27 sig
548 1086 202 27 bestrafiningsrätt
765 1086 28 21 dä
808 1086 41 21 han
865 1086 67 20 sädan

175 1117 18 27 ej
215 1124 57 20 eger,
294 1118 53 22 eller
367 1119 143 23 öfverskrider
529 1120 32 22 sin
581 1121 7 21 i
608 1120 198 27 ordningsstadgan
825 1119 108 27 medgifna

174 1152 113 26 strafirätt,
304 1153 52 21 eller
371 1154 108 27 tillämpar
493 1154 67 27 straff,
576 1161 47 15 som
638 1155 19 27 ej
675 1154 47 22 stär
737 1154 7 22 i
759 1154 80 27 rimligt
853 1154 79 22 förhäl-

174 1186 64 22 lande
254 1187 33 21 till
303 1188 40 20 den
359 1188 113 28 begängna
486 1188 124 28 förseelsen,
628 1190 74 20 dömes
717 1189 33 21 till
760 1188 170 26 förafskedande,

174 1220 53 22 eller
247 1222 170 26 ordningsstraff.
448 1223 45 22 Har
512 1225 66 20 annat
595 1223 67 27 straff,
683 1226 28 18 än
727 1224 78 20 sådant
820 1223 111 27 ordnings-

173 1255 68 27 straff,
262 1262 47 16 som
329 1256 7 21 i
356 1258 13 25 $
390 1259 25 19 18
435 1260 94 24 nämnes,
545 1258 69 22 blifvit
630 1258 85 27 älagdt;
731 1258 71 26 varde,
820 1258 37 21 der
873 1257 36 22 det
924 1258 7 20 i

172 1289 53 29 följd
240 1291 63 21 häraf
316 1292 125 21 verkstälda
457 1292 82 22 straffet
554 1293 18 27 ej
589 1292 83 22 medför
687 1293 87 21 svårare
790 1298 77 16 ansvar
878 1291 54 23 efter

173 1324 79 22 allmän
268 1326 43 26 lag,
329 1326 64 22 dömd
409 1326 32 22 till
457 1327 89 21 tukthus
562 1328 32 20 till
610 1327 40 22 och
666 1327 50 21 med
731 1326 42 22 fem
784 1327 30 26 år,
826 1326 52 22 eller
888 1326 43 22 för-

174 1358 140 28 afskedande,
332 1360 52 22 eller
398 1360 97 28 fängelse
511 1362 18 27 ej
546 1362 68 22 under
630 1364 32 19 ett
678 1362 31 21 år.

512 1426 13 25 8
543 1426 46 20 128.

240 1463 107 27 Belägger
369 1464 84 22 förman
475 1465 48 22 med
547 1464 167 28 ordningsstraff
732 1465 71 27 någon
823 1464 107 28 oskyldig;
