1014 1673
325 123 10 8 e
390 117 39 22 N:o
444 115 35 24 36.
760 119 25 20 13

57 184 56 21 varit
128 183 7 21 i
150 183 68 28 tjenst
233 183 92 27 anstäld,
341 184 35 21 må
392 183 44 27 det,
448 184 36 22 vid
495 183 96 23 straffets
602 184 131 26 utsättande,
744 183 72 22 såsom

57 217 120 23 mildrande
193 217 160 28 omständighet
368 224 71 16 anses.

126 252 47 22 Har
193 252 76 27 någon,
291 252 65 22 innan
378 252 44 22 han
444 252 38 22 vid
505 253 93 22 domstol
617 252 33 23 för
665 253 59 22 brott
739 252 76 26 åtalas,

58 286 70 23 blifvit
143 286 71 22 derför
228 287 7 20 i
251 287 123 27 disciplinär
389 287 93 27 ordning
498 287 95 27 straftad,
610 287 40 22 bör
664 287 78 22 sådant
754 287 62 22 äfven

59 321 72 22 såsom
145 321 120 22 mildrande
279 321 161 28 omständighet
455 328 71 15 anses.

406 385 13 26 8
436 387 36 20 35.

127 426 49 21 Kan
196 426 47 26 den,
263 431 46 16 som
328 425 70 22 blifvit
417 432 36 15 om
469 425 61 22 brott
544 425 124 28 förvunnen,
686 425 70 23 dertill
771 425 47 21 visa

60 460 94 22 förmans
174 459 124 28 befallning,
318 466 50 15 vare
386 460 127 21 förmannen
534 460 71 22 derför
624 466 72 16 ensam
712 459 105 27 ansvarig,

61 495 73 22 derest
151 495 19 28 ej
191 494 145 28 befallningen
355 494 71 23 blifvit
444 494 148 23 öfverskriden
612 495 54 22 eller
681 495 37 22 det
732 493 86 29 pröfvas

61 531 32 20 att
109 529 40 22 den
165 529 165 22 underordnade
344 529 98 27 tydligen
457 529 51 22 bort
522 529 48 22 inse
585 531 33 20 att
627 529 43 22 han
681 535 76 22 genom
768 529 50 21 dess

60 564 115 22 utförande
190 564 85 22 komme
291 565 33 20 att
338 564 63 27 bryta
415 566 47 20 mot
477 564 36 27 lag
529 564 53 22 eller
596 564 142 27 tjenstepligt.

410 627 14 26 $
440 629 34 20 36.

130 668 42 21 För
188 668 133 27 delaktighet
335 668 7 21 i
358 668 65 27 brott,
440 674 48 16 som
503 669 7 20 i
526 668 71 22 denna
612 668 36 27 lag
658 668 49 22 med
718 666 103 23 särskildt

63 709 77 15 ansvar
155 702 90 27 belagdt
261 704 30 25 är,
311 702 84 22 straffas
412 703 118 27 krigsman,
547 703 67 26 enligt
629 703 27 21 de
670 703 8 20 i
693 702 78 22 allmän
785 701 36 27 lag

63 737 115 22 faststälda
193 738 100 26 grunder,
309 738 49 21 med
372 738 68 27 något
456 737 24 22 af
494 738 26 22 de
536 738 7 21 i
555 738 13 27 $
580 740 12 20 9
603 738 140 27 uppräknade
754 736 66 22 straff.

412 801 13 26 8
442 802 34 20 37.

131 841 79 22 Finnes
232 841 83 22 förman
337 841 64 22 hafva
422 842 79 27 bjudit,
521 842 45 27 legt
585 842 51 21 eller
655 841 63 28 eljest
733 840 89 28 uppsät-

64 876 57 27 ligen
143 875 80 22 förledt
245 876 161 27 underlydande
429 876 34 21 till
482 877 66 25 brott,
568 882 46 15 som
634 877 68 21 denne
722 875 100 24 föröfvat,

64 909 85 23 straffes
164 910 34 22 för
213 911 42 21 slik
270 910 102 22 anstiftan
388 911 74 21 såsom
477 911 57 21 hade
544 911 42 21 han
597 911 50 27 sjelf
655 911 82 21 brottet
747 909 76 28 begått

65 945 68 21 under
153 945 136 27 synnerligen
309 945 140 22 försvårande
470 945 191 27 omständigheter.
691 945 71 26 Tager
779 943 44 22 för-

64 985 49 16 man
129 979 68 27 jemte
217 979 153 22 underordnad
388 979 36 22 del
439 980 7 21 i
462 979 114 22 utförande
592 979 23 22 af
628 980 65 26 brott,
708 985 51 15 vare
775 978 48 26 ock,

65 1013 36 22 vid
117 1013 96 22 straffets
228 1014 164 22 bestämmande
402 1014 34 22 för
446 1014 126 22 förmannen
583 1015 71 21 såsom
666 1014 157 27 gerningsman,

65 1048 68 22 sådan
153 1049 161 26 omständighet
334 1049 72 21 såsom
426 1049 136 27 synnerligen
581 1049 138 21 försvårande
735 1047 88 23 ansedd.

133 1083 46 21 Har
194 1083 82 22 förman
291 1084 96 21 hvarken
402 1083 102 22 anstiftat
519 1083 24 22 af
555 1083 151 22 underordnad
716 1083 109 27 begånget

65 1117 58 22 brott
144 1118 53 21 eller
217 1118 7 21 i
244 1119 50 21 dess
310 1118 114 22 utförande
440 1119 57 26 tagit
512 1119 41 26 del,
569 1125 48 15 men
634 1118 119 21 detsamma
768 1117 57 21 dock

65 1152 50 21 med
133 1152 40 21 råd
189 1152 39 22 och
245 1153 43 21 dåd
303 1153 138 27 uppsåtligen
457 1152 88 28 främjat
560 1153 52 21 eller
628 1152 133 22 annorlunda
776 1151 48 22 der-

65 1187 33 21 till
116 1187 77 27 hulpit,
214 1187 66 22 varde
299 1187 64 22 dömd
381 1188 33 21 till
434 1188 38 21 det
486 1187 34 22 för
534 1187 193 27 gerningsmannen
741 1188 85 20 utsatta

65 1227 83 16 ansvar.

134 1256 43 22 För
199 1257 84 27 ringare
307 1257 135 27 delaktighet
465 1256 85 23 straffas
573 1257 82 22 förman
674 1256 56 22 efter
746 1255 79 21 hvad
814 1251 15 38 i

67 1292 26 20 36
109 1291 14 26 &
138 1293 70 25 säges,
225 1291 92 22 sålunda
332 1291 66 22 likväl
413 1293 33 20 att
461 1291 55 22 hans
533 1291 109 28 egenskap
653 1290 23 23 af
684 1290 83 22 förman
777 1295 48 15 var-

67 1324 38 22 der
120 1325 72 22 såsom
207 1325 139 22 försvårande
363 1325 164 28 omständighet
542 1325 89 22 ansedd.

415 1390 14 26 g
446 1391 34 20 38.

136 1428 67 22 Straff
217 1428 55 22 skall
287 1429 7 21 i
309 1428 93 28 följande
418 1429 119 22 händelser
551 1428 94 23 förfalla:

138 1464 33 20 1:0
187 1469 34 15 om
236 1463 98 27 postkarl
350 1463 53 22 eller
418 1464 118 27 krigsman,
552 1470 46 16 som
614 1463 40 22 hör
668 1462 32 22 till
716 1462 56 26 vakt,
789 1467 38 21 pa-
