1009 1673
219 130 28 20 28
525 129 39 23 N:o
579 128 34 23 36.

189 194 7 21 i
211 194 92 22 fredstid
318 195 63 22 innan
398 195 109 28 utgången
522 195 23 22 af
559 202 25 15 en
600 195 85 26 månad,
707 195 40 22 och
762 195 8 21 i
784 195 92 27 krigstid
891 195 57 21 inom

189 228 82 22 femton
294 229 71 27 dagar,
390 230 134 21 oberäknadt
546 231 152 26 resedagarna,
723 229 58 26 eller,
802 229 65 22 sedan
888 229 60 22 tiden

190 262 33 22 för
244 263 93 27 beviljad
359 264 163 27 tjenstledighet
545 265 46 26 gått
614 265 33 20 till
667 265 61 25 ända,
750 264 18 27 ej
788 263 91 22 infinner
894 263 55 28 sig
938 258 16 38 i

191 297 148 28 tjenstgöring,
360 299 7 20 i
386 299 90 21 fredstid
494 299 66 21 innan
578 299 108 27 förloppet
705 298 22 22 af
743 305 27 15 en
786 299 84 26 månad,
886 298 41 22 och
942 298 7 21 i

189 332 94 27 krigstid
307 333 56 22 inom
385 333 81 22 femton
486 334 76 27 dagar;
585 333 74 27 varde,
676 339 35 16 om
725 333 43 22 han
785 334 17 27 ej
820 333 65 27 gitter
900 333 49 27 laga

191 366 70 22 förfall
277 368 51 26 visa,
345 368 64 22 dömd
425 368 33 22 till
474 368 37 22 det
526 369 6 20 i
549 369 13 26 8
579 370 26 20 83
620 368 33 22 för
662 368 97 27 rymning
770 369 84 21 utsatta
864 374 84 15 ansvar.

260 402 83 21 Uteblir
361 403 43 21 han
424 403 88 21 kortare
528 403 74 26 tidfän
619 403 62 22 ofvan
697 403 65 26 sagdt
777 405 33 24 är;
827 403 73 20 dömes
916 402 33 21 till

192 436 169 27 ordningsstraff.

537 479 13 26 g
567 480 32 20 92.

261 518 116 27 Angäende
393 519 150 27 värnepligtig,
560 525 52 21 som,
630 519 27 22 dä
672 519 42 21 han
729 519 50 21 bort
794 519 62 21 träda
872 519 5 20 i
889 519 58 21 aktiv

191 552 74 27 tjenst,
289 555 52 19 utan
361 553 49 28 laga
431 553 71 22 förfall
523 554 92 21 derifrän
636 553 85 27 uteblir,
743 553 90 27 stadgas
852 553 6 21 i
874 555 74 20 värne-

191 587 136 27 pligtslagen.

539 630 13 25 8
569 631 32 20 93.

260 669 129 22 Underläter
404 669 32 22 till
451 675 101 16 reserven
564 669 52 22 eller
626 669 137 22 landtvärnet
773 669 95 22 hörande
879 669 70 26 krigs-

192 709 48 14 man
258 705 38 23 att,
311 704 28 27 pä
353 704 91 21 kallelse
462 704 51 22 eller
529 704 94 27 uppbäd,
640 704 32 21 till
689 703 142 28 öfningsmöte
847 703 52 22 eller
910 703 38 21 ak-

192 738 30 20 tiv
245 738 143 27 tjenstgöring
408 739 12 21 å
439 741 70 19 utsatt
531 740 32 20 tid
583 740 32 26 sig
636 739 95 26 inställa;
755 739 66 21 varde
837 738 63 22 dömd
916 738 32 21 till

191 771 98 29 fängelse
305 773 32 21 till
353 773 40 22 och
409 774 49 21 med
473 780 38 15 sex
526 774 107 26 månader,
651 774 52 21 eller
718 772 169 28 ordningsstraff.

517 878 28 20 10
560 879 62 24 Kap.

193 927 37 22 Om
245 927 63 22 brott
323 928 57 21 emot
395 927 176 29 krigslydnaden
586 929 56 21 samt
655 928 85 28 oriktig
750 920 102 36 rapport;
870 927 24 22 så
904 927 43 22 ock

227 967 34 16 om
281 961 140 29 misshandel,
442 963 177 28 ärekränkning,
638 962 115 29 ogrundad
774 962 84 29 klagan
876 962 41 22 och

279 996 123 29 oskickligt
416 997 138 28 uppförande
571 997 57 22 emot
642 997 93 27 förman,
751 996 112 23 äfvensom

458 1031 65 28 envig
537 1032 8 21 i
561 1031 58 22 vissa
634 1031 48 22 fall.

539 1090 13 26 $
569 1092 32 19 94.

260 1128 65 27 Hvar,
349 1135 46 15 som
419 1131 75 25 vägrar
517 1131 32 20 att
572 1129 71 22 utföra
661 1130 56 21 hvad
736 1130 78 21 honom
830 1129 22 22 af
866 1129 82 22 förman

191 1162 134 22 beträffande
341 1163 93 28 tjensten
450 1164 77 22 varder
541 1158 118 37 anbefaldt,
676 1165 54 20 skall
747 1165 73 20 dömas

259 1197 23 25 a)
297 1197 7 21 i
323 1197 98 27 fredstid,
441 1199 33 20 till
491 1199 172 26 förafskedande,
685 1199 51 21 eller
750 1199 96 27 fängelse
861 1199 7 20 i
883 1199 66 26 högst

190 1232 32 20 ett
237 1231 30 26 år,
285 1232 53 21 eller
353 1233 174 27 ordningsstraff;

259 1265 22 29 b)
296 1266 8 21 i
317 1267 100 26 krigstid,
434 1267 32 21 till
481 1268 90 21 tukthus
585 1267 46 22 från
649 1269 40 20 och
700 1268 49 21 med
759 1268 36 21 två
806 1267 32 22 till
848 1267 40 22 och
899 1267 49 22 med

189 1299 34 27 sju
239 1300 31 26 år,
287 1301 52 21 eller
355 1300 125 29 afsättning,
497 1302 52 21 eller
563 1302 173 26 förafskedande,
753 1302 53 21 eller
820 1301 96 28 fängelse
928 1302 18 27 ej

188 1334 69 21 under
273 1341 37 15 sex
326 1335 113 28 månader;
454 1343 47 14 men

259 1369 19 27 c)
295 1376 33 15 om
348 1370 83 22 brottet
449 1371 60 21 skett
525 1372 8 20 i
552 1371 96 22 fiendens
665 1372 78 21 närhet
759 1371 39 22 och
815 1371 133 27 betydligare

189 1402 69 22 skada
273 1403 34 22 för
321 1404 149 27 krigsmakten
486 1406 62 21 deraf
561 1407 106 26 uppstått,
684 1406 32 21 till
731 1406 91 21 tukthus
835 1406 29 26 på
874 1405 73 27 lifstid,

189 1437 53 21 eller
264 1438 47 21 från
334 1439 40 21 och
398 1440 49 21 med
470 1440 34 27 sju
523 1440 32 22 till
575 1441 41 21 och
633 1440 50 22 med
702 1440 41 22 tolf
760 1441 30 21 år.
820 1440 46 22 Har
881 1440 66 22 sådan

188 1472 68 21 skada
273 1472 18 27 ej
307 1473 106 27 inträffat;
429 1481 50 15 vare
495 1475 64 21 straff
572 1481 46 15 som
633 1476 7 20 i
655 1481 64 16 mom.
735 1475 21 27 2)
772 1477 71 25 säges.
