1011 1670
388 120 38 22 N:o
442 118 36 24 36.
756 121 25 19 41

57 186 63 22 dömd
143 186 33 21 till
200 186 168 26 ordningsstraff,
393 186 59 26 eller,
474 192 33 15 om
529 185 43 21 han
588 185 22 22 af
624 186 78 21 sådant
717 184 62 22 straff
794 184 18 28 ej

56 220 56 22 låter
127 220 32 27 sig
174 222 63 24 rätta,
254 220 32 34 tiil
301 220 173 22 förafskedande.

396 284 13 26 8
427 285 48 19 136.

126 324 64 26 Hvar,
207 330 46 15 som
269 323 121 27 offentligen
407 324 53 22 eller
479 324 3 20 i
499 326 109 24 samgväm
624 324 108 27 begagnar
747 324 67 21 sådan

58 358 98 27 uniform,
177 365 46 15 som
242 358 47 22 icke
308 358 85 28 åtföljer
413 359 54 21 hans
484 365 52 21 rang
552 359 53 21 eller
620 359 72 27 tjenst,
709 358 52 22 eller
777 358 38 20 bär

59 394 66 21 orden
141 394 51 21 eller
208 395 66 19 annat
292 393 219 26 utmärkelsetecken,
532 400 46 15 som
594 394 77 20 honom
688 394 17 27 ej
723 392 91 22 tillkom-

59 434 51 20 mer,
127 428 61 26 skall,
210 427 37 22 der
267 427 165 27 ordningsstraff
447 433 64 16 anses
527 428 19 27 ej
564 429 107 20 motsvara
686 427 129 22 förseelsens

60 462 154 26 beskaffenhet,
232 461 84 22 straffas
327 462 48 21 med
387 461 98 28 fängelse
496 462 32 21 till
541 462 39 21 och
592 463 48 20 med
650 461 45 28 fyra
706 461 108 22 månader.

398 525 13 26 8
430 527 46 19 137.

129 565 45 22 Har
195 565 68 27 någon
283 566 146 26 egenmäktigt
448 566 101 26 upptagit
569 565 179 27 transportskjuts
765 564 52 21 eller

62 603 85 24 qvarter
167 600 35 21 vid
220 600 230 27 militäringvartering,
474 600 52 22 eller
547 600 62 28 eljest
627 600 91 27 vidtagit
733 598 82 28 åtgärd,

62 641 46 15 som
124 635 88 21 innebär
229 635 86 27 olagligt
331 635 139 27 betungande
486 634 23 22 af
522 635 85 21 landets
624 635 109 26 invånare;
745 634 71 26 varde,

63 670 37 21 der
120 670 17 27 ej
157 669 55 22 efter
232 670 77 20 allmän
329 670 35 26 lag
385 671 113 25 strängare
520 669 62 22 straff
600 670 13 20 å
632 670 116 26 gerningen
766 668 51 27 följa

61 704 46 26 bör,
131 704 63 22 dömd
218 704 31 21 till
270 703 170 28 ordningsstraff,
463 704 58 26 eller,
543 710 34 15 om
596 704 141 27 förbrytelsen
753 708 63 16 anses

61 738 48 22 icke
130 739 72 21 kunna
223 734 86 26 dermed
329 738 105 27 försonas,
451 739 33 21 till
500 739 97 27 fängelse
612 739 7 21 i
635 739 62 27 högst
712 738 46 28 fyra
773 738 44 20 må-

62 773 73 21 nader.

401 803 13 25 8
432 804 47 19 138.

132 841 128 22 Underlåter
272 843 74 26 någon,
359 848 47 15 som
418 843 12 20 å
441 842 107 27 tjenstens
560 844 79 25 vägnar
650 842 51 21 eller
711 841 28 27 på
750 840 68 27 grund

64 875 21 22 af
104 876 103 21 särskildt
226 877 97 26 uppdrag
342 877 108 21 verkstält
466 877 119 26 mönstring
601 876 22 22 af
635 879 63 24 trupp
715 875 53 22 eller
783 875 36 21 be-

64 911 92 27 sigtning
171 911 13 21 å
199 911 99 27 fästning,
314 911 76 28 fartyg,
407 911 135 27 krigsförräd
559 911 51 22 eller
626 911 79 25 arbete,
725 917 46 14 som
786 909 33 22 för

63 945 94 22 kronans
173 946 89 27 räkning
281 945 84 27 utförts,
383 948 32 19 att
431 946 65 26 åtala,
512 948 58 19 rätta
587 946 51 21 eller
653 946 12 21 ä
680 945 90 26 behörig
786 945 34 20 ort

65 980 83 21 anmäla
163 979 28 22 fel
207 980 52 21 eller
275 981 60 25 brist,
351 986 47 16 som
414 981 76 21 dervid
503 981 89 21 kommit
603 981 30 20 till
645 981 53 20 hans
709 979 109 26 kunskap;

65 1014 72 22 dömes
153 1014 31 21 till
199 1014 172 27 förafskedande,
393 1015 53 21 eller
462 1015 97 27 fängelse
574 1015 32 21 till
622 1015 40 21 och
678 1014 48 22 med
742 1015 32 20 ett
789 1013 30 21 år.

133 1048 54 22 Sker
207 1049 37 21 det
263 1049 33 22 för
315 1056 54 20 egen
388 1050 89 26 vinning
494 1050 51 21 eller
561 1050 62 27 eljest
638 1050 6 20 i
661 1048 71 27 oloflig
747 1048 72 26 afsigt,

65 1083 52 22 eller
131 1083 39 21 har
185 1083 42 22 han
242 1084 7 20 i
264 1084 99 26 krigstid,
380 1084 54 21 eller
450 1084 28 21 då
493 1084 48 27 krig
556 1084 77 22 honom
649 1083 117 27 veterligen
781 1089 39 15 var

65 1119 31 19 att
119 1118 107 26 snarligen
246 1118 105 26 förvänta,
372 1118 139 27 uppsåtligen
531 1118 136 27 förhemligat
685 1117 136 26 väsendtliga

64 1152 85 26 brister,
165 1152 75 21 hvaraf
254 1152 93 28 betydlig
363 1153 69 21 skada
448 1153 53 21 eller
511 1152 46 22 fara
567 1152 34 22 för
610 1152 144 28 krigsmakten
766 1158 54 20 upp-

65 1187 63 26 stått;
151 1186 84 22 straffes
255 1188 49 20 med
325 1188 89 20 tukthus
434 1187 34 21 till
490 1188 39 21 och
550 1188 48 20 med
616 1187 45 28 fyra
676 1187 29 26 år,
722 1186 53 22 eller
790 1185 31 21 af-

65 1222 102 26 sättning.

404 1252 12 25 $
435 1252 47 19 139.

133 1289 101 22 Föröfvar
250 1289 152 28 befälhafvare,
420 1292 53 20 utan
489 1291 145 26 vederbörligt
644 1289 177 28 bemyndigande,

66 1326 57 19 emot
138 1324 67 22 rikets
221 1324 170 23 bundsförvandt
407 1325 55 22 eller
476 1325 85 22 neutral
577 1327 44 20 stat
635 1325 66 22 sådan
712 1323 109 26 handling,

65 1364 53 21 som,
139 1359 67 21 ehuru
225 1359 41 22 den
285 1360 48 21 icke
349 1362 24 19 är
389 1361 67 26 öppet
471 1359 104 28 fiendtlig,
591 1361 64 20 likväl
671 1358 78 23 strider
765 1359 59 20 emot

65 1392 89 22 folkrätt
172 1393 53 22 eller
243 1394 99 26 gällande
358 1394 98 27 fördrag;
473 1395 72 26 varde,
562 1395 72 21 derest
649 1395 18 27 ej
683 1392 139 28 krigsförhål-

64 1427 92 22 landena
171 1429 171 26 oundgängligen
359 1429 109 21 erfordrat
484 1429 115 26 åtgärdens
611 1428 135 27 vidtagande,
759 1426 64 22 dömd

65 1460 33 22 till
113 1461 123 28 afsättning,
254 1462 51 22 eller
320 1462 79 22 förlust
414 1462 22 22 af
451 1462 156 22 innehafvande
623 1462 126 27 befattning.
