<?xml version="1.0" encoding="UTF-8"?>
<alto xmlns="http://www.loc.gov/standards/alto/ns-v3#" xmlns:xlink="http://www.w3.org/1999/xlink" xmlns:xsi="http://www.w3.org/2001/XMLSchema-instance" xsi:schemaLocation="http://www.loc.gov/standards/alto/ns-v3# http://www.loc.gov/alto/v3/alto-3-0.xsd">
	<Description>
		<MeasurementUnit>pixel</MeasurementUnit>
		<sourceImageInformation>
			<fileName>/tmp/tess_88k1v4gp_input.PNG</fileName>
		</sourceImageInformation>
		<OCRProcessing ID="OCR_0">
			<ocrProcessingStep>
				<processingSoftware>
					<softwareName>tesseract 5.3.4</softwareName>
				</processingSoftware>
			</ocrProcessingStep>
		</OCRProcessing>
	</Description>
	<Layout>
		<Page WIDTH="1025" HEIGHT="1670" PHYSICAL_IMG_NR="0" ID="page_0">
			<PrintSpace HPOS="0" VPOS="0" WIDTH="1025" HEIGHT="1670">
				<ComposedBlock ID="cblock_0" HPOS="303" VPOS="123" WIDTH="294" HEIGHT="30">
					<TextBlock ID="block_0" HPOS="303" VPOS="123" WIDTH="294" HEIGHT="30">
						<TextLine ID="line_0" HPOS="303" VPOS="123" WIDTH="294" HEIGHT="30">
							<String ID="string_0" HPOS="303" VPOS="124" WIDTH="24" HEIGHT="22" WC="0.93" CONTENT="U."/><SP WIDTH="17" VPOS="124" HPOS="327"/>
							<String ID="string_1" HPOS="344" VPOS="124" WIDTH="24" HEIGHT="22" WC="0.90" CONTENT="B."/><SP WIDTH="16" VPOS="124" HPOS="368"/>
							<String ID="string_2" HPOS="384" VPOS="136" WIDTH="27" HEIGHT="3" WC="0.93" CONTENT="—"/><SP WIDTH="16" VPOS="136" HPOS="411"/>
							<String ID="string_3" HPOS="427" VPOS="124" WIDTH="65" HEIGHT="29" WC="0.95" CONTENT="Prop."/><SP WIDTH="15" VPOS="124" HPOS="492"/>
							<String ID="string_4" HPOS="507" VPOS="124" WIDTH="38" HEIGHT="23" WC="0.96" CONTENT="N:o"/><SP WIDTH="18" VPOS="124" HPOS="545"/>
							<String ID="string_5" HPOS="563" VPOS="123" WIDTH="34" HEIGHT="23" WC="0.96" CONTENT="33."/>
						</TextLine>
					</TextBlock>
				</ComposedBlock>
				<ComposedBlock ID="cblock_1" HPOS="211" VPOS="429" WIDTH="622" HEIGHT="204">
					<TextBlock ID="block_1" HPOS="211" VPOS="429" WIDTH="622" HEIGHT="204">
						<TextLine ID="line_1" HPOS="281" VPOS="429" WIDTH="552" HEIGHT="24">
							<String ID="string_6" HPOS="281" VPOS="430" WIDTH="225" HEIGHT="22" WC="0.90" CONTENT="Statsutskottets"/><SP WIDTH="25" VPOS="430" HPOS="506"/>
							<String ID="string_7" HPOS="531" VPOS="430" WIDTH="168" HEIGHT="22" WC="0.92" CONTENT="betänkande"/><SP WIDTH="25" VPOS="430" HPOS="699"/>
							<String ID="string_8" HPOS="724" VPOS="430" WIDTH="37" HEIGHT="23" WC="0.96" CONTENT="N:o"/><SP WIDTH="26" VPOS="430" HPOS="761"/>
							<String ID="string_9" HPOS="787" VPOS="429" WIDTH="12" HEIGHT="23" WC="0.96" CONTENT="3"/><SP WIDTH="25" VPOS="429" HPOS="799"/>
							<String ID="string_10" HPOS="824" VPOS="430" WIDTH="9" HEIGHT="21" WC="0.96" CONTENT="i"/>
						</TextLine>
						<TextLine ID="line_2" HPOS="212" VPOS="464" WIDTH="620" HEIGHT="30">
							<String ID="string_11" HPOS="212" VPOS="464" WIDTH="121" HEIGHT="29" WC="0.92" CONTENT="anledning"/><SP WIDTH="19" VPOS="464" HPOS="333"/>
							<String ID="string_12" HPOS="352" VPOS="464" WIDTH="25" HEIGHT="23" WC="0.96" CONTENT="af"/><SP WIDTH="17" VPOS="464" HPOS="377"/>
							<String ID="string_13" HPOS="394" VPOS="464" WIDTH="58" HEIGHT="23" WC="0.93" CONTENT="Hans"/><SP WIDTH="20" VPOS="464" HPOS="452"/>
							<String ID="string_14" HPOS="472" VPOS="464" WIDTH="127" HEIGHT="30" WC="0.92" CONTENT="Kejserliga"/><SP WIDTH="18" VPOS="464" HPOS="599"/>
							<String ID="string_15" HPOS="617" VPOS="464" WIDTH="113" HEIGHT="29" WC="0.91" CONTENT="Majestäts"/><SP WIDTH="20" VPOS="464" HPOS="730"/>
							<String ID="string_16" HPOS="750" VPOS="464" WIDTH="82" HEIGHT="29" WC="0.92" CONTENT="nädiga"/>
						</TextLine>
						<TextLine ID="line_3" HPOS="212" VPOS="498" WIDTH="620" HEIGHT="30">
							<String ID="string_17" HPOS="212" VPOS="499" WIDTH="138" HEIGHT="29" WC="0.96" CONTENT="proposition"/><SP WIDTH="19" VPOS="499" HPOS="350"/>
							<String ID="string_18" HPOS="369" VPOS="505" WIDTH="34" HEIGHT="16" WC="0.93" CONTENT="om"/><SP WIDTH="17" VPOS="505" HPOS="403"/>
							<String ID="string_19" HPOS="420" VPOS="499" WIDTH="144" HEIGHT="29" WC="0.92" CONTENT="upphörande"/><SP WIDTH="19" VPOS="499" HPOS="564"/>
							<String ID="string_20" HPOS="583" VPOS="498" WIDTH="26" HEIGHT="24" WC="0.96" CONTENT="af"/><SP WIDTH="16" VPOS="498" HPOS="609"/>
							<String ID="string_21" HPOS="625" VPOS="499" WIDTH="28" HEIGHT="22" WC="0.93" CONTENT="de"/><SP WIDTH="17" VPOS="499" HPOS="653"/>
							<String ID="string_22" HPOS="670" VPOS="498" WIDTH="52" HEIGHT="24" WC="0.92" CONTENT="frän"/><SP WIDTH="14" VPOS="498" HPOS="722"/>
							<String ID="string_23" HPOS="736" VPOS="498" WIDTH="96" HEIGHT="24" WC="0.92" CONTENT="rusthäl-"/>
						</TextLine>
						<TextLine ID="line_4" HPOS="211" VPOS="534" WIDTH="621" HEIGHT="23">
							<String ID="string_24" HPOS="211" VPOS="534" WIDTH="38" HEIGHT="22" WC="0.95" CONTENT="len"/><SP WIDTH="28" VPOS="534" HPOS="249"/>
							<String ID="string_25" HPOS="277" VPOS="534" WIDTH="56" HEIGHT="22" WC="0.90" CONTENT="samt"/><SP WIDTH="27" VPOS="534" HPOS="333"/>
							<String ID="string_26" HPOS="360" VPOS="534" WIDTH="105" HEIGHT="22" WC="0.90" CONTENT="roterade"/><SP WIDTH="22" VPOS="534" HPOS="465"/>
							<String ID="string_27" HPOS="487" VPOS="534" WIDTH="101" HEIGHT="22" WC="0.91" CONTENT="hemman"/><SP WIDTH="22" VPOS="534" HPOS="588"/>
							<String ID="string_28" HPOS="610" VPOS="534" WIDTH="41" HEIGHT="22" WC="0.93" CONTENT="och"/><SP WIDTH="21" VPOS="534" HPOS="651"/>
							<String ID="string_29" HPOS="672" VPOS="534" WIDTH="160" HEIGHT="23" WC="0.88" CONTENT="hätsmanshäll"/>
						</TextLine>
						<TextLine ID="line_5" HPOS="213" VPOS="568" WIDTH="620" HEIGHT="30">
							<String ID="string_30" HPOS="213" VPOS="568" WIDTH="111" HEIGHT="29" WC="0.91" CONTENT="utgäende"/><SP WIDTH="22" VPOS="568" HPOS="324"/>
							<String ID="string_31" HPOS="346" VPOS="568" WIDTH="179" HEIGHT="29" WC="0.91" CONTENT="vakansafgifter"/><SP WIDTH="22" VPOS="568" HPOS="525"/>
							<String ID="string_32" HPOS="547" VPOS="569" WIDTH="41" HEIGHT="22" WC="0.92" CONTENT="och"/><SP WIDTH="22" VPOS="569" HPOS="588"/>
							<String ID="string_33" HPOS="610" VPOS="568" WIDTH="135" HEIGHT="30" WC="0.92" CONTENT="indragning"/><SP WIDTH="19" VPOS="568" HPOS="745"/>
							<String ID="string_34" HPOS="764" VPOS="568" WIDTH="26" HEIGHT="23" WC="0.96" CONTENT="af"/><SP WIDTH="16" VPOS="568" HPOS="790"/>
							<String ID="string_35" HPOS="806" VPOS="568" WIDTH="27" HEIGHT="22" WC="0.96" CONTENT="de"/>
						</TextLine>
						<TextLine ID="line_6" HPOS="214" VPOS="603" WIDTH="618" HEIGHT="30">
							<String ID="string_36" HPOS="214" VPOS="603" WIDTH="126" HEIGHT="23" WC="0.89" CONTENT="rusthällen"/><SP WIDTH="15" VPOS="603" HPOS="340"/>
							<String ID="string_37" HPOS="355" VPOS="603" WIDTH="105" HEIGHT="23" WC="0.89" CONTENT="anvisade"/><SP WIDTH="15" VPOS="603" HPOS="460"/>
							<String ID="string_38" HPOS="475" VPOS="604" WIDTH="122" HEIGHT="28" WC="0.92" CONTENT="augments-"/><SP WIDTH="16" VPOS="604" HPOS="597"/>
							<String ID="string_39" HPOS="613" VPOS="604" WIDTH="42" HEIGHT="22" WC="0.93" CONTENT="och"/><SP WIDTH="10" VPOS="604" HPOS="655"/>
							<String ID="string_40" HPOS="665" VPOS="604" WIDTH="72" HEIGHT="29" WC="0.92" CONTENT="öfriga"/><SP WIDTH="10" VPOS="604" HPOS="737"/>
							<String ID="string_41" HPOS="747" VPOS="604" WIDTH="85" HEIGHT="22" WC="0.90" CONTENT="räntor."/>
						</TextLine>
					</TextBlock>
				</ComposedBlock>
				<ComposedBlock ID="cblock_2" HPOS="75" VPOS="666" WIDTH="763" HEIGHT="479">
					<TextBlock ID="block_2" HPOS="75" VPOS="666" WIDTH="761" HEIGHT="340">
						<TextLine ID="line_7" HPOS="146" VPOS="666" WIDTH="687" HEIGHT="29">
							<String ID="string_42" HPOS="146" VPOS="666" WIDTH="102" HEIGHT="28" WC="0.91" CONTENT="Samtliga"/><SP WIDTH="17" VPOS="666" HPOS="248"/>
							<String ID="string_43" HPOS="265" VPOS="667" WIDTH="92" HEIGHT="21" WC="0.91" CONTENT="ständen"/><SP WIDTH="15" VPOS="667" HPOS="357"/>
							<String ID="string_44" HPOS="372" VPOS="666" WIDTH="64" HEIGHT="23" WC="0.93" CONTENT="hafva"/><SP WIDTH="16" VPOS="666" HPOS="436"/>
							<String ID="string_45" HPOS="452" VPOS="666" WIDTH="141" HEIGHT="23" WC="0.91" CONTENT="öfverlemnat"/><SP WIDTH="15" VPOS="666" HPOS="593"/>
							<String ID="string_46" HPOS="608" VPOS="668" WIDTH="70" HEIGHT="21" WC="0.93" CONTENT="denna"/><SP WIDTH="14" VPOS="668" HPOS="678"/>
							<String ID="string_47" HPOS="692" VPOS="668" WIDTH="79" HEIGHT="26" WC="0.92" CONTENT="nädiga"/><SP WIDTH="13" VPOS="668" HPOS="771"/>
							<String ID="string_48" HPOS="784" VPOS="674" WIDTH="49" HEIGHT="21" WC="0.92" CONTENT="pro-"/>
						</TextLine>
						<TextLine ID="line_8" HPOS="75" VPOS="702" WIDTH="759" HEIGHT="28">
							<String ID="string_49" HPOS="75" VPOS="702" WIDTH="95" HEIGHT="27" WC="0.96" CONTENT="position"/><SP WIDTH="15" VPOS="702" HPOS="170"/>
							<String ID="string_50" HPOS="185" VPOS="702" WIDTH="33" HEIGHT="21" WC="0.93" CONTENT="till"/><SP WIDTH="15" VPOS="702" HPOS="218"/>
							<String ID="string_51" HPOS="233" VPOS="702" WIDTH="181" HEIGHT="21" WC="0.92" CONTENT="Statsutskottets"/><SP WIDTH="16" VPOS="702" HPOS="414"/>
							<String ID="string_52" HPOS="430" VPOS="702" WIDTH="166" HEIGHT="27" WC="0.92" CONTENT="handläggning,"/><SP WIDTH="17" VPOS="702" HPOS="596"/>
							<String ID="string_53" HPOS="613" VPOS="702" WIDTH="119" HEIGHT="28" WC="0.92" CONTENT="hvarjemte"/><SP WIDTH="10" VPOS="702" HPOS="732"/>
							<String ID="string_54" HPOS="742" VPOS="702" WIDTH="92" HEIGHT="22" WC="0.92" CONTENT="Ridder-"/>
						</TextLine>
						<TextLine ID="line_9" HPOS="76" VPOS="736" WIDTH="758" HEIGHT="28">
							<String ID="string_55" HPOS="76" VPOS="737" WIDTH="79" HEIGHT="27" WC="0.92" CONTENT="skapet"/><SP WIDTH="15" VPOS="737" HPOS="155"/>
							<String ID="string_56" HPOS="170" VPOS="736" WIDTH="39" HEIGHT="22" WC="0.93" CONTENT="och"/><SP WIDTH="17" VPOS="736" HPOS="209"/>
							<String ID="string_57" HPOS="226" VPOS="736" WIDTH="75" HEIGHT="27" WC="0.91" CONTENT="Adeln,"/><SP WIDTH="16" VPOS="736" HPOS="301"/>
							<String ID="string_58" HPOS="317" VPOS="737" WIDTH="185" HEIGHT="27" WC="0.92" CONTENT="Borgareständet"/><SP WIDTH="10" VPOS="737" HPOS="502"/>
							<String ID="string_59" HPOS="512" VPOS="737" WIDTH="40" HEIGHT="21" WC="0.93" CONTENT="och"/><SP WIDTH="11" VPOS="737" HPOS="552"/>
							<String ID="string_60" HPOS="563" VPOS="737" WIDTH="164" HEIGHT="22" WC="0.92" CONTENT="Bondeständet"/><SP WIDTH="10" VPOS="737" HPOS="727"/>
							<String ID="string_61" HPOS="737" VPOS="737" WIDTH="97" HEIGHT="21" WC="0.92" CONTENT="remitte-"/>
						</TextLine>
						<TextLine ID="line_10" HPOS="76" VPOS="770" WIDTH="758" HEIGHT="28">
							<String ID="string_62" HPOS="76" VPOS="772" WIDTH="35" HEIGHT="20" WC="0.92" CONTENT="rat"/><SP WIDTH="20" VPOS="772" HPOS="111"/>
							<String ID="string_63" HPOS="131" VPOS="771" WIDTH="124" HEIGHT="22" WC="0.92" CONTENT="densamma"/><SP WIDTH="20" VPOS="771" HPOS="255"/>
							<String ID="string_64" HPOS="275" VPOS="770" WIDTH="61" HEIGHT="23" WC="0.92" CONTENT="äfven"/><SP WIDTH="21" VPOS="770" HPOS="336"/>
							<String ID="string_65" HPOS="357" VPOS="771" WIDTH="32" HEIGHT="21" WC="0.93" CONTENT="till"/><SP WIDTH="20" VPOS="771" HPOS="389"/>
							<String ID="string_66" HPOS="409" VPOS="771" WIDTH="161" HEIGHT="27" WC="0.93" CONTENT="Lagutskottet,"/><SP WIDTH="22" VPOS="771" HPOS="570"/>
							<String ID="string_67" HPOS="592" VPOS="771" WIDTH="27" HEIGHT="22" WC="0.93" CONTENT="de"/><SP WIDTH="15" VPOS="771" HPOS="619"/>
							<String ID="string_68" HPOS="634" VPOS="772" WIDTH="37" HEIGHT="21" WC="0.93" CONTENT="tvä"/><SP WIDTH="15" VPOS="772" HPOS="671"/>
							<String ID="string_69" HPOS="686" VPOS="771" WIDTH="148" HEIGHT="22" WC="0.91" CONTENT="förstnämnda"/>
						</TextLine>
						<TextLine ID="line_11" HPOS="77" VPOS="805" WIDTH="758" HEIGHT="29">
							<String ID="string_70" HPOS="77" VPOS="805" WIDTH="92" HEIGHT="23" WC="0.92" CONTENT="ständen"/><SP WIDTH="19" VPOS="805" HPOS="169"/>
							<String ID="string_71" HPOS="188" VPOS="806" WIDTH="7" HEIGHT="20" WC="0.91" CONTENT="i"/><SP WIDTH="20" VPOS="806" HPOS="195"/>
							<String ID="string_72" HPOS="215" VPOS="806" WIDTH="97" HEIGHT="27" WC="0.91" CONTENT="uttryckt"/><SP WIDTH="19" VPOS="806" HPOS="312"/>
							<String ID="string_73" HPOS="331" VPOS="805" WIDTH="66" HEIGHT="28" WC="0.92" CONTENT="afsigt"/><SP WIDTH="19" VPOS="805" HPOS="397"/>
							<String ID="string_74" HPOS="416" VPOS="808" WIDTH="33" HEIGHT="19" WC="0.93" CONTENT="att"/><SP WIDTH="15" VPOS="808" HPOS="449"/>
							<String ID="string_75" HPOS="464" VPOS="806" WIDTH="82" HEIGHT="22" WC="0.92" CONTENT="erhälla"/><SP WIDTH="15" VPOS="806" HPOS="546"/>
							<String ID="string_76" HPOS="561" VPOS="806" WIDTH="50" HEIGHT="22" WC="0.93" CONTENT="dess"/><SP WIDTH="15" VPOS="806" HPOS="611"/>
							<String ID="string_77" HPOS="626" VPOS="806" WIDTH="101" HEIGHT="28" WC="0.92" CONTENT="yttrande"/><SP WIDTH="16" VPOS="806" HPOS="727"/>
							<String ID="string_78" HPOS="743" VPOS="812" WIDTH="34" HEIGHT="16" WC="0.96" CONTENT="om"/><SP WIDTH="16" VPOS="812" HPOS="777"/>
							<String ID="string_79" HPOS="793" VPOS="806" WIDTH="42" HEIGHT="21" WC="0.96" CONTENT="den"/>
						</TextLine>
						<TextLine ID="line_12" HPOS="76" VPOS="835" WIDTH="758" HEIGHT="32">
							<String ID="string_80" HPOS="76" VPOS="835" WIDTH="103" HEIGHT="26" WC="0.93" CONTENT="inverkan"/><SP WIDTH="16" VPOS="835" HPOS="179"/>
							<String ID="string_81" HPOS="195" VPOS="840" WIDTH="38" HEIGHT="22" WC="0.96" CONTENT="det"/><SP WIDTH="9" VPOS="840" HPOS="233"/>
							<String ID="string_82" HPOS="242" VPOS="839" WIDTH="124" HEIGHT="28" WC="0.93" CONTENT="föreslagna"/><SP WIDTH="10" VPOS="839" HPOS="366"/>
							<String ID="string_83" HPOS="376" VPOS="840" WIDTH="162" HEIGHT="27" WC="0.92" CONTENT="upphäfvandet"/><SP WIDTH="11" VPOS="840" HPOS="538"/>
							<String ID="string_84" HPOS="549" VPOS="840" WIDTH="22" HEIGHT="22" WC="0.93" CONTENT="af"/><SP WIDTH="8" VPOS="840" HPOS="571"/>
							<String ID="string_85" HPOS="579" VPOS="840" WIDTH="255" HEIGHT="22" WC="0.92" CONTENT="rusthällsinstitutionen"/>
						</TextLine>
						<TextLine ID="line_13" HPOS="77" VPOS="873" WIDTH="757" HEIGHT="29">
							<String ID="string_86" HPOS="77" VPOS="875" WIDTH="43" HEIGHT="21" WC="0.93" CONTENT="kan"/><SP WIDTH="14" VPOS="875" HPOS="120"/>
							<String ID="string_87" HPOS="134" VPOS="873" WIDTH="64" HEIGHT="23" WC="0.96" CONTENT="hafva"/><SP WIDTH="14" VPOS="873" HPOS="198"/>
							<String ID="string_88" HPOS="212" VPOS="875" WIDTH="29" HEIGHT="26" WC="0.96" CONTENT="pä"/><SP WIDTH="16" VPOS="875" HPOS="241"/>
							<String ID="string_89" HPOS="257" VPOS="876" WIDTH="26" HEIGHT="20" WC="0.92" CONTENT="18"/><SP WIDTH="16" VPOS="876" HPOS="283"/>
							<String ID="string_90" HPOS="299" VPOS="874" WIDTH="10" HEIGHT="28" WC="0.79" CONTENT="&amp;"/><SP WIDTH="16" VPOS="874" HPOS="309"/>
							<String ID="string_91" HPOS="325" VPOS="875" WIDTH="7" HEIGHT="21" WC="0.93" CONTENT="i"/><SP WIDTH="16" VPOS="875" HPOS="332"/>
							<String ID="string_92" HPOS="348" VPOS="874" WIDTH="209" HEIGHT="28" WC="0.93" CONTENT="Regeringsformen."/><SP WIDTH="12" VPOS="874" HPOS="557"/>
							<String ID="string_93" HPOS="569" VPOS="886" WIDTH="27" HEIGHT="4" WC="0.91" CONTENT="—"/><SP WIDTH="10" VPOS="886" HPOS="596"/>
							<String ID="string_94" HPOS="606" VPOS="875" WIDTH="32" HEIGHT="21" WC="0.96" CONTENT="På"/><SP WIDTH="15" VPOS="875" HPOS="638"/>
							<String ID="string_95" HPOS="653" VPOS="875" WIDTH="61" HEIGHT="27" WC="0.96" CONTENT="gjord"/><SP WIDTH="13" VPOS="875" HPOS="714"/>
							<String ID="string_96" HPOS="727" VPOS="874" WIDTH="107" HEIGHT="27" WC="0.96" CONTENT="förfrågan"/>
						</TextLine>
						<TextLine ID="line_14" HPOS="77" VPOS="909" WIDTH="758" HEIGHT="28">
							<String ID="string_97" HPOS="77" VPOS="909" WIDTH="40" HEIGHT="21" WC="0.93" CONTENT="har"/><SP WIDTH="15" VPOS="909" HPOS="117"/>
							<String ID="string_98" HPOS="132" VPOS="909" WIDTH="171" HEIGHT="22" WC="0.92" CONTENT="Statsutskottet"/><SP WIDTH="15" VPOS="909" HPOS="303"/>
							<String ID="string_99" HPOS="318" VPOS="909" WIDTH="128" HEIGHT="27" WC="0.92" CONTENT="meddelats,"/><SP WIDTH="16" VPOS="909" HPOS="446"/>
							<String ID="string_100" HPOS="462" VPOS="912" WIDTH="34" HEIGHT="19" WC="0.93" CONTENT="att"/><SP WIDTH="14" VPOS="912" HPOS="496"/>
							<String ID="string_101" HPOS="510" VPOS="910" WIDTH="67" HEIGHT="27" WC="0.93" CONTENT="nägra"/><SP WIDTH="15" VPOS="910" HPOS="577"/>
							<String ID="string_102" HPOS="592" VPOS="910" WIDTH="128" HEIGHT="27" WC="0.92" CONTENT="handlingar"/><SP WIDTH="14" VPOS="910" HPOS="720"/>
							<String ID="string_103" HPOS="734" VPOS="909" WIDTH="48" HEIGHT="22" WC="0.92" CONTENT="icke"/><SP WIDTH="11" VPOS="909" HPOS="782"/>
							<String ID="string_104" HPOS="793" VPOS="909" WIDTH="42" HEIGHT="22" WC="0.93" CONTENT="till-"/>
						</TextLine>
						<TextLine ID="line_15" HPOS="77" VPOS="943" WIDTH="759" HEIGHT="29">
							<String ID="string_105" HPOS="77" VPOS="943" WIDTH="90" HEIGHT="22" WC="0.96" CONTENT="kommit"/><SP WIDTH="18" VPOS="943" HPOS="167"/>
							<String ID="string_106" HPOS="185" VPOS="944" WIDTH="8" HEIGHT="21" WC="0.93" CONTENT="i"/><SP WIDTH="19" VPOS="944" HPOS="193"/>
							<String ID="string_107" HPOS="212" VPOS="945" WIDTH="96" HEIGHT="26" WC="0.91" CONTENT="ärendet,"/><SP WIDTH="23" VPOS="945" HPOS="308"/>
							<String ID="string_108" HPOS="331" VPOS="945" WIDTH="83" HEIGHT="21" WC="0.92" CONTENT="hvilket"/><SP WIDTH="22" VPOS="945" HPOS="414"/>
							<String ID="string_109" HPOS="436" VPOS="945" WIDTH="18" HEIGHT="27" WC="0.88" CONTENT="ej"/><SP WIDTH="22" VPOS="945" HPOS="454"/>
							<String ID="string_110" HPOS="476" VPOS="945" WIDTH="69" HEIGHT="22" WC="0.96" CONTENT="heller"/><SP WIDTH="20" VPOS="945" HPOS="545"/>
							<String ID="string_111" HPOS="565" VPOS="945" WIDTH="56" HEIGHT="21" WC="0.93" CONTENT="varit"/><SP WIDTH="19" VPOS="945" HPOS="621"/>
							<String ID="string_112" HPOS="640" VPOS="944" WIDTH="88" HEIGHT="22" WC="0.93" CONTENT="föremäl"/><SP WIDTH="16" VPOS="944" HPOS="728"/>
							<String ID="string_113" HPOS="744" VPOS="944" WIDTH="32" HEIGHT="22" WC="0.93" CONTENT="för"/><SP WIDTH="16" VPOS="944" HPOS="776"/>
							<String ID="string_114" HPOS="792" VPOS="949" WIDTH="44" HEIGHT="16" WC="0.91" CONTENT="om-"/>
						</TextLine>
						<TextLine ID="line_16" HPOS="77" VPOS="978" WIDTH="374" HEIGHT="28">
							<String ID="string_115" HPOS="77" VPOS="978" WIDTH="98" HEIGHT="27" WC="0.92" CONTENT="röstning"/><SP WIDTH="15" VPOS="978" HPOS="175"/>
							<String ID="string_116" HPOS="190" VPOS="978" WIDTH="7" HEIGHT="21" WC="0.93" CONTENT="i"/><SP WIDTH="15" VPOS="978" HPOS="197"/>
							<String ID="string_117" HPOS="212" VPOS="979" WIDTH="122" HEIGHT="27" WC="0.89" CONTENT="Kejserliga"/><SP WIDTH="16" VPOS="979" HPOS="334"/>
							<String ID="string_118" HPOS="350" VPOS="979" WIDTH="101" HEIGHT="22" WC="0.92" CONTENT="Senaten."/>
						</TextLine>
					</TextBlock>
					<TextBlock ID="block_3" HPOS="78" VPOS="1013" WIDTH="760" HEIGHT="132">
						<TextLine ID="line_17" HPOS="146" VPOS="1013" WIDTH="690" HEIGHT="28">
							<String ID="string_119" HPOS="146" VPOS="1013" WIDTH="131" HEIGHT="28" WC="0.96" CONTENT="Ytterligare"/><SP WIDTH="8" VPOS="1013" HPOS="277"/>
							<String ID="string_120" HPOS="285" VPOS="1013" WIDTH="39" HEIGHT="22" WC="0.93" CONTENT="har"/><SP WIDTH="9" VPOS="1013" HPOS="324"/>
							<String ID="string_121" HPOS="333" VPOS="1013" WIDTH="169" HEIGHT="22" WC="0.93" CONTENT="Statsutskottet"/><SP WIDTH="4" VPOS="1013" HPOS="502"/>
							<String ID="string_122" HPOS="506" VPOS="1014" WIDTH="68" HEIGHT="27" WC="0.92" CONTENT="jemte"/><SP WIDTH="8" VPOS="1014" HPOS="574"/>
							<String ID="string_123" HPOS="582" VPOS="1013" WIDTH="200" HEIGHT="28" WC="0.92" CONTENT="protokollsutdrag"/><SP WIDTH="7" VPOS="1013" HPOS="782"/>
							<String ID="string_124" HPOS="789" VPOS="1013" WIDTH="47" HEIGHT="22" WC="0.93" CONTENT="frän"/>
						</TextLine>
						<TextLine ID="line_18" HPOS="78" VPOS="1047" WIDTH="758" HEIGHT="29">
							<String ID="string_125" HPOS="78" VPOS="1048" WIDTH="134" HEIGHT="22" WC="0.89" CONTENT="hedervärda"/><SP WIDTH="19" VPOS="1048" HPOS="212"/>
							<String ID="string_126" HPOS="231" VPOS="1048" WIDTH="166" HEIGHT="22" WC="0.92" CONTENT="Bondeständet"/><SP WIDTH="18" VPOS="1048" HPOS="397"/>
							<String ID="string_127" HPOS="415" VPOS="1048" WIDTH="43" HEIGHT="22" WC="0.92" CONTENT="fätt"/><SP WIDTH="18" VPOS="1048" HPOS="458"/>
							<String ID="string_128" HPOS="476" VPOS="1051" WIDTH="97" HEIGHT="25" WC="0.91" CONTENT="mottaga"/><SP WIDTH="16" VPOS="1051" HPOS="573"/>
							<String ID="string_129" HPOS="589" VPOS="1050" WIDTH="32" HEIGHT="21" WC="0.96" CONTENT="ett"/><SP WIDTH="15" VPOS="1050" HPOS="621"/>
							<String ID="string_130" HPOS="636" VPOS="1049" WIDTH="49" HEIGHT="22" WC="0.96" CONTENT="med"/><SP WIDTH="15" VPOS="1049" HPOS="685"/>
							<String ID="string_131" HPOS="700" VPOS="1049" WIDTH="42" HEIGHT="21" WC="0.93" CONTENT="den"/><SP WIDTH="14" VPOS="1049" HPOS="742"/>
							<String ID="string_132" HPOS="756" VPOS="1047" WIDTH="80" HEIGHT="28" WC="0.92" CONTENT="nädiga"/>
						</TextLine>
						<TextLine ID="line_19" HPOS="78" VPOS="1082" WIDTH="760" HEIGHT="29">
							<String ID="string_133" HPOS="78" VPOS="1083" WIDTH="162" HEIGHT="27" WC="0.96" CONTENT="propositionen"/><SP WIDTH="22" VPOS="1083" HPOS="240"/>
							<String ID="string_134" HPOS="262" VPOS="1083" WIDTH="8" HEIGHT="21" WC="0.96" CONTENT="i"/><SP WIDTH="19" VPOS="1083" HPOS="270"/>
							<String ID="string_135" HPOS="289" VPOS="1083" WIDTH="154" HEIGHT="27" WC="0.93" CONTENT="sammanhang"/><SP WIDTH="23" VPOS="1083" HPOS="443"/>
							<String ID="string_136" HPOS="466" VPOS="1083" WIDTH="90" HEIGHT="22" WC="0.93" CONTENT="stående"/><SP WIDTH="22" VPOS="1083" HPOS="556"/>
							<String ID="string_137" HPOS="578" VPOS="1083" WIDTH="215" HEIGHT="28" WC="0.87" CONTENT="petitionsmemorial"/><SP WIDTH="23" VPOS="1083" HPOS="793"/>
							<String ID="string_138" HPOS="816" VPOS="1082" WIDTH="22" HEIGHT="22" WC="0.96" CONTENT="af"/>
						</TextLine>
						<TextLine ID="line_20" HPOS="78" VPOS="1117" WIDTH="199" HEIGHT="28">
							<String ID="string_139" HPOS="78" VPOS="1117" WIDTH="94" HEIGHT="28" WC="0.93" CONTENT="följande"/><SP WIDTH="15" VPOS="1117" HPOS="172"/>
							<String ID="string_140" HPOS="187" VPOS="1117" WIDTH="90" HEIGHT="28" WC="0.92" CONTENT="lydelse:"/>
						</TextLine>
					</TextBlock>
				</ComposedBlock>
				<ComposedBlock ID="cblock_3" HPOS="114" VPOS="1186" WIDTH="696" HEIGHT="63">
					<TextBlock ID="block_4" HPOS="114" VPOS="1186" WIDTH="696" HEIGHT="63">
						<TextLine ID="line_21" HPOS="114" VPOS="1186" WIDTH="696" HEIGHT="27">
							<String ID="string_141" HPOS="114" VPOS="1203" WIDTH="9" HEIGHT="10" WC="0.81" CONTENT="»"/><SP WIDTH="5" VPOS="1203" HPOS="123"/>
							<String ID="string_142" HPOS="128" VPOS="1186" WIDTH="40" HEIGHT="21" WC="0.94" CONTENT="Till"/><SP WIDTH="13" VPOS="1186" HPOS="168"/>
							<String ID="string_143" HPOS="181" VPOS="1187" WIDTH="129" HEIGHT="21" WC="0.93" CONTENT="hedervärda"/><SP WIDTH="17" VPOS="1187" HPOS="310"/>
							<String ID="string_144" HPOS="327" VPOS="1187" WIDTH="162" HEIGHT="21" WC="0.92" CONTENT="Bondeständet"/><SP WIDTH="15" VPOS="1187" HPOS="489"/>
							<String ID="string_145" HPOS="504" VPOS="1187" WIDTH="36" HEIGHT="21" WC="0.96" CONTENT="vid"/><SP WIDTH="14" VPOS="1187" HPOS="540"/>
							<String ID="string_146" HPOS="554" VPOS="1188" WIDTH="63" HEIGHT="20" WC="0.92" CONTENT="1882"/><SP WIDTH="15" VPOS="1188" HPOS="617"/>
							<String ID="string_147" HPOS="632" VPOS="1187" WIDTH="37" HEIGHT="21" WC="0.93" CONTENT="års"/><SP WIDTH="15" VPOS="1187" HPOS="669"/>
							<String ID="string_148" HPOS="684" VPOS="1186" WIDTH="101" HEIGHT="27" WC="0.70" CONTENT="landidag"/><SP WIDTH="16" VPOS="1186" HPOS="785"/>
							<String ID="string_149" HPOS="801" VPOS="1186" WIDTH="9" HEIGHT="20" WC="0.95" CONTENT="i"/>
						</TextLine>
						<TextLine ID="line_22" HPOS="388" VPOS="1221" WIDTH="142" HEIGHT="28">
							<String ID="string_150" HPOS="388" VPOS="1221" WIDTH="142" HEIGHT="28" WC="0.96" CONTENT="Helsingfors."/>
						</TextLine>
					</TextBlock>
				</ComposedBlock>
				<ComposedBlock ID="cblock_4" HPOS="80" VPOS="1262" WIDTH="762" HEIGHT="198">
					<TextBlock ID="block_5" HPOS="80" VPOS="1262" WIDTH="762" HEIGHT="198">
						<TextLine ID="line_23" HPOS="149" VPOS="1262" WIDTH="691" HEIGHT="25">
							<String ID="string_151" HPOS="149" VPOS="1265" WIDTH="49" HEIGHT="17" WC="0.91" CONTENT="Enär"/><SP WIDTH="14" VPOS="1265" HPOS="198"/>
							<String ID="string_152" HPOS="212" VPOS="1264" WIDTH="72" HEIGHT="18" WC="0.83" CONTENT="härtills"/><SP WIDTH="15" VPOS="1264" HPOS="284"/>
							<String ID="string_153" HPOS="299" VPOS="1265" WIDTH="6" HEIGHT="17" WC="0.96" CONTENT="i"/><SP WIDTH="15" VPOS="1265" HPOS="305"/>
							<String ID="string_154" HPOS="320" VPOS="1264" WIDTH="72" HEIGHT="23" WC="0.93" CONTENT="Kajana"/><SP WIDTH="14" VPOS="1264" HPOS="392"/>
							<String ID="string_155" HPOS="406" VPOS="1264" WIDTH="56" HEIGHT="18" WC="0.93" CONTENT="härad"/><SP WIDTH="16" VPOS="1264" HPOS="462"/>
							<String ID="string_156" HPOS="478" VPOS="1265" WIDTH="68" HEIGHT="22" WC="0.92" CONTENT="erlagts"/><SP WIDTH="15" VPOS="1265" HPOS="546"/>
							<String ID="string_157" HPOS="561" VPOS="1264" WIDTH="118" HEIGHT="18" WC="0.90" CONTENT="knekteskatt"/><SP WIDTH="15" VPOS="1264" HPOS="679"/>
							<String ID="string_158" HPOS="694" VPOS="1264" WIDTH="34" HEIGHT="18" WC="0.93" CONTENT="och"/><SP WIDTH="14" VPOS="1264" HPOS="728"/>
							<String ID="string_159" HPOS="742" VPOS="1262" WIDTH="98" HEIGHT="24" WC="0.92" CONTENT="landtkap-"/>
						</TextLine>
						<TextLine ID="line_24" HPOS="80" VPOS="1292" WIDTH="760" HEIGHT="25">
							<String ID="string_160" HPOS="80" VPOS="1293" WIDTH="121" HEIGHT="23" WC="0.91" CONTENT="tensaflöning"/><SP WIDTH="20" VPOS="1293" HPOS="201"/>
							<String ID="string_161" HPOS="221" VPOS="1292" WIDTH="12" HEIGHT="19" WC="0.93" CONTENT="3"/><SP WIDTH="16" VPOS="1292" HPOS="233"/>
							<String ID="string_162" HPOS="249" VPOS="1294" WIDTH="71" HEIGHT="23" WC="0.92" CONTENT="kappar"/><SP WIDTH="15" VPOS="1294" HPOS="320"/>
							<String ID="string_163" HPOS="335" VPOS="1294" WIDTH="83" HEIGHT="22" WC="0.85" CONTENT="spanmäl"/><SP WIDTH="15" VPOS="1294" HPOS="418"/>
							<String ID="string_164" HPOS="433" VPOS="1293" WIDTH="40" HEIGHT="18" WC="0.96" CONTENT="från"/><SP WIDTH="15" VPOS="1293" HPOS="473"/>
							<String ID="string_165" HPOS="488" VPOS="1294" WIDTH="62" HEIGHT="22" WC="0.96" CONTENT="hvarje"/><SP WIDTH="15" VPOS="1294" HPOS="550"/>
							<String ID="string_166" HPOS="565" VPOS="1293" WIDTH="50" HEIGHT="23" WC="0.96" CONTENT="gård,"/><SP WIDTH="15" VPOS="1293" HPOS="615"/>
							<String ID="string_167" HPOS="630" VPOS="1293" WIDTH="75" HEIGHT="17" WC="0.93" CONTENT="hvilken"/><SP WIDTH="15" VPOS="1293" HPOS="705"/>
							<String ID="string_168" HPOS="720" VPOS="1292" WIDTH="52" HEIGHT="22" WC="0.92" CONTENT="afgift"/><SP WIDTH="15" VPOS="1292" HPOS="772"/>
							<String ID="string_169" HPOS="787" VPOS="1292" WIDTH="53" HEIGHT="17" WC="0.96" CONTENT="torde"/>
						</TextLine>
						<TextLine ID="line_25" HPOS="80" VPOS="1320" WIDTH="760" HEIGHT="24">
							<String ID="string_170" HPOS="80" VPOS="1322" WIDTH="54" HEIGHT="17" WC="0.91" CONTENT="hafva"/><SP WIDTH="18" VPOS="1322" HPOS="134"/>
							<String ID="string_171" HPOS="152" VPOS="1322" WIDTH="36" HEIGHT="18" WC="0.92" CONTENT="fätt"/><SP WIDTH="17" VPOS="1322" HPOS="188"/>
							<String ID="string_172" HPOS="205" VPOS="1322" WIDTH="28" HEIGHT="18" WC="0.96" CONTENT="sin"/><SP WIDTH="15" VPOS="1322" HPOS="233"/>
							<String ID="string_173" HPOS="248" VPOS="1322" WIDTH="64" HEIGHT="22" WC="0.97" CONTENT="början"/><SP WIDTH="14" VPOS="1322" HPOS="312"/>
							<String ID="string_174" HPOS="326" VPOS="1322" WIDTH="58" HEIGHT="18" WC="0.96" CONTENT="under"/><SP WIDTH="15" VPOS="1322" HPOS="384"/>
							<String ID="string_175" HPOS="399" VPOS="1328" WIDTH="55" HEIGHT="12" WC="0.96" CONTENT="namn"/><SP WIDTH="16" VPOS="1328" HPOS="454"/>
							<String ID="string_176" HPOS="470" VPOS="1322" WIDTH="20" HEIGHT="17" WC="0.93" CONTENT="af"/><SP WIDTH="12" VPOS="1322" HPOS="490"/>
							<String ID="string_177" HPOS="502" VPOS="1322" WIDTH="142" HEIGHT="22" WC="0.92" CONTENT="vakansafgifter"/><SP WIDTH="15" VPOS="1322" HPOS="644"/>
							<String ID="string_178" HPOS="659" VPOS="1322" WIDTH="27" HEIGHT="17" WC="0.93" CONTENT="för"/><SP WIDTH="15" VPOS="1322" HPOS="686"/>
							<String ID="string_179" HPOS="701" VPOS="1320" WIDTH="84" HEIGHT="18" WC="0.91" CONTENT="befrielse"/><SP WIDTH="15" VPOS="1320" HPOS="785"/>
							<String ID="string_180" HPOS="800" VPOS="1320" WIDTH="40" HEIGHT="18" WC="0.92" CONTENT="frän"/>
						</TextLine>
						<TextLine ID="line_26" HPOS="80" VPOS="1349" WIDTH="761" HEIGHT="25">
							<String ID="string_181" HPOS="80" VPOS="1351" WIDTH="128" HEIGHT="23" WC="0.92" CONTENT="uppställande"/><SP WIDTH="16" VPOS="1351" HPOS="208"/>
							<String ID="string_182" HPOS="224" VPOS="1350" WIDTH="20" HEIGHT="18" WC="0.93" CONTENT="af"/><SP WIDTH="13" VPOS="1350" HPOS="244"/>
							<String ID="string_183" HPOS="257" VPOS="1351" WIDTH="86" HEIGHT="21" WC="0.92" CONTENT="soldater,"/><SP WIDTH="16" VPOS="1351" HPOS="343"/>
							<String ID="string_184" HPOS="359" VPOS="1351" WIDTH="33" HEIGHT="18" WC="0.93" CONTENT="och"/><SP WIDTH="16" VPOS="1351" HPOS="392"/>
							<String ID="string_185" HPOS="408" VPOS="1352" WIDTH="44" HEIGHT="16" WC="0.92" CONTENT="enär"/><SP WIDTH="10" VPOS="1352" HPOS="452"/>
							<String ID="string_186" HPOS="462" VPOS="1357" WIDTH="24" HEIGHT="11" WC="0.95" CONTENT="nu"/><SP WIDTH="10" VPOS="1357" HPOS="486"/>
							<String ID="string_187" HPOS="496" VPOS="1351" WIDTH="73" HEIGHT="23" WC="0.93" CONTENT="Kajana"/><SP WIDTH="9" VPOS="1351" HPOS="569"/>
							<String ID="string_188" HPOS="578" VPOS="1350" WIDTH="56" HEIGHT="18" WC="0.91" CONTENT="härad"/><SP WIDTH="11" VPOS="1350" HPOS="634"/>
							<String ID="string_189" HPOS="645" VPOS="1350" WIDTH="58" HEIGHT="23" WC="0.93" CONTENT="enligt"/><SP WIDTH="10" VPOS="1350" HPOS="703"/>
							<String ID="string_190" HPOS="713" VPOS="1349" WIDTH="128" HEIGHT="23" WC="0.92" CONTENT="Värnepligts-"/>
						</TextLine>
						<TextLine ID="line_27" HPOS="81" VPOS="1378" WIDTH="761" HEIGHT="25">
							<String ID="string_191" HPOS="81" VPOS="1380" WIDTH="52" HEIGHT="22" WC="0.96" CONTENT="lagen"/><SP WIDTH="16" VPOS="1380" HPOS="133"/>
							<String ID="string_192" HPOS="149" VPOS="1381" WIDTH="21" HEIGHT="16" WC="0.93" CONTENT="är"/><SP WIDTH="13" VPOS="1381" HPOS="170"/>
							<String ID="string_193" HPOS="183" VPOS="1379" WIDTH="109" HEIGHT="24" WC="0.93" CONTENT="förpligtadt"/><SP WIDTH="13" VPOS="1379" HPOS="292"/>
							<String ID="string_194" HPOS="305" VPOS="1382" WIDTH="28" HEIGHT="15" WC="0.93" CONTENT="att"/><SP WIDTH="16" VPOS="1382" HPOS="333"/>
							<String ID="string_195" HPOS="349" VPOS="1381" WIDTH="42" HEIGHT="21" WC="0.92" CONTENT="taga"/><SP WIDTH="15" VPOS="1381" HPOS="391"/>
							<String ID="string_196" HPOS="406" VPOS="1380" WIDTH="29" HEIGHT="17" WC="0.96" CONTENT="del"/><SP WIDTH="16" VPOS="1380" HPOS="435"/>
							<String ID="string_197" HPOS="451" VPOS="1380" WIDTH="5" HEIGHT="17" WC="0.93" CONTENT="i"/><SP WIDTH="16" VPOS="1380" HPOS="456"/>
							<String ID="string_198" HPOS="472" VPOS="1380" WIDTH="184" HEIGHT="18" WC="0.92" CONTENT="soldatkostnaderna"/><SP WIDTH="14" VPOS="1380" HPOS="656"/>
							<String ID="string_199" HPOS="670" VPOS="1379" WIDTH="24" HEIGHT="23" WC="0.96" CONTENT="pä"/><SP WIDTH="10" VPOS="1379" HPOS="694"/>
							<String ID="string_200" HPOS="704" VPOS="1384" WIDTH="68" HEIGHT="12" WC="0.96" CONTENT="samma"/><SP WIDTH="10" VPOS="1384" HPOS="772"/>
							<String ID="string_201" HPOS="782" VPOS="1378" WIDTH="60" HEIGHT="22" WC="0.96" CONTENT="grund"/>
						</TextLine>
						<TextLine ID="line_28" HPOS="81" VPOS="1406" WIDTH="760" HEIGHT="25">
							<String ID="string_202" HPOS="81" VPOS="1414" WIDTH="39" HEIGHT="12" WC="0.96" CONTENT="som"/><SP WIDTH="20" VPOS="1414" HPOS="120"/>
							<String ID="string_203" HPOS="140" VPOS="1408" WIDTH="57" HEIGHT="18" WC="0.93" CONTENT="andra"/><SP WIDTH="19" VPOS="1408" HPOS="197"/>
							<String ID="string_204" HPOS="216" VPOS="1408" WIDTH="77" HEIGHT="18" WC="0.92" CONTENT="härader"/><SP WIDTH="19" VPOS="1408" HPOS="293"/>
							<String ID="string_205" HPOS="312" VPOS="1408" WIDTH="27" HEIGHT="18" WC="0.92" CONTENT="uti"/><SP WIDTH="19" VPOS="1408" HPOS="339"/>
							<String ID="string_206" HPOS="358" VPOS="1408" WIDTH="84" HEIGHT="22" WC="0.93" CONTENT="Finland,"/><SP WIDTH="16" VPOS="1408" HPOS="442"/>
							<String ID="string_207" HPOS="458" VPOS="1410" WIDTH="50" HEIGHT="16" WC="0.92" CONTENT="utom"/><SP WIDTH="15" VPOS="1410" HPOS="508"/>
							<String ID="string_208" HPOS="523" VPOS="1408" WIDTH="133" HEIGHT="23" WC="0.92" CONTENT="Lappmarken,"/><SP WIDTH="16" VPOS="1408" HPOS="656"/>
							<String ID="string_209" HPOS="672" VPOS="1408" WIDTH="20" HEIGHT="17" WC="0.93" CONTENT="sä"/><SP WIDTH="14" VPOS="1408" HPOS="692"/>
							<String ID="string_210" HPOS="706" VPOS="1407" WIDTH="28" HEIGHT="17" WC="0.92" CONTENT="fär"/><SP WIDTH="12" VPOS="1407" HPOS="734"/>
							<String ID="string_211" HPOS="746" VPOS="1407" WIDTH="33" HEIGHT="23" WC="0.93" CONTENT="jag"/><SP WIDTH="14" VPOS="1407" HPOS="779"/>
							<String ID="string_212" HPOS="793" VPOS="1406" WIDTH="48" HEIGHT="18" WC="0.91" CONTENT="häri-"/>
						</TextLine>
						<TextLine ID="line_29" HPOS="80" VPOS="1435" WIDTH="761" HEIGHT="25">
							<String ID="string_213" HPOS="80" VPOS="1442" WIDTH="65" HEIGHT="17" WC="0.93" CONTENT="genom"/><SP WIDTH="16" VPOS="1442" HPOS="145"/>
							<String ID="string_214" HPOS="161" VPOS="1437" WIDTH="10" HEIGHT="17" WC="0.92" CONTENT="&amp;"/><SP WIDTH="15" VPOS="1437" HPOS="171"/>
							<String ID="string_215" HPOS="186" VPOS="1437" WIDTH="73" HEIGHT="23" WC="0.92" CONTENT="Kajana"/><SP WIDTH="14" VPOS="1437" HPOS="259"/>
							<String ID="string_216" HPOS="273" VPOS="1437" WIDTH="122" HEIGHT="18" WC="0.92" CONTENT="häradsboars"/><SP WIDTH="15" VPOS="1437" HPOS="395"/>
							<String ID="string_217" HPOS="410" VPOS="1438" WIDTH="69" HEIGHT="22" WC="0.92" CONTENT="vägnar"/><SP WIDTH="15" VPOS="1438" HPOS="479"/>
							<String ID="string_218" HPOS="494" VPOS="1438" WIDTH="29" HEIGHT="17" WC="0.93" CONTENT="till"/><SP WIDTH="15" VPOS="1438" HPOS="523"/>
							<String ID="string_219" HPOS="538" VPOS="1437" WIDTH="45" HEIGHT="23" WC="0.92" CONTENT="högt"/><SP WIDTH="14" VPOS="1437" HPOS="583"/>
							<String ID="string_220" HPOS="597" VPOS="1437" WIDTH="55" HEIGHT="17" WC="0.93" CONTENT="ärade"/><SP WIDTH="15" VPOS="1437" HPOS="652"/>
							<String ID="string_221" HPOS="667" VPOS="1436" WIDTH="75" HEIGHT="18" WC="0.93" CONTENT="ständet"/><SP WIDTH="14" VPOS="1436" HPOS="742"/>
							<String ID="string_222" HPOS="756" VPOS="1435" WIDTH="85" HEIGHT="18" WC="0.92" CONTENT="framföra"/>
						</TextLine>
					</TextBlock>
				</ComposedBlock>
				<ComposedBlock ID="cblock_5" HPOS="152" VPOS="1473" WIDTH="356" HEIGHT="19">
					<TextBlock ID="block_6" HPOS="152" VPOS="1473" WIDTH="356" HEIGHT="19">
						<TextLine ID="line_30" HPOS="152" VPOS="1473" WIDTH="356" HEIGHT="19">
							<String ID="string_223" HPOS="152" VPOS="1473" WIDTH="149" HEIGHT="19" WC="0.92" CONTENT="Statsutskottets"/><SP WIDTH="13" VPOS="1473" HPOS="301"/>
							<String ID="string_224" HPOS="314" VPOS="1473" WIDTH="117" HEIGHT="18" WC="0.53" CONTENT="vetänkande"/><SP WIDTH="13" VPOS="1473" HPOS="431"/>
							<String ID="string_225" HPOS="444" VPOS="1474" WIDTH="36" HEIGHT="17" WC="0.96" CONTENT="N:o"/><SP WIDTH="12" VPOS="1474" HPOS="480"/>
							<String ID="string_226" HPOS="492" VPOS="1474" WIDTH="16" HEIGHT="17" WC="0.96" CONTENT="3."/>
						</TextLine>
					</TextBlock>
				</ComposedBlock>
			</PrintSpace>
		</Page>
	</Layout>
</alto>
