1025 1673
227 133 26 20 18
430 132 25 23 U.
470 130 24 25 B.
510 145 26 3 —
553 132 66 29 Prop.
634 133 39 22 N:o
688 131 35 24 33.

195 197 166 24 innehafvarene
376 198 65 22 blifva
456 198 63 27 klart,
536 200 34 20 att
585 199 27 22 de
622 198 33 23 för
665 198 142 28 deltagandet
817 199 7 22 i
834 199 121 23 kostnaden

194 233 33 22 för
251 233 41 22 den
315 233 107 22 allmänna
443 233 150 28 värnepligten
615 233 86 22 komma
719 235 33 20 att
771 233 85 28 åtnjuta
873 240 82 15 samma

194 267 92 26 lättnad,
298 273 46 16 som
357 273 76 21 genom
444 268 169 22 rotevakansens
624 267 152 28 upphäfvande
786 268 91 22 kommit
887 268 69 27 öfriga

195 303 100 21 hemman
310 302 33 21 till
358 303 42 21 del.

263 337 115 22 Utskottet
397 337 40 22 har
456 336 85 23 derföre
562 339 73 20 ansett
654 337 34 27 sig
702 337 54 22 böra
770 339 99 26 uppgöra
885 344 26 15 en
925 344 29 22 ny

193 371 120 28 beräkning
328 371 24 22 af
364 371 265 28 rustningskostnaderna,
645 371 89 22 hvarvid
750 371 83 28 hänsyn
844 372 65 27 tagits
920 372 33 21 till

194 407 41 22 den
251 406 8 22 i
273 405 113 23 Komiténs
405 406 118 27 beräkning
543 407 7 20 i
570 405 136 23 förenämndt
724 406 102 22 afseende
840 407 113 21 anmärkta

193 441 61 22 brist.
285 441 41 21 Till
348 441 69 27 grund
438 440 33 23 för
492 441 147 27 beräkningen
663 441 40 22 har
725 441 115 22 Utskottet
861 441 46 27 lagt
925 441 27 22 de

193 476 69 27 begge
284 475 104 28 kalkyler,
411 481 47 16 som
477 475 7 22 i
502 475 115 22 Komiténs
634 475 138 22 betänkande
788 475 93 27 anföras,
897 482 54 21 upp-

192 510 87 22 rättade
295 510 40 22 den
351 516 41 16 ena
407 510 24 21 år
447 512 54 20 1868
517 509 23 23 af
555 517 26 15 en
597 510 79 22 svensk
691 510 88 27 komité,
796 516 47 16 som
858 509 46 23 haft
919 511 32 21 till

192 544 86 28 uppgift
293 546 32 20 att
340 545 78 22 utreda
432 544 75 28 frågan
523 551 34 16 om
573 545 118 27 roterings-
706 544 41 23 och
762 545 189 27 rustningsbesvä-

191 581 40 25 ret,
253 579 42 22 den
314 579 67 22 andra
399 579 24 22 är
444 581 55 20 1874
519 579 23 22 af
555 579 219 28 Expeditionschefen
789 579 25 22 A.
830 580 119 21 Anderson.

192 613 28 22 Af
234 613 65 22 dessa
313 614 70 27 begge
398 613 96 28 kalkyler
509 613 40 22 har
564 614 114 21 Utskottet
688 613 55 28 tagit
752 613 133 28 medeltalet,
895 614 54 21 hvil-

192 648 38 21 ket
245 647 159 28 otvifvelaktigt
418 649 40 21 bör
466 649 87 21 komma
563 648 118 27 sanningen
693 650 103 20 närmast.
822 649 127 27 Roterings-

191 683 151 28 skyldigheten
358 683 47 22 äter
419 683 40 22 har
472 683 115 22 Utskottet
602 683 106 22 beräknat
724 682 54 23 efter
794 683 27 22 de
834 683 114 28 uppgifter,

191 723 46 17 som
253 717 51 28 ingä
318 718 7 22 i
339 717 116 29 Bilagorna
469 718 33 22 till
517 718 260 27 Värnepligtsutskottets
792 717 70 23 första
873 718 75 22 betän-

189 752 72 23 kande
285 753 48 26 (sid.
354 755 28 19 44
402 752 60 28 följ.),
484 753 122 27 utgörande
628 753 193 22 medelkostnaden
843 752 33 22 för
897 753 52 22 ären

191 788 149 21 1860—1864.
370 788 150 22 Nästnämnda
541 787 110 28 uppgifter
673 787 193 22 öfverensstämma
885 788 7 21 i
911 787 38 22 det

189 823 111 21 närmaste
314 822 49 22 med
379 822 41 23 den
435 822 224 28 kostnadsberäkning
673 822 61 22 öfver
744 822 203 27 roteringsskyldig-

190 857 65 22 heten
276 857 7 21 i
303 857 95 27 Sverige,
418 863 46 16 som
487 857 23 22 af
527 857 140 22 förenämnda
685 857 94 22 svenska
798 857 81 22 komit6
893 863 55 21 upp-

189 891 75 28 gjorts,
278 891 41 22 och
337 891 104 28 bestyrka
460 892 92 31 sälunda
567 892 7 21 i
589 892 33 21 sin
637 897 51 16 mon
703 891 188 28 tillförlitligheten
907 891 40 22 och

188 925 179 28 tillämpligheten
386 926 30 27 pä
434 926 52 21 våra
503 925 151 23 förhållanden
673 925 25 22 af
716 925 70 22 denna
801 925 92 22 komites
908 926 37 21 be-

188 960 117 27 räkningar
325 960 79 28 jemväl
426 960 93 23 rörande
544 960 242 27 rustningskostnaden.
820 960 127 22 Kostnaden

186 994 34 22 för
235 1001 108 20 reserven,
362 1001 47 16 som
430 995 172 22 Skattekomiten
618 995 91 22 alldeles
724 994 81 23 lemnat
820 1001 26 15 ur
861 995 85 21 räknin-

187 1035 48 21 gen,
250 1029 41 22 har
298 1029 113 23 Utskottet
418 1029 106 22 beräknat
534 1029 55 22 efter
599 1030 41 22 den
651 1029 33 22 för
692 1029 135 22 närvarande
838 1029 108 27 utgäende

185 1063 263 28 reserv-vakansafgiften,
468 1064 93 27 hvilken,
583 1064 72 22 säsom
674 1064 93 27 tidigare
786 1063 89 27 anförts,
891 1065 54 20 mot-

185 1104 76 15 svarar
283 1099 27 21 de
331 1097 115 28 förmoner,
465 1099 150 22 reservkarlen
635 1098 57 22 hade
711 1099 33 20 att
761 1098 99 27 päräkna
875 1097 23 22 af
910 1104 35 15 ro-

186 1134 61 20 tarne
265 1133 53 21 eller
332 1133 126 26 rusthällen,
474 1133 73 22 hvilka
561 1133 7 21 i
579 1133 102 22 afseende
693 1133 13 21 å
716 1138 102 16 reserven
828 1132 56 22 hade
895 1139 50 15 ena-

184 1167 73 22 handa
281 1167 119 28 äliggande.
430 1167 11 22 I
464 1167 101 22 afseende
585 1167 13 22 &
617 1167 137 27 förvandling
774 1167 34 21 till
823 1167 122 22 rubelskatt

184 1201 41 22 och
245 1201 69 28 öfriga
333 1202 140 27 uträkningar
492 1202 40 21 har
547 1202 115 22 Utskottet
677 1201 97 22 användt
789 1201 155 22 medelmarke-

183 1236 85 27 gången
290 1236 34 22 för
346 1236 25 22 år
392 1238 54 20 1874
466 1236 33 23 för
519 1237 27 22 de
565 1237 42 26 län,
628 1243 46 15 som
695 1236 40 22 här
753 1236 87 21 komma
854 1236 7 21 i
876 1235 67 28 fråga.

182 1270 67 22 Detta
265 1271 35 21 ärs
316 1271 208 28 medelmarkegäng,
541 1277 47 16 som
603 1273 24 19 är
636 1271 86 27 liktidig
732 1270 49 22 med
792 1270 151 27 Expeditions-

182 1304 77 23 chefen
275 1305 125 22 Andersons
415 1305 85 28 förslag,
517 1306 70 21 måste
602 1305 78 28 jemväl
696 1305 85 22 derföre
797 1310 65 16 anses
872 1304 72 22 lemna

181 1339 37 21 det
233 1339 100 22 säkraste
349 1339 99 27 resultat,
464 1341 33 20 att
512 1339 41 22 den
569 1339 102 22 omfattar
685 1340 27 21 de
722 1339 37 22 nio
770 1339 30 27 är,
812 1345 47 16 som
869 1339 74 21 landet

180 1376 51 20 näst
251 1374 55 22 efter
328 1376 53 20 1865
398 1374 34 22 ärs
448 1374 138 28 myntreform
599 1374 47 22 haft
661 1374 105 28 stadgadt
780 1374 162 27 myntväsende,

181 1408 28 22 dä
224 1408 99 22 deremot
338 1410 32 20 ett
385 1409 92 27 tidigare
494 1409 34 21 ärs
544 1408 205 28 medelmarkegäng
764 1408 70 22 skulle
852 1407 91 22 omfatta

179 1442 52 22 flere
251 1443 25 21 är
300 1443 49 22 med
374 1443 151 28 deprecieradt
547 1443 131 28 myntvärde.
710 1443 42 21 Vid
774 1442 125 28 jemförelse
921 1442 23 22 af

250 1482 151 18 Statsutskottets
414 1482 116 18 betänkande
543 1483 36 17 N:o
592 1483 16 17 3.
