1009 1670
312 114 18 19 U.
346 114 20 20 B.
384 124 24 4 —
425 114 54 24 Prop.
494 114 30 19 N:o
540 113 31 20 36.
780 113 13 20 5

62 178 35 22 till
106 184 30 22 ny
146 176 187 29 militärstrafflag,
345 177 41 22 har
395 176 49 23 icke
454 178 75 21 ansett
538 177 78 27 nödigt
630 179 34 20 att
674 177 51 23 civil
734 178 89 27 tjenste-

63 219 50 15 man
128 212 69 22 skulle
212 212 8 21 i
234 211 93 22 fredstid
342 211 121 27 underlyda
478 212 71 21 denna
566 212 43 27 lag,
632 212 104 22 ehuruväl
757 212 43 21 han
814 211 9 22 i

63 247 42 22 fält
119 247 67 22 borde
200 246 35 22 för
249 246 137 28 handlingar,
402 252 78 22 genom
494 246 76 22 hvilka
580 246 160 28 krigsmaktens
750 246 73 22 säker-

62 282 39 22 het
114 282 73 22 kunde
202 281 132 27 äfventyras,
356 280 94 22 drabbas
466 280 25 22 af
504 287 82 15 samma
601 287 79 16 ansvar
694 287 45 16 som
753 281 69 28 krigs-

62 322 61 21 man;
146 317 39 21 och
200 316 132 27 stadgandet
346 315 8 22 i
369 315 13 29 &
398 317 12 20 3
426 315 26 22 af
465 315 42 22 den
524 316 83 27 nådiga
624 316 160 27 propositionen
798 318 25 19 är

63 350 8 22 i
87 350 222 23 öfverensstämmelse
324 350 88 22 härmed
428 350 109 22 affattadt.

132 385 114 22 Utskottet
260 385 41 21 har
316 384 54 22 dock
385 384 49 22 icke
449 384 35 22 för
497 384 35 22 sin
554 384 35 22 del
604 385 84 21 kunnat
706 385 117 28 godkänna

64 425 27 16 en
106 419 70 22 sådan
191 419 121 28 anordning
327 419 135 21 beträffande
476 419 158 22 militärläkare
645 419 39 22 och
693 419 130 28 tjensteman

66 453 35 22 för
114 453 260 28 musikundervisningen.
404 453 69 22 Desse
495 454 36 21 stå
548 453 112 28 nemligen,
684 454 34 22 till
731 453 55 29 följd
800 452 26 23 af

63 489 48 21 sina
125 489 156 26 befattningar,
296 488 9 21 i
320 488 76 27 daglig
410 488 104 28 beröring
523 489 49 21 med
582 488 126 22 underbefäl
719 489 39 21 och
765 494 59 15 man-

64 523 54 28 skap
140 525 57 20 samt
218 524 76 26 måste,
318 523 34 21 för
367 525 35 19 att
420 523 120 28 behörigen
554 523 74 22 kunna
650 523 94 28 fullgöra
766 522 58 23 hvad

63 557 48 22 dem
126 558 92 27 åligger,
234 557 112 28 punktligt
360 557 70 23 blifva
444 558 91 27 åtlydde
551 558 38 21 och
606 557 34 22 för
655 558 48 21 sina
720 563 102 22 personer

63 593 153 27 tillgodonjuta
231 593 114 21 enahanda
360 592 71 27 skydd
446 599 45 15 som
506 592 144 28 lagförslaget
664 592 104 28 tillägger
783 591 41 22 för-

64 633 57 16 man.
151 627 36 22 Då
208 627 142 28 nyssberörde
372 627 132 27 tjenstemän
519 627 65 28 förty,
608 627 68 28 enligt
698 627 125 22 Utskottets

64 662 94 27 mening,
175 662 53 21 böra
243 662 82 21 erhålla
340 663 46 20 rätt
404 663 34 20 att
454 661 34 22 för
502 662 84 21 mindre
600 661 114 22 förseelser
728 661 97 27 pålägga

67 697 163 27 underlydande
245 696 171 28 ordningsstraff,
432 696 41 21 har
487 696 115 22 Utskottet
613 698 71 20 ansett
695 696 71 21 denna
780 696 46 20 rätt

67 731 31 27 på
114 731 69 22 andra
197 731 62 22 sidan
276 731 54 22 böra
344 733 120 20 motsvaras
480 731 26 21 af
525 731 152 28 skyldigheten
690 731 35 22 för
738 730 90 21 militär-

66 766 76 21 läkare
165 765 39 22 och
226 766 131 27 tjensteman
371 765 35 22 för
428 765 254 28 musikundervisningen
703 767 34 20 att
750 763 77 29 sjelfve

64 800 121 27 underlyda
200 799 214 28 militärstrafflagen,
431 800 57 21 helst
498 800 71 22 denna
579 800 125 27 skyldighet
711 801 65 26 utgör
786 799 38 21 det

65 835 57 21 enda
136 835 90 27 möjliga
240 835 112 21 korrektiv
374 836 58 20 emot
446 834 109 22 missbruk
570 834 25 22 af
608 835 41 21 den
664 833 162 27 bestraffnings-

64 871 47 19 rätt
125 869 114 21 Utskottet
261 871 73 19 ansett
356 869 48 21 dem
418 869 54 21 böra
492 869 150 22 tillerkännas.
672 868 46 22 Och
732 868 41 22 har
787 867 39 22 Ut-

64 904 84 21 skottet
159 904 84 27 styrkts
258 903 8 22 i
275 903 34 22 sin
320 903 64 28 äsigt,
398 905 34 20 att
446 903 208 28 ofvanuppräknade
664 903 63 22 civile
737 902 89 28 tjenste-

66 940 50 19 män
130 938 54 22 böra
198 938 8 21 i
220 938 38 27 lag
272 938 108 22 likställas
395 938 49 22 med
459 944 73 16 annan
546 938 91 27 förman,
658 937 81 28 jemväl
757 936 68 27 deraf,

67 974 34 20 att
116 972 75 28 dylika
206 972 131 28 tjenstemän
346 972 49 22 icke
410 972 33 22 uti
457 973 74 27 nägon
547 973 25 21 af
584 972 27 22 de
625 972 118 22 utländska
757 970 70 23 straff-

65 1007 64 27 lagar
143 1006 35 22 för
192 1006 154 28 krigsmakten,
362 1007 116 21 Utskottet
492 1007 50 21 haft
563 1007 86 21 tillfälle
667 1008 34 20 att
722 1006 102 28 granska,

66 1043 38 19 äro
119 1041 142 27 undantagna
276 1041 50 22 frän
341 1042 42 21 den
398 1041 97 22 militära
507 1041 174 28 jurisdiktionen.
711 1040 115 22 Utskottet

65 1076 40 22 har
120 1076 85 22 derföre
221 1076 35 22 för
270 1076 13 29 &
299 1078 12 20 3
326 1076 116 28 föreslagit
457 1082 27 16 en
499 1076 70 22 sådan
583 1076 88 27 lydelse,
688 1077 34 20 att
736 1074 89 22 militär-

66 1110 129 28 strafflagen
210 1111 57 21 skall
282 1112 14 20 ä
306 1111 68 27 sagde
389 1111 131 27 tjenstemän
532 1111 110 27 tillämpas
656 1110 26 22 sä
696 1110 8 22 i
719 1109 49 22 fred
782 1115 45 15 som

67 1145 8 21 i
90 1145 57 27 krig.
176 1144 140 23 Beträffande
332 1146 48 20 äter
396 1145 71 27 öfriga
482 1145 65 22 civila
561 1145 130 27 tjenstemän
705 1144 39 23 vid
758 1143 70 27 krigs-

68 1179 96 28 makten,
187 1179 53 22 eller
254 1179 141 28 predikanter
410 1179 39 22 och
472 1179 118 28 auditörer,
613 1179 25 22 sä
660 1179 40 22 har
714 1178 115 22 Utskottet

67 1215 55 20 trott
138 1213 48 22 dem
200 1214 74 21 kunna
288 1216 53 19 utan
356 1214 78 22 hinder
444 1213 35 22 för
494 1214 35 21 sin
538 1213 218 28 tjensteverksamhet
770 1211 59 22 bibe-

66 1248 71 21 hällas
158 1248 38 22 vid
218 1248 42 22 den
282 1248 108 27 ställning
412 1247 144 28 lagförslaget
577 1247 132 22 härutinnan
724 1247 106 25 utstakat,

67 1282 53 22 eller
133 1284 35 19 att
175 1279 216 31 militärstrafflagen
413 1282 15 22 &
442 1282 50 22 dem
512 1282 109 27 tillämpas
644 1282 78 22 endast
737 1280 29 22 dä
782 1279 49 22 dei

66 1316 43 22 fält
123 1316 79 28 begått
216 1316 211 28 lagöfverträdelser.
457 1316 63 22 Dock
542 1317 40 21 har
603 1316 120 26 Utskottet,
746 1314 35 22 för
795 1315 35 21 att

67 1351 80 27 bringa
170 1353 12 19 3
199 1350 11 29 &
225 1351 8 21 i
256 1351 41 21 den
318 1357 44 21 nya
384 1350 211 28 militärstraffagen
610 1350 8 22 i
631 1348 130 24 konformit6
781 1348 49 22 med

68 1384 78 28 lagens
161 1385 137 28 stadganden
313 1385 8 22 i
336 1385 74 28 öfrigt,
426 1385 76 27 tillagt
518 1386 42 21 den
570 1384 142 28 bestämning,
728 1384 35 20 att
772 1382 60 23 audi-

136 1464 142 22 Lagutskottets
292 1464 116 18 betänkande
420 1465 36 17 N:o
469 1466 17 16 8.
