1025 1673
258 121 80 22 Ständ.
354 121 38 22 Sv.
408 132 28 3 —
451 119 72 28 Prop.
539 119 41 22 N:o
594 118 36 22 38.

334 382 103 25 Finlands
461 381 107 26 Ständers
589 380 156 32 underdåniga
762 386 53 19 svar

267 425 6 23 i
300 423 116 30 anledning
439 422 26 24 af
487 423 69 24 Hans
579 420 162 32 Kejserliga
764 419 51 26 Ma-

265 463 109 32 jestäts
408 461 82 32 nådiga
526 461 147 33 proposition,
701 459 114 33 angående

268 501 319 34 stämpelpappersbevillning.

125 576 244 27 Stormäktigste,
390 575 223 27 Allernådigste
635 574 121 29 Kejsare

317 621 52 22 och
391 621 177 22 Storfurste!

134 676 10 20 I
167 674 107 22 anseende
296 673 72 21 dertill
390 675 33 19 att
441 673 43 20 den
499 671 258 28 stämpelpappersafgift,
773 678 46 15 som

64 710 38 22 vid
117 710 86 21 senaste
220 707 104 27 landtdag
342 706 70 22 blifvit
427 706 100 21 bestämd
542 705 40 22 och
596 713 78 20 genom
688 706 80 27 nådiga
778 704 41 23 för-

66 744 121 26 ordningen
210 743 41 21 den
266 742 28 21 20
307 741 43 27 maj
366 741 56 21 1878
437 740 119 28 påbjuden,
571 741 50 20 med
635 741 109 27 utgången
759 740 24 21 af
796 740 24 21 år

67 778 57 22 1883
142 777 92 27 upphör,
248 776 40 21 har
303 776 89 20 Eders
414 774 170 28 Kejserliga
605 774 140 28 Majestät
760 774 8 21 i
783 775 37 21 nå-

68 812 37 27 dig
120 811 134 28 proposition
268 810 34 21 till
312 810 133 21 Ständernas
455 809 163 28 handläggning
629 808 140 22 öfverlemnat
779 807 42 23 för-

68 847 48 27 slag
130 846 34 21 till
178 845 91 28 förnyad
277 845 132 26 förordning,
419 845 115 26 angående
544 843 277 28 stämpelpappersafgiften

68 881 9 21 i
92 880 207 22 Storfurstendömet
313 878 100 21 Finland.

138 914 42 21 Vid
201 912 159 27 behandlingen
382 911 24 22 af
424 911 144 23 förevarande
586 913 80 21 ärende
680 912 65 22 hafva
760 912 63 21 Stän-

70 949 68 21 derna
159 947 49 22 icke
229 947 81 22 lemnat
332 946 121 22 obeaktade
477 947 27 20 de
526 947 91 27 utvägar
631 947 33 21 till
679 947 107 22 ernående
802 945 24 22 af

71 983 58 21 ökad
143 981 95 22 inkomst
253 981 49 22 utaf
314 980 188 28 stämpelskatten,
518 981 74 22 hvilka
606 981 7 21 i
628 983 41 20 den
685 982 79 26 nådiga
775 987 48 20 pro-

71 1017 123 28 positionen
208 1016 71 21 finnas
294 1016 104 27 antydda;
415 1021 49 15 men
481 1016 53 20 enär
544 1016 26 21 de
581 1015 24 22 af
613 1015 132 22 Ständernas
755 1015 69 21 Stats-

71 1051 85 22 utskott
170 1051 77 27 gjorda
261 1049 98 28 kalkyler
373 1049 60 21 öfver
448 1048 146 23 Statsverkets
608 1049 116 28 tillgångar
739 1049 40 22 och
789 1048 36 22 be-

72 1085 40 22 hof
130 1085 60 27 gifva
210 1084 35 22 vid
266 1084 87 21 handen
373 1085 38 24 att,
427 1083 86 22 utöfver
528 1084 42 21 den
585 1084 25 21 af
622 1084 121 21 Ständerna
758 1084 67 21 redan

72 1121 98 26 antagna
183 1118 117 27 bevillning
314 1117 34 22 för
363 1117 66 22 tobak
445 1117 40 22 och
501 1118 149 27 maltdrycker,
665 1119 71 27 någon
746 1118 80 27 förhöj-

73 1153 53 28 ning
147 1153 25 21 af
191 1152 172 27 bevillningarna
381 1151 48 22 icke
443 1158 52 15 vore
510 1151 34 22 för
558 1153 145 22 instundande
718 1153 107 27 skattepe-

73 1188 48 21 riod
136 1187 132 27 erforderlig,
282 1187 47 25 har,
345 1187 66 27 enligt
429 1186 135 22 Ständernas
578 1187 73 26 tanke,
666 1189 72 26 någon
753 1187 74 22 anled-

74 1222 53 27 ning
148 1221 48 22 icke
218 1221 129 22 förefunnits
369 1223 32 20 att
421 1228 30 14 nu
465 1221 70 22 anlita
550 1221 164 28 ifrågavarande
729 1223 98 26 utvägar,

74 1255 74 23 hvilka
162 1255 68 22 heilre
244 1257 60 26 synts
318 1255 53 22 böra
386 1255 83 21 lemnas
487 1256 73 27 öppna
575 1255 33 22 för
622 1256 169 27 tillgodoseende
806 1255 25 22 af

75 1291 27 20 de
124 1290 70 21 ökade
216 1290 70 27 behof,
304 1297 46 14 som
365 1289 115 22 framdeles
495 1290 143 29 tilläfventyrs
653 1291 74 21 kunna
742 1290 87 21 komma

73 1327 35 19 att
122 1331 76 21 yppas.

145 1359 123 22 Ständerna
289 1359 66 22 hafva
368 1359 34 21 för
417 1359 41 21 den
474 1359 57 21 skull
547 1359 68 28 åtagit
630 1360 32 27 sig
676 1362 33 20 att
723 1359 34 22 för
771 1359 60 21 näst-

74 1393 132 22 kommande
221 1396 33 19 tre
269 1394 24 21 år
302 1394 79 27 utgöra
390 1394 305 28 stämpelpappersbevillning
705 1394 68 27 enligt
783 1392 48 22 huf-

75 1427 144 28 vudsakligen
234 1428 114 22 enahanda
362 1428 101 27 grunder,
480 1435 46 14 som
540 1428 34 22 för
588 1429 135 22 närvarande
735 1430 37 20 äro
782 1428 50 21 här-

76 1461 34 21 för
124 1461 107 27 gällande.
