1053 1689
278 123 63 20 Ständ.
358 124 28 20 Sv.
403 135 28 3 —
445 125 54 25 Prop.
516 126 30 21 N:o
561 127 24 20 41
600 133 23 14 m.
638 128 19 19 fl.
785 131 25 20 15

86 185 69 22 skulle
171 186 64 22 alltsä
251 189 113 26 3,840,000
379 189 60 22 mark
455 197 52 15 vara
522 193 33 20 att
569 192 102 27 päräkna,
687 193 85 22 hvartill
788 194 52 22 böra

83 219 75 28 läggas
175 221 242 29 utskänkningsafgifter
431 225 80 25 25,000
526 226 67 27 mark,
616 226 37 23 S:a
668 229 120 26 3,865,000:
806 241 25 3 —

84 253 60 22 Efter
167 254 74 28 afdrag
263 255 23 22 af
306 257 103 28 anslagen
428 258 33 22 till

113 288 135 23 statsfonden
279 307 5 4 .
314 306 5 5 .
350 306 4 6 .
386 307 4 6 .
421 309 4 5 .
457 310 4 4 .
494 295 98 25 660,000:
610 307 24 3 —

112 323 32 21 till
158 323 121 23 kontrollen
315 342 4 5 .
350 342 5 5 .
386 343 5 4 .
421 344 5 5 .
457 344 4 5 .
493 329 99 26 200,000:
609 341 24 4 —

123 374 10 10 »
157 357 163 24 kommunerna.
350 377 4 4 .
386 377 5 5 .
421 378 5 5 .
457 377 5 6 .
493 364 100 25 400,000:
609 375 29 4 —
669 372 119 24 1,260,000:
803 384 29 3 —

84 402 95 23 tillfaller
193 403 277 26 kommunikationsfonden
491 423 1 6 .
523 425 4 5 .
559 426 4 5 .
595 427 5 4 .
630 427 5 4 .
667 412 121 26 2,605,000:
803 424 29 4 —

152 442 92 23 Säsnart
260 445 64 26 ryska
338 445 251 26 Riksskattkammarens
605 449 76 28 bidrag
696 451 32 21 till
743 451 95 28 byggan-

84 476 36 22 det
143 477 22 22 af
182 478 178 23 Riihimäki—S:t
374 480 131 29 Petersburg
519 482 90 29 jernväg
625 484 69 22 blifvit
708 485 130 28 ligvideradt

83 511 93 22 medelst
190 512 42 27 län,
249 519 46 16 som
311 514 68 22 under
394 515 133 23 Ständernas
542 518 85 26 garanti
634 521 114 26 upptages,
757 521 29 27 pä
794 523 44 19 sätt

83 545 150 23 Ständernas
224 541 11 38 i
249 547 60 22 detta
324 549 79 22 ärende
419 550 79 23 aflätna
513 553 78 21 tvenne
606 553 146 28 underdäniga
768 561 70 16 svars-

83 579 123 24 skrifvelser
228 581 56 27 gifva
306 583 35 22 vid
356 583 92 28 handen,
464 585 63 22 skola
543 588 26 20 65
579 588 27 25 9/0
622 587 23 22 af
658 589 180 22 nettobehällnin-

83 620 41 21 gen
139 614 47 22 från
203 615 69 22 denna
286 617 40 21 och
341 610 134 40 Helsingfors
489 621 153 22 —Tavastehus
650 623 92 28 jernväg
752 624 86 21 komma

82 647 274 26 kommunikationsfonden
379 653 33 21 till
427 654 62 26 godo.
521 655 76 22 Denna
613 656 123 29 behällning
750 658 40 22 har
805 658 33 22 för

83 682 51 22 ären
150 685 138 21 1879—1881
306 686 81 27 utgjort
401 687 7 22 i
423 689 103 22 medeltal
541 690 98 28 omkring
647 693 114 26 2,000,000
768 693 68 22 mark.

82 717 290 25 Kommunikationsfondens
395 722 63 22 andel
477 723 42 22 kan
536 724 86 23 säledes
637 725 33 22 för
686 726 26 21 de
727 729 109 20 närmaste

82 753 33 20 tre
131 751 50 22 ären
197 753 49 22 med
261 755 100 26 trygghet
375 756 106 23 beräknas
497 758 34 21 till
548 760 112 25 1,300,000
676 761 66 21 mark.

149 781 385 33 Äbo—Tammerfors—Tavastehus
557 793 70 22 banan
642 794 43 21 kan
701 794 54 23 efter
770 801 66 22 unge-

81 819 62 28 färlig
157 821 113 23 medeltals
286 823 119 29 beräkning
420 827 89 26 antagas
525 827 71 22 lemna
606 830 60 20 netto
676 831 90 25 350,000
775 830 60 21 mark

81 860 35 15 om
130 854 52 23 äret.
291 864 3 3 :

149 889 56 22 Från
220 890 239 26 Tammerfors—Wasa
473 895 90 28 jernväg
574 903 53 16 anse
637 897 121 23 Ständerna
764 899 71 26 nägon

80 923 156 23 nettoinkomst
255 925 48 23 icke
320 927 53 22 böra
388 929 107 26 päräknas
511 929 33 22 för
560 931 26 21 de
601 931 57 22 inom
674 931 160 28 ifrägavarande

80 957 76 27 period
171 957 93 24 fallande
280 962 77 21 tvenne
372 961 68 23 första
456 963 123 24 trafikären.

148 993 153 23 Walkeakoski
316 995 63 22 kanal
396 1003 62 21 synes
474 998 77 22 hittills
567 999 48 22 icke
630 999 28 22 ha
673 1000 81 22 lemnat
763 1001 71 27 nägon

80 1026 129 28 behällning,
232 1028 86 23 hvarför
341 1031 124 22 densamma
486 1033 59 21 helst
566 1033 40 22 bör
627 1033 46 22 frän
688 1031 145 35 beräkningen

79 1061 114 22 uteslutas.

147 1096 10 21 I
179 1096 61 28 fräga
262 1104 34 15 om
314 1098 288 25 kommunikationsfondens
621 1102 89 28 utgifter
728 1103 46 27 bör,
790 1103 42 23 för-

78 1131 60 20 utom
154 1132 150 22 annuiteterna
319 1133 13 21 &
346 1134 26 21 de
388 1134 137 22 härförinnan
542 1138 109 25 upptagna
660 1137 172 28 jernvägslänen,

78 1164 73 22 hvilka
173 1166 72 27 uppgå
267 1167 32 21 till
322 1169 113 25 2,076,000
451 1170 68 26 mark,
536 1170 126 22 observeras
678 1172 126 22 annuiteten
820 1172 13 22 å

78 1198 37 21 det
129 1198 36 22 län
181 1205 33 16 om
232 1202 133 27 10,000,000,
381 1208 46 17 som
441 1204 56 21 skall
512 1204 57 27 gifva
584 1205 85 22 medlen
684 1206 32 21 till
731 1212 51 22 nyss
797 1207 36 21 be-

77 1233 65 21 rörda
165 1233 65 27 ligvid
246 1235 33 21 till
294 1236 65 27 ryska
374 1237 237 24 Riksskattkammaren
628 1240 39 22 och
682 1240 82 22 hvilket
779 1237 53 35 möj-

77 1266 58 28 ligen
145 1268 67 22 redan
222 1269 144 23 innevarande
377 1271 24 21 är
411 1272 149 22 kontraheras.
583 1274 73 26 Högre
665 1276 26 20 än
699 1275 32 21 till
740 1276 91 26 550,000

76 1302 61 21 mark
153 1302 61 22 torde
230 1304 70 22 denna
315 1306 98 21 annuitet
427 1306 48 22 icke
491 1307 92 22 behöfva
597 1308 113 22 beräknas.

145 1336 50 22 Med
215 1338 49 21 stöd
287 1338 23 22 af
330 1339 38 21 det
387 1340 89 22 anförda
491 1341 75 22 ställer
581 1342 33 27 sig
629 1342 203 23 kommunikations-

75 1369 91 23 fondens
182 1372 118 27 ärsbudget
314 1372 34 22 för
363 1376 108 20 närmaste
487 1376 76 26 period
573 1376 8 21 i
591 1376 101 22 medeltal
700 1384 46 15 som
756 1377 73 28 följer:

713 1444 7 8 .
