1017 1670
220 123 13 20 6
424 123 21 23 U.
463 123 22 23 B.
501 135 29 5 —
547 125 58 27 Prop.
623 126 35 20 N:o
675 124 36 22 34.

190 179 40 21 ska
253 180 69 20 andan
337 180 6 21 i
360 181 37 21 vär
411 181 246 28 kommunalförfattning
672 182 68 21 blefve
756 182 121 26 derigenom
892 182 7 20 i
915 182 33 20 vä-

190 213 93 27 sendtlig
308 215 47 20 män
381 214 122 22 modifierad
529 215 38 21 och
591 216 160 27 tyngdpunkten
767 216 6 20 i
790 215 123 27 afgörandet
929 214 23 22 af

190 248 112 20 städernas
325 248 176 28 angelägenheter
524 256 57 15 mera
597 252 27 19 än
639 250 77 26 skäligt
731 249 74 28 flyttad
821 250 27 26 pä
863 249 87 27 pennin-

191 284 129 24 gemännens
343 282 50 27 sida,
417 283 111 21 hvarutom
551 283 106 22 afständet
675 284 76 21 mellan
767 284 72 26 hvarje
854 283 95 21 skattöre

191 315 41 21 och
257 315 33 21 till
314 315 50 28 följd
389 317 61 21 deraf
473 318 35 21 det
534 317 127 22 deremellan
677 318 97 26 liggande
790 317 113 22 otaxerade
918 316 32 22 in-

192 349 172 28 komstbeloppet
388 350 69 23 blefve
482 351 134 22 öfverhöfvan
642 353 61 20 stort.
733 351 111 22 Utskottet
866 350 84 22 befarar

191 384 63 26 dock,
271 386 31 19 att
317 384 64 26 detta,
407 386 64 27 enligt
495 386 47 21 dess
565 386 63 21 tanke
644 386 122 26 förkastliga
783 385 67 22 medel
867 385 30 21 till
914 392 37 14 un-

193 418 145 26 danrödjande
358 419 22 21 af
394 419 216 27 förhandenvarande,
627 419 70 22 alltför
713 419 94 22 känbara
823 419 127 21 missförhäl-

192 451 85 26 landen,
300 452 84 23 komme
407 455 31 20 att
454 454 26 27 pä
495 455 70 26 någon
581 456 33 19 ort
630 453 109 28 tilleripas,
755 460 34 15 om
805 454 17 27 ej
840 460 25 15 en
882 459 68 15 annan

192 485 34 22 till
242 486 64 21 mälet
321 486 89 23 ledande
427 490 62 25 utväg
505 488 41 21 kan
562 488 89 21 anvisas.
682 488 32 21 En
731 488 64 21 sädan
812 491 45 18 tror
872 487 32 27 sig
919 489 33 19 ut-

190 520 85 21 skottet
290 521 63 21 likväl
369 521 61 22 hafva
445 522 68 21 funnit
530 522 29 21 uti
575 525 32 19 ett
622 523 22 21 af
658 523 25 21 de
699 523 57 20 olika
771 522 78 26 förslag
859 521 6 21 i
876 522 76 26 antydt

191 553 63 28 syfte,
263 561 45 15 som
325 555 24 21 de
365 555 6 21 i
388 556 103 21 utskottet
507 556 123 22 meddelade
646 556 152 27 handlingarne
813 556 136 21 förekomma.

193 588 67 22 Detta
285 588 78 28 förslag
387 590 38 26 går
451 590 64 28 derpä
532 593 28 19 ut.
577 593 32 19 att
626 591 25 21 de
667 597 107 20 personer,
790 590 82 21 hvilkas
886 589 66 22 ärsin-

192 622 73 22 komst
281 623 132 27 uppskattats
429 624 75 22 endast
519 624 32 22 till
567 631 24 15 en
608 624 51 22 fåtal
669 625 116 24 ska(tören,
796 624 68 22 skulle
876 624 76 21 befrias

192 656 48 22 frän
256 657 127 27 erläggande
399 658 21 21 af
434 658 57 22 skatt
505 658 33 22 för
553 661 30 19 ett
599 658 22 22 af
635 659 61 21 dessa
706 659 115 21 skattören.
853 658 39 21 Om
904 664 48 15 man

192 690 91 22 härmed
298 692 135 22 kombinerar
449 699 25 15 en
490 692 112 27 föreskrift,
612 693 83 21 hvilken
711 693 86 21 hindrar
812 693 141 21 bestämman-

193 725 38 21 det
255 725 24 21 af
301 726 114 21 skattörets
441 727 63 21 värde
530 727 31 21 till
577 729 31 19 ett
623 727 101 27 antingen
739 726 32 22 för
786 726 52 28 högt
854 726 51 22 eller
920 726 32 21 för

194 759 46 27 lågt
255 759 84 28 belopp,
349 766 48 15 men
412 760 67 22 tillika
495 761 81 21 lemnar
592 761 112 26 tillräcklig
720 761 76 21 latitud
812 760 32 22 för
859 762 31 19 att
901 760 7 21 i
918 760 35 21 be-

196 794 116 26 räkningen
339 794 70 22 kunna
435 795 98 27 medtaga
558 795 26 21 de
607 795 57 21 olika
686 794 225 22 lefnadskostnaderna
926 794 27 27 pä

173 851 3 10 ,
193 828 107 21 särskilda
316 830 63 23 orter,
395 829 24 20 sä
435 828 96 22 kommer
546 835 49 15 man
611 829 70 21 dertill
697 829 58 21 såväl
770 830 32 19 att
818 829 48 25 den,
891 828 63 21 hvars

168 873 3 6 ;
194 861 96 22 inkomst
315 862 45 21 icke
385 862 42 21 kan
443 862 63 22 förslä
522 863 30 21 till
569 864 64 26 nägot
649 863 83 22 utöfver
747 863 26 21 de
789 862 165 27 nödvändigaste

195 895 112 27 behofven,
333 895 41 22 blir
399 895 127 28 fullkomligt
541 897 26 21 fri
582 897 44 22 från
643 897 128 27 erläggande
786 897 22 21 af
822 895 133 22 kommunal-

194 929 66 27 skatt,
286 936 44 15 som
356 932 32 19 att
413 931 26 21 de
455 931 81 21 mindre
551 931 125 22 bemedlade
692 931 80 21 erhälla
788 937 26 15 en
829 929 125 27 välbehöflig

195 963 93 27 lindring
312 965 7 19 i
342 964 31 21 sin
389 965 144 21 skattebörda.
566 965 109 21 Utskottet
691 965 39 21 har
745 965 64 21 likväl
824 965 46 21 icke
885 966 70 19 ansett

197 998 70 21 denna
281 998 92 27 lindring
389 998 90 22 behöfva
494 999 119 21 utsträckas
629 999 73 27 längre
717 1001 27 19 än
761 998 31 22 till
808 999 54 25 dem,
873 1004 45 16 som
934 998 22 21 ä-

195 1032 56 27 lagts
276 1032 62 26 högst
364 1034 31 20 tre
421 1033 115 27 skattören,
562 1033 88 21 sälunda
676 1035 31 19 att
723 1033 47 26 den,
785 1032 63 22 hvars
863 1032 92 21 inkomst

196 1066 137 27 uppskattats
349 1066 31 21 till
396 1069 31 19 ett
442 1067 100 26 skattöre,
559 1067 46 21 icke
621 1067 90 21 behöfde
722 1067 85 27 erlägga
819 1067 68 26 nägon
898 1066 58 21 skatt

196 1102 56 20 samt
268 1102 31 19 att
315 1100 101 23 den,som
432 1100 80 28 päförts
527 1102 36 20 två
579 1101 52 22 eller
645 1103 33 19 tre
691 1101 117 26 skattören,
820 1100 136 22 beskattades

196 1134 33 21 för
254 1140 54 21 resp.
332 1136 31 19 ett
379 1134 52 22 eller
446 1136 35 20 tvä
497 1137 56 19 ören.
585 1136 102 20 Deremot
702 1134 68 22 skulle
786 1134 46 27 den,
849 1134 62 22 hvars
926 1134 31 21 in-

196 1168 73 22 komst
284 1168 153 27 uppskattades
453 1169 32 21 till
500 1169 45 27 fyra
561 1169 52 21 eller
627 1169 50 21 flere
693 1169 116 25 skattören,
825 1168 71 22 betala
910 1168 47 21 full-

197 1202 86 27 ständig
298 1202 182 22 kommunalskatt
495 1203 32 22 för
542 1203 42 22 alla
599 1203 45 21 sina
659 1203 117 26 skattören,
792 1205 52 19 enär
860 1202 40 22 den
911 1208 45 16 som

197 1243 52 20 eger
272 1243 25 14 en
313 1237 22 20 så
351 1239 46 18 stor
412 1237 92 22 inkomst
519 1238 66 21 redan
600 1237 39 21 bör
654 1243 61 15 anses
731 1237 71 21 kunna
817 1238 51 19 utan
884 1236 73 27 afdrag

197 1270 86 27 deltaga
297 1270 7 21 i
320 1270 139 22 kommunens
475 1278 70 15 onera.

267 1304 49 21 Med
342 1304 41 21 den
407 1305 97 22 befrielse
529 1305 46 22 från
591 1305 39 22 och
645 1305 92 26 lindring
752 1304 5 21 i
773 1304 183 27 skattskyldighet,

197 1344 47 15 som
268 1338 104 22 utskottet
395 1339 88 21 sålunda
498 1339 39 21 har
553 1341 50 20 äran
619 1339 84 25 föreslå,
719 1338 61 27 följer
794 1339 70 21 såsom
880 1345 26 14 en
921 1337 37 28 gif-

198 1378 40 15 ven
263 1372 139 27 konseqvens,
429 1375 32 19 att
483 1373 40 22 den
545 1373 46 21 från
607 1373 182 21 kommunalskatt
803 1372 94 22 befriade
913 1372 45 21 icke

197 1405 70 22 heller
290 1406 42 21 kan
358 1413 39 20 ega
422 1409 89 19 rösträtt
535 1407 7 21 i
557 1407 139 22 kommunens
712 1406 177 27 angelägenheter
904 1408 54 19 samt

196 1441 34 20 att
256 1440 47 26 den,
329 1446 45 15 som
399 1440 96 28 erlägger
509 1441 58 21 skatt
581 1440 33 22 för
629 1441 82 21 mindre
726 1440 58 22 antal
800 1440 115 26 skattören,
932 1442 26 20 än

244 1479 145 18 Sammansatta
404 1482 48 21 Lag-
465 1480 32 18 och
510 1481 193 17 Ekonomiutskottets
716 1480 117 18 betänkande
846 1484 32 13 n:o
899 1480 17 17 6.
