1048 1689
231 153 15 20 4
407 149 81 24 Ständ.
503 149 39 23 Sv.
557 160 28 4 —
600 147 71 28 Prop.
686 145 41 23 N:o
742 144 37 23 40.

467 215 34 18 att
518 211 126 22 Ständerna
658 210 71 21 säsom
746 207 92 21 tillskott
854 206 35 21 till
904 205 56 21 mili-

414 246 121 28 tiefondens
558 244 112 22 ordinarie
692 242 118 21 inkomster
828 240 41 28 för
886 239 72 22 bestri-

415 281 72 21 dande
502 280 31 27 af
544 279 26 21 de
585 279 99 20 militära
700 276 119 28 utgifterne
834 275 69 20 under
918 276 41 18 tre-

413 315 139 28 ärsperioden
569 312 147 23 1883—1885
732 310 86 21 anvisat
841 315 25 15 en
876 315 84 14 summa

413 350 30 27 af
462 349 116 26 9,373,890
598 347 62 21 mark
674 347 31 21 82
717 345 76 28 penni,
809 342 151 23 motsvarande

415 387 28 18 ett
466 384 69 26 ärligt
557 382 79 27 anslag
658 380 31 27 af
707 379 117 26 3,124,630
846 377 62 21 mark
929 378 31 19 27

410 419 74 28 penni.

276 484 30 21 På
321 484 44 20 sätt
379 482 64 22 äfven
458 482 7 20 i
481 480 80 28 nådiga
582 478 164 29 propositionen
765 474 142 24 omförmäles,
923 480 37 15 an-

206 518 60 22 höllo
284 516 123 23 Ständerna
421 516 36 22 vid
474 516 54 21 1877
544 515 35 21 års
594 513 112 26 landtdag,
722 511 7 21 i
744 510 38 22 sitt
797 516 48 16 svar
860 510 13 20 å
883 508 79 27 nådiga

208 552 164 29 propositionen
395 558 34 14 om
450 549 114 22 införande
586 547 25 22 af
628 546 82 22 allmän
724 544 121 28 värnepligt
858 544 8 20 i
880 543 81 24 landet,

208 589 33 21 att
257 587 78 21 Hans
357 584 171 29 Kejserliga
550 582 142 28 Majestäti
729 580 68 20 näder
814 578 50 22 ville
878 577 32 21 uti
926 577 36 21 det

206 622 34 22 till
257 622 72 21 denna
343 620 105 26 landtdag
463 618 123 28 afgifvande
601 615 87 27 förslag,
704 614 114 27 angäende
834 612 128 22 anvisandet

208 656 26 22 af
245 655 72 23 medel
332 654 33 22 till
380 655 41 20 den
436 652 71 22 finska
528 651 120 22 militärens
666 648 121 26 underhäll,
802 647 46 21 läta
861 646 51 28 ingä
926 645 36 21 be-

208 690 94 28 räkning
317 689 25 22 af
354 688 76 28 anslag
444 687 34 22 till
493 688 37 20 det
545 686 34 21 för
594 686 26 20 de
636 684 74 22 aktiva
720 685 130 25 truppernas
860 676 103 37 behöriga

208 724 126 28 utbildning
349 723 41 22 och
405 722 34 22 för
454 720 128 23 samverkan
596 720 50 21 med
656 720 50 20 dem
716 716 140 27 erforderliga
866 710 96 37 artilleri.

208 760 10 21 I
234 758 119 28 anledning
367 756 66 22 häraf
445 756 39 22 har
499 762 28 15 en
542 754 92 22 särskild
649 752 81 22 komitö
740 751 56 22 varit
806 751 92 24 nedsatt,
909 748 53 22 hvil-

208 794 44 22 ken
268 793 85 28 afgifvit
367 792 113 21 utlåtande
495 790 113 27 angående
621 786 159 30 uppsättandet
795 784 40 22 och
849 782 113 23 underhål-

208 828 31 22 let
254 828 25 22 af
291 827 68 21 finskt
373 825 90 23 artilleri
477 826 57 20 samt
548 820 226 27 kostnadsberäkning
788 818 80 22 härför.

278 862 51 22 Men
344 861 28 21 då
386 860 91 22 Eders
492 857 170 29 Kejserliga
676 855 149 28 Majestät,
842 854 70 20 såsom
926 852 37 20 nå-

208 898 52 26 diga
276 895 163 29 propositionen
462 894 74 22 vidare
551 892 117 24 meddelar,
684 890 72 22 funnit
771 887 155 29 uppsättandet
942 885 25 22 af

210 931 92 22 artilleri
317 937 30 14 nu
360 929 48 22 icke
423 929 53 21 böra
496 928 88 21 komma
598 927 8 20 i
620 926 69 27 fråga,
705 924 40 22 och
760 924 66 26 något
842 921 74 27 anslag
931 920 34 21 för

207 967 80 21 sådant
312 964 103 22 ändamål
435 964 18 27 ej
469 962 68 22 heller
552 961 80 25 äskats,
648 959 66 22 hafva
729 958 122 22 Ständerna
864 955 48 22 icke
927 961 37 15 an-

210 1002 44 20 sett
270 1001 33 26 sig
318 999 55 22 böra
386 998 52 28 ingå
453 998 8 21 i
475 996 101 29 pröfning
584 995 25 22 af
616 994 149 24 förenämnda,
776 992 122 21 Ständerna
907 989 57 21 med-

210 1034 86 26 delade,
321 1031 231 27 kostnadsberäkning.
582 1030 41 21 Det
638 1029 62 21 torde
716 1027 75 21 kunna
812 1027 98 25 antagas,
932 1025 33 19 att

211 1070 43 20 den
277 1068 114 28 pägäende
413 1066 177 28 organisationen
612 1064 24 21 af
656 1060 262 28 infanteribataljonerna,
933 1059 32 20 att

210 1103 49 22 icke
281 1102 47 23 tala
350 1109 35 14 om
400 1107 111 16 reservens
526 1098 154 28 organisation,
696 1096 104 22 hvarmed
814 1094 76 27 början
908 1094 58 20 ännu

209 1138 49 21 icke
282 1138 25 20 är
323 1136 69 28 gjord,
407 1136 52 20 stält
477 1134 77 22 hinder
568 1133 8 21 i
590 1134 69 26 vägen
674 1131 34 21 för
724 1136 27 15 en
766 1128 101 27 samtidig
882 1126 84 28 organi-

210 1172 73 22 sation
300 1171 25 22 af
337 1170 118 22 artilleriet.
487 1169 49 21 Men
552 1168 66 21 sedan
634 1166 68 27 sagda
716 1164 77 22 hinder
807 1163 59 21 inom
881 1162 26 21 de
917 1162 49 20 när-

210 1208 71 20 maste
297 1206 53 21 åren
364 1204 103 28 upphört,
481 1204 57 26 våga
552 1202 122 22 Ständerna
688 1199 9 21 i
711 1196 173 28 underdänighet
898 1198 68 19 motse

212 1243 41 23 att,
270 1241 24 21 så
309 1241 60 20 snart
392 1237 215 28 omständigheterna
628 1236 37 20 det
687 1232 109 28 medgifva
810 1231 41 22 och
865 1226 101 36 möjligen

211 1276 69 21 redan
296 1274 37 23 vid
347 1274 64 21 nästa
426 1273 112 26 landtdag,
548 1270 66 27 nådig
624 1268 136 29 proposition
770 1274 35 14 om
814 1264 153 29 uppställande

209 1309 26 22 af
260 1308 68 22 finskt
349 1307 90 22 artilleri
454 1307 8 21 i
476 1307 36 20 det
527 1305 25 21 af
563 1305 57 21 1877
635 1304 35 21 års
685 1302 106 26 landtdag
812 1298 156 28 underdänigst

210 1344 93 27 angifna
319 1342 56 29 syfte
390 1341 55 22 skall
460 1342 48 20 dem
523 1339 129 27 föreläggas.

282 1383 106 22 Finlands
405 1382 92 21 Ständer
512 1379 125 23 framhärda
652 1380 40 19 etc.

283 1422 142 28 Helsingfors,
441 1422 41 21 den
497 1422 14 19 2
526 1420 52 22 Juni
592 1420 63 20 1882.

343 1492 118 22 Helsingfors,
474 1491 17 17 J.
505 1490 66 18 Simelii
583 1489 97 22 arfvingars
692 1486 83 22 tryckeri,
790 1485 50 17 1882.
