<?xml version="1.0" encoding="UTF-8"?>
<alto xmlns="http://www.loc.gov/standards/alto/ns-v3#" xmlns:xlink="http://www.w3.org/1999/xlink" xmlns:xsi="http://www.w3.org/2001/XMLSchema-instance" xsi:schemaLocation="http://www.loc.gov/standards/alto/ns-v3# http://www.loc.gov/alto/v3/alto-3-0.xsd">
	<Description>
		<MeasurementUnit>pixel</MeasurementUnit>
		<sourceImageInformation>
			<fileName>/tmp/tess_yqsrvxxp_input.PNG</fileName>
		</sourceImageInformation>
		<OCRProcessing ID="OCR_0">
			<ocrProcessingStep>
				<processingSoftware>
					<softwareName>tesseract 5.3.4</softwareName>
				</processingSoftware>
			</ocrProcessingStep>
		</OCRProcessing>
	</Description>
	<Layout>
		<Page WIDTH="1048" HEIGHT="1686" PHYSICAL_IMG_NR="0" ID="page_0">
			<PrintSpace HPOS="0" VPOS="0" WIDTH="1048" HEIGHT="1686">
				<ComposedBlock ID="cblock_0" HPOS="241" VPOS="141" WIDTH="527" HEIGHT="25">
					<TextBlock ID="block_0" HPOS="241" VPOS="141" WIDTH="527" HEIGHT="25">
						<TextLine ID="line_0" HPOS="241" VPOS="141" WIDTH="527" HEIGHT="25">
							<String ID="string_0" HPOS="241" VPOS="141" WIDTH="26" HEIGHT="20" WC="0.96" CONTENT="10"/><SP WIDTH="126" VPOS="141" HPOS="267"/>
							<String ID="string_1" HPOS="393" VPOS="141" WIDTH="63" HEIGHT="20" WC="0.91" CONTENT="Ständ."/><SP WIDTH="17" VPOS="141" HPOS="456"/>
							<String ID="string_2" HPOS="473" VPOS="142" WIDTH="28" HEIGHT="19" WC="0.93" CONTENT="Sv."/><SP WIDTH="18" VPOS="142" HPOS="501"/>
							<String ID="string_3" HPOS="519" VPOS="152" WIDTH="25" HEIGHT="4" WC="0.90" CONTENT="—"/><SP WIDTH="16" VPOS="152" HPOS="544"/>
							<String ID="string_4" HPOS="560" VPOS="141" WIDTH="54" HEIGHT="25" WC="0.96" CONTENT="Prop."/><SP WIDTH="15" VPOS="141" HPOS="614"/>
							<String ID="string_5" HPOS="629" VPOS="141" WIDTH="29" HEIGHT="20" WC="0.96" CONTENT="N:o"/><SP WIDTH="15" VPOS="141" HPOS="658"/>
							<String ID="string_6" HPOS="673" VPOS="141" WIDTH="24" HEIGHT="20" WC="0.93" CONTENT="41"/><SP WIDTH="14" VPOS="141" HPOS="697"/>
							<String ID="string_7" HPOS="711" VPOS="146" WIDTH="24" HEIGHT="14" WC="0.90" CONTENT="m."/><SP WIDTH="16" VPOS="146" HPOS="735"/>
							<String ID="string_8" HPOS="751" VPOS="141" WIDTH="17" HEIGHT="19" WC="0.93" CONTENT="fl."/>
						</TextLine>
					</TextBlock>
				</ComposedBlock>
				<ComposedBlock ID="cblock_1" HPOS="212" VPOS="205" WIDTH="753" HEIGHT="171">
					<TextBlock ID="block_1" HPOS="212" VPOS="205" WIDTH="753" HEIGHT="136">
						<TextLine ID="line_1" HPOS="212" VPOS="205" WIDTH="548" HEIGHT="29">
							<String ID="string_9" HPOS="212" VPOS="207" WIDTH="60" HEIGHT="20" WC="0.93" CONTENT="extra"/><SP WIDTH="15" VPOS="207" HPOS="272"/>
							<String ID="string_10" HPOS="287" VPOS="205" WIDTH="122" HEIGHT="29" WC="0.92" CONTENT="bevillning,"/><SP WIDTH="17" VPOS="205" HPOS="409"/>
							<String ID="string_11" HPOS="426" VPOS="207" WIDTH="124" HEIGHT="21" WC="0.91" CONTENT="ersättande"/><SP WIDTH="18" VPOS="207" HPOS="550"/>
							<String ID="string_12" HPOS="568" VPOS="208" WIDTH="53" HEIGHT="19" WC="0.96" CONTENT="1877"/><SP WIDTH="15" VPOS="208" HPOS="621"/>
							<String ID="string_13" HPOS="636" VPOS="206" WIDTH="35" HEIGHT="21" WC="0.96" CONTENT="års"/><SP WIDTH="14" VPOS="206" HPOS="671"/>
							<String ID="string_14" HPOS="685" VPOS="205" WIDTH="75" HEIGHT="28" WC="0.95" CONTENT="anslag"/>
						</TextLine>
						<TextLine ID="line_2" HPOS="239" VPOS="240" WIDTH="719" HEIGHT="27">
							<String ID="string_15" HPOS="239" VPOS="240" WIDTH="34" HEIGHT="21" WC="0.96" CONTENT="för"/><SP WIDTH="14" VPOS="240" HPOS="273"/>
							<String ID="string_16" HPOS="287" VPOS="240" WIDTH="54" HEIGHT="21" WC="0.96" CONTENT="röda"/><SP WIDTH="15" VPOS="240" HPOS="341"/>
							<String ID="string_17" HPOS="356" VPOS="241" WIDTH="87" HEIGHT="22" WC="0.92" CONTENT="korset."/><SP WIDTH="31" VPOS="241" HPOS="443"/>
							<String ID="string_18" HPOS="474" VPOS="258" WIDTH="4" HEIGHT="4" WC="0.88" CONTENT="."/><SP WIDTH="31" VPOS="258" HPOS="478"/>
							<String ID="string_19" HPOS="509" VPOS="258" WIDTH="5" HEIGHT="5" WC="0.88" CONTENT="."/><SP WIDTH="175" VPOS="258" HPOS="514"/>
							<String ID="string_20" HPOS="689" VPOS="257" WIDTH="4" HEIGHT="5" WC="0.58" CONTENT="&lt;"/><SP WIDTH="32" VPOS="257" HPOS="693"/>
							<String ID="string_21" HPOS="725" VPOS="257" WIDTH="4" HEIGHT="5" WC="0.29" CONTENT="+"/><SP WIDTH="31" VPOS="257" HPOS="729"/>
							<String ID="string_22" HPOS="760" VPOS="257" WIDTH="5" HEIGHT="5" WC="0.41" CONTENT="+"/><SP WIDTH="32" VPOS="257" HPOS="765"/>
							<String ID="string_23" HPOS="797" VPOS="241" WIDTH="119" HEIGHT="26" WC="0.80" CONTENT="1,085,987:"/><SP WIDTH="15" VPOS="241" HPOS="916"/>
							<String ID="string_24" HPOS="931" VPOS="241" WIDTH="27" HEIGHT="19" WC="0.96" CONTENT="22"/>
						</TextLine>
						<TextLine ID="line_3" HPOS="212" VPOS="256" WIDTH="746" HEIGHT="48">
							<String ID="string_25" HPOS="212" VPOS="274" WIDTH="124" HEIGHT="30" WC="0.95" CONTENT="behållning"/><SP WIDTH="14" VPOS="274" HPOS="336"/>
							<String ID="string_26" HPOS="350" VPOS="275" WIDTH="7" HEIGHT="21" WC="0.96" CONTENT="i"/><SP WIDTH="16" VPOS="275" HPOS="357"/>
							<String ID="string_27" HPOS="373" VPOS="258" WIDTH="186" HEIGHT="44" WC="0.92" CONTENT="stämpelpappers"/><SP WIDTH="16" VPOS="258" HPOS="559"/>
							<String ID="string_28" HPOS="575" VPOS="256" WIDTH="142" HEIGHT="45" WC="0.91" CONTENT="bevillningen"/><SP WIDTH="43" VPOS="256" HPOS="717"/>
							<String ID="string_29" HPOS="760" VPOS="291" WIDTH="4" HEIGHT="5" WC="0.40" CONTENT="."/><SP WIDTH="32" VPOS="291" HPOS="764"/>
							<String ID="string_30" HPOS="796" VPOS="275" WIDTH="119" HEIGHT="25" WC="0.84" CONTENT="1,166,068:"/><SP WIDTH="17" VPOS="275" HPOS="915"/>
							<String ID="string_31" HPOS="932" VPOS="276" WIDTH="26" HEIGHT="19" WC="0.96" CONTENT="83"/>
						</TextLine>
						<TextLine ID="line_4" HPOS="678" VPOS="316" WIDTH="287" HEIGHT="25">
							<String ID="string_32" HPOS="678" VPOS="316" WIDTH="87" HEIGHT="21" WC="0.91" CONTENT="Summa"/><SP WIDTH="30" VPOS="316" HPOS="765"/>
							<String ID="string_33" HPOS="795" VPOS="316" WIDTH="120" HEIGHT="25" WC="0.88" CONTENT="3,162,718:"/><SP WIDTH="16" VPOS="316" HPOS="915"/>
							<String ID="string_34" HPOS="931" VPOS="316" WIDTH="34" HEIGHT="20" WC="0.96" CONTENT="50."/>
						</TextLine>
					</TextBlock>
					<TextBlock ID="block_2" HPOS="212" VPOS="348" WIDTH="549" HEIGHT="28">
						<TextLine ID="line_5" HPOS="212" VPOS="348" WIDTH="549" HEIGHT="28">
							<String ID="string_35" HPOS="212" VPOS="348" WIDTH="100" HEIGHT="22" WC="0.96" CONTENT="Härifrån"/><SP WIDTH="15" VPOS="348" HPOS="312"/>
							<String ID="string_36" HPOS="327" VPOS="350" WIDTH="40" HEIGHT="21" WC="0.96" CONTENT="bör"/><SP WIDTH="16" VPOS="350" HPOS="367"/>
							<String ID="string_37" HPOS="383" VPOS="350" WIDTH="60" HEIGHT="26" WC="0.93" CONTENT="dock,"/><SP WIDTH="12" VPOS="350" HPOS="443"/>
							<String ID="string_38" HPOS="455" VPOS="350" WIDTH="72" HEIGHT="22" WC="0.96" CONTENT="såsom"/><SP WIDTH="11" VPOS="350" HPOS="527"/>
							<String ID="string_39" HPOS="538" VPOS="349" WIDTH="62" HEIGHT="23" WC="0.96" CONTENT="ofvan"/><SP WIDTH="11" VPOS="349" HPOS="600"/>
							<String ID="string_40" HPOS="611" VPOS="350" WIDTH="110" HEIGHT="26" WC="0.93" CONTENT="nämndes,"/><SP WIDTH="10" VPOS="350" HPOS="721"/>
							<String ID="string_41" HPOS="731" VPOS="348" WIDTH="30" HEIGHT="23" WC="0.86" CONTENT="af-"/>
						</TextLine>
					</TextBlock>
				</ComposedBlock>
				<ComposedBlock ID="cblock_2" HPOS="212" VPOS="384" WIDTH="753" HEIGHT="138">
					<TextBlock ID="block_3" HPOS="212" VPOS="384" WIDTH="753" HEIGHT="104">
						<TextLine ID="line_6" HPOS="241" VPOS="384" WIDTH="718" HEIGHT="28">
							<String ID="string_42" HPOS="241" VPOS="384" WIDTH="79" HEIGHT="22" WC="0.96" CONTENT="räknas"/><SP WIDTH="16" VPOS="384" HPOS="320"/>
							<String ID="string_43" HPOS="336" VPOS="384" WIDTH="33" HEIGHT="22" WC="0.93" CONTENT="till"/><SP WIDTH="14" VPOS="384" HPOS="369"/>
							<String ID="string_44" HPOS="383" VPOS="384" WIDTH="263" HEIGHT="28" WC="0.91" CONTENT="landtdagskostnaderna"/><SP WIDTH="17" VPOS="384" HPOS="646"/>
							<String ID="string_45" HPOS="663" VPOS="386" WIDTH="54" HEIGHT="20" WC="0.92" CONTENT="1882"/><SP WIDTH="42" VPOS="386" HPOS="717"/>
							<String ID="string_46" HPOS="759" VPOS="400" WIDTH="4" HEIGHT="4" WC="0.79" CONTENT="."/><SP WIDTH="52" VPOS="400" HPOS="763"/>
							<String ID="string_47" HPOS="815" VPOS="385" WIDTH="99" HEIGHT="25" WC="0.61" CONTENT="250,000:"/><SP WIDTH="16" VPOS="385" HPOS="914"/>
							<String ID="string_48" HPOS="930" VPOS="394" WIDTH="29" HEIGHT="3" WC="0.89" CONTENT="—"/>
						</TextLine>
						<TextLine ID="line_7" HPOS="212" VPOS="425" WIDTH="753" HEIGHT="26">
							<String ID="string_49" HPOS="212" VPOS="426" WIDTH="46" HEIGHT="20" WC="0.87" CONTENT="rest"/><SP WIDTH="37" VPOS="426" HPOS="258"/>
							<String ID="string_50" HPOS="295" VPOS="441" WIDTH="4" HEIGHT="4" WC="0.83" CONTENT="."/><SP WIDTH="32" VPOS="441" HPOS="299"/>
							<String ID="string_51" HPOS="331" VPOS="442" WIDTH="4" HEIGHT="4" WC="0.83" CONTENT="."/><SP WIDTH="352" VPOS="442" HPOS="335"/>
							<String ID="string_52" HPOS="687" VPOS="442" WIDTH="4" HEIGHT="5" WC="0.33" CONTENT="&lt;"/><SP WIDTH="32" VPOS="442" HPOS="691"/>
							<String ID="string_53" HPOS="723" VPOS="441" WIDTH="5" HEIGHT="5" WC="0.45" CONTENT="."/><SP WIDTH="31" VPOS="441" HPOS="728"/>
							<String ID="string_54" HPOS="759" VPOS="440" WIDTH="4" HEIGHT="5" WC="0.55" CONTENT="+"/><SP WIDTH="32" VPOS="440" HPOS="763"/>
							<String ID="string_55" HPOS="795" VPOS="426" WIDTH="120" HEIGHT="25" WC="0.85" CONTENT="2,912,718:"/><SP WIDTH="17" VPOS="426" HPOS="915"/>
							<String ID="string_56" HPOS="932" VPOS="425" WIDTH="33" HEIGHT="20" WC="0.96" CONTENT="50."/>
						</TextLine>
						<TextLine ID="line_8" HPOS="213" VPOS="441" WIDTH="548" HEIGHT="75">
							<String ID="string_57" HPOS="213" VPOS="459" WIDTH="122" HEIGHT="27" WC="0.91" CONTENT="Tillgängar"/><SP WIDTH="16" VPOS="459" HPOS="335"/>
							<String ID="string_58" HPOS="351" VPOS="441" WIDTH="55" HEIGHT="41" WC="0.96" CONTENT="böra"/><SP WIDTH="12" VPOS="441" HPOS="406"/>
							<String ID="string_59" HPOS="418" VPOS="443" WIDTH="64" HEIGHT="39" WC="0.96" CONTENT="alltså"/><SP WIDTH="14" VPOS="443" HPOS="482"/>
							<String ID="string_60" HPOS="496" VPOS="442" WIDTH="125" HEIGHT="74" WC="0.77" CONTENT="ytterligare"/><SP WIDTH="8" VPOS="442" HPOS="621"/>
							<String ID="string_61" HPOS="629" VPOS="443" WIDTH="91" HEIGHT="39" WC="0.96" CONTENT="beredas"/><SP WIDTH="9" VPOS="443" HPOS="720"/>
							<String ID="string_62" HPOS="729" VPOS="459" WIDTH="32" HEIGHT="22" WC="0.96" CONTENT="till"/>
						</TextLine>
					</TextBlock>
					<TextBlock ID="block_4" HPOS="241" VPOS="494" WIDTH="718" HEIGHT="28">
						<TextLine ID="line_9" HPOS="241" VPOS="494" WIDTH="718" HEIGHT="28">
							<String ID="string_63" HPOS="241" VPOS="494" WIDTH="78" HEIGHT="28" WC="0.96" CONTENT="belopp"/><SP WIDTH="17" VPOS="494" HPOS="319"/>
							<String ID="string_64" HPOS="336" VPOS="494" WIDTH="36" HEIGHT="22" WC="0.89" CONTENT="af."/><SP WIDTH="33" VPOS="494" HPOS="372"/>
							<String ID="string_65" HPOS="405" VPOS="510" WIDTH="2" HEIGHT="5" WC="0.51" CONTENT="&lt;"/><SP WIDTH="32" VPOS="510" HPOS="407"/>
							<String ID="string_66" HPOS="439" VPOS="512" WIDTH="4" HEIGHT="4" WC="0.38" CONTENT="so"/><SP WIDTH="31" VPOS="512" HPOS="443"/>
							<String ID="string_67" HPOS="474" VPOS="512" WIDTH="74" HEIGHT="5" WC="0.31" CONTENT="sco."/><SP WIDTH="69" VPOS="512" HPOS="548"/>
							<String ID="string_68" HPOS="617" VPOS="512" WIDTH="39" HEIGHT="5" WC="0.59" CONTENT="sor"/><SP WIDTH="32" VPOS="512" HPOS="656"/>
							<String ID="string_69" HPOS="688" VPOS="512" WIDTH="5" HEIGHT="4" WC="0.16" CONTENT="2"/><SP WIDTH="31" VPOS="512" HPOS="693"/>
							<String ID="string_70" HPOS="724" VPOS="510" WIDTH="5" HEIGHT="6" WC="0.0" CONTENT="0."/><SP WIDTH="31" VPOS="510" HPOS="729"/>
							<String ID="string_71" HPOS="760" VPOS="510" WIDTH="5" HEIGHT="5" WC="0.31" CONTENT="+"/><SP WIDTH="31" VPOS="510" HPOS="765"/>
							<String ID="string_72" HPOS="796" VPOS="495" WIDTH="120" HEIGHT="25" WC="0.81" CONTENT="8,307,172:"/><SP WIDTH="17" VPOS="495" HPOS="916"/>
							<String ID="string_73" HPOS="933" VPOS="494" WIDTH="26" HEIGHT="21" WC="0.96" CONTENT="32"/>
						</TextLine>
					</TextBlock>
				</ComposedBlock>
				<ComposedBlock ID="cblock_3" HPOS="783" VPOS="536" WIDTH="183" HEIGHT="26">
					<TextBlock ID="block_5" HPOS="783" VPOS="536" WIDTH="183" HEIGHT="26">
						<TextLine ID="line_10" HPOS="783" VPOS="536" WIDTH="183" HEIGHT="26">
							<String ID="string_74" HPOS="783" VPOS="537" WIDTH="132" HEIGHT="25" WC="0.92" CONTENT="11,219,890:"/><SP WIDTH="17" VPOS="537" HPOS="915"/>
							<String ID="string_75" HPOS="932" VPOS="536" WIDTH="34" HEIGHT="20" WC="0.94" CONTENT="82."/>
						</TextLine>
					</TextBlock>
				</ComposedBlock>
				<ComposedBlock ID="cblock_4" HPOS="212" VPOS="615" WIDTH="758" HEIGHT="823">
					<TextBlock ID="block_6" HPOS="212" VPOS="615" WIDTH="757" HEIGHT="479">
						<TextLine ID="line_11" HPOS="282" VPOS="615" WIDTH="685" HEIGHT="28">
							<String ID="string_76" HPOS="282" VPOS="615" WIDTH="23" HEIGHT="27" WC="0.93" CONTENT="a)"/><SP WIDTH="24" VPOS="615" HPOS="305"/>
							<String ID="string_77" HPOS="329" VPOS="615" WIDTH="121" HEIGHT="23" WC="0.92" CONTENT="Ständerna"/><SP WIDTH="22" VPOS="615" HPOS="450"/>
							<String ID="string_78" HPOS="472" VPOS="616" WIDTH="64" HEIGHT="22" WC="0.96" CONTENT="hafva"/><SP WIDTH="20" VPOS="616" HPOS="536"/>
							<String ID="string_79" HPOS="556" VPOS="617" WIDTH="8" HEIGHT="21" WC="0.96" CONTENT="i"/><SP WIDTH="15" VPOS="617" HPOS="564"/>
							<String ID="string_80" HPOS="579" VPOS="617" WIDTH="39" HEIGHT="21" WC="0.92" CONTENT="sitt"/><SP WIDTH="17" VPOS="617" HPOS="618"/>
							<String ID="string_81" HPOS="635" VPOS="616" WIDTH="146" HEIGHT="27" WC="0.91" CONTENT="underdåniga"/><SP WIDTH="15" VPOS="616" HPOS="781"/>
							<String ID="string_82" HPOS="796" VPOS="622" WIDTH="49" HEIGHT="16" WC="0.93" CONTENT="svar"/><SP WIDTH="16" VPOS="622" HPOS="845"/>
							<String ID="string_83" HPOS="861" VPOS="616" WIDTH="13" HEIGHT="21" WC="0.93" CONTENT="å"/><SP WIDTH="14" VPOS="616" HPOS="874"/>
							<String ID="string_84" HPOS="888" VPOS="615" WIDTH="79" HEIGHT="27" WC="0.96" CONTENT="nådiga"/>
						</TextLine>
						<TextLine ID="line_12" HPOS="212" VPOS="650" WIDTH="756" HEIGHT="29">
							<String ID="string_85" HPOS="212" VPOS="650" WIDTH="163" HEIGHT="26" WC="0.95" CONTENT="propositionen"/><SP WIDTH="22" VPOS="650" HPOS="375"/>
							<String ID="string_86" HPOS="397" VPOS="657" WIDTH="34" HEIGHT="15" WC="0.95" CONTENT="n:o"/><SP WIDTH="24" VPOS="657" HPOS="431"/>
							<String ID="string_87" HPOS="455" VPOS="653" WIDTH="27" HEIGHT="19" WC="0.93" CONTENT="20"/><SP WIDTH="23" VPOS="653" HPOS="482"/>
							<String ID="string_88" HPOS="505" VPOS="652" WIDTH="107" HEIGHT="27" WC="0.92" CONTENT="samtyckt"/><SP WIDTH="21" VPOS="652" HPOS="612"/>
							<String ID="string_89" HPOS="633" VPOS="651" WIDTH="33" HEIGHT="22" WC="0.96" CONTENT="till"/><SP WIDTH="19" VPOS="651" HPOS="666"/>
							<String ID="string_90" HPOS="685" VPOS="657" WIDTH="26" HEIGHT="15" WC="0.91" CONTENT="en"/><SP WIDTH="20" VPOS="657" HPOS="711"/>
							<String ID="string_91" HPOS="731" VPOS="650" WIDTH="190" HEIGHT="28" WC="0.91" CONTENT="bevillningsafgift"/><SP WIDTH="14" VPOS="650" HPOS="921"/>
							<String ID="string_92" HPOS="935" VPOS="650" WIDTH="33" HEIGHT="22" WC="0.97" CONTENT="för"/>
						</TextLine>
						<TextLine ID="line_13" HPOS="213" VPOS="684" WIDTH="754" HEIGHT="24">
							<String ID="string_93" HPOS="213" VPOS="684" WIDTH="72" HEIGHT="21" WC="0.93" CONTENT="tobak."/><SP WIDTH="31" VPOS="684" HPOS="285"/>
							<String ID="string_94" HPOS="316" VPOS="684" WIDTH="125" HEIGHT="23" WC="0.91" CONTENT="Inkomsten"/><SP WIDTH="23" VPOS="684" HPOS="441"/>
							<String ID="string_95" HPOS="464" VPOS="686" WIDTH="60" HEIGHT="21" WC="0.96" CONTENT="deraf"/><SP WIDTH="20" VPOS="686" HPOS="524"/>
							<String ID="string_96" HPOS="544" VPOS="686" WIDTH="64" HEIGHT="21" WC="0.93" CONTENT="hafva"/><SP WIDTH="23" VPOS="686" HPOS="608"/>
							<String ID="string_97" HPOS="631" VPOS="686" WIDTH="122" HEIGHT="22" WC="0.92" CONTENT="Ständerna"/><SP WIDTH="14" VPOS="686" HPOS="753"/>
							<String ID="string_98" HPOS="767" VPOS="685" WIDTH="106" HEIGHT="22" WC="0.96" CONTENT="beräknat"/><SP WIDTH="14" VPOS="685" HPOS="873"/>
							<String ID="string_99" HPOS="887" VPOS="685" WIDTH="33" HEIGHT="21" WC="0.96" CONTENT="till"/><SP WIDTH="16" VPOS="685" HPOS="920"/>
							<String ID="string_100" HPOS="936" VPOS="686" WIDTH="31" HEIGHT="20" WC="0.96" CONTENT="ett"/>
						</TextLine>
						<TextLine ID="line_14" HPOS="213" VPOS="718" WIDTH="753" HEIGHT="30">
							<String ID="string_101" HPOS="213" VPOS="718" WIDTH="64" HEIGHT="28" WC="0.95" CONTENT="årligt"/><SP WIDTH="21" VPOS="718" HPOS="277"/>
							<String ID="string_102" HPOS="298" VPOS="720" WIDTH="101" HEIGHT="22" WC="0.96" CONTENT="medeltal"/><SP WIDTH="23" VPOS="720" HPOS="399"/>
							<String ID="string_103" HPOS="422" VPOS="720" WIDTH="23" HEIGHT="22" WC="0.93" CONTENT="af"/><SP WIDTH="14" VPOS="720" HPOS="445"/>
							<String ID="string_104" HPOS="459" VPOS="722" WIDTH="112" HEIGHT="26" WC="0.92" CONTENT="1,100,000"/><SP WIDTH="16" VPOS="722" HPOS="571"/>
							<String ID="string_105" HPOS="587" VPOS="721" WIDTH="60" HEIGHT="21" WC="0.96" CONTENT="mark"/><SP WIDTH="15" VPOS="721" HPOS="647"/>
							<String ID="string_106" HPOS="662" VPOS="720" WIDTH="33" HEIGHT="22" WC="0.96" CONTENT="för"/><SP WIDTH="16" VPOS="720" HPOS="695"/>
							<String ID="string_107" HPOS="711" VPOS="721" WIDTH="51" HEIGHT="21" WC="0.96" CONTENT="åren"/><SP WIDTH="17" VPOS="721" HPOS="762"/>
							<String ID="string_108" HPOS="779" VPOS="722" WIDTH="54" HEIGHT="20" WC="0.96" CONTENT="1884"/><SP WIDTH="16" VPOS="722" HPOS="833"/>
							<String ID="string_109" HPOS="849" VPOS="720" WIDTH="40" HEIGHT="22" WC="0.96" CONTENT="och"/><SP WIDTH="17" VPOS="720" HPOS="889"/>
							<String ID="string_110" HPOS="906" VPOS="721" WIDTH="60" HEIGHT="20" WC="0.96" CONTENT="1885."/>
						</TextLine>
						<TextLine ID="line_15" HPOS="213" VPOS="753" WIDTH="754" HEIGHT="29">
							<String ID="string_111" HPOS="213" VPOS="753" WIDTH="49" HEIGHT="22" WC="0.96" CONTENT="Men"/><SP WIDTH="25" VPOS="753" HPOS="262"/>
							<String ID="string_112" HPOS="287" VPOS="754" WIDTH="28" HEIGHT="21" WC="0.95" CONTENT="då"/><SP WIDTH="14" VPOS="754" HPOS="315"/>
							<String ID="string_113" HPOS="329" VPOS="755" WIDTH="100" HEIGHT="27" WC="0.96" CONTENT="veterligt"/><SP WIDTH="18" VPOS="755" HPOS="429"/>
							<String ID="string_114" HPOS="447" VPOS="757" WIDTH="30" HEIGHT="25" WC="0.96" CONTENT="är,"/><SP WIDTH="17" VPOS="757" HPOS="477"/>
							<String ID="string_115" HPOS="494" VPOS="757" WIDTH="32" HEIGHT="19" WC="0.93" CONTENT="att"/><SP WIDTH="15" VPOS="757" HPOS="526"/>
							<String ID="string_116" HPOS="541" VPOS="755" WIDTH="157" HEIGHT="22" WC="0.91" CONTENT="affärsmännen"/><SP WIDTH="14" VPOS="755" HPOS="698"/>
							<String ID="string_117" HPOS="712" VPOS="755" WIDTH="8" HEIGHT="21" WC="0.96" CONTENT="i"/><SP WIDTH="15" VPOS="755" HPOS="720"/>
							<String ID="string_118" HPOS="735" VPOS="755" WIDTH="79" HEIGHT="26" WC="0.96" CONTENT="landet,"/><SP WIDTH="17" VPOS="755" HPOS="814"/>
							<String ID="string_119" HPOS="831" VPOS="755" WIDTH="48" HEIGHT="21" WC="0.93" CONTENT="med"/><SP WIDTH="16" VPOS="755" HPOS="879"/>
							<String ID="string_120" HPOS="895" VPOS="754" WIDTH="72" HEIGHT="22" WC="0.93" CONTENT="anled-"/>
						</TextLine>
						<TextLine ID="line_16" HPOS="213" VPOS="788" WIDTH="755" HEIGHT="30">
							<String ID="string_121" HPOS="213" VPOS="788" WIDTH="51" HEIGHT="27" WC="0.95" CONTENT="ning"/><SP WIDTH="23" VPOS="788" HPOS="264"/>
							<String ID="string_122" HPOS="287" VPOS="788" WIDTH="22" HEIGHT="22" WC="0.96" CONTENT="af"/><SP WIDTH="22" VPOS="788" HPOS="309"/>
							<String ID="string_123" HPOS="331" VPOS="789" WIDTH="41" HEIGHT="22" WC="0.92" CONTENT="den"/><SP WIDTH="16" VPOS="789" HPOS="372"/>
							<String ID="string_124" HPOS="388" VPOS="790" WIDTH="127" HEIGHT="22" WC="0.92" CONTENT="emotsedda"/><SP WIDTH="14" VPOS="790" HPOS="515"/>
							<String ID="string_125" HPOS="529" VPOS="796" WIDTH="43" HEIGHT="22" WC="0.96" CONTENT="nya"/><SP WIDTH="15" VPOS="796" HPOS="572"/>
							<String ID="string_126" HPOS="587" VPOS="790" WIDTH="86" HEIGHT="22" WC="0.96" CONTENT="skatten"/><SP WIDTH="16" VPOS="790" HPOS="673"/>
							<String ID="string_127" HPOS="689" VPOS="790" WIDTH="41" HEIGHT="22" WC="0.96" CONTENT="och"/><SP WIDTH="15" VPOS="790" HPOS="730"/>
							<String ID="string_128" HPOS="745" VPOS="789" WIDTH="97" HEIGHT="28" WC="0.96" CONTENT="gynnade"/><SP WIDTH="16" VPOS="789" HPOS="842"/>
							<String ID="string_129" HPOS="858" VPOS="788" WIDTH="23" HEIGHT="22" WC="0.93" CONTENT="af"/><SP WIDTH="13" VPOS="788" HPOS="881"/>
							<String ID="string_130" HPOS="894" VPOS="788" WIDTH="74" HEIGHT="28" WC="0.92" CONTENT="sjöfar-"/>
						</TextLine>
						<TextLine ID="line_17" HPOS="213" VPOS="823" WIDTH="755" HEIGHT="28">
							<String ID="string_131" HPOS="213" VPOS="824" WIDTH="48" HEIGHT="20" WC="0.96" CONTENT="tens"/><SP WIDTH="23" VPOS="824" HPOS="261"/>
							<String ID="string_132" HPOS="284" VPOS="823" WIDTH="69" HEIGHT="27" WC="0.96" CONTENT="tidiga"/><SP WIDTH="22" VPOS="823" HPOS="353"/>
							<String ID="string_133" HPOS="375" VPOS="824" WIDTH="120" HEIGHT="27" WC="0.96" CONTENT="öppnande,"/><SP WIDTH="20" VPOS="824" HPOS="495"/>
							<String ID="string_134" HPOS="515" VPOS="825" WIDTH="68" HEIGHT="21" WC="0.96" CONTENT="under"/><SP WIDTH="15" VPOS="825" HPOS="583"/>
							<String ID="string_135" HPOS="598" VPOS="825" WIDTH="27" HEIGHT="21" WC="0.96" CONTENT="de"/><SP WIDTH="15" VPOS="825" HPOS="625"/>
							<String ID="string_136" HPOS="640" VPOS="826" WIDTH="88" HEIGHT="20" WC="0.96" CONTENT="senaste"/><SP WIDTH="15" VPOS="826" HPOS="728"/>
							<String ID="string_137" HPOS="743" VPOS="824" WIDTH="84" HEIGHT="21" WC="0.96" CONTENT="tiderna"/><SP WIDTH="15" VPOS="824" HPOS="827"/>
							<String ID="string_138" HPOS="842" VPOS="824" WIDTH="126" HEIGHT="27" WC="0.96" CONTENT="importerat"/>
						</TextLine>
						<TextLine ID="line_18" HPOS="214" VPOS="857" WIDTH="755" HEIGHT="29">
							<String ID="string_139" HPOS="214" VPOS="857" WIDTH="24" HEIGHT="21" WC="0.96" CONTENT="så"/><SP WIDTH="14" VPOS="857" HPOS="238"/>
							<String ID="string_140" HPOS="252" VPOS="859" WIDTH="111" HEIGHT="26" WC="0.93" CONTENT="ansenliga"/><SP WIDTH="15" VPOS="859" HPOS="363"/>
							<String ID="string_141" HPOS="378" VPOS="859" WIDTH="158" HEIGHT="27" WC="0.91" CONTENT="tobaksförråd,"/><SP WIDTH="17" VPOS="859" HPOS="536"/>
							<String ID="string_142" HPOS="553" VPOS="861" WIDTH="33" HEIGHT="20" WC="0.96" CONTENT="att"/><SP WIDTH="14" VPOS="861" HPOS="586"/>
							<String ID="string_143" HPOS="600" VPOS="859" WIDTH="103" HEIGHT="22" WC="0.96" CONTENT="införseln"/><SP WIDTH="16" VPOS="859" HPOS="703"/>
							<String ID="string_144" HPOS="719" VPOS="859" WIDTH="22" HEIGHT="21" WC="0.96" CONTENT="af"/><SP WIDTH="14" VPOS="859" HPOS="741"/>
							<String ID="string_145" HPOS="755" VPOS="859" WIDTH="69" HEIGHT="22" WC="0.96" CONTENT="denna"/><SP WIDTH="15" VPOS="859" HPOS="824"/>
							<String ID="string_146" HPOS="839" VPOS="865" WIDTH="51" HEIGHT="15" WC="0.96" CONTENT="vara"/><SP WIDTH="11" VPOS="865" HPOS="890"/>
							<String ID="string_147" HPOS="901" VPOS="859" WIDTH="68" HEIGHT="21" WC="0.96" CONTENT="under"/>
						</TextLine>
						<TextLine ID="line_19" HPOS="214" VPOS="891" WIDTH="755" HEIGHT="25">
							<String ID="string_148" HPOS="214" VPOS="891" WIDTH="125" HEIGHT="24" WC="0.95" CONTENT="återstoden"/><SP WIDTH="24" VPOS="891" HPOS="339"/>
							<String ID="string_149" HPOS="363" VPOS="893" WIDTH="22" HEIGHT="22" WC="0.96" CONTENT="af"/><SP WIDTH="13" VPOS="893" HPOS="385"/>
							<String ID="string_150" HPOS="398" VPOS="894" WIDTH="145" HEIGHT="22" WC="0.96" CONTENT="innevarande"/><SP WIDTH="15" VPOS="894" HPOS="543"/>
							<String ID="string_151" HPOS="558" VPOS="895" WIDTH="24" HEIGHT="21" WC="0.96" CONTENT="år"/><SP WIDTH="15" VPOS="895" HPOS="582"/>
							<String ID="string_152" HPOS="597" VPOS="896" WIDTH="57" HEIGHT="19" WC="0.96" CONTENT="samt"/><SP WIDTH="15" VPOS="896" HPOS="654"/>
							<String ID="string_153" HPOS="669" VPOS="893" WIDTH="62" HEIGHT="22" WC="0.96" CONTENT="äfven"/><SP WIDTH="19" VPOS="893" HPOS="731"/>
							<String ID="string_154" HPOS="750" VPOS="895" WIDTH="53" HEIGHT="20" WC="0.96" CONTENT="1883"/><SP WIDTH="16" VPOS="895" HPOS="803"/>
							<String ID="string_155" HPOS="819" VPOS="893" WIDTH="69" HEIGHT="22" WC="0.96" CONTENT="måste"/><SP WIDTH="15" VPOS="893" HPOS="888"/>
							<String ID="string_156" HPOS="903" VPOS="892" WIDTH="66" HEIGHT="23" WC="0.96" CONTENT="blifva"/>
						</TextLine>
						<TextLine ID="line_20" HPOS="214" VPOS="927" WIDTH="754" HEIGHT="28">
							<String ID="string_157" HPOS="214" VPOS="927" WIDTH="83" HEIGHT="26" WC="0.95" CONTENT="ganska"/><SP WIDTH="21" VPOS="927" HPOS="297"/>
							<String ID="string_158" HPOS="318" VPOS="928" WIDTH="68" HEIGHT="27" WC="0.96" CONTENT="ringa,"/><SP WIDTH="16" VPOS="928" HPOS="386"/>
							<String ID="string_159" HPOS="402" VPOS="928" WIDTH="63" HEIGHT="22" WC="0.93" CONTENT="hafva"/><SP WIDTH="16" VPOS="928" HPOS="465"/>
							<String ID="string_160" HPOS="481" VPOS="929" WIDTH="120" HEIGHT="21" WC="0.92" CONTENT="Ständerna"/><SP WIDTH="16" VPOS="929" HPOS="601"/>
							<String ID="string_161" HPOS="617" VPOS="928" WIDTH="69" HEIGHT="22" WC="0.93" CONTENT="funnit"/><SP WIDTH="15" VPOS="928" HPOS="686"/>
							<String ID="string_162" HPOS="701" VPOS="928" WIDTH="105" HEIGHT="27" WC="0.92" CONTENT="rådligast"/><SP WIDTH="15" VPOS="928" HPOS="806"/>
							<String ID="string_163" HPOS="821" VPOS="929" WIDTH="32" HEIGHT="20" WC="0.96" CONTENT="att"/><SP WIDTH="15" VPOS="929" HPOS="853"/>
							<String ID="string_164" HPOS="868" VPOS="927" WIDTH="47" HEIGHT="22" WC="0.92" CONTENT="icke"/><SP WIDTH="16" VPOS="927" HPOS="915"/>
							<String ID="string_165" HPOS="931" VPOS="927" WIDTH="37" HEIGHT="22" WC="0.92" CONTENT="be-"/>
						</TextLine>
						<TextLine ID="line_21" HPOS="213" VPOS="961" WIDTH="755" HEIGHT="29">
							<String ID="string_166" HPOS="213" VPOS="961" WIDTH="68" HEIGHT="22" WC="0.96" CONTENT="räkna"/><SP WIDTH="15" VPOS="961" HPOS="281"/>
							<String ID="string_167" HPOS="296" VPOS="962" WIDTH="121" HEIGHT="23" WC="0.96" CONTENT="inkomsten"/><SP WIDTH="17" VPOS="962" HPOS="417"/>
							<String ID="string_168" HPOS="434" VPOS="963" WIDTH="23" HEIGHT="22" WC="0.93" CONTENT="af"/><SP WIDTH="13" VPOS="963" HPOS="457"/>
							<String ID="string_169" HPOS="470" VPOS="963" WIDTH="220" HEIGHT="27" WC="0.91" CONTENT="tobaksbevillningen"/><SP WIDTH="15" VPOS="963" HPOS="690"/>
							<String ID="string_170" HPOS="705" VPOS="963" WIDTH="66" HEIGHT="27" WC="0.95" CONTENT="högre"/><SP WIDTH="17" VPOS="963" HPOS="771"/>
							<String ID="string_171" HPOS="788" VPOS="965" WIDTH="27" HEIGHT="18" WC="0.95" CONTENT="än"/><SP WIDTH="16" VPOS="965" HPOS="815"/>
							<String ID="string_172" HPOS="831" VPOS="961" WIDTH="32" HEIGHT="22" WC="0.93" CONTENT="till"/><SP WIDTH="13" VPOS="961" HPOS="863"/>
							<String ID="string_173" HPOS="876" VPOS="963" WIDTH="92" HEIGHT="25" WC="0.89" CONTENT="400,000"/>
						</TextLine>
						<TextLine ID="line_22" HPOS="213" VPOS="996" WIDTH="756" HEIGHT="28">
							<String ID="string_174" HPOS="213" VPOS="996" WIDTH="61" HEIGHT="21" WC="0.96" CONTENT="mark"/><SP WIDTH="17" VPOS="996" HPOS="274"/>
							<String ID="string_175" HPOS="291" VPOS="996" WIDTH="33" HEIGHT="22" WC="0.96" CONTENT="för"/><SP WIDTH="16" VPOS="996" HPOS="324"/>
							<String ID="string_176" HPOS="340" VPOS="997" WIDTH="58" HEIGHT="22" WC="0.96" CONTENT="tiden"/><SP WIDTH="15" VPOS="997" HPOS="398"/>
							<String ID="string_177" HPOS="413" VPOS="997" WIDTH="46" HEIGHT="22" WC="0.96" CONTENT="från"/><SP WIDTH="17" VPOS="997" HPOS="459"/>
							<String ID="string_178" HPOS="476" VPOS="998" WIDTH="138" HEIGHT="21" WC="0.96" CONTENT="utfärdandet"/><SP WIDTH="15" VPOS="998" HPOS="614"/>
							<String ID="string_179" HPOS="629" VPOS="998" WIDTH="23" HEIGHT="21" WC="0.96" CONTENT="af"/><SP WIDTH="12" VPOS="998" HPOS="652"/>
							<String ID="string_180" HPOS="664" VPOS="997" WIDTH="154" HEIGHT="27" WC="0.96" CONTENT="författningen"/><SP WIDTH="15" VPOS="997" HPOS="818"/>
							<String ID="string_181" HPOS="833" VPOS="997" WIDTH="7" HEIGHT="20" WC="0.63" CONTENT="i"/><SP WIDTH="9" VPOS="997" HPOS="840"/>
							<String ID="string_182" HPOS="849" VPOS="998" WIDTH="71" HEIGHT="19" WC="0.63" CONTENT="ämnet"/><SP WIDTH="9" VPOS="998" HPOS="920"/>
							<String ID="string_183" HPOS="929" VPOS="996" WIDTH="40" HEIGHT="21" WC="0.96" CONTENT="och"/>
						</TextLine>
						<TextLine ID="line_23" HPOS="214" VPOS="1030" WIDTH="754" HEIGHT="29">
							<String ID="string_184" HPOS="214" VPOS="1030" WIDTH="31" HEIGHT="21" WC="0.95" CONTENT="till"/><SP WIDTH="24" VPOS="1030" HPOS="245"/>
							<String ID="string_185" HPOS="269" VPOS="1031" WIDTH="109" HEIGHT="28" WC="0.95" CONTENT="utgången"/><SP WIDTH="23" VPOS="1031" HPOS="378"/>
							<String ID="string_186" HPOS="401" VPOS="1032" WIDTH="22" HEIGHT="21" WC="0.96" CONTENT="af"/><SP WIDTH="22" VPOS="1032" HPOS="423"/>
							<String ID="string_187" HPOS="445" VPOS="1035" WIDTH="62" HEIGHT="19" WC="0.96" CONTENT="1883."/><SP WIDTH="31" VPOS="1035" HPOS="507"/>
							<String ID="string_188" HPOS="538" VPOS="1033" WIDTH="41" HEIGHT="22" WC="0.96" CONTENT="För"/><SP WIDTH="21" VPOS="1033" HPOS="579"/>
							<String ID="string_189" HPOS="600" VPOS="1033" WIDTH="50" HEIGHT="22" WC="0.93" CONTENT="hela"/><SP WIDTH="14" VPOS="1033" HPOS="650"/>
							<String ID="string_190" HPOS="664" VPOS="1031" WIDTH="199" HEIGHT="28" WC="0.91" CONTENT="budgetsperioden"/><SP WIDTH="16" VPOS="1031" HPOS="863"/>
							<String ID="string_191" HPOS="879" VPOS="1033" WIDTH="89" HEIGHT="24" WC="0.96" CONTENT="antages"/>
						</TextLine>
						<TextLine ID="line_24" HPOS="214" VPOS="1065" WIDTH="754" HEIGHT="29">
							<String ID="string_192" HPOS="214" VPOS="1065" WIDTH="70" HEIGHT="22" WC="0.96" CONTENT="denna"/><SP WIDTH="15" VPOS="1065" HPOS="284"/>
							<String ID="string_193" HPOS="299" VPOS="1066" WIDTH="60" HEIGHT="21" WC="0.96" CONTENT="skatt"/><SP WIDTH="15" VPOS="1066" HPOS="359"/>
							<String ID="string_194" HPOS="374" VPOS="1067" WIDTH="64" HEIGHT="21" WC="0.93" CONTENT="alltså"/><SP WIDTH="15" VPOS="1067" HPOS="438"/>
							<String ID="string_195" HPOS="453" VPOS="1067" WIDTH="109" HEIGHT="27" WC="0.90" CONTENT="inbringa."/><SP WIDTH="30" VPOS="1067" HPOS="562"/>
							<String ID="string_196" HPOS="592" VPOS="1084" WIDTH="5" HEIGHT="5" WC="0.91" CONTENT="."/><SP WIDTH="31" VPOS="1084" HPOS="597"/>
							<String ID="string_197" HPOS="628" VPOS="1083" WIDTH="5" HEIGHT="5" WC="0.91" CONTENT="."/><SP WIDTH="31" VPOS="1083" HPOS="633"/>
							<String ID="string_198" HPOS="664" VPOS="1083" WIDTH="5" HEIGHT="5" WC="0.87" CONTENT="."/><SP WIDTH="30" VPOS="1083" HPOS="669"/>
							<String ID="string_199" HPOS="699" VPOS="1083" WIDTH="6" HEIGHT="5" WC="0.86" CONTENT="."/><SP WIDTH="30" VPOS="1083" HPOS="705"/>
							<String ID="string_200" HPOS="735" VPOS="1084" WIDTH="5" HEIGHT="4" WC="0.87" CONTENT="."/><SP WIDTH="31" VPOS="1084" HPOS="740"/>
							<String ID="string_201" HPOS="771" VPOS="1067" WIDTH="114" HEIGHT="25" WC="0.85" CONTENT="2,600,000"/><SP WIDTH="16" VPOS="1067" HPOS="885"/>
							<String ID="string_202" HPOS="901" VPOS="1065" WIDTH="67" HEIGHT="22" WC="0.96" CONTENT="mark."/>
						</TextLine>
					</TextBlock>
					<TextBlock ID="block_7" HPOS="212" VPOS="1099" WIDTH="758" HEIGHT="339">
						<TextLine ID="line_25" HPOS="283" VPOS="1099" WIDTH="685" HEIGHT="29">
							<String ID="string_203" HPOS="283" VPOS="1101" WIDTH="20" HEIGHT="22" WC="0.90" CONTENT="b)"/><SP WIDTH="15" VPOS="1101" HPOS="303"/>
							<String ID="string_204" HPOS="318" VPOS="1101" WIDTH="125" HEIGHT="23" WC="0.96" CONTENT="Införandet"/><SP WIDTH="15" VPOS="1101" HPOS="443"/>
							<String ID="string_205" HPOS="458" VPOS="1101" WIDTH="23" HEIGHT="22" WC="0.97" CONTENT="af"/><SP WIDTH="13" VPOS="1101" HPOS="481"/>
							<String ID="string_206" HPOS="494" VPOS="1103" WIDTH="42" HEIGHT="21" WC="0.96" CONTENT="den"/><SP WIDTH="15" VPOS="1103" HPOS="536"/>
							<String ID="string_207" HPOS="551" VPOS="1102" WIDTH="6" HEIGHT="21" WC="0.96" CONTENT="i"/><SP WIDTH="15" VPOS="1102" HPOS="557"/>
							<String ID="string_208" HPOS="572" VPOS="1102" WIDTH="80" HEIGHT="26" WC="0.96" CONTENT="nådiga"/><SP WIDTH="9" VPOS="1102" HPOS="652"/>
							<String ID="string_209" HPOS="661" VPOS="1101" WIDTH="162" HEIGHT="27" WC="0.96" CONTENT="propositionen"/><SP WIDTH="11" VPOS="1101" HPOS="823"/>
							<String ID="string_210" HPOS="834" VPOS="1106" WIDTH="34" HEIGHT="15" WC="0.96" CONTENT="n:o"/><SP WIDTH="9" VPOS="1106" HPOS="868"/>
							<String ID="string_211" HPOS="877" VPOS="1102" WIDTH="25" HEIGHT="19" WC="0.93" CONTENT="21"/><SP WIDTH="11" VPOS="1102" HPOS="902"/>
							<String ID="string_212" HPOS="913" VPOS="1099" WIDTH="55" HEIGHT="22" WC="0.93" CONTENT="före-"/>
						</TextLine>
						<TextLine ID="line_26" HPOS="214" VPOS="1134" WIDTH="755" HEIGHT="29">
							<String ID="string_213" HPOS="214" VPOS="1134" WIDTH="75" HEIGHT="27" WC="0.89" CONTENT="slagna"/><SP WIDTH="25" VPOS="1134" HPOS="289"/>
							<String ID="string_214" HPOS="314" VPOS="1136" WIDTH="143" HEIGHT="27" WC="0.89" CONTENT="bevillningen"/><SP WIDTH="26" VPOS="1136" HPOS="457"/>
							<String ID="string_215" HPOS="483" VPOS="1136" WIDTH="32" HEIGHT="22" WC="0.92" CONTENT="för"/><SP WIDTH="22" VPOS="1136" HPOS="515"/>
							<String ID="string_216" HPOS="537" VPOS="1136" WIDTH="137" HEIGHT="27" WC="0.92" CONTENT="tillverkning"/><SP WIDTH="22" VPOS="1136" HPOS="674"/>
							<String ID="string_217" HPOS="696" VPOS="1135" WIDTH="23" HEIGHT="22" WC="0.93" CONTENT="af"/><SP WIDTH="19" VPOS="1135" HPOS="719"/>
							<String ID="string_218" HPOS="738" VPOS="1135" WIDTH="144" HEIGHT="27" WC="0.88" CONTENT="maltdrycker"/><SP WIDTH="25" VPOS="1135" HPOS="882"/>
							<String ID="string_219" HPOS="907" VPOS="1134" WIDTH="62" HEIGHT="22" WC="0.93" CONTENT="hafva"/>
						</TextLine>
						<TextLine ID="line_27" HPOS="214" VPOS="1169" WIDTH="754" HEIGHT="28">
							<String ID="string_220" HPOS="214" VPOS="1169" WIDTH="122" HEIGHT="22" WC="0.92" CONTENT="Ständerna"/><SP WIDTH="13" VPOS="1169" HPOS="336"/>
							<String ID="string_221" HPOS="349" VPOS="1171" WIDTH="80" HEIGHT="26" WC="0.92" CONTENT="jemväl"/><SP WIDTH="15" VPOS="1171" HPOS="429"/>
							<String ID="string_222" HPOS="444" VPOS="1171" WIDTH="69" HEIGHT="22" WC="0.96" CONTENT="funnit"/><SP WIDTH="15" VPOS="1171" HPOS="513"/>
							<String ID="string_223" HPOS="528" VPOS="1178" WIDTH="51" HEIGHT="15" WC="0.96" CONTENT="vara"/><SP WIDTH="16" VPOS="1178" HPOS="579"/>
							<String ID="string_224" HPOS="595" VPOS="1171" WIDTH="22" HEIGHT="21" WC="0.93" CONTENT="af"/><SP WIDTH="14" VPOS="1171" HPOS="617"/>
							<String ID="string_225" HPOS="631" VPOS="1170" WIDTH="212" HEIGHT="27" WC="0.92" CONTENT="omständigheterna"/><SP WIDTH="9" VPOS="1170" HPOS="843"/>
							<String ID="string_226" HPOS="852" VPOS="1169" WIDTH="116" HEIGHT="27" WC="0.65" CONTENT="päkalladt."/>
						</TextLine>
						<TextLine ID="line_28" HPOS="213" VPOS="1203" WIDTH="755" HEIGHT="29">
							<String ID="string_227" HPOS="213" VPOS="1203" WIDTH="47" HEIGHT="22" WC="0.96" CONTENT="Den"/><SP WIDTH="23" VPOS="1203" HPOS="260"/>
							<String ID="string_228" HPOS="283" VPOS="1203" WIDTH="23" HEIGHT="22" WC="0.93" CONTENT="af"/><SP WIDTH="15" VPOS="1203" HPOS="306"/>
							<String ID="string_229" HPOS="321" VPOS="1204" WIDTH="122" HEIGHT="23" WC="0.92" CONTENT="Ständerna"/><SP WIDTH="16" VPOS="1204" HPOS="443"/>
							<String ID="string_230" HPOS="459" VPOS="1205" WIDTH="114" HEIGHT="27" WC="0.91" CONTENT="godkända"/><SP WIDTH="15" VPOS="1205" HPOS="573"/>
							<String ID="string_231" HPOS="588" VPOS="1205" WIDTH="124" HEIGHT="22" WC="0.91" CONTENT="restriktiva"/><SP WIDTH="15" VPOS="1205" HPOS="712"/>
							<String ID="string_232" HPOS="727" VPOS="1204" WIDTH="161" HEIGHT="27" WC="0.93" CONTENT="lagstiftningen"/><SP WIDTH="16" VPOS="1204" HPOS="888"/>
							<String ID="string_233" HPOS="904" VPOS="1204" WIDTH="64" HEIGHT="26" WC="0.92" CONTENT="angä-"/>
						</TextLine>
						<TextLine ID="line_29" HPOS="214" VPOS="1238" WIDTH="756" HEIGHT="29">
							<String ID="string_234" HPOS="214" VPOS="1239" WIDTH="54" HEIGHT="21" WC="0.92" CONTENT="ende"/><SP WIDTH="23" VPOS="1239" HPOS="268"/>
							<String ID="string_235" HPOS="291" VPOS="1239" WIDTH="127" HEIGHT="28" WC="0.96" CONTENT="försäljning"/><SP WIDTH="22" VPOS="1239" HPOS="418"/>
							<String ID="string_236" HPOS="440" VPOS="1239" WIDTH="23" HEIGHT="22" WC="0.93" CONTENT="af"/><SP WIDTH="20" VPOS="1239" HPOS="463"/>
							<String ID="string_237" HPOS="483" VPOS="1240" WIDTH="143" HEIGHT="27" WC="0.91" CONTENT="maltdrycker"/><SP WIDTH="22" VPOS="1240" HPOS="626"/>
							<String ID="string_238" HPOS="648" VPOS="1245" WIDTH="63" HEIGHT="22" WC="0.92" CONTENT="synes"/><SP WIDTH="24" VPOS="1245" HPOS="711"/>
							<String ID="string_239" HPOS="735" VPOS="1239" WIDTH="57" HEIGHT="27" WC="0.93" CONTENT="gifva"/><SP WIDTH="15" VPOS="1239" HPOS="792"/>
							<String ID="string_240" HPOS="807" VPOS="1238" WIDTH="115" HEIGHT="27" WC="0.91" CONTENT="anledning"/><SP WIDTH="15" VPOS="1238" HPOS="922"/>
							<String ID="string_241" HPOS="937" VPOS="1240" WIDTH="33" HEIGHT="19" WC="0.96" CONTENT="att"/>
						</TextLine>
						<TextLine ID="line_30" HPOS="212" VPOS="1272" WIDTH="758" HEIGHT="29">
							<String ID="string_242" HPOS="212" VPOS="1273" WIDTH="48" HEIGHT="22" WC="0.92" CONTENT="icke"/><SP WIDTH="23" VPOS="1273" HPOS="260"/>
							<String ID="string_243" HPOS="283" VPOS="1274" WIDTH="7" HEIGHT="21" WC="0.95" CONTENT="i"/><SP WIDTH="23" VPOS="1274" HPOS="290"/>
							<String ID="string_244" HPOS="313" VPOS="1274" WIDTH="75" HEIGHT="27" WC="0.96" CONTENT="början"/><SP WIDTH="23" VPOS="1274" HPOS="388"/>
							<String ID="string_245" HPOS="411" VPOS="1276" WIDTH="65" HEIGHT="19" WC="0.96" CONTENT="vänta"/><SP WIDTH="15" VPOS="1276" HPOS="476"/>
							<String ID="string_246" HPOS="491" VPOS="1275" WIDTH="25" HEIGHT="21" WC="0.96" CONTENT="sä"/><SP WIDTH="15" VPOS="1275" HPOS="516"/>
							<String ID="string_247" HPOS="531" VPOS="1277" WIDTH="46" HEIGHT="19" WC="0.93" CONTENT="stor"/><SP WIDTH="15" VPOS="1277" HPOS="577"/>
							<String ID="string_248" HPOS="592" VPOS="1274" WIDTH="95" HEIGHT="22" WC="0.92" CONTENT="afkomst"/><SP WIDTH="16" VPOS="1274" HPOS="687"/>
							<String ID="string_249" HPOS="703" VPOS="1273" WIDTH="21" HEIGHT="22" WC="0.93" CONTENT="af"/><SP WIDTH="15" VPOS="1273" HPOS="724"/>
							<String ID="string_250" HPOS="739" VPOS="1273" WIDTH="146" HEIGHT="26" WC="0.92" CONTENT="maltskatten,"/><SP WIDTH="17" VPOS="1273" HPOS="885"/>
							<String ID="string_251" HPOS="902" VPOS="1278" WIDTH="46" HEIGHT="16" WC="0.96" CONTENT="som"/><SP WIDTH="15" VPOS="1278" HPOS="948"/>
							<String ID="string_252" HPOS="963" VPOS="1272" WIDTH="7" HEIGHT="21" WC="0.96" CONTENT="i"/>
						</TextLine>
						<TextLine ID="line_31" HPOS="212" VPOS="1307" WIDTH="758" HEIGHT="27">
							<String ID="string_253" HPOS="212" VPOS="1308" WIDTH="164" HEIGHT="26" WC="0.93" CONTENT="propositionen"/><SP WIDTH="20" VPOS="1308" HPOS="376"/>
							<String ID="string_254" HPOS="396" VPOS="1309" WIDTH="123" HEIGHT="21" WC="0.88" CONTENT="beräknats."/><SP WIDTH="32" VPOS="1309" HPOS="519"/>
							<String ID="string_255" HPOS="551" VPOS="1309" WIDTH="120" HEIGHT="21" WC="0.91" CONTENT="Ständerna"/><SP WIDTH="14" VPOS="1309" HPOS="671"/>
							<String ID="string_256" HPOS="685" VPOS="1307" WIDTH="65" HEIGHT="22" WC="0.93" CONTENT="hafva"/><SP WIDTH="15" VPOS="1307" HPOS="750"/>
							<String ID="string_257" HPOS="765" VPOS="1307" WIDTH="85" HEIGHT="22" WC="0.92" CONTENT="derföre"/><SP WIDTH="15" VPOS="1307" HPOS="850"/>
							<String ID="string_258" HPOS="865" VPOS="1307" WIDTH="22" HEIGHT="21" WC="0.96" CONTENT="af"/><SP WIDTH="14" VPOS="1307" HPOS="887"/>
							<String ID="string_259" HPOS="901" VPOS="1307" WIDTH="69" HEIGHT="21" WC="0.96" CONTENT="denna"/>
						</TextLine>
						<TextLine ID="line_32" HPOS="212" VPOS="1341" WIDTH="758" HEIGHT="29">
							<String ID="string_260" HPOS="212" VPOS="1342" WIDTH="60" HEIGHT="21" WC="0.96" CONTENT="skatt"/><SP WIDTH="15" VPOS="1342" HPOS="272"/>
							<String ID="string_261" HPOS="287" VPOS="1345" WIDTH="55" HEIGHT="19" WC="0.96" CONTENT="trott"/><SP WIDTH="15" VPOS="1345" HPOS="342"/>
							<String ID="string_262" HPOS="357" VPOS="1343" WIDTH="34" HEIGHT="27" WC="0.93" CONTENT="sig"/><SP WIDTH="15" VPOS="1343" HPOS="391"/>
							<String ID="string_263" HPOS="406" VPOS="1343" WIDTH="53" HEIGHT="22" WC="0.96" CONTENT="böra"/><SP WIDTH="15" VPOS="1343" HPOS="459"/>
							<String ID="string_264" HPOS="474" VPOS="1345" WIDTH="80" HEIGHT="25" WC="0.96" CONTENT="antaga"/><SP WIDTH="15" VPOS="1345" HPOS="554"/>
							<String ID="string_265" HPOS="569" VPOS="1350" WIDTH="27" HEIGHT="15" WC="0.93" CONTENT="en"/><SP WIDTH="16" VPOS="1350" HPOS="596"/>
							<String ID="string_266" HPOS="612" VPOS="1343" WIDTH="54" HEIGHT="27" WC="0.93" CONTENT="årlig"/><SP WIDTH="15" VPOS="1343" HPOS="666"/>
							<String ID="string_267" HPOS="681" VPOS="1342" WIDTH="158" HEIGHT="22" WC="0.91" CONTENT="nettoinkomst"/><SP WIDTH="15" VPOS="1342" HPOS="839"/>
							<String ID="string_268" HPOS="854" VPOS="1341" WIDTH="23" HEIGHT="22" WC="0.97" CONTENT="af"/><SP WIDTH="16" VPOS="1341" HPOS="877"/>
							<String ID="string_269" HPOS="893" VPOS="1341" WIDTH="77" HEIGHT="22" WC="0.96" CONTENT="endast"/>
						</TextLine>
						<TextLine ID="line_33" HPOS="212" VPOS="1376" WIDTH="757" HEIGHT="28">
							<String ID="string_270" HPOS="212" VPOS="1379" WIDTH="93" HEIGHT="24" WC="0.91" CONTENT="400,000"/><SP WIDTH="23" VPOS="1379" HPOS="305"/>
							<String ID="string_271" HPOS="328" VPOS="1378" WIDTH="61" HEIGHT="21" WC="0.96" CONTENT="mark"/><SP WIDTH="21" VPOS="1378" HPOS="389"/>
							<String ID="string_272" HPOS="410" VPOS="1378" WIDTH="70" HEIGHT="21" WC="0.95" CONTENT="under"/><SP WIDTH="20" VPOS="1378" HPOS="480"/>
							<String ID="string_273" HPOS="500" VPOS="1378" WIDTH="26" HEIGHT="22" WC="0.96" CONTENT="de"/><SP WIDTH="16" VPOS="1378" HPOS="526"/>
							<String ID="string_274" HPOS="542" VPOS="1380" WIDTH="107" HEIGHT="20" WC="0.93" CONTENT="närmaste"/><SP WIDTH="17" VPOS="1380" HPOS="649"/>
							<String ID="string_275" HPOS="666" VPOS="1378" WIDTH="58" HEIGHT="26" WC="0.93" CONTENT="ären,"/><SP WIDTH="17" VPOS="1378" HPOS="724"/>
							<String ID="string_276" HPOS="741" VPOS="1377" WIDTH="65" HEIGHT="22" WC="0.93" CONTENT="alltsä"/><SP WIDTH="15" VPOS="1377" HPOS="806"/>
							<String ID="string_277" HPOS="821" VPOS="1377" WIDTH="33" HEIGHT="21" WC="0.96" CONTENT="för"/><SP WIDTH="15" VPOS="1377" HPOS="854"/>
							<String ID="string_278" HPOS="869" VPOS="1376" WIDTH="49" HEIGHT="21" WC="0.92" CONTENT="hela"/><SP WIDTH="14" VPOS="1376" HPOS="918"/>
							<String ID="string_279" HPOS="932" VPOS="1383" WIDTH="37" HEIGHT="20" WC="0.92" CONTENT="pe-"/>
						</TextLine>
						<TextLine ID="line_34" HPOS="212" VPOS="1410" WIDTH="757" HEIGHT="28">
							<String ID="string_280" HPOS="212" VPOS="1411" WIDTH="75" HEIGHT="22" WC="0.92" CONTENT="rioden"/><SP WIDTH="25" VPOS="1411" HPOS="287"/>
							<String ID="string_281" HPOS="312" VPOS="1429" WIDTH="1" HEIGHT="4" WC="0.36" CONTENT="&lt;"/><SP WIDTH="30" VPOS="1429" HPOS="313"/>
							<String ID="string_282" HPOS="343" VPOS="1429" WIDTH="4" HEIGHT="5" WC="0.87" CONTENT="."/><SP WIDTH="31" VPOS="1429" HPOS="347"/>
							<String ID="string_283" HPOS="378" VPOS="1428" WIDTH="4" HEIGHT="4" WC="0.0" CONTENT="&lt;"/><SP WIDTH="33" VPOS="1428" HPOS="382"/>
							<String ID="string_284" HPOS="415" VPOS="1429" WIDTH="4" HEIGHT="5" WC="0.49" CONTENT="."/><SP WIDTH="31" VPOS="1429" HPOS="419"/>
							<String ID="string_285" HPOS="450" VPOS="1428" WIDTH="147" HEIGHT="6" WC="0.10" CONTENT="es"/><SP WIDTH="140" VPOS="1428" HPOS="597"/>
							<String ID="string_286" HPOS="737" VPOS="1428" WIDTH="4" HEIGHT="5" WC="0.23" CONTENT="R"/><SP WIDTH="32" VPOS="1428" HPOS="741"/>
							<String ID="string_287" HPOS="773" VPOS="1412" WIDTH="113" HEIGHT="26" WC="0.58" CONTENT="1,200,000"/><SP WIDTH="16" VPOS="1412" HPOS="886"/>
							<String ID="string_288" HPOS="902" VPOS="1410" WIDTH="67" HEIGHT="22" WC="0.94" CONTENT="mark."/>
						</TextLine>
					</TextBlock>
				</ComposedBlock>
			</PrintSpace>
		</Page>
	</Layout>
</alto>
