1031 1673
237 125 26 21 14
537 124 34 20 N:o
588 123 35 21 38.

202 178 14 28 »
206 190 752 8 un

282 238 6 21 i
300 238 195 28 landsförsamling,
509 238 32 22 för
552 239 73 26 hvarje
634 238 114 21 betalande
757 238 80 21 mantal|
876 250 27 3 —
925 238 26 20 [25

283 274 56 20 samt
362 273 7 21 i
391 273 194 27 stadsförsamling,
601 279 26 15 en
643 273 101 21 femtedel
760 272 23 21 af
797 272 41 21 den

310 308 70 26 karta,
397 314 45 14 som
458 308 33 20 för
505 307 188 27 pastorsfullmakt
708 307 7 21 i
730 307 107 27 nyssföre-

311 342 83 27 gäende
409 342 68 27 punkt
493 344 24 19 är
532 342 148 21 föreskrifven.

255 377 32 20 7:0
304 377 13 20 &
333 376 255 27 sockneadjunktstjenst,
605 376 27 21 dä
642 376 93 21 boställe
745 376 92 27 åtföljer,

282 410 34 21 för
339 411 73 26 hvarje
428 411 57 20 inom
501 410 216 27 aflöningsdistriktet
726 410 113 55 "Detter

282 445 115 21 betalande
412 445 104 21 mantal
514 441 15 35 .
547 461 4 4 .
583 461 4 4 .
619 461 4 4 .
761 461 5 4 <
797 461 4 4 <
835 461 2 4 |
877 456 27 4 —
927 445 26 20 (15

283 485 55 21 men,
355 485 33 15 om
404 479 91 21 boställe
511 479 18 27 ej
545 479 75 27 finnes,
637 461 73 39 endast
725 461 5 38 .
761 495 76 5 |
877 491 26 3 —
942 480 10 20 17

255 514 33 21 8:0
313 515 12 19 å
341 514 232 27 adjunktsbeställning
591 496 52 39 eller
659 519 71 15 annan
745 515 93 24 prester-

283 548 31 27 lig
336 548 127 27 befattning,
486 548 32 21 för
537 548 86 21 hvilken
639 547 122 27 aflöningen
776 548 63 21 beror

284 582 23 21 af
321 583 94 20 enskildt
431 583 52 20 aftal
499 583 91 21 emellan
607 583 40 21 den
657 583 132 20 förordnade
797 583 42 20 och

283 617 54 21 hans
360 617 112 27 principal,
495 618 13 20 å
531 617 66 21 sådan
617 617 70 27 karta,
704 623 45 15 som
765 617 32 21 för
813 617 26 20 de

284 651 57 21 ifrån
364 651 150 28 Domkapitlen
529 652 108 26 utgående
653 651 147 27 expeditioner
815 653 24 19 är

284 686 147 21 föreskrifven.

256 721 32 20 9:0
313 721 12 20 &
347 721 110 21 klockare-
477 721 52 21 eller
545 721 178 27 orgelnisttjenst,
739 721 33 20 för
786 720 53 21 hvil-

283 755 43 20 ken
348 755 63 21 lönen
434 757 25 19 är
480 756 33 21 till
535 756 44 21 viss
600 762 83 15 summa
698 755 7 21 i
721 755 118 26 penningar

284 789 105 28 bestämd,
413 791 12 19 4
447 791 90 26 procent
559 790 67 27 deraf,
649 796 56 21 men,
723 790 38 21 der
776 789 64 21 lönen

284 824 19 26 ej
320 825 24 19 är
360 824 91 21 sälunda
465 826 74 26 utsatt,
558 825 6 21 i
580 824 190 27 landsförsamling
785 823 55 22 efter

284 858 113 21 enahanda
415 860 70 25 grund
503 859 39 21 och
557 859 33 21 till
606 859 44 21 lika
665 859 84 26 belopp,
766 865 45 15 som
827 859 13 20 å

284 893 257 27 sockneadjunktstjenst,
557 895 56 19 samt
629 894 6 20 i
652 893 188 26 stadsförsamling

284 927 49 20 med
349 933 26 15 en
390 927 109 22 tiondedel
513 927 24 22 af
550 928 41 21 den
607 927 32 22 för
654 927 185 27 pastorsfullmak-

284 963 37 19 ten
337 961 6 21 i
360 967 81 16 samma
456 961 125 28 församling
596 962 113 21 bestämda
724 962 69 21 karta.

257 996 46 20 10:0
319 996 13 20 &
347 996 307 27 sockneskrifvarebefattning
691 1013 5 4 =.
727 1013 5 4 .
896 995 12 21 5
928 1007 26 2 |—

257 1031 46 20 11:0
320 1031 13 20 &
348 1030 173 28 kyrkoväktare-,
533 1031 64 21 skall-
612 1031 39 21 och
661 1013 112 44 brofogde-
785 1012 55 39 samt

284 1071 72 14 annan
372 1065 82 21 mindre
470 1065 130 27 beställning
619 1065 35 21 vid
655 1065 89 55 a
761 1065 79 20 socken

285 1099 40 20 och
340 1099 109 26 menighet
478 1116 4 4 .
513 1116 4 4 .
548 1116 4 4 .
895 1099 60 20 2|—

257 1133 47 20 12:0
327 1133 13 20 &
363 1133 83 21 embete
469 1134 39 21 och
529 1116 74 45 tjenst,
620 1116 4 4 :
626 1139 45 15 som
691 1115 58 39 efter
763 1115 77 38 derom

284 1167 62 26 gjord
369 1167 120 28 ansökning
512 1168 97 21 erhållits
632 1174 76 21 genom
730 1168 111 25 transport

285 1201 53 21 eller
353 1201 58 28 byte,
428 1202 90 21 skrifves
533 1203 28 25 på
579 1202 117 27 stämpladt
710 1207 82 21 papper
807 1201 33 21 till

284 1236 45 21 lika
351 1236 84 27 belopp,
459 1243 44 14 som
523 1237 35 20 vid
573 1236 122 26 befordran,
711 1236 72 21 derest
799 1235 42 21 den

284 1270 36 21 lön
343 1276 45 15 som
410 1270 115 27 tillträdes,
548 1273 24 18 är
595 1273 68 26 större
683 1272 27 19 än
727 1270 41 21 den
783 1269 58 22 förut

228 1305 25 28 ii
284 1305 123 27 innehafda,
430 1311 48 15 men
501 1307 36 19 äro
561 1305 62 21 dessa
645 1305 62 21 löner
728 1305 45 20 lika
787 1304 54 21 eller

285 1339 41 21 den
341 1339 114 21 tillträdda
469 1339 63 22 lönen
548 1339 89 28 mindre,
652 1339 110 26 begagnas
773 1338 68 21 sådun

284 1374 70 27 karta,
378 1379 45 15 som
441 1375 24 19 är
480 1373 98 22 bestämd
593 1373 33 21 för
641 1374 37 20 det
693 1372 147 22 embetsverks

284 1408 155 26 expeditioner,
462 1408 109 21 hvarifrån
586 1408 128 21 fullmakten
729 1407 54 21 eller
797 1407 44 21 för-

285 1442 120 21 ordnandet
427 1441 104 22 utfärdas.
561 1442 54 21 Sker
634 1443 138 25 transporten
788 1442 52 20 utan
