1039 1670
229 125 26 19 14
429 123 24 23 U.
469 123 24 23 B.
508 136 27 3 —
552 124 66 28 Prop.
633 123 38 23 N:o
688 122 32 23 37.

197 189 211 28 bidragsskyldighet
427 190 72 22 kunde
519 191 108 26 uppgöras
647 190 40 22 och
702 189 254 23 nästsammanträdande

197 224 90 22 ständer
301 224 129 27 föreläggas.

265 258 11 22 I
291 258 52 28 följd
357 258 64 22 häraf
433 258 33 22 får
481 258 172 23 Statsutskottet
667 258 112 23 vördsamt
794 258 80 23 föreslå

370 324 31 20 att
419 322 118 22 ständerna
556 322 47 22 ville
621 322 38 22 hos
674 322 64 22 Hans
753 322 120 28 Kejserliga
887 322 69 28 Maje-

301 358 44 20 stät
361 357 7 20 i
380 356 167 28 underdånighet
555 356 92 27 anhålla,
656 359 32 19 att
694 356 64 22 Hans
766 356 105 28 Majestät
879 357 77 21 täcktes

300 390 44 23 låta
359 391 91 22 inhemta
465 391 223 22 stadskommunernas
702 391 100 28 yttrande
816 392 9 21 i
838 391 56 22 hvad
907 398 49 15 mon

300 425 24 22 de
347 432 46 15 vore
415 425 67 28 villige
505 428 32 19 att
555 425 72 22 ikläda
649 426 33 27 sig
701 425 141 28 förpligtelser
859 425 34 27 för
907 426 49 21 sina

300 459 171 27 folkskollärares
486 460 36 21 och
537 460 134 22 lärarinnors
684 460 150 27 pensionering
845 462 55 19 samt
909 460 48 22 med

301 494 96 27 afseende
413 495 52 21 derä
479 497 96 25 uppgöra
587 495 36 21 och
635 495 252 22 nästsammanträdande
894 497 60 19 stän-

300 529 36 21 der
350 529 108 27 förelägga
475 529 81 27 förslag
572 536 33 15 om
620 529 74 27 bidrag
710 529 32 21 till
756 536 82 15 samma
854 529 101 21 ändamål

300 563 26 26 af
337 563 106 22 allmänna
458 563 71 22 medel.

263 660 38 22 Uti
316 660 201 28 slutbehandlingen
533 660 23 23 af
570 661 59 22 detta
645 661 80 22 ärende
741 660 6 22 i
763 660 113 22 Utskottet
890 660 64 22 hafva

195 694 92 28 deltagit
311 694 143 23 ordföranden
480 696 107 22 Mechelin
615 698 56 19 samt
692 695 150 22 ledamöterne
863 694 89 23 friherre

193 728 70 28 Boije,
287 730 24 21 A.
336 729 127 27 Schauman,
488 730 147 28 Charpentier,
659 730 26 22 G.
706 730 22 22 Z.
752 730 112 26 Forsman,
886 730 66 27 Hjelt,

192 763 117 27 Johnsson,
326 764 107 27 Kihlman,
445 765 90 26 Kurtén,
546 764 120 27 Lindblom,
678 764 91 28 Nybom,
787 764 86 26 Heikel,
884 764 68 26 Värri,

191 797 108 28 Kyander,
319 798 86 22 Hoikka
424 800 41 21 och
485 799 71 27 Häkli,
573 799 110 23 äfvensom
698 799 7 21 i
720 799 59 22 vissa
795 798 59 22 delar
870 798 22 22 af
906 798 46 22 det-

193 837 82 16 samma
291 833 166 26 suppleanterne
473 834 108 26 Törnudd,
599 833 91 22 Castrén
707 833 40 22 och
762 833 82 27 Pöysti.

262 871 141 28 Helsingfors,
421 873 40 22 den
479 875 24 20 19
519 873 61 28 April
598 875 60 20 1882.

254 1464 150 18 Statsutskottets
417 1465 115 19 betänkande
545 1466 36 17 N:o
594 1466 27 16 10.
