1034 1673
412 129 34 21 N:o
463 130 35 20 38.

102 242 112 27 Certifikat
229 242 33 21 för
277 242 76 28 fartyg,
371 249 22 15 se
408 243 83 21 fribref.

99 282 98 28 Diplom:

130 318 32 20 1:0
178 318 13 20 å
207 317 59 27 adlig
281 317 113 27 värdighet

176 353 13 19 å
204 352 111 26 friherrlig
331 352 33 20 d:o

177 387 12 20 å
205 386 76 27 greflig
331 386 33 21 do

177 422 13 20 å
205 427 69 20 vapen
290 421 38 21 och
344 403 196 45 vapenförändring
638 438 40 5 og

130 456 32 21 2:0
179 456 13 20 å
208 455 148 27 doktorsgrad,
373 455 54 21 efter
444 455 85 27 aflagda
544 456 116 26 specimina
674 473 4 4 .

178 491 12 20 å
206 490 93 21 honorär
315 490 143 27 doktorsgrad

178 525 12 20 å
206 524 157 27 magistergrad
461 541 40 4 mos
533 541 4 4 mo
568 541 5 4 fo
604 541 40 5 Mom
675 542 4 4 I

102 558 151 27 Doktorsbref,
271 565 22 15 se
309 559 85 26 diplom.
723 554 1 43 |

102 599 176 27 Donationsbref
290 599 52 22 eller
357 599 119 21 resolution
493 601 12 20 å
521 599 113 28 förläning,
652 593 73 28 efter-
718 589 12 42 |

132 633 39 28 gift
187 635 13 19 å
215 634 36 21 lån
267 634 39 21 och
321 634 125 27 understöd,
463 640 45 15 som
524 634 22 21 af
556 634 107 21 allmänna
673 641 43 14 me-

132 668 34 21 del
182 668 97 27 beviljas,
294 670 39 19 när
349 668 77 27 gåfvan
441 651 8 38 i
463 669 63 20 värde
537 668 127 27 öfverstiger
675 670 41 20 200

131 703 68 27 mark,
216 703 91 20 skrifves
323 703 12 20 å
352 703 117 26 stämpladt
488 709 82 20 papper
586 703 33 20 till
635 705 31 19 ett
680 703 36 21 be-

131 737 50 26 lopp
197 737 23 20 af
233 737 48 26 fyra
295 739 95 24 procent.

104 777 245 28 Fartygsförpassning,
367 783 22 15 se
405 783 56 21 pass.

104 817 118 27 Fastebref
242 817 91 21 skrifves
356 819 27 25 pä
407 818 118 26 stämpladt
544 824 80 20 papper
639 818 33 21 för
687 820 31 20 ett

134 852 181 26 egendomsvärde
331 852 22 21 af
367 852 34 21 till
416 852 40 21 och
471 853 50 21 med
537 854 41 20 250
593 854 61 20 mark
677 870 4 4 .

134 886 122 22 derutöfver
281 888 25 20 10
328 887 64 26 penni
415 887 32 21 för
470 887 75 27 hvarje
567 888 38 20 100
620 888 61 21 mark
697 887 23 21 af

162 921 200 27 egendomsvärdet.

161 956 109 20 Domaren
285 958 24 18 är
325 956 85 26 skyldig
426 958 32 19 att
474 956 7 21 i
496 956 74 27 hvarje
581 956 44 27 fall,
637 956 27 21 dä
674 956 44 27 lag-

133 990 44 21 fart
200 996 33 15 om
257 990 104 21 afslutadt
383 991 42 26 köp
444 992 12 19 å
472 990 43 22 fast
532 991 102 27 egendom
650 990 69 22 blifvit

134 1022 112 24 fulländad
262 1025 39 20 och
317 1025 68 26 öfriga
401 1025 8 21 i
424 1025 36 27 lag
476 1025 104 27 stadgade
592 1026 69 20 vilkor
671 1025 47 21 full-

134 1059 82 27 gjorda,
240 1060 52 20 derä
315 1059 86 24 utfärda
424 1060 111 27 fastebref,
560 1060 67 21 ehvad
643 1060 77 20 sädant

134 1093 91 27 begäres
242 1094 52 20 eller
310 1094 25 26 ej.

106 1134 114 27 Folkpass,
237 1140 23 15 se
275 1140 57 20 pass.

106 1174 95 27 Fribref
212 1174 33 21 för
260 1174 77 27 fartyg,
355 1174 120 22 oberoende
492 1174 23 22 af
529 1174 110 22 lästetalet

106 1208 159 27 Friherrebref,
281 1215 23 15 se
321 1209 85 26 diplom.

106 1243 100 21 Frisedel
220 1243 34 21 till
269 1250 74 14 varors
359 1244 97 26 lossning
472 1244 40 20 och
527 1244 95 26 lastning
645 1260 5 4 .

107 1278 118 25 Fullmakt,
249 1278 170 27 konstitutorial,
446 1278 151 27 förordnande,
622 1256 99 53 kallelse-

137 1312 39 21 och
192 1312 183 28 antagningsbref,
386 1295 201 44 protokollsutärag
597 1312 49 21 med
656 1318 65 21 mera,

136 1346 138 28 hvarigenom
291 1347 90 27 embete,
397 1347 68 27 tjenst
483 1347 53 21 eller
552 1346 120 27 befattning
687 1346 35 21 be-

136 1383 69 19 sättes
229 1382 39 20 och
286 1381 126 27 bortgifves,
429 1381 52 21 eller
498 1381 40 21 ock
553 1381 112 26 värdighet
680 1380 42 21 för-

137 1422 75 21 unnas,
236 1416 48 20 med
307 1416 111 26 undantag
442 1416 23 20 af
487 1416 55 26 dem,
565 1422 45 14 som
631 1415 7 21 i
654 1415 69 20 denna

778 128 23 20 11

137 1449 127 27 förordning
279 1449 68 22 finnas
363 1450 106 21 särskildt
485 1450 137 21 omnämnda:
