<?xml version="1.0" encoding="UTF-8"?>
<alto xmlns="http://www.loc.gov/standards/alto/ns-v3#" xmlns:xlink="http://www.w3.org/1999/xlink" xmlns:xsi="http://www.w3.org/2001/XMLSchema-instance" xsi:schemaLocation="http://www.loc.gov/standards/alto/ns-v3# http://www.loc.gov/alto/v3/alto-3-0.xsd">
	<Description>
		<MeasurementUnit>pixel</MeasurementUnit>
		<sourceImageInformation>
			<fileName>/tmp/tess_ev208kak_input.PNG</fileName>
		</sourceImageInformation>
		<OCRProcessing ID="OCR_0">
			<ocrProcessingStep>
				<processingSoftware>
					<softwareName>tesseract 5.3.4</softwareName>
				</processingSoftware>
			</ocrProcessingStep>
		</OCRProcessing>
	</Description>
	<Layout>
		<Page WIDTH="1017" HEIGHT="1673" PHYSICAL_IMG_NR="0" ID="page_0">
			<PrintSpace HPOS="0" VPOS="0" WIDTH="1017" HEIGHT="1673">
				<ComposedBlock ID="cblock_0" HPOS="212" VPOS="122" WIDTH="505" HEIGHT="32">
					<TextBlock ID="block_0" HPOS="212" VPOS="122" WIDTH="505" HEIGHT="32">
						<TextLine ID="line_0" HPOS="212" VPOS="122" WIDTH="505" HEIGHT="32">
							<String ID="string_0" HPOS="212" VPOS="123" WIDTH="27" HEIGHT="21" WC="0.96" CONTENT="10"/><SP WIDTH="163" VPOS="123" HPOS="239"/>
							<String ID="string_1" HPOS="402" VPOS="122" WIDTH="65" HEIGHT="26" WC="0.87" CONTENT="Ständ."/><SP WIDTH="16" VPOS="122" HPOS="467"/>
							<String ID="string_2" HPOS="483" VPOS="124" WIDTH="29" HEIGHT="24" WC="0.93" CONTENT="Sv."/><SP WIDTH="18" VPOS="124" HPOS="512"/>
							<String ID="string_3" HPOS="530" VPOS="136" WIDTH="25" HEIGHT="3" WC="0.90" CONTENT="—"/><SP WIDTH="17" VPOS="136" HPOS="555"/>
							<String ID="string_4" HPOS="572" VPOS="124" WIDTH="54" HEIGHT="30" WC="0.89" CONTENT="Prop."/><SP WIDTH="15" VPOS="124" HPOS="626"/>
							<String ID="string_5" HPOS="641" VPOS="124" WIDTH="30" HEIGHT="24" WC="0.96" CONTENT="N:o"/><SP WIDTH="15" VPOS="124" HPOS="671"/>
							<String ID="string_6" HPOS="686" VPOS="124" WIDTH="31" HEIGHT="24" WC="0.89" CONTENT="36."/>
						</TextLine>
					</TextBlock>
				</ComposedBlock>
				<ComposedBlock ID="cblock_1" HPOS="185" VPOS="178" WIDTH="762" HEIGHT="288">
					<TextBlock ID="block_1" HPOS="185" VPOS="178" WIDTH="762" HEIGHT="74">
						<TextLine ID="line_1" HPOS="255" VPOS="178" WIDTH="692" HEIGHT="44">
							<String ID="string_7" HPOS="255" VPOS="178" WIDTH="145" HEIGHT="44" WC="0.90" CONTENT="Åberopande"/><SP WIDTH="22" VPOS="178" HPOS="400"/>
							<String ID="string_8" HPOS="422" VPOS="191" WIDTH="57" HEIGHT="22" WC="0.96" CONTENT="hvad"/><SP WIDTH="19" VPOS="191" HPOS="479"/>
							<String ID="string_9" HPOS="498" VPOS="192" WIDTH="8" HEIGHT="20" WC="0.96" CONTENT="i"/><SP WIDTH="16" VPOS="192" HPOS="506"/>
							<String ID="string_10" HPOS="522" VPOS="192" WIDTH="36" HEIGHT="21" WC="0.96" CONTENT="det"/><SP WIDTH="20" VPOS="192" HPOS="558"/>
							<String ID="string_11" HPOS="578" VPOS="192" WIDTH="128" HEIGHT="27" WC="0.74" CONTENT="föregående"/><SP WIDTH="23" VPOS="192" HPOS="706"/>
							<String ID="string_12" HPOS="729" VPOS="192" WIDTH="87" HEIGHT="27" WC="0.95" CONTENT="anförts,"/><SP WIDTH="26" VPOS="192" HPOS="816"/>
							<String ID="string_13" HPOS="842" VPOS="192" WIDTH="21" HEIGHT="22" WC="0.93" CONTENT="få"/><SP WIDTH="22" VPOS="192" HPOS="863"/>
							<String ID="string_14" HPOS="885" VPOS="191" WIDTH="62" HEIGHT="22" WC="0.89" CONTENT="Stän-"/>
						</TextLine>
						<TextLine ID="line_2" HPOS="185" VPOS="224" WIDTH="378" HEIGHT="28">
							<String ID="string_15" HPOS="185" VPOS="224" WIDTH="67" HEIGHT="22" WC="0.96" CONTENT="derna"/><SP WIDTH="14" VPOS="224" HPOS="252"/>
							<String ID="string_16" HPOS="266" VPOS="225" WIDTH="8" HEIGHT="21" WC="0.93" CONTENT="i"/><SP WIDTH="14" VPOS="225" HPOS="274"/>
							<String ID="string_17" HPOS="288" VPOS="225" WIDTH="170" HEIGHT="27" WC="0.90" CONTENT="underdånighet"/><SP WIDTH="15" VPOS="225" HPOS="458"/>
							<String ID="string_18" HPOS="473" VPOS="226" WIDTH="90" HEIGHT="26" WC="0.96" CONTENT="anmäla,"/>
						</TextLine>
					</TextBlock>
					<TextBlock ID="block_2" HPOS="323" VPOS="265" WIDTH="624" HEIGHT="166">
						<TextLine ID="line_3" HPOS="358" VPOS="265" WIDTH="589" HEIGHT="29">
							<String ID="string_19" HPOS="358" VPOS="268" WIDTH="34" HEIGHT="18" WC="0.92" CONTENT="att"/><SP WIDTH="15" VPOS="268" HPOS="392"/>
							<String ID="string_20" HPOS="407" VPOS="265" WIDTH="131" HEIGHT="28" WC="0.91" CONTENT="Ständerna,"/><SP WIDTH="24" VPOS="265" HPOS="538"/>
							<String ID="string_21" HPOS="562" VPOS="266" WIDTH="8" HEIGHT="21" WC="0.95" CONTENT="i"/><SP WIDTH="10" VPOS="266" HPOS="570"/>
							<String ID="string_22" HPOS="580" VPOS="265" WIDTH="156" HEIGHT="29" WC="0.96" CONTENT="förhoppning"/><SP WIDTH="16" VPOS="265" HPOS="736"/>
							<String ID="string_23" HPOS="752" VPOS="266" WIDTH="73" HEIGHT="21" WC="0.96" CONTENT="derom"/><SP WIDTH="18" VPOS="266" HPOS="825"/>
							<String ID="string_24" HPOS="843" VPOS="269" WIDTH="33" HEIGHT="18" WC="0.93" CONTENT="att"/><SP WIDTH="14" VPOS="269" HPOS="876"/>
							<String ID="string_25" HPOS="890" VPOS="266" WIDTH="57" HEIGHT="21" WC="0.91" CONTENT="mili-"/>
						</TextLine>
						<TextLine ID="line_4" HPOS="325" VPOS="300" WIDTH="622" HEIGHT="28">
							<String ID="string_26" HPOS="325" VPOS="300" WIDTH="271" HEIGHT="28" WC="0.88" CONTENT="tärstraflagstiftningen"/><SP WIDTH="18" VPOS="300" HPOS="596"/>
							<String ID="string_27" HPOS="614" VPOS="300" WIDTH="65" HEIGHT="26" WC="0.96" CONTENT="skall,"/><SP WIDTH="23" VPOS="300" HPOS="679"/>
							<String ID="string_28" HPOS="702" VPOS="301" WIDTH="26" HEIGHT="21" WC="0.96" CONTENT="så"/><SP WIDTH="14" VPOS="301" HPOS="728"/>
							<String ID="string_29" HPOS="742" VPOS="303" WIDTH="64" HEIGHT="19" WC="0.96" CONTENT="snart"/><SP WIDTH="13" VPOS="303" HPOS="806"/>
							<String ID="string_30" HPOS="819" VPOS="308" WIDTH="29" HEIGHT="20" WC="0.97" CONTENT="ny"/><SP WIDTH="15" VPOS="308" HPOS="848"/>
							<String ID="string_31" HPOS="863" VPOS="301" WIDTH="84" HEIGHT="21" WC="0.96" CONTENT="allmän"/>
						</TextLine>
						<TextLine ID="line_5" HPOS="323" VPOS="334" WIDTH="623" HEIGHT="29">
							<String ID="string_32" HPOS="323" VPOS="334" WIDTH="105" HEIGHT="28" WC="0.94" CONTENT="strafflag"/><SP WIDTH="25" VPOS="334" HPOS="428"/>
							<String ID="string_33" HPOS="453" VPOS="334" WIDTH="73" HEIGHT="28" WC="0.92" CONTENT="blifvit"/><SP WIDTH="24" VPOS="334" HPOS="526"/>
							<String ID="string_34" HPOS="550" VPOS="337" WIDTH="102" HEIGHT="26" WC="0.96" CONTENT="antagen,"/><SP WIDTH="27" VPOS="337" HPOS="652"/>
							<String ID="string_35" HPOS="679" VPOS="334" WIDTH="143" HEIGHT="22" WC="0.96" CONTENT="underkastas"/><SP WIDTH="25" VPOS="334" HPOS="822"/>
							<String ID="string_36" HPOS="847" VPOS="335" WIDTH="99" HEIGHT="25" WC="0.96" CONTENT="revision,"/>
						</TextLine>
						<TextLine ID="line_6" HPOS="323" VPOS="369" WIDTH="624" HEIGHT="28">
							<String ID="string_37" HPOS="323" VPOS="369" WIDTH="98" HEIGHT="28" WC="0.95" CONTENT="godkänt"/><SP WIDTH="21" VPOS="369" HPOS="421"/>
							<String ID="string_38" HPOS="442" VPOS="369" WIDTH="150" HEIGHT="27" WC="0.94" CONTENT="förevarande"/><SP WIDTH="30" VPOS="369" HPOS="592"/>
							<String ID="string_39" HPOS="622" VPOS="370" WIDTH="83" HEIGHT="27" WC="0.68" CONTENT="nådiga"/><SP WIDTH="27" VPOS="370" HPOS="705"/>
							<String ID="string_40" HPOS="732" VPOS="370" WIDTH="137" HEIGHT="27" WC="0.93" CONTENT="proposition"/><SP WIDTH="24" VPOS="370" HPOS="869"/>
							<String ID="string_41" HPOS="893" VPOS="370" WIDTH="54" HEIGHT="20" WC="0.86" CONTENT="”med"/>
						</TextLine>
						<TextLine ID="line_7" HPOS="326" VPOS="402" WIDTH="621" HEIGHT="29">
							<String ID="string_42" HPOS="326" VPOS="402" WIDTH="166" HEIGHT="29" WC="0.90" CONTENT="ofvanantydda"/><SP WIDTH="16" VPOS="402" HPOS="492"/>
							<String ID="string_43" HPOS="508" VPOS="404" WIDTH="130" HEIGHT="27" WC="0.96" CONTENT="ändringar,"/><SP WIDTH="16" VPOS="404" HPOS="638"/>
							<String ID="string_44" HPOS="654" VPOS="410" WIDTH="76" HEIGHT="21" WC="0.95" CONTENT="genom"/><SP WIDTH="14" VPOS="410" HPOS="730"/>
							<String ID="string_45" HPOS="744" VPOS="404" WIDTH="74" HEIGHT="21" WC="0.96" CONTENT="hvilka"/><SP WIDTH="16" VPOS="404" HPOS="818"/>
							<String ID="string_46" HPOS="834" VPOS="404" WIDTH="41" HEIGHT="21" WC="0.93" CONTENT="den"/><SP WIDTH="9" VPOS="404" HPOS="875"/>
							<String ID="string_47" HPOS="884" VPOS="403" WIDTH="63" HEIGHT="28" WC="0.91" CONTENT="före-"/>
						</TextLine>
					</TextBlock>
					<TextBlock ID="block_3" HPOS="324" VPOS="437" WIDTH="491" HEIGHT="29">
						<TextLine ID="line_8" HPOS="324" VPOS="437" WIDTH="491" HEIGHT="29">
							<String ID="string_48" HPOS="324" VPOS="437" WIDTH="79" HEIGHT="28" WC="0.96" CONTENT="slagna"/><SP WIDTH="21" VPOS="437" HPOS="403"/>
							<String ID="string_49" HPOS="424" VPOS="438" WIDTH="62" HEIGHT="27" WC="0.96" CONTENT="lagen"/><SP WIDTH="16" VPOS="438" HPOS="486"/>
							<String ID="string_50" HPOS="502" VPOS="437" WIDTH="89" HEIGHT="22" WC="0.96" CONTENT="erhållit"/><SP WIDTH="13" VPOS="437" HPOS="591"/>
							<String ID="string_51" HPOS="604" VPOS="437" WIDTH="104" HEIGHT="28" WC="0.96" CONTENT="följande"/><SP WIDTH="15" VPOS="437" HPOS="708"/>
							<String ID="string_52" HPOS="723" VPOS="438" WIDTH="92" HEIGHT="28" WC="0.95" CONTENT="lydelse:"/>
						</TextLine>
					</TextBlock>
				</ComposedBlock>
				<ComposedBlock ID="cblock_2" HPOS="384" VPOS="549" WIDTH="514" HEIGHT="28">
					<TextBlock ID="block_4" HPOS="384" VPOS="549" WIDTH="514" HEIGHT="28">
						<TextLine ID="line_9" HPOS="384" VPOS="549" WIDTH="514" HEIGHT="28">
							<String ID="string_53" HPOS="384" VPOS="549" WIDTH="149" HEIGHT="28" WC="0.91" CONTENT="Strafflag"/><SP WIDTH="15" VPOS="549" HPOS="533"/>
							<String ID="string_54" HPOS="548" VPOS="551" WIDTH="51" HEIGHT="22" WC="0.96" CONTENT="för"/><SP WIDTH="16" VPOS="551" HPOS="599"/>
							<String ID="string_55" HPOS="615" VPOS="550" WIDTH="100" HEIGHT="23" WC="0.96" CONTENT="finska"/><SP WIDTH="15" VPOS="550" HPOS="715"/>
							<String ID="string_56" HPOS="730" VPOS="551" WIDTH="168" HEIGHT="22" WC="0.96" CONTENT="militären."/>
						</TextLine>
					</TextBlock>
				</ComposedBlock>
				<ComposedBlock ID="cblock_3" HPOS="598" VPOS="630" WIDTH="78" HEIGHT="22">
					<TextBlock ID="block_5" HPOS="598" VPOS="630" WIDTH="78" HEIGHT="22">
						<TextLine ID="line_10" HPOS="598" VPOS="630" WIDTH="78" HEIGHT="22">
							<String ID="string_57" HPOS="598" VPOS="630" WIDTH="10" HEIGHT="17" WC="0.94" CONTENT="1"/><SP WIDTH="13" VPOS="630" HPOS="608"/>
							<String ID="string_58" HPOS="621" VPOS="631" WIDTH="55" HEIGHT="21" WC="0.94" CONTENT="Kap."/>
						</TextLine>
					</TextBlock>
				</ComposedBlock>
				<ComposedBlock ID="cblock_4" HPOS="328" VPOS="679" WIDTH="619" HEIGHT="71">
					<TextBlock ID="block_6" HPOS="328" VPOS="679" WIDTH="619" HEIGHT="71">
						<TextLine ID="line_11" HPOS="328" VPOS="679" WIDTH="619" HEIGHT="31">
							<String ID="string_59" HPOS="328" VPOS="679" WIDTH="36" HEIGHT="24" WC="0.96" CONTENT="Om"/><SP WIDTH="17" VPOS="679" HPOS="364"/>
							<String ID="string_60" HPOS="381" VPOS="686" WIDTH="105" HEIGHT="23" WC="0.96" CONTENT="personer"/><SP WIDTH="16" VPOS="686" HPOS="486"/>
							<String ID="string_61" HPOS="502" VPOS="681" WIDTH="40" HEIGHT="23" WC="0.96" CONTENT="och"/><SP WIDTH="16" VPOS="681" HPOS="542"/>
							<String ID="string_62" HPOS="558" VPOS="681" WIDTH="62" HEIGHT="27" WC="0.93" CONTENT="brott,"/><SP WIDTH="17" VPOS="681" HPOS="620"/>
							<String ID="string_63" HPOS="637" VPOS="681" WIDTH="14" HEIGHT="22" WC="0.91" CONTENT="å"/><SP WIDTH="17" VPOS="681" HPOS="651"/>
							<String ID="string_64" HPOS="668" VPOS="680" WIDTH="70" HEIGHT="23" WC="0.96" CONTENT="hvilka"/><SP WIDTH="16" VPOS="680" HPOS="738"/>
							<String ID="string_65" HPOS="754" VPOS="681" WIDTH="69" HEIGHT="23" WC="0.96" CONTENT="denna"/><SP WIDTH="17" VPOS="681" HPOS="823"/>
							<String ID="string_66" HPOS="840" VPOS="682" WIDTH="36" HEIGHT="28" WC="0.94" CONTENT="lag"/><SP WIDTH="16" VPOS="682" HPOS="876"/>
							<String ID="string_67" HPOS="892" VPOS="682" WIDTH="55" HEIGHT="23" WC="0.96" CONTENT="skall"/>
						</TextLine>
						<TextLine ID="line_12" HPOS="578" VPOS="721" WIDTH="116" HEIGHT="29">
							<String ID="string_68" HPOS="578" VPOS="721" WIDTH="116" HEIGHT="29" WC="0.95" CONTENT="tillämpas."/>
						</TextLine>
					</TextBlock>
				</ComposedBlock>
				<ComposedBlock ID="cblock_5" HPOS="198" VPOS="781" WIDTH="752" HEIGHT="334">
					<TextBlock ID="block_7" HPOS="198" VPOS="781" WIDTH="463" HEIGHT="24">
						<TextLine ID="line_13" HPOS="198" VPOS="781" WIDTH="463" HEIGHT="24">
							<String ID="string_69" HPOS="198" VPOS="783" WIDTH="5" HEIGHT="7" WC="0.1" CONTENT=":"/><SP WIDTH="407" VPOS="783" HPOS="203"/>
							<String ID="string_70" HPOS="610" VPOS="781" WIDTH="17" HEIGHT="24" WC="0.92" CONTENT="$"/><SP WIDTH="15" VPOS="781" HPOS="627"/>
							<String ID="string_71" HPOS="642" VPOS="781" WIDTH="19" HEIGHT="18" WC="0.91" CONTENT="1."/>
						</TextLine>
					</TextBlock>
					<TextBlock ID="block_8" HPOS="327" VPOS="818" WIDTH="623" HEIGHT="165">
						<TextLine ID="line_14" HPOS="396" VPOS="818" WIDTH="554" HEIGHT="28">
							<String ID="string_72" HPOS="396" VPOS="818" WIDTH="129" HEIGHT="28" WC="0.93" CONTENT="Krigsman,"/><SP WIDTH="22" VPOS="818" HPOS="525"/>
							<String ID="string_73" HPOS="547" VPOS="819" WIDTH="95" HEIGHT="21" WC="0.90" CONTENT="bevärad"/><SP WIDTH="16" VPOS="819" HPOS="642"/>
							<String ID="string_74" HPOS="658" VPOS="819" WIDTH="54" HEIGHT="21" WC="0.93" CONTENT="eller"/><SP WIDTH="15" VPOS="819" HPOS="712"/>
							<String ID="string_75" HPOS="727" VPOS="819" WIDTH="113" HEIGHT="25" WC="0.90" CONTENT="obevärad,"/><SP WIDTH="22" VPOS="819" HPOS="840"/>
							<String ID="string_76" HPOS="862" VPOS="826" WIDTH="44" HEIGHT="14" WC="0.96" CONTENT="som"/><SP WIDTH="17" VPOS="826" HPOS="906"/>
							<String ID="string_77" HPOS="923" VPOS="821" WIDTH="27" HEIGHT="19" WC="0.96" CONTENT="är"/>
						</TextLine>
						<TextLine ID="line_15" HPOS="327" VPOS="851" WIDTH="622" HEIGHT="30">
							<String ID="string_78" HPOS="327" VPOS="852" WIDTH="9" HEIGHT="21" WC="0.96" CONTENT="i"/><SP WIDTH="8" VPOS="852" HPOS="336"/>
							<String ID="string_79" HPOS="344" VPOS="851" WIDTH="62" HEIGHT="29" WC="0.96" CONTENT="finsk"/><SP WIDTH="15" VPOS="851" HPOS="406"/>
							<String ID="string_80" HPOS="421" VPOS="854" WIDTH="58" HEIGHT="20" WC="0.92" CONTENT="aktiv"/><SP WIDTH="25" VPOS="854" HPOS="479"/>
							<String ID="string_81" HPOS="504" VPOS="854" WIDTH="66" HEIGHT="27" WC="0.88" CONTENT="tjenst"/><SP WIDTH="19" VPOS="854" HPOS="570"/>
							<String ID="string_82" HPOS="589" VPOS="854" WIDTH="99" HEIGHT="26" WC="0.91" CONTENT="anstäld,"/><SP WIDTH="24" VPOS="854" HPOS="688"/>
							<String ID="string_83" HPOS="712" VPOS="853" WIDTH="58" HEIGHT="21" WC="0.95" CONTENT="skall"/><SP WIDTH="17" VPOS="853" HPOS="770"/>
							<String ID="string_84" HPOS="787" VPOS="853" WIDTH="42" HEIGHT="27" WC="0.93" CONTENT="för"/><SP WIDTH="22" VPOS="853" HPOS="829"/>
							<String ID="string_85" HPOS="851" VPOS="854" WIDTH="98" HEIGHT="20" WC="0.96" CONTENT="militära"/>
						</TextLine>
						<TextLine ID="line_16" HPOS="328" VPOS="886" WIDTH="622" HEIGHT="30">
							<String ID="string_86" HPOS="328" VPOS="886" WIDTH="62" HEIGHT="28" WC="0.84" CONTENT="brott,"/><SP WIDTH="17" VPOS="886" HPOS="390"/>
							<String ID="string_87" HPOS="407" VPOS="887" WIDTH="112" HEIGHT="29" WC="0.91" CONTENT="begängna"/><SP WIDTH="11" VPOS="887" HPOS="519"/>
							<String ID="string_88" HPOS="530" VPOS="888" WIDTH="58" HEIGHT="28" WC="0.92" CONTENT="frän"/><SP WIDTH="16" VPOS="888" HPOS="588"/>
							<String ID="string_89" HPOS="604" VPOS="888" WIDTH="39" HEIGHT="21" WC="0.96" CONTENT="och"/><SP WIDTH="11" VPOS="888" HPOS="643"/>
							<String ID="string_90" HPOS="654" VPOS="888" WIDTH="48" HEIGHT="21" WC="0.96" CONTENT="med"/><SP WIDTH="16" VPOS="888" HPOS="702"/>
							<String ID="string_91" HPOS="718" VPOS="888" WIDTH="42" HEIGHT="20" WC="0.94" CONTENT="den"/><SP WIDTH="15" VPOS="888" HPOS="760"/>
							<String ID="string_92" HPOS="775" VPOS="888" WIDTH="43" HEIGHT="27" WC="0.96" CONTENT="dag"/><SP WIDTH="16" VPOS="888" HPOS="818"/>
							<String ID="string_93" HPOS="834" VPOS="888" WIDTH="43" HEIGHT="20" WC="0.87" CONTENT="han"/><SP WIDTH="15" VPOS="888" HPOS="877"/>
							<String ID="string_94" HPOS="892" VPOS="888" WIDTH="8" HEIGHT="20" WC="0.93" CONTENT="i"/><SP WIDTH="15" VPOS="888" HPOS="900"/>
							<String ID="string_95" HPOS="915" VPOS="888" WIDTH="35" HEIGHT="21" WC="0.92" CONTENT="sä-"/>
						</TextLine>
						<TextLine ID="line_17" HPOS="328" VPOS="921" WIDTH="622" HEIGHT="28">
							<String ID="string_96" HPOS="328" VPOS="921" WIDTH="43" HEIGHT="21" WC="0.90" CONTENT="dan"/><SP WIDTH="25" VPOS="921" HPOS="371"/>
							<String ID="string_97" HPOS="396" VPOS="921" WIDTH="66" HEIGHT="28" WC="0.89" CONTENT="tjenst"/><SP WIDTH="22" VPOS="921" HPOS="462"/>
							<String ID="string_98" HPOS="484" VPOS="923" WIDTH="86" HEIGHT="20" WC="0.90" CONTENT="inträdt"/><SP WIDTH="16" VPOS="923" HPOS="570"/>
							<String ID="string_99" HPOS="586" VPOS="923" WIDTH="52" HEIGHT="20" WC="0.93" CONTENT="eller"/><SP WIDTH="16" VPOS="923" HPOS="638"/>
							<String ID="string_100" HPOS="654" VPOS="922" WIDTH="92" HEIGHT="21" WC="0.90" CONTENT="inträda"/><SP WIDTH="23" VPOS="922" HPOS="746"/>
							<String ID="string_101" HPOS="769" VPOS="921" WIDTH="46" HEIGHT="22" WC="0.96" CONTENT="bort"/><SP WIDTH="24" VPOS="921" HPOS="815"/>
							<String ID="string_102" HPOS="839" VPOS="922" WIDTH="45" HEIGHT="21" WC="0.96" CONTENT="tills"/><SP WIDTH="22" VPOS="922" HPOS="884"/>
							<String ID="string_103" HPOS="906" VPOS="922" WIDTH="44" HEIGHT="21" WC="0.96" CONTENT="han"/>
						</TextLine>
						<TextLine ID="line_18" HPOS="328" VPOS="955" WIDTH="577" HEIGHT="28">
							<String ID="string_104" HPOS="328" VPOS="955" WIDTH="102" HEIGHT="28" WC="0.91" CONTENT="derifrän"/><SP WIDTH="16" VPOS="955" HPOS="430"/>
							<String ID="string_105" HPOS="446" VPOS="956" WIDTH="73" HEIGHT="27" WC="0.96" CONTENT="blifvit"/><SP WIDTH="15" VPOS="956" HPOS="519"/>
							<String ID="string_106" HPOS="534" VPOS="957" WIDTH="63" HEIGHT="26" WC="0.96" CONTENT="skild,"/><SP WIDTH="17" VPOS="957" HPOS="597"/>
							<String ID="string_107" HPOS="614" VPOS="956" WIDTH="56" HEIGHT="27" WC="0.96" CONTENT="efter"/><SP WIDTH="15" VPOS="956" HPOS="670"/>
							<String ID="string_108" HPOS="685" VPOS="957" WIDTH="73" HEIGHT="20" WC="0.96" CONTENT="denna"/><SP WIDTH="16" VPOS="957" HPOS="758"/>
							<String ID="string_109" HPOS="774" VPOS="957" WIDTH="36" HEIGHT="26" WC="0.92" CONTENT="lag"/><SP WIDTH="16" VPOS="957" HPOS="810"/>
							<String ID="string_110" HPOS="826" VPOS="957" WIDTH="79" HEIGHT="20" WC="0.96" CONTENT="dömas."/>
						</TextLine>
					</TextBlock>
					<TextBlock ID="block_9" HPOS="328" VPOS="990" WIDTH="622" HEIGHT="125">
						<TextLine ID="line_19" HPOS="398" VPOS="990" WIDTH="552" HEIGHT="29">
							<String ID="string_111" HPOS="398" VPOS="990" WIDTH="102" HEIGHT="22" WC="0.92" CONTENT="Militära"/><SP WIDTH="16" VPOS="990" HPOS="500"/>
							<String ID="string_112" HPOS="516" VPOS="991" WIDTH="57" HEIGHT="21" WC="0.93" CONTENT="brott"/><SP WIDTH="15" VPOS="991" HPOS="573"/>
							<String ID="string_113" HPOS="588" VPOS="993" WIDTH="39" HEIGHT="18" WC="0.92" CONTENT="äro"/><SP WIDTH="16" VPOS="993" HPOS="627"/>
							<String ID="string_114" HPOS="643" VPOS="991" WIDTH="26" HEIGHT="21" WC="0.93" CONTENT="de"/><SP WIDTH="10" VPOS="991" HPOS="669"/>
							<String ID="string_115" HPOS="679" VPOS="990" WIDTH="153" HEIGHT="29" WC="0.90" CONTENT="förbrytelser,"/><SP WIDTH="24" VPOS="990" HPOS="832"/>
							<String ID="string_116" HPOS="856" VPOS="990" WIDTH="72" HEIGHT="21" WC="0.93" CONTENT="hvilka"/><SP WIDTH="15" VPOS="990" HPOS="928"/>
							<String ID="string_117" HPOS="943" VPOS="991" WIDTH="7" HEIGHT="20" WC="0.96" CONTENT="i"/>
						</TextLine>
						<TextLine ID="line_20" HPOS="328" VPOS="1024" WIDTH="622" HEIGHT="29">
							<String ID="string_118" HPOS="328" VPOS="1024" WIDTH="72" HEIGHT="21" WC="0.96" CONTENT="denna"/><SP WIDTH="16" VPOS="1024" HPOS="400"/>
							<String ID="string_119" HPOS="416" VPOS="1025" WIDTH="37" HEIGHT="28" WC="0.92" CONTENT="lag"/><SP WIDTH="16" VPOS="1025" HPOS="453"/>
							<String ID="string_120" HPOS="469" VPOS="1025" WIDTH="101" HEIGHT="28" WC="0.96" CONTENT="beläggas"/><SP WIDTH="16" VPOS="1025" HPOS="570"/>
							<String ID="string_121" HPOS="586" VPOS="1025" WIDTH="48" HEIGHT="21" WC="0.96" CONTENT="med"/><SP WIDTH="14" VPOS="1025" HPOS="634"/>
							<String ID="string_122" HPOS="648" VPOS="1025" WIDTH="74" HEIGHT="27" WC="0.75" CONTENT="straff,"/><SP WIDTH="24" VPOS="1025" HPOS="722"/>
							<String ID="string_123" HPOS="746" VPOS="1025" WIDTH="68" HEIGHT="20" WC="0.90" CONTENT="ehvad"/><SP WIDTH="18" VPOS="1025" HPOS="814"/>
							<String ID="string_124" HPOS="832" VPOS="1025" WIDTH="118" HEIGHT="20" WC="0.96" CONTENT="detsamma"/>
						</TextLine>
						<TextLine ID="line_21" HPOS="329" VPOS="1058" WIDTH="621" HEIGHT="29">
							<String ID="string_125" HPOS="329" VPOS="1058" WIDTH="73" HEIGHT="27" WC="0.93" CONTENT="blifvit"/><SP WIDTH="15" VPOS="1058" HPOS="402"/>
							<String ID="string_126" HPOS="417" VPOS="1059" WIDTH="48" HEIGHT="21" WC="0.91" CONTENT="deri"/><SP WIDTH="14" VPOS="1059" HPOS="465"/>
							<String ID="string_127" HPOS="479" VPOS="1062" WIDTH="68" HEIGHT="19" WC="0.96" CONTENT="utsatt"/><SP WIDTH="15" VPOS="1062" HPOS="547"/>
							<String ID="string_128" HPOS="562" VPOS="1060" WIDTH="53" HEIGHT="21" WC="0.95" CONTENT="eller"/><SP WIDTH="21" VPOS="1060" HPOS="615"/>
							<String ID="string_129" HPOS="636" VPOS="1059" WIDTH="58" HEIGHT="22" WC="0.96" CONTENT="skall"/><SP WIDTH="24" VPOS="1059" HPOS="694"/>
							<String ID="string_130" HPOS="718" VPOS="1060" WIDTH="68" HEIGHT="27" WC="0.93" CONTENT="enligt"/><SP WIDTH="22" VPOS="1060" HPOS="786"/>
							<String ID="string_131" HPOS="808" VPOS="1059" WIDTH="83" HEIGHT="21" WC="0.92" CONTENT="ullmän"/><SP WIDTH="23" VPOS="1059" HPOS="891"/>
							<String ID="string_132" HPOS="914" VPOS="1059" WIDTH="36" HEIGHT="28" WC="0.96" CONTENT="lag"/>
						</TextLine>
						<TextLine ID="line_22" HPOS="329" VPOS="1093" WIDTH="132" HEIGHT="22">
							<String ID="string_133" HPOS="329" VPOS="1093" WIDTH="132" HEIGHT="22" WC="0.93" CONTENT="bestämmas."/>
						</TextLine>
					</TextBlock>
				</ComposedBlock>
				<ComposedBlock ID="cblock_6" HPOS="329" VPOS="1153" WIDTH="625" HEIGHT="303">
					<TextBlock ID="block_10" HPOS="615" VPOS="1153" WIDTH="51" HEIGHT="24">
						<TextLine ID="line_23" HPOS="615" VPOS="1153" WIDTH="51" HEIGHT="24">
							<String ID="string_134" HPOS="615" VPOS="1153" WIDTH="15" HEIGHT="24" WC="0.92" CONTENT="$"/><SP WIDTH="14" VPOS="1153" HPOS="630"/>
							<String ID="string_135" HPOS="644" VPOS="1153" WIDTH="22" HEIGHT="20" WC="0.90" CONTENT="2."/>
						</TextLine>
					</TextBlock>
					<TextBlock ID="block_11" HPOS="329" VPOS="1189" WIDTH="625" HEIGHT="267">
						<TextLine ID="line_24" HPOS="401" VPOS="1189" WIDTH="551" HEIGHT="28">
							<String ID="string_136" HPOS="401" VPOS="1190" WIDTH="45" HEIGHT="21" WC="0.96" CONTENT="Till"/><SP WIDTH="16" VPOS="1190" HPOS="446"/>
							<String ID="string_137" HPOS="462" VPOS="1198" WIDTH="95" HEIGHT="13" WC="0.96" CONTENT="reserven"/><SP WIDTH="17" VPOS="1198" HPOS="557"/>
							<String ID="string_138" HPOS="574" VPOS="1191" WIDTH="38" HEIGHT="20" WC="0.93" CONTENT="och"/><SP WIDTH="11" VPOS="1191" HPOS="612"/>
							<String ID="string_139" HPOS="623" VPOS="1191" WIDTH="141" HEIGHT="21" WC="0.86" CONTENT="landtvärnet"/><SP WIDTH="12" VPOS="1191" HPOS="764"/>
							<String ID="string_140" HPOS="776" VPOS="1190" WIDTH="97" HEIGHT="21" WC="0.93" CONTENT="hörande"/><SP WIDTH="10" VPOS="1190" HPOS="873"/>
							<String ID="string_141" HPOS="883" VPOS="1189" WIDTH="69" HEIGHT="28" WC="0.92" CONTENT="krigs-"/>
						</TextLine>
						<TextLine ID="line_25" HPOS="329" VPOS="1223" WIDTH="622" HEIGHT="30">
							<String ID="string_142" HPOS="329" VPOS="1227" WIDTH="51" HEIGHT="19" WC="0.96" CONTENT="män"/><SP WIDTH="16" VPOS="1227" HPOS="380"/>
							<String ID="string_143" HPOS="396" VPOS="1225" WIDTH="75" HEIGHT="21" WC="0.96" CONTENT="dömas"/><SP WIDTH="15" VPOS="1225" HPOS="471"/>
							<String ID="string_144" HPOS="486" VPOS="1225" WIDTH="56" HEIGHT="26" WC="0.96" CONTENT="efter"/><SP WIDTH="14" VPOS="1225" HPOS="542"/>
							<String ID="string_145" HPOS="556" VPOS="1225" WIDTH="72" HEIGHT="21" WC="0.96" CONTENT="denna"/><SP WIDTH="16" VPOS="1225" HPOS="628"/>
							<String ID="string_146" HPOS="644" VPOS="1225" WIDTH="37" HEIGHT="28" WC="0.96" CONTENT="lag"/><SP WIDTH="9" VPOS="1225" HPOS="681"/>
							<String ID="string_147" HPOS="690" VPOS="1225" WIDTH="56" HEIGHT="26" WC="0.96" CONTENT="för:"/><SP WIDTH="16" VPOS="1225" HPOS="746"/>
							<String ID="string_148" HPOS="762" VPOS="1225" WIDTH="22" HEIGHT="27" WC="0.93" CONTENT="a)"/><SP WIDTH="15" VPOS="1225" HPOS="784"/>
							<String ID="string_149" HPOS="799" VPOS="1223" WIDTH="152" HEIGHT="28" WC="0.91" CONTENT="uteblifvande,"/>
						</TextLine>
						<TextLine ID="line_26" HPOS="330" VPOS="1258" WIDTH="623" HEIGHT="28">
							<String ID="string_150" HPOS="330" VPOS="1259" WIDTH="90" HEIGHT="21" WC="0.91" CONTENT="oaktadt"/><SP WIDTH="16" VPOS="1259" HPOS="420"/>
							<String ID="string_151" HPOS="436" VPOS="1259" WIDTH="118" HEIGHT="25" WC="0.91" CONTENT="inkallelse,"/><SP WIDTH="14" VPOS="1259" HPOS="554"/>
							<String ID="string_152" HPOS="568" VPOS="1259" WIDTH="58" HEIGHT="27" WC="0.96" CONTENT="från"/><SP WIDTH="24" VPOS="1259" HPOS="626"/>
							<String ID="string_153" HPOS="650" VPOS="1259" WIDTH="60" HEIGHT="21" WC="0.92" CONTENT="aktiv"/><SP WIDTH="24" VPOS="1259" HPOS="710"/>
							<String ID="string_154" HPOS="734" VPOS="1259" WIDTH="144" HEIGHT="27" WC="0.89" CONTENT="tjenstgöring"/><SP WIDTH="23" VPOS="1259" HPOS="878"/>
							<String ID="string_155" HPOS="901" VPOS="1258" WIDTH="52" HEIGHT="21" WC="0.95" CONTENT="eller"/>
						</TextLine>
						<TextLine ID="line_27" HPOS="330" VPOS="1292" WIDTH="623" HEIGHT="29">
							<String ID="string_156" HPOS="330" VPOS="1293" WIDTH="156" HEIGHT="28" WC="0.39" CONTENT="öfningsmöte;"/><SP WIDTH="25" VPOS="1293" HPOS="486"/>
							<String ID="string_157" HPOS="511" VPOS="1293" WIDTH="19" HEIGHT="27" WC="0.72" CONTENT="b)"/><SP WIDTH="17" VPOS="1293" HPOS="530"/>
							<String ID="string_158" HPOS="547" VPOS="1295" WIDTH="98" HEIGHT="20" WC="0.95" CONTENT="militära"/><SP WIDTH="24" VPOS="1295" HPOS="645"/>
							<String ID="string_159" HPOS="669" VPOS="1293" WIDTH="63" HEIGHT="26" WC="0.96" CONTENT="brott,"/><SP WIDTH="25" VPOS="1293" HPOS="732"/>
							<String ID="string_160" HPOS="757" VPOS="1293" WIDTH="112" HEIGHT="28" WC="0.96" CONTENT="begångna"/><SP WIDTH="16" VPOS="1293" HPOS="869"/>
							<String ID="string_161" HPOS="885" VPOS="1292" WIDTH="68" HEIGHT="21" WC="0.96" CONTENT="under"/>
						</TextLine>
						<TextLine ID="line_28" HPOS="330" VPOS="1327" WIDTH="623" HEIGHT="28">
							<String ID="string_162" HPOS="330" VPOS="1327" WIDTH="152" HEIGHT="28" WC="0.88" CONTENT="öfningsmöte,"/><SP WIDTH="16" VPOS="1327" HPOS="482"/>
							<String ID="string_163" HPOS="498" VPOS="1331" WIDTH="57" HEIGHT="18" WC="0.96" CONTENT="samt"/><SP WIDTH="9" VPOS="1331" HPOS="555"/>
							<String ID="string_164" HPOS="564" VPOS="1328" WIDTH="60" HEIGHT="27" WC="0.96" CONTENT="från"/><SP WIDTH="14" VPOS="1328" HPOS="624"/>
							<String ID="string_165" HPOS="638" VPOS="1328" WIDTH="39" HEIGHT="21" WC="0.96" CONTENT="och"/><SP WIDTH="17" VPOS="1328" HPOS="677"/>
							<String ID="string_166" HPOS="694" VPOS="1328" WIDTH="48" HEIGHT="21" WC="0.96" CONTENT="med"/><SP WIDTH="23" VPOS="1328" HPOS="742"/>
							<String ID="string_167" HPOS="765" VPOS="1328" WIDTH="41" HEIGHT="20" WC="0.96" CONTENT="den"/><SP WIDTH="22" VPOS="1328" HPOS="806"/>
							<String ID="string_168" HPOS="828" VPOS="1327" WIDTH="44" HEIGHT="28" WC="0.96" CONTENT="dag"/><SP WIDTH="22" VPOS="1327" HPOS="872"/>
							<String ID="string_169" HPOS="894" VPOS="1327" WIDTH="59" HEIGHT="21" WC="0.96" CONTENT="aktiv"/>
						</TextLine>
						<TextLine ID="line_29" HPOS="330" VPOS="1361" WIDTH="624" HEIGHT="29">
							<String ID="string_170" HPOS="330" VPOS="1363" WIDTH="146" HEIGHT="27" WC="0.90" CONTENT="tjenstgöring"/><SP WIDTH="15" VPOS="1363" HPOS="476"/>
							<String ID="string_171" HPOS="491" VPOS="1363" WIDTH="93" HEIGHT="27" WC="0.96" CONTENT="vidtagit"/><SP WIDTH="15" VPOS="1363" HPOS="584"/>
							<String ID="string_172" HPOS="599" VPOS="1363" WIDTH="52" HEIGHT="21" WC="0.96" CONTENT="eller"/><SP WIDTH="16" VPOS="1363" HPOS="651"/>
							<String ID="string_173" HPOS="667" VPOS="1362" WIDTH="91" HEIGHT="28" WC="0.96" CONTENT="vidtaga"/><SP WIDTH="16" VPOS="1362" HPOS="758"/>
							<String ID="string_174" HPOS="774" VPOS="1362" WIDTH="48" HEIGHT="21" WC="0.95" CONTENT="bort"/><SP WIDTH="15" VPOS="1362" HPOS="822"/>
							<String ID="string_175" HPOS="837" VPOS="1362" WIDTH="46" HEIGHT="21" WC="0.93" CONTENT="tills"/><SP WIDTH="15" VPOS="1362" HPOS="883"/>
							<String ID="string_176" HPOS="898" VPOS="1361" WIDTH="56" HEIGHT="21" WC="0.92" CONTENT="hem-"/>
						</TextLine>
						<TextLine ID="line_30" HPOS="330" VPOS="1395" WIDTH="623" HEIGHT="29">
							<String ID="string_177" HPOS="330" VPOS="1396" WIDTH="37" HEIGHT="27" WC="0.93" CONTENT="lof"/><SP WIDTH="11" VPOS="1396" HPOS="367"/>
							<String ID="string_178" HPOS="378" VPOS="1397" WIDTH="88" HEIGHT="26" WC="0.90" CONTENT="gifvits;"/><SP WIDTH="16" VPOS="1397" HPOS="466"/>
							<String ID="string_179" HPOS="482" VPOS="1397" WIDTH="19" HEIGHT="25" WC="0.91" CONTENT="c)"/><SP WIDTH="11" VPOS="1397" HPOS="501"/>
							<String ID="string_180" HPOS="512" VPOS="1396" WIDTH="106" HEIGHT="27" WC="0.96" CONTENT="förseelse"/><SP WIDTH="16" VPOS="1396" HPOS="618"/>
							<String ID="string_181" HPOS="634" VPOS="1399" WIDTH="43" HEIGHT="19" WC="0.96" CONTENT="mot"/><SP WIDTH="18" VPOS="1399" HPOS="677"/>
							<String ID="string_182" HPOS="695" VPOS="1397" WIDTH="132" HEIGHT="27" WC="0.96" CONTENT="disciplinen"/><SP WIDTH="15" VPOS="1397" HPOS="827"/>
							<String ID="string_183" HPOS="842" VPOS="1395" WIDTH="111" HEIGHT="27" WC="0.96" CONTENT="äfvensom"/>
						</TextLine>
						<TextLine ID="line_31" HPOS="329" VPOS="1429" WIDTH="603" HEIGHT="27">
							<String ID="string_184" HPOS="329" VPOS="1430" WIDTH="237" HEIGHT="22" WC="0.91" CONTENT="subordinationsbrott"/><SP WIDTH="14" VPOS="1430" HPOS="566"/>
							<String ID="string_185" HPOS="580" VPOS="1431" WIDTH="70" HEIGHT="21" WC="0.96" CONTENT="under"/><SP WIDTH="14" VPOS="1431" HPOS="650"/>
							<String ID="string_186" HPOS="664" VPOS="1431" WIDTH="37" HEIGHT="21" WC="0.96" CONTENT="det"/><SP WIDTH="15" VPOS="1431" HPOS="701"/>
							<String ID="string_187" HPOS="716" VPOS="1430" WIDTH="26" HEIGHT="21" WC="0.97" CONTENT="de"/><SP WIDTH="16" VPOS="1430" HPOS="742"/>
							<String ID="string_188" HPOS="758" VPOS="1430" WIDTH="54" HEIGHT="21" WC="0.97" CONTENT="bära"/><SP WIDTH="16" VPOS="1430" HPOS="812"/>
							<String ID="string_189" HPOS="828" VPOS="1429" WIDTH="104" HEIGHT="27" WC="0.96" CONTENT="uniform."/>
						</TextLine>
					</TextBlock>
				</ComposedBlock>
			</PrintSpace>
		</Page>
	</Layout>
</alto>
