1009 1673
246 127 27 19 32

467 129 19 19 U.
502 129 20 19 B.
537 140 28 2 —
582 129 53 25 Prop.
651 129 28 19 N:o
695 128 32 20 36.

286 192 37 20 fall
338 192 33 20 till
387 192 36 21 det
437 200 82 18 ansvar,
535 200 44 14 som
595 194 62 20 ofvan
672 194 7 19 i
695 194 10 26 $
724 195 29 20 72
768 193 33 20 för
814 194 112 26 plundring
938 193 37 20 fin-

286 233 37 13 nes
349 229 72 18 utsatt.
452 228 54 20 Sker
528 228 75 20 sådant
625 235 75 19 genom
718 228 202 27 brandanläggning;
940 228 34 20 dö-

286 267 43 13 mes
345 262 33 19 till
393 262 119 26 dödsstraff,
529 263 50 20 eller
594 263 89 20 tukthus
695 263 32 26 pä
743 263 70 27 lifstid
822 263 48 21 eller
880 264 52 26 från
940 262 36 22 och

286 295 48 21 med
347 296 42 27 fem
405 297 31 21 till
451 297 37 21 och
502 297 49 22 med
565 297 44 27 tolf
620 298 32 21 är.

586 396 15 20 9
617 397 63 23 Kap.

287 438 38 22 Om
339 440 113 27 svikligt
461 440 174 27 förfarande
651 440 57 22 samt
723 446 47 15 om
780 440 143 29 lemlästning
935 440 40 23 och

286 479 73 16 annan
375 474 70 23 skada
468 474 13 23 å
502 475 80 28 kropp,
605 475 8 22 i
633 474 70 29 afsigt
726 474 34 22 att
781 474 72 23 befria
872 475 34 28 sig
924 475 51 22 från

286 507 143 30 krigstjenst;
451 509 24 22 sä
491 509 42 22 ock
549 515 33 16 om
597 509 104 28 rymning
717 509 56 22 samt
788 509 85 29 olofiigt
887 509 88 23 utehlif-

472 543 71 23 vande
558 543 52 23 frän
625 543 159 30 tjenstgöring.

567 608 11 25 8
596 609 31 20 80
643 608 51 27 (81).

353 647 74 20 Förfar
444 648 106 26 krigsman
569 649 84 26 svikligi
670 648 7 19 i
693 648 65 26 afsigt
773 651 31 17 att
818 648 45 20 helt
878 648 39 20 och
931 649 44 19 häl-

284 681 30 20 let
332 681 51 20 eller
397 682 32 20 för
443 683 69 25 nägon
527 683 32 20 tid
573 683 68 20 befria
656 683 34 26 sig
705 683 46 20 frän
765 683 133 26 krigstjenst;
914 683 61 20 straf-

284 715 32 20 fes
338 717 47 19 med
407 717 94 26 fängelse
523 718 52 26 från
599 718 37 21 och
653 718 49 21 med
722 719 36 20 två
773 717 103 22 månader
892 717 32 22 till
940 717 36 22 och

283 750 49 21 med
346 753 31 17 ett
393 752 28 19 år.

352 786 45 19 Har
418 787 41 19 han
482 787 49 26 sjelf
551 787 50 20 eller
623 787 48 20 med
694 793 79 14 annans
788 786 90 27 tillhjelp
893 787 8 19 i
916 786 59 26 dylik

284 819 64 27 afsigt
362 821 105 20 lemlästat
482 822 38 26 sig,
537 822 50 20 eller
600 823 27 25 pä
642 824 64 18 annat
721 824 42 18 sätt
776 821 74 21 skadat
862 821 33 20 sin
905 821 68 24 helsa;

284 854 70 20 dömes
369 856 32 19 till
416 856 95 26 fängelse
526 856 18 26 ej
561 857 66 20 under
643 864 36 13 sex
695 856 105 20 mänader.

352 890 41 20 Till
411 891 104 26 sistsagde
531 891 62 20 straff
606 898 47 13 varo
669 891 40 20 ock
724 891 40 20 den
779 891 106 26 krigsman
900 890 73 20 förfal-

282 923 41 25 len,
339 931 51 18 som,
406 924 32 20 för
453 927 31 18 att
499 925 76 20 bereda
590 933 68 12 annan
673 925 98 20 befrielse
786 925 46 20 frän
843 925 130 26 krigstjenst,

282 958 27 25 pä
324 958 52 21 hans
391 959 91 26 begäran
498 960 50 20 eller
563 961 47 19 med
626 961 52 19 hans
694 960 124 26 begifvande
834 960 74 20 honom
923 960 50 19 lem-

282 993 65 20 lästar
365 993 51 20 eller
435 994 33 19 till
483 995 72 19 helsan
571 995 82 25 skadar,
671 995 51 19 eller
736 995 76 20 honom
826 995 7 19 i
848 994 64 20 sädan
928 1000 45 20 ger-

281 1027 52 26 ning
347 1028 99 21 biträder.

566 1093 11 25 8
595 1092 27 21 81
639 1093 50 24 (82).

350 1131 120 26 Krigsman,
486 1139 44 14 som
544 1135 51 18 utan
609 1133 97 20 tillständ
721 1132 104 26 aflägsnar
840 1133 33 25 sig
883 1132 46 20 frän
940 1133 33 20 sin

281 1165 185 27 tjenstgöringsort
488 1167 49 20 eller
559 1167 46 20 frän
629 1167 40 20 den
692 1167 175 26 kommendering,
887 1167 86 20 hvilken

281 1199 42 20 han
345 1201 78 25 tillhör,
446 1202 39 19 och
504 1202 66 19 häller
589 1202 34 26 sig
641 1203 67 24 borta,
723 1209 50 13 vare
789 1202 67 19 säsom
871 1209 101 18 rymmare

281 1234 86 26 ansedd,
386 1236 27 20 så
431 1236 67 26 framt
512 1236 41 22 han
569 1237 48 26 icke,
634 1237 30 20 dä
680 1236 121 27 afvikandet
816 1236 54 21 skett
882 1236 8 21 i
904 1236 68 27 freds-

282 1269 37 26 tid,
336 1269 57 22 inom
407 1277 44 19 sex,
467 1278 47 14 men
529 1271 30 21 dä
573 1271 35 22 det
623 1271 54 22 skett
692 1271 9 20 i
715 1271 97 27 krigstid,
827 1271 57 20 inom
900 1273 36 24 tre,
946 1271 26 21 el-

281 1303 36 26 ler,
337 1304 36 21 der
391 1305 83 26 fienden
489 1306 55 21 varit
557 1307 62 25 nära,
635 1306 59 21 inom
709 1307 28 20 ett
753 1305 63 28 dygn,
832 1305 33 27 sig
880 1306 46 20 äter
942 1306 30 20 in-

281 1339 86 26 ställer;
389 1339 51 21 dock
459 1342 31 19 att
508 1347 33 14 om
559 1341 116 26 krigsman,
692 1347 45 14 som
752 1339 38 22 hör
806 1340 31 21 till
850 1340 124 27 underbefäl

281 1373 48 21 eller
351 1374 103 27 manskap
476 1375 36 21 och
527 1376 58 20 ännu
600 1375 43 21 icke
660 1375 66 27 tjenat
740 1375 9 20 i
764 1381 37 14 sex
815 1374 108 27 månader,
938 1375 36 21 vid

281 1410 66 19 annat
371 1408 82 26 tillfälle
475 1411 28 19 än
523 1410 8 20 i
547 1409 96 27 fiendens
657 1409 78 21 närhet
749 1409 111 27 aflägsnar
874 1409 32 27 sig
921 1409 51 27 från

280 1441 35 21 sin
337 1442 170 29 kommendering
529 1444 48 21 eller
597 1444 191 27 tjenstgöringsort,
805 1443 34 21 det
853 1443 19 27 ej
886 1444 35 20 mä
936 1444 36 21 sä-

278 1481 141 22 Lagutskottets
431 1482 117 19 betänkande
560 1484 36 17 N:o
608 1484 17 17 8.
