1028 1673
378 124 36 22 N:o
428 123 36 22 38.
747 121 27 21 35

59 193 81 27 sedd,
132 187 13 37 i
157 193 40 20 den
218 193 90 26 ordning
324 193 10 27 $
352 194 23 20 11
392 193 145 21 föreskrifver.
568 192 72 21 Skulle
657 192 59 20 detta
731 191 73 20 urakt-

59 228 56 21 lätas
138 227 52 21 eller
205 228 69 25 nägon
290 227 148 21 försummelse
454 227 115 21 förefinnas
585 227 6 20 i
607 226 86 27 hänsigt
709 225 33 22 till
758 225 46 21 huf-

59 262 145 21 vudskriftens
227 262 102 26 behöriga
352 261 118 27 kartering,
493 263 34 20 mä
545 261 112 21 afskriften
673 261 68 20 förses
757 259 48 22 med

61 297 36 20 det
112 297 146 26 kartabelopp,
275 303 44 14 som
336 297 12 20 &
363 297 172 20 hufvudskriften
551 296 84 21 brister.

131 331 62 26 Intyg
208 331 6 20 i
230 331 136 20 omförmäldt
381 331 101 21 afseende
498 331 38 20 bör
552 331 56 20 helst
619 329 110 22 meddelas
740 329 7 20 i
758 329 48 20 stad

61 365 22 20 af
104 365 142 21 ordföranden
269 365 6 20 i
299 365 141 27 Magistraten
460 365 52 21 eller
528 365 74 21 dervid
618 364 85 21 anstäld
718 364 88 27 tjenste-

61 406 49 14 man
133 400 38 21 och
194 401 27 25 pä
244 400 72 21 landet
336 399 23 22 af
373 400 93 27 domare,
482 400 138 26 presterskap
636 399 51 21 eller
703 397 104 22 kronobe-

61 434 65 27 tjent;
149 434 103 21 skolande
274 434 68 21 andra
360 435 54 26 gode
434 436 56 25 män,
506 440 45 15 som
568 433 188 27 sannfärdigheten
771 432 36 21 be-

62 468 80 28 styrka,
163 469 65 26 jemte
248 471 87 19 namnet
350 470 83 20 utsätta
448 468 34 21 sin
497 468 122 27 befattning
634 468 52 21 eller
702 467 39 22 sitt
755 467 52 27 yrke

63 503 38 21 och
116 503 98 21 hemvist.

408 549 11 28 8
438 551 32 20 19.

134 589 91 22 Domare
242 589 38 21 och
296 596 71 14 annan
382 589 137 28 tjensteman,
535 596 45 15 som
596 590 68 21 under
679 589 98 26 utöfning
788 589 23 20 af

64 624 34 21 sin
120 624 120 27 befattning
258 626 118 25 emottager
392 624 109 22 enskildes
518 625 88 21 skrifter
621 625 38 21 och
675 624 134 26 handlingar,

65 665 89 15 ansvare
170 659 33 21 för
218 659 62 21 deras
296 659 117 27 kartering,
432 659 39 21 der
486 660 68 20 sädan
570 659 67 27 enligt
646 665 29 15 nu
685 658 126 22 meddelade

65 693 122 21 förskrifter
202 693 48 21 bort
268 699 40 20 ega
325 699 53 15 rum.
408 693 34 21 Dä
457 693 57 22 slika
529 693 88 22 skrifter
632 693 111 27 inlemnas,
759 692 52 26 älig-

65 735 37 20 ger
125 728 36 21 det
177 728 83 21 derföre
276 728 41 21 den
334 728 150 27 emottagande
500 729 173 26 tjenstemannen
689 730 32 19 att
736 728 77 26 genast

65 763 163 26 tillkännagifva
243 763 105 21 huruvida
362 764 71 26 nägon
448 763 56 21 brist
520 764 6 20 i
541 763 139 27 karteringen
690 762 122 26 förefinnes,

65 797 81 21 hvilket
170 798 130 20 inlemnaren
324 798 55 20 skall
402 798 65 20 ställa
490 798 32 27 sig
542 798 34 21 till
592 798 150 27 efterrättelse,
759 796 54 21 dock

66 832 47 21 med
129 832 77 21 honom
224 832 86 21 lemnad
324 834 44 19 rätt
383 835 38 24 att,
438 832 7 21 i
456 832 38 22 fall
505 833 43 21 han
559 839 63 15 anser
633 832 40 21 den
683 831 130 22 föreskrifna

66 867 137 26 karteringen
219 873 51 14 vara
286 867 85 27 oriktig,
388 867 99 25 deröfver
502 867 64 27 klaga
581 867 38 21 hos
631 867 40 21 den
682 866 131 27 myndighet,

66 901 68 21 under
149 901 85 21 hvilken
250 902 171 26 tjenstemannen
437 902 68 27 lyder.
531 902 131 27 Ansökning,
679 908 45 15 som
740 901 6 21 i
765 900 48 21 stöd

67 936 23 21 af
110 936 56 20 hvad
188 936 179 27 författningarne
389 937 7 20 i
418 937 60 21 vissa
500 937 38 21 fall
557 937 70 21 tilläta
649 937 68 20 under
733 935 82 26 omslag

68 970 107 26 insändes,
191 971 39 21 bör
245 971 6 20 i
268 971 71 27 vanlig
350 971 92 27 ordning
452 972 122 27 föreläggas
586 971 159 22 vederbörande
755 976 60 21 myn-

68 1005 79 27 dighet,
164 1011 51 21 som,
232 1005 6 21 i
253 1006 103 21 händelse
371 1007 66 26 nägot
453 1006 6 21 i
477 1006 166 27 handlingarnas
659 1005 112 26 kartering
779 1004 36 21 be-

67 1039 68 21 finnes
159 1040 111 27 åsidosatt,
289 1040 85 27 pröfvar
390 1041 56 20 hvad
463 1041 101 20 afseende
580 1041 12 20 å
608 1040 146 27 ansökningen
769 1038 46 21 haf-

68 1080 37 15 vas
121 1075 41 20 må.

140 1109 61 21 Hvad
216 1109 90 22 sålunda
322 1116 33 15 om
371 1110 142 27 tjenstemäns
529 1109 137 28 ansvarighet
681 1111 24 19 är
714 1108 102 27 stadgadt

68 1144 35 20 må
126 1143 54 21 dock
200 1144 18 27 ej
234 1144 108 27 tillämpas
358 1145 13 20 å
386 1146 66 25 prest,
469 1144 28 21 då
512 1144 205 27 äktenskapsförord
732 1143 33 21 för
780 1139 39 24 ho-

68 1184 49 15 nom
133 1180 83 25 upptes.

412 1225 12 26 $
440 1225 35 21 20.

141 1265 40 21 Om
204 1265 114 26 stämpling
342 1265 22 20 af
378 1265 82 21 sådana
476 1267 70 24 öppna
562 1265 48 21 bref
623 1266 12 19 å
651 1265 104 26 embeten,
771 1265 48 19 vär-

70 1300 98 26 digheter
184 1299 38 22 och
239 1299 82 27 afsked,
338 1306 45 14 som
399 1299 22 21 af
435 1299 61 21 Hans
512 1299 121 28 Kejserliga
643 1299 102 28 Majestät
755 1304 64 21 egen-

69 1334 92 27 händigt
183 1334 164 27 undertecknas,
370 1334 98 27 besörjer
486 1335 41 20 den
543 1334 137 27 embetsman,
696 1340 45 15 som
757 1335 62 18 ären-

71 1369 36 21 det
130 1369 6 21 i
153 1369 92 21 Senaten
260 1369 124 27 föredragit.
415 1369 50 21 Men
482 1369 32 21 för
530 1369 110 27 kartering
656 1369 23 21 af
692 1369 25 20 de
734 1367 85 27 expedi-

70 1403 77 27 tioner,
164 1410 44 14 som
224 1404 102 26 antingen
343 1404 22 20 af
379 1403 94 22 Senaten
491 1404 52 20 eller
559 1404 66 21 andra
641 1402 135 22 embetsverk
786 1403 34 20 ut-

70 1438 81 27 färdas,
175 1445 61 15 svare
259 1438 41 21 den
319 1438 137 27 tjensteman,
472 1444 47 15 som
534 1438 149 27 expeditionen
698 1436 122 28 kontrasig-
