1034 1670
183 137 84 27 Bilaga
282 137 40 22 till
339 136 81 23 Ständ.
437 137 36 22 Sv.
489 149 28 4 —
533 137 71 27 Prop.
623 137 39 22 N:o
677 137 34 22 32.

349 466 26 21 Vi
392 465 140 29 efterskrifne
548 465 209 28 Storfurstendömet
772 465 55 21 Fin-

277 506 63 21 lands
358 505 93 22 Ständer
467 506 38 21 och
522 506 84 21 Finska
617 506 84 27 folkets
716 512 111 21 represen-

277 548 77 23 tanter,
378 545 137 28 Ridderskap
540 546 36 21 och
599 546 62 26 Adel,
678 545 149 26 Prestestånd,

277 585 165 28 Borgarestånd
465 585 38 22 och
528 586 148 26 Bondestånd,
700 585 72 22 hvilka
796 592 30 14 nu

277 625 35 21 till
335 625 91 28 lagtima
443 626 105 27 landtdag
560 625 137 28 församlade
713 627 45 24 äro,
774 627 54 26 göre

276 665 109 27 veterligt:
407 667 32 19 att
455 666 27 24 vi,
498 665 57 28 efter
570 666 71 21 derom
658 665 30 28 af
699 665 64 22 Hans
778 664 48 21 Ma-

271 706 70 27 jestät
363 705 109 26 Kejsaren
495 706 38 21 och
554 705 136 28 Storfursten
700 705 126 28 framstäld

277 746 67 27 nädig
367 746 144 27 proposition,
538 745 125 28 härigenom
690 746 62 25 velat,
779 744 48 22 med

277 785 156 28 upphäfvande
456 786 29 25 af
503 787 42 20 6:te
557 786 98 27 punkten
672 787 6 20 i
694 786 133 27 Förenings-

278 825 37 21 och
333 825 176 21 Säkerhetsakten
527 825 29 27 af
567 826 41 20 den
622 828 29 19 21
667 826 108 20 Februari
789 825 39 21 och

278 867 13 19 3
315 866 65 26 April
403 866 62 25 1789,
489 866 35 20 till
547 865 135 28 efterlefnad
701 868 82 25 antaga
801 872 25 14 en

277 906 110 27 grundlag
409 906 30 26 af
452 905 105 29 följande
573 906 97 21 innehäll
686 906 36 20 och
740 905 87 28 ordaly-

279 945 67 21 delse:

528 1015 14 27 $
558 1016 18 20 1.

346 1065 103 21 Förutom
467 1066 40 20 den
524 1068 44 18 rätt
585 1066 35 20 till
634 1066 98 27 petition,
745 1065 83 21 hvilken

277 1105 112 21 härintills
407 1106 58 20 varit
483 1106 124 21 Ständerna
624 1106 126 25 tillerkänd,
766 1105 63 21 skola

279 1145 124 21 Ständerna
426 1146 132 26 hädanefter
578 1146 36 20 ock
630 1146 86 27 åtnjuta
733 1147 45 18 rätt
795 1146 34 19 att

277 1185 13 20 ä
313 1185 108 28 landtdag
442 1187 54 26 göra
512 1186 79 20 motion
608 1192 32 14 om
656 1185 115 27 stiftande,
789 1186 39 18 än-

277 1225 65 27 dring
365 1225 52 20 eller
440 1225 156 27 upphäfvande
617 1224 29 27 af
656 1225 72 20 sådan
744 1224 84 21 allmän

278 1264 42 28 lag,
343 1271 44 14 som
407 1264 62 21 beror
493 1264 30 26 af
542 1264 109 27 Kejsaren
672 1264 36 21 och
727 1262 101 28 Storfur-

277 1307 57 17 stens
356 1307 55 18 samt
437 1304 137 21 Ständernas
593 1302 236 23 sammanstämmande

278 1344 74 20 beslut.
383 1344 62 20 Dock
460 1345 35 20 mä
511 1345 81 20 motion
608 1344 19 28 ej
644 1344 76 20 väckas
732 1350 32 14 om
776 1342 53 27 stif-

278 1384 69 26 tande,
364 1384 97 28 ändring
477 1384 54 21 eller
543 1384 156 27 upphäfvande
710 1382 27 28 af
746 1382 83 29 grund-

278 1424 42 28 lag,
343 1424 52 20 eller
411 1425 25 25 af
451 1424 37 27 lag
505 1431 33 14 om
554 1424 72 21 landit-
642 1424 51 20 eller
708 1422 121 28 sjöförsva-

277 1466 43 18 rets
337 1464 158 27 organisation,
511 1464 21 27 ej
548 1463 66 22 heller
630 1470 32 14 om
675 1463 109 28 presslag.
