1039 1681
231 142 28 20 18
418 139 20 20 U.
455 139 19 19 B.
491 149 25 3 —
533 138 54 23 Prop.
602 137 31 20 N:o
648 136 24 19 41
687 140 24 14 m.
726 133 19 20 fl.

639 199 120 27 Transport
789 197 119 28 5,371,182:
925 196 34 20 32.

205 241 42 27 3:0)
272 239 44 22 För
338 239 42 21 den
394 237 103 22 händelse
512 237 34 21 att
560 235 72 22 beslut
646 233 115 28 angående

272 273 136 28 uppförande
422 272 26 22 af
460 273 33 20 ett
508 270 134 27 ständerhus,
659 269 53 22 eller
728 269 33 20 ett

273 309 40 22 hus
327 308 34 22 för
377 307 26 22 de
417 308 35 20 tre
466 305 79 23 ofrälse
555 305 99 26 stånden,
665 303 38 23 vid
711 302 50 22 den-

273 350 30 15 na
322 342 107 27 landtdag
446 342 96 21 kommer
557 339 35 22 till
606 338 72 28 stånd,
694 337 66 22 borde

377 377 32 22 till
424 377 67 26 sagda
501 375 189 28 byggnadsföretag
698 379 64 15 reser-

307 419 61 15 veras
382 411 126 28 förslagsvis
538 426 4 5 .
574 425 5 5 .
610 425 4 4 .
646 424 4 5 .
682 423 4 5 +
790 404 120 28 1,200,000:
926 415 28 2 —

584 449 86 22 Summa
686 447 77 27 anslag
793 445 118 28 6,571,172:
928 445 34 19 32.

206 488 43 22 Till
271 487 103 23 framtida
396 485 141 27 användning
551 483 72 23 blefvo
640 483 28 21 då
683 482 8 22 i
706 482 56 22 Ban-

235 524 44 21 ken
293 522 142 22 innestående
469 538 4 4 .
505 537 5 5 .
541 536 4 5 .
576 536 5 4 .
612 535 4 5 .
648 535 5 5 .
684 534 5 4 .»
721 534 5 4 «»
757 533 4 5 +
792 515 120 27 1,092,044:
929 514 35 20 78.

794 556 118 27 7,663,217:
930 554 34 20 10.

566 668 37 25 IV.

277 724 102 23 Rörande
394 722 143 24 användande
556 722 39 22 och
614 719 125 27 fördelning
754 718 25 22 af
792 718 41 21 den
847 714 119 29 inflytande

208 758 346 27 bränvinstillverkningsskatten
568 756 40 21 har
628 754 121 26 Utskottet,
772 752 39 22 vid
828 745 139 37 granskning

209 795 25 22 af
247 795 39 21 det
299 795 75 21 härom
388 793 8 22 i
410 792 83 28 nådiga
510 790 158 29 propositionen
685 788 41 22 N:o
741 790 27 19 25
784 784 129 30 meddelade
928 784 40 21 och

208 830 25 22 af
246 828 102 28 samtliga
362 827 94 23 stånden
470 826 34 22 till
519 826 113 22 Utskottet
644 823 134 27 hänskjutna
791 820 87 27 förslag,
896 819 72 21 ansett

209 864 35 28 sig
259 864 54 21 böra
327 862 112 27 tillstyrka
454 861 116 27 förslagets
585 857 160 30 godkännande
755 856 8 22 i
773 856 40 21 allt
828 854 67 28 öfrigt
909 854 59 21 utom

208 898 61 23 hvad
291 897 69 28 angår
382 896 42 22 den
444 896 71 27 tredje
530 896 86 26 posten:
646 892 85 27 Bidrag
746 891 24 21 åt
788 889 132 23 statsverket
935 887 34 21 för

209 933 59 22 ökad
289 931 167 27 tullbevakning
478 930 33 22 till
533 931 34 20 att
588 928 133 22 förekomma
744 925 72 27 oloflig
835 923 88 22 införsel
945 921 25 22 af

209 967 94 22 bränvin
317 966 35 22 till
365 965 77 22 landet
456 977 28 3 —
500 965 77 26 30,000
592 963 69 21 mark.

280 1002 44 21 Det
337 1001 72 27 ligger
423 999 127 27 visserligen
564 999 46 20 stor
624 997 49 27 vigt
688 995 74 27 derpå,
778 995 34 20 att
822 991 146 28 insmuggling

211 1037 25 22 af
249 1035 93 24 bränvin
356 1035 36 22 må
407 1041 77 21 genom
498 1035 76 25 sträng
584 1033 40 21 och
634 1029 137 28 omsorgsfull
780 1027 124 27 beväkning
914 1025 56 22 före-

211 1072 103 21 kommas.
343 1070 51 21 Men
410 1069 38 22 det
462 1071 25 19 är
501 1068 49 21 icke
564 1066 86 28 möjligt
664 1067 35 20 att
713 1063 84 27 utreda,
812 1061 89 23 hvilken
918 1060 52 21 eller

211 1107 56 20 huru
282 1107 45 20 stor
341 1104 35 21 del
390 1103 26 22 af
428 1101 274 28 tullbevakningstjensten
718 1099 38 21 och
772 1096 86 23 dermed
868 1094 103 23 förenade

211 1139 94 28 utgifter
317 1139 88 26 belöper
420 1137 35 28 sig
469 1137 29 28 på
514 1135 177 28 efterspanandet
706 1133 25 22 af
744 1125 226 37 bränvinssmugglare

211 1175 40 21 och
266 1175 56 20 huru
336 1173 87 27 mycket
437 1171 118 23 tullverket
568 1170 9 21 i
591 1169 76 28 hvarje
681 1167 41 23 fall
735 1167 71 21 måste
820 1165 34 22 för
868 1163 104 28 åtgärder

213 1211 46 20 mot
275 1208 71 27 oloflig
361 1206 145 23 varuinförsel
520 1205 8 22 i
544 1204 116 23 allmänhet
676 1201 94 28 utgifva.
799 1197 172 30 Ifrägavarande

214 1245 78 26 30,000
308 1242 61 22 mark
384 1241 73 22 blefve
472 1239 72 23 derför
558 1239 56 22 intet
628 1238 70 21 annat
712 1239 29 19 än
755 1236 33 21 ett
798 1234 78 27 bidrag
890 1233 35 21 till
935 1232 37 21 all-

212 1280 81 19 männä.
307 1275 137 23 statsfonden
458 1275 34 21 för
506 1269 306 30 tullbevakningskostnaders
827 1266 145 24 bestridande.

211 1313 54 20 Men
279 1311 129 27 kalkylerna
423 1309 62 22 öfver
500 1309 108 21 allmänna
623 1305 138 24 statsfonden
772 1303 139 28 ädagalägga
926 1300 48 27 tyd-

212 1347 43 27 ligt
269 1348 35 20 att
317 1345 79 23 fonden
411 1344 50 22 icke
475 1344 40 21 har
530 1342 66 23 behof
608 1342 26 22 af
647 1348 27 15 en
688 1340 71 22 sädan
768 1337 136 23 subvention.
928 1336 44 21 Det

213 1381 79 27 belopp
308 1380 25 22 af
345 1380 93 26 200,000
454 1378 62 22 mark
530 1378 8 21 i
553 1378 53 26 äret,
622 1382 46 16 som
683 1374 68 22 sedan
766 1374 88 21 senaste
867 1370 107 27 landtdag

213 1416 77 28 utgätt
305 1415 38 22 och
357 1421 30 15 nu
402 1414 82 28 jemväl
499 1416 25 19 är
545 1412 119 27 föreslaget
684 1411 35 21 att
733 1409 55 27 utgä
806 1408 34 22 för
853 1406 122 23 kontrollen

212 1457 28 15 m.
256 1457 35 20 m.,
307 1452 25 20 är
347 1450 66 21 ocksä
427 1451 71 20 större
518 1450 28 20 än
565 1446 149 23 kostnaderna
728 1444 34 21 för
776 1441 123 24 kontrollen
914 1440 61 23 öfver

280 1489 150 19 Statsutskottets
443 1488 116 18 betänkande
571 1488 36 17 N:o
620 1487 26 17 14.
