1067 1692
236 142 14 20 6
543 140 34 22 N:o
592 139 37 22 43.

209 211 132 26 vardsgång;
361 210 29 27 f)
413 210 76 27 syssla,
513 209 121 22 handtverk
657 208 53 22 eller
733 208 63 26 yrke;
819 210 25 24 g)
867 206 42 21 läs-
925 205 39 22 och

210 244 176 27 skrifkunnighet
411 246 56 19 samt
491 244 36 20 vid
552 244 82 20 hvilket
656 242 100 22 läroverk
779 242 26 20 de
825 240 87 22 erhällit
931 239 33 22 sin

210 279 99 26 bildning
332 279 52 21 eller
407 280 57 19 ännu
488 278 84 27 åtnjuta
587 277 164 26 undervisning;
768 276 109 21 äfvensom
894 274 24 25 h)
934 274 30 21 fa-

210 313 211 27 miljeförhällanden
437 313 53 20 eller
506 312 131 27 kroppslyte,
654 313 27 25 pä
697 311 70 27 grund
782 310 24 21 af
817 309 73 21 hvilka
901 308 63 21 efter-

211 347 41 27 gift
275 347 7 21 i
304 347 161 27 värnepligtens
488 347 120 27 utgörande
631 346 68 27 enligt
721 345 49 27 kap.
790 345 19 20 V
828 344 42 21 kan
886 343 78 26 ifräga-

211 382 93 21 komma.

559 410 12 27 8
587 410 33 21 54.

284 451 69 21 Innan
369 451 40 21 den
425 452 12 20 5
454 450 90 22 Januari
560 450 39 21 bör
615 449 80 27 jemväl
713 447 209 26 häradsskrifvaren,
938 447 28 26 pä

212 486 71 26 grund
306 486 23 21 af
350 486 26 21 de
399 486 156 26 anteckningar
577 485 42 20 han
638 484 36 21 vid
689 482 229 27 mantalsskrifningen
933 481 33 21 för

212 521 79 20 sädant
307 521 100 20 ändamäl
423 527 50 20 eger
489 520 53 27 föra,
558 519 33 22 till
607 518 190 27 uppbädsnämden
818 517 90 21 aflemna
924 516 42 21 för-

212 555 104 27 teckning
331 555 59 21 öfver
401 555 42 21 alla
452 555 113 27 ynglingar
577 554 56 21 inom
644 553 97 26 häradet,
754 552 74 21 hvilka
836 551 130 27 föregäende

212 591 24 20 är
252 591 93 26 uppnått
367 590 95 27 tjuguett
477 591 36 20 års
529 589 66 21 ålder.
627 589 32 21 De
675 588 33 21 till
725 587 64 21 dessa
806 585 160 27 förteckningar

213 624 142 27 erforderliga
377 625 123 20 blanketter
523 624 62 21 skola
608 623 23 21 af
648 621 192 28 uppbädsnämden
856 619 110 22 tillställas

212 659 203 21 häradsskrifvaren
431 660 74 20 senast
520 659 57 20 inom
593 658 58 21 förra
666 657 83 21 hälften
766 655 23 22 af
795 655 119 21 November
924 655 42 20 mä-

212 693 44 21 nad
271 693 130 27 föregäende
418 694 30 20 är.

560 722 11 27 8
587 722 34 21 59.

286 763 69 21 Innan
371 763 41 21 den
437 764 24 20 15
485 762 103 21 Februari
611 762 53 21 böra
687 761 108 26 uppbäds-
812 759 37 22 och
866 758 102 28 fyllnads-

213 797 120 26 längderna
348 803 52 15 vara
415 797 129 27 upprättade
560 798 56 19 samt
632 796 78 26 utdrag
726 801 25 14 ur
767 795 109 20 desamma
889 793 34 21 till
934 799 34 14 ve-

214 831 135 22 derbörande
365 831 228 27 kommunalstyrelser
609 831 97 25 afsända,
723 829 33 21 för
767 830 32 19 att
808 834 76 21 genom
894 828 74 20 dessas

213 866 86 26 försorg
314 866 68 21 under
398 872 76 15 senare
490 866 82 20 hälften
588 865 22 21 af
624 864 104 22 Februari
744 863 79 21 mänad
839 862 7 21 i
860 862 108 26 kyrkorna

213 900 110 27 kungöras
339 902 36 20 två
391 901 107 27 söndagar
514 902 12 19 &
542 900 45 21 rad.
618 900 85 20 Samma
719 898 108 26 söndagar
843 897 39 21 bör
890 896 79 28 jemväl

214 934 108 22 afkunnas
338 935 90 21 kallelse
444 935 34 21 till
494 934 215 22 kommunalstämma
725 933 7 20 i
748 930 221 27 afseende
856 926 11 39 ä
879 930 90 27 gransk-

214 969 53 27 ning
283 969 24 21 af
328 970 63 21 dessa
414 970 85 26 utdrag,
519 969 79 26 hvilka,
615 969 66 20 sedan
698 968 26 20 de
740 966 71 22 blifvit
827 966 23 20 af
864 967 105 19 stämman

215 1006 123 24 noggrannt
353 1005 169 25 genomgängna,
539 1003 60 21 skola
613 1003 66 26 jemte
695 1002 37 21 det
748 1001 34 21 vid
794 1002 106 19 stämman
908 999 62 21 förda

215 1038 116 27 protokoll,
347 1045 46 14 som
408 1038 39 21 bör
458 1040 95 25 upptaga
561 1038 42 21 alla
612 1039 45 19 mot
665 1035 219 28 uppbädslängderna
895 1034 75 26 gjorda

216 1072 175 28 anmärkningar,
413 1073 33 21 till
472 1072 191 27 uppbädsnämden
680 1070 128 27 ätersändas
824 1069 46 21 före
886 1069 41 21 den
945 1069 24 20 15

216 1106 66 22 Mars.
312 1107 117 21 Dessutom
445 1107 39 21 och
499 1108 28 25 pä
543 1107 36 21 det
594 1108 32 19 att
642 1106 87 26 enhvar,
741 1111 45 15 som
798 1104 78 20 sådant
884 1103 93 27 önskar,.

215 1142 35 20 mä
266 1142 74 20 kunna
355 1142 83 21 erhälla
454 1142 34 20 del
499 1141 23 21 af
531 1140 224 28 uppbädslängderna,
767 1138 62 22 skola
840 1138 26 21 de
874 1138 95 21 kommu-

216 1176 145 26 nalstyrelsen
377 1176 104 21 tillsända
496 1176 105 26 utdragen
617 1182 25 14 ur
650 1175 119 27 desamma
784 1172 70 22 finnas
870 1172 100 26 tillgäng-

216 1210 44 26 liga
285 1211 13 20 &
313 1210 194 27 kommunalstuga,
524 1210 79 21 rådhus
623 1210 53 20 eller
691 1210 68 20 annat
774 1207 111 27 uppgifvet
900 1206 70 26 ställe,

217 1244 58 21 ända
290 1245 33 21 till
340 1245 49 21 dess
405 1245 157 21 ofvannämnda
577 1243 218 22 kommunalstämma
811 1241 70 21 blifvit
891 1240 79 21 hållen.

529 1314 66 26 Kap.
611 1313 46 21 XI.

367 1365 38 22 Om
421 1366 35 20 det
471 1366 73 26 ärliga
560 1365 118 28 uppbädets
690 1363 138 28 fördelning.

564 1411 11 27 S
592 1411 32 20 75.

289 1445 62 22 Efter
375 1445 36 22 det
433 1445 114 27 uppbäden
570 1445 33 21 för
625 1445 47 20 äret
694 1443 72 22 blifvit
789 1442 106 22 slutförda
918 1442 54 21 skall
