1036 1673
250 159 24 23 U.
289 160 24 21 B.
334 173 21 2 --
371 160 66 29 Prop.
452 160 38 22 N:o
506 159 32 23 37.

224 409 182 22 Statsutskottets
433 409 85 29 förslag
545 409 35 22 till
608 409 163 29 sammanjemk-

156 445 53 28 ning
224 444 26 22 af
262 444 26 22 de
302 444 133 29 skiljaktiga
444 444 80 28 beslut,
535 444 65 22 hvari
611 443 92 23 stånden
714 444 57 23 stan-

157 479 38 22 nat
210 479 94 22 rörande
320 479 182 22 Statsutskottets
518 479 140 22 betänkande
673 479 37 22 N:o
725 478 24 23 10
765 479 7 22 i

157 514 119 27 anledning
296 513 26 23 af
336 513 59 23 Hans
415 513 126 32 Kejserliga
558 513 114 29 Majestäts
691 513 82 28 nådiga

157 549 135 28 proposition
310 548 114 29 angående
439 549 79 28 anslag
533 548 26 22 af
571 547 202 30 bevillningsmedel

156 582 35 23 för
206 583 165 22 folkskolornas
386 583 8 22 i
409 583 76 22 landet
496 582 117 23 underhåll
624 582 56 23 samt
690 582 82 29 pensio-

157 617 79 29 nering
254 617 25 22 af
292 617 42 22 den
350 617 35 22 vid
401 617 64 22 dessa
481 617 77 22 skolor
572 617 103 23 anstälda
689 617 83 22 lärare-

157 652 110 29 personal.

90 716 40 21 Vid
152 715 156 27 behandlingen
328 715 21 22 af
368 715 61 22 detta
448 715 79 22 ärende
542 715 64 22 hafva
622 715 90 22 stånden
727 715 7 21 i
749 715 25 21 så

21 751 68 21 måtto
105 752 85 20 stannat
206 751 6 21 i
228 750 121 28 skiljaktiga
365 750 78 27 beslut,
459 752 34 20 att

90 785 153 27 Ridderskapet
258 785 36 21 och
309 785 68 21 Adeln
393 787 56 20 samt
464 785 188 28 Borgareståndet,
668 785 49 21 med
732 784 41 22 för-

22 820 105 22 kastande
147 820 22 21 af
183 820 122 22 Utskottets
320 820 69 22 första
404 820 119 22 resolution
540 820 56 27 (sida
612 820 35 27 12)
664 819 109 28 angående

23 855 148 22 öfverförande
190 855 13 22 å
222 855 105 22 allmänna
347 855 136 22 statsfonden
504 855 20 22 af
543 855 26 22 de
584 855 33 22 för
631 855 143 22 folkskolevä-

24 890 76 21 sendet
121 889 137 28 erforderliga
277 889 158 28 utgiftsposter,
454 889 33 22 för
502 890 73 22 hvilka
590 890 76 27 anslag
680 890 94 27 begärts,

24 925 95 26 godkänt
133 925 26 21 hr
173 925 117 21 Mechelins
306 931 26 15 m.
349 925 20 21 fl.
386 925 142 26 reservation;

92 959 158 22 Presteståndet
264 960 89 21 beslutit
368 962 32 19 att
415 960 23 21 åt
453 960 70 21 denna
538 960 118 21 resolution
672 959 55 28 gifva
737 959 38 22 föl-

25 995 60 26 jande
100 994 90 28 lydelse:
209 996 45 24 ,att
269 994 116 22 ständerna
401 995 32 20 till
448 995 139 21 bestridande
603 994 22 21 af
639 994 26 22 de
680 994 32 22 för
721 994 54 21 folk-

26 1029 161 22 skoleväsendet
208 1029 69 22 under
299 1029 172 27 treårsperioden
493 1031 140 20 1883—1885
653 1028 123 23 beräknade

27 1063 86 28 utgifter
138 1063 60 22 anslå
220 1064 92 26 475,000
334 1064 60 21 mark
418 1064 22 21 af
461 1064 236 27 stämpelbevillningen
720 1065 56 20 samt

28 1101 75 23 57,000
125 1099 59 21 mark
208 1099 22 21 af
251 1099 66 27 öfriga
338 1099 205 27 bevillningsmedel,
565 1099 52 21 eller
637 1099 138 21 tillsammans

29 1134 88 26 532,000
131 1133 60 22 mark
206 1134 82 27 årligen
303 1134 67 31 under
385 1134 93 21 nämnda
493 1133 168 28 treärsperiod;*
679 1135 55 20 samt

93 1168 161 22 Bondeständet
268 1169 95 26 godkänt
377 1169 147 21 betänkandet
540 1168 144 22 oförändradt.

94 1203 58 21 Enär
173 1203 85 22 således
280 1205 33 20 tre
336 1203 63 22 stånd
419 1203 85 22 förenat
523 1203 33 27 sig
576 1209 34 16 om
628 1205 33 19 att
677 1203 30 21 till
722 1202 54 22 folk-

31 1237 159 22 skoleväsendet
205 1238 67 22 under
287 1238 162 27 ifrågavarande
465 1238 145 27 treårsperiod
626 1238 79 27 årligen
716 1237 61 22 anslå

32 1275 84 24 )32,000
139 1273 65 26 mark,
233 1273 103 22 ehuruväl
362 1273 165 22 Presteständet
549 1273 69 21 tillika
641 1273 93 21 bestämt
757 1271 21 22 af

33 1307 64 21 vilka
116 1307 197 28 bevillningsmedel
329 1308 60 21 detta
404 1308 75 27 anslag
494 1308 55 21 skall
566 1307 58 27 utgå,
640 1307 33 22 får
688 1307 89 22 Utskot-

35 1344 22 20 et
71 1342 111 22 vördsamt
196 1342 79 22 föreslå
290 1344 32 20 att
338 1343 123 26 ständerna,
477 1343 6 21 i
494 1342 223 23 öfverensstämmelse
729 1341 48 23 med

34 1377 129 22 örenämnda
178 1377 138 27 reservation,
333 1378 48 21 ville
396 1378 86 21 besluta

197 1438 31 19 att
246 1436 34 26 för
295 1436 51 21 åren
361 1436 153 21 1883—1885
529 1436 74 21 anvisa
618 1437 29 19 ett
662 1435 63 27 årligt
741 1441 36 15 an-

128 1469 45 27 slag
192 1470 26 26 af
232 1471 101 26 532,000
350 1470 60 22 mark
429 1470 32 22 till
475 1470 112 22 underhåll
602 1470 26 27 af
638 1469 141 27 folkskolorna

94 1509 75 23 Bihang
181 1510 30 17 till
224 1510 148 18 Statsutskottets
384 1510 117 18 betänkande
513 1510 37 19 N:o
562 1510 27 19 10,
