<?xml version="1.0" encoding="UTF-8"?>
<alto xmlns="http://www.loc.gov/standards/alto/ns-v3#" xmlns:xlink="http://www.w3.org/1999/xlink" xmlns:xsi="http://www.w3.org/2001/XMLSchema-instance" xsi:schemaLocation="http://www.loc.gov/standards/alto/ns-v3# http://www.loc.gov/alto/v3/alto-3-0.xsd">
	<Description>
		<MeasurementUnit>pixel</MeasurementUnit>
		<sourceImageInformation>
			<fileName>/tmp/tess_z6eltd4__input.PNG</fileName>
		</sourceImageInformation>
		<OCRProcessing ID="OCR_0">
			<ocrProcessingStep>
				<processingSoftware>
					<softwareName>tesseract 5.3.4</softwareName>
				</processingSoftware>
			</ocrProcessingStep>
		</OCRProcessing>
	</Description>
	<Layout>
		<Page WIDTH="1053" HEIGHT="1689" PHYSICAL_IMG_NR="0" ID="page_0">
			<PrintSpace HPOS="0" VPOS="0" WIDTH="1053" HEIGHT="1689">
				<ComposedBlock ID="cblock_0" HPOS="234" VPOS="128" WIDTH="514" HEIGHT="26">
					<TextBlock ID="block_0" HPOS="234" VPOS="128" WIDTH="514" HEIGHT="26">
						<TextLine ID="line_0" HPOS="234" VPOS="128" WIDTH="514" HEIGHT="26">
							<String ID="string_0" HPOS="234" VPOS="129" WIDTH="29" HEIGHT="22" WC="0.96" CONTENT="30"/><SP WIDTH="160" VPOS="129" HPOS="263"/>
							<String ID="string_1" HPOS="423" VPOS="130" WIDTH="20" HEIGHT="20" WC="0.88" CONTENT="U."/><SP WIDTH="17" VPOS="130" HPOS="443"/>
							<String ID="string_2" HPOS="460" VPOS="130" WIDTH="20" HEIGHT="19" WC="0.87" CONTENT="B."/><SP WIDTH="15" VPOS="130" HPOS="480"/>
							<String ID="string_3" HPOS="495" VPOS="141" WIDTH="28" HEIGHT="2" WC="0.89" CONTENT="—"/><SP WIDTH="15" VPOS="141" HPOS="523"/>
							<String ID="string_4" HPOS="538" VPOS="130" WIDTH="53" HEIGHT="24" WC="0.95" CONTENT="Prop."/><SP WIDTH="15" VPOS="130" HPOS="591"/>
							<String ID="string_5" HPOS="606" VPOS="129" WIDTH="29" HEIGHT="20" WC="0.95" CONTENT="N:o"/><SP WIDTH="15" VPOS="129" HPOS="635"/>
							<String ID="string_6" HPOS="650" VPOS="129" WIDTH="24" HEIGHT="20" WC="0.92" CONTENT="41"/><SP WIDTH="15" VPOS="129" HPOS="674"/>
							<String ID="string_7" HPOS="689" VPOS="133" WIDTH="24" HEIGHT="14" WC="0.92" CONTENT="m."/><SP WIDTH="16" VPOS="133" HPOS="713"/>
							<String ID="string_8" HPOS="729" VPOS="128" WIDTH="19" HEIGHT="19" WC="0.94" CONTENT="fl."/>
						</TextLine>
					</TextBlock>
				</ComposedBlock>
				<ComposedBlock ID="cblock_1" HPOS="570" VPOS="228" WIDTH="28" HEIGHT="21">
					<TextBlock ID="block_1" HPOS="570" VPOS="228" WIDTH="28" HEIGHT="21">
						<TextLine ID="line_1" HPOS="570" VPOS="228" WIDTH="28" HEIGHT="21">
							<String ID="string_9" HPOS="570" VPOS="228" WIDTH="28" HEIGHT="21" WC="0.95" CONTENT="2."/>
						</TextLine>
					</TextBlock>
				</ComposedBlock>
				<ComposedBlock ID="cblock_2" HPOS="207" VPOS="271" WIDTH="760" HEIGHT="237">
					<TextBlock ID="block_2" HPOS="207" VPOS="271" WIDTH="760" HEIGHT="237">
						<TextLine ID="line_2" HPOS="276" VPOS="271" WIDTH="688" HEIGHT="31">
							<String ID="string_10" HPOS="276" VPOS="274" WIDTH="128" HEIGHT="22" WC="0.91" CONTENT="Förenande"/><SP WIDTH="15" VPOS="274" HPOS="404"/>
							<String ID="string_11" HPOS="419" VPOS="274" WIDTH="44" HEIGHT="28" WC="0.96" CONTENT="mig"/><SP WIDTH="15" VPOS="274" HPOS="463"/>
							<String ID="string_12" HPOS="478" VPOS="274" WIDTH="8" HEIGHT="22" WC="0.93" CONTENT="i"/><SP WIDTH="15" VPOS="274" HPOS="486"/>
							<String ID="string_13" HPOS="501" VPOS="273" WIDTH="160" HEIGHT="23" WC="0.92" CONTENT="ofvanstående"/><SP WIDTH="15" VPOS="273" HPOS="661"/>
							<String ID="string_14" HPOS="676" VPOS="272" WIDTH="134" HEIGHT="23" WC="0.96" CONTENT="reservation"/><SP WIDTH="15" VPOS="272" HPOS="810"/>
							<String ID="string_15" HPOS="825" VPOS="271" WIDTH="25" HEIGHT="22" WC="0.96" CONTENT="så"/><SP WIDTH="13" VPOS="271" HPOS="850"/>
							<String ID="string_16" HPOS="863" VPOS="271" WIDTH="34" HEIGHT="22" WC="0.95" CONTENT="till"/><SP WIDTH="10" VPOS="271" HPOS="897"/>
							<String ID="string_17" HPOS="907" VPOS="271" WIDTH="57" HEIGHT="27" WC="0.96" CONTENT="vida,"/>
						</TextLine>
						<TextLine ID="line_3" HPOS="207" VPOS="305" WIDTH="760" HEIGHT="32">
							<String ID="string_18" HPOS="207" VPOS="310" WIDTH="34" HEIGHT="21" WC="0.96" CONTENT="att"/><SP WIDTH="15" VPOS="310" HPOS="241"/>
							<String ID="string_19" HPOS="256" VPOS="309" WIDTH="66" HEIGHT="22" WC="0.96" CONTENT="äfven"/><SP WIDTH="13" VPOS="309" HPOS="322"/>
							<String ID="string_20" HPOS="335" VPOS="309" WIDTH="40" HEIGHT="28" WC="0.96" CONTENT="jag"/><SP WIDTH="15" VPOS="309" HPOS="375"/>
							<String ID="string_21" HPOS="390" VPOS="315" WIDTH="63" HEIGHT="16" WC="0.79" CONTENT="anser"/><SP WIDTH="7" VPOS="315" HPOS="453"/>
							<String ID="string_22" HPOS="460" VPOS="309" WIDTH="68" HEIGHT="27" WC="0.71" CONTENT="något"/><SP WIDTH="10" VPOS="309" HPOS="528"/>
							<String ID="string_23" HPOS="538" VPOS="308" WIDTH="77" HEIGHT="27" WC="0.96" CONTENT="belopp"/><SP WIDTH="11" VPOS="308" HPOS="615"/>
							<String ID="string_24" HPOS="626" VPOS="307" WIDTH="25" HEIGHT="22" WC="0.96" CONTENT="af"/><SP WIDTH="11" VPOS="307" HPOS="651"/>
							<String ID="string_25" HPOS="662" VPOS="307" WIDTH="103" HEIGHT="22" WC="0.93" CONTENT="Bankens"/><SP WIDTH="9" VPOS="307" HPOS="765"/>
							<String ID="string_26" HPOS="774" VPOS="305" WIDTH="128" HEIGHT="24" WC="0.91" CONTENT="vinstmedel"/><SP WIDTH="11" VPOS="305" HPOS="902"/>
							<String ID="string_27" HPOS="913" VPOS="305" WIDTH="54" HEIGHT="22" WC="0.96" CONTENT="böra"/>
						</TextLine>
						<TextLine ID="line_4" HPOS="207" VPOS="339" WIDTH="759" HEIGHT="30">
							<String ID="string_28" HPOS="207" VPOS="349" WIDTH="124" HEIGHT="17" WC="0.96" CONTENT="reserveras"/><SP WIDTH="21" VPOS="349" HPOS="331"/>
							<String ID="string_29" HPOS="352" VPOS="343" WIDTH="35" HEIGHT="22" WC="0.96" CONTENT="till"/><SP WIDTH="14" VPOS="343" HPOS="387"/>
							<String ID="string_30" HPOS="401" VPOS="343" WIDTH="102" HEIGHT="22" WC="0.95" CONTENT="Bankens"/><SP WIDTH="21" VPOS="343" HPOS="503"/>
							<String ID="string_31" HPOS="524" VPOS="342" WIDTH="159" HEIGHT="27" WC="0.96" CONTENT="förstärkande,"/><SP WIDTH="24" VPOS="342" HPOS="683"/>
							<String ID="string_32" HPOS="707" VPOS="341" WIDTH="99" HEIGHT="22" WC="0.92" CONTENT="anhäller"/><SP WIDTH="19" VPOS="341" HPOS="806"/>
							<String ID="string_33" HPOS="825" VPOS="341" WIDTH="40" HEIGHT="27" WC="0.96" CONTENT="jag"/><SP WIDTH="21" VPOS="341" HPOS="865"/>
							<String ID="string_34" HPOS="886" VPOS="341" WIDTH="35" HEIGHT="20" WC="0.96" CONTENT="att"/><SP WIDTH="21" VPOS="341" HPOS="921"/>
							<String ID="string_35" HPOS="942" VPOS="339" WIDTH="24" HEIGHT="22" WC="0.96" CONTENT="få"/>
						</TextLine>
						<TextLine ID="line_5" HPOS="207" VPOS="375" WIDTH="759" HEIGHT="30">
							<String ID="string_36" HPOS="207" VPOS="378" WIDTH="88" HEIGHT="27" WC="0.88" CONTENT="föreslå,"/><SP WIDTH="23" VPOS="378" HPOS="295"/>
							<String ID="string_37" HPOS="318" VPOS="379" WIDTH="34" HEIGHT="20" WC="0.96" CONTENT="att"/><SP WIDTH="22" VPOS="379" HPOS="352"/>
							<String ID="string_38" HPOS="374" VPOS="377" WIDTH="25" HEIGHT="22" WC="0.96" CONTENT="af"/><SP WIDTH="19" VPOS="377" HPOS="399"/>
							<String ID="string_39" HPOS="418" VPOS="378" WIDTH="102" HEIGHT="21" WC="0.93" CONTENT="Bankens"/><SP WIDTH="25" VPOS="378" HPOS="520"/>
							<String ID="string_40" HPOS="545" VPOS="377" WIDTH="128" HEIGHT="22" WC="0.92" CONTENT="vinstmedel"/><SP WIDTH="22" VPOS="377" HPOS="673"/>
							<String ID="string_41" HPOS="695" VPOS="376" WIDTH="82" HEIGHT="21" WC="0.92" CONTENT="lemnas"/><SP WIDTH="24" VPOS="376" HPOS="777"/>
							<String ID="string_42" HPOS="801" VPOS="376" WIDTH="105" HEIGHT="26" WC="0.92" CONTENT="outtagna"/><SP WIDTH="18" VPOS="376" HPOS="906"/>
							<String ID="string_43" HPOS="924" VPOS="375" WIDTH="42" HEIGHT="26" WC="0.51" CONTENT="97"/>
						</TextLine>
						<TextLine ID="line_6" HPOS="208" VPOS="409" WIDTH="758" HEIGHT="31">
							<String ID="string_44" HPOS="208" VPOS="413" WIDTH="121" HEIGHT="27" WC="0.92" CONTENT="3,000,000,"/><SP WIDTH="22" VPOS="413" HPOS="329"/>
							<String ID="string_45" HPOS="351" VPOS="413" WIDTH="34" HEIGHT="21" WC="0.96" CONTENT="att"/><SP WIDTH="21" VPOS="413" HPOS="385"/>
							<String ID="string_46" HPOS="406" VPOS="411" WIDTH="35" HEIGHT="23" WC="0.93" CONTENT="till"/><SP WIDTH="13" VPOS="411" HPOS="441"/>
							<String ID="string_47" HPOS="454" VPOS="411" WIDTH="178" HEIGHT="22" WC="0.50" CONTENT="militieändamä]"/><SP WIDTH="22" VPOS="411" HPOS="632"/>
							<String ID="string_48" HPOS="654" VPOS="410" WIDTH="74" HEIGHT="22" WC="0.96" CONTENT="anslås"/><SP WIDTH="23" VPOS="410" HPOS="728"/>
							<String ID="string_49" HPOS="751" VPOS="409" WIDTH="78" HEIGHT="28" WC="0.93" CONTENT="(enligt"/><SP WIDTH="14" VPOS="409" HPOS="829"/>
							<String ID="string_50" HPOS="843" VPOS="409" WIDTH="123" HEIGHT="22" WC="0.96" CONTENT="Utskottets"/>
						</TextLine>
						<TextLine ID="line_7" HPOS="207" VPOS="443" WIDTH="757" HEIGHT="32">
							<String ID="string_51" HPOS="207" VPOS="447" WIDTH="92" HEIGHT="28" WC="0.95" CONTENT="förslag)"/><SP WIDTH="16" VPOS="447" HPOS="299"/>
							<String ID="string_52" HPOS="315" VPOS="448" WIDTH="43" HEIGHT="26" WC="0.30" CONTENT="m"/><SP WIDTH="16" VPOS="448" HPOS="358"/>
							<String ID="string_53" HPOS="374" VPOS="449" WIDTH="120" HEIGHT="26" WC="0.87" CONTENT="1,121,172:"/><SP WIDTH="17" VPOS="449" HPOS="494"/>
							<String ID="string_54" HPOS="511" VPOS="449" WIDTH="34" HEIGHT="25" WC="0.95" CONTENT="32,"/><SP WIDTH="20" VPOS="449" HPOS="545"/>
							<String ID="string_55" HPOS="565" VPOS="452" WIDTH="49" HEIGHT="15" WC="0.95" CONTENT="men"/><SP WIDTH="15" VPOS="452" HPOS="614"/>
							<String ID="string_56" HPOS="629" VPOS="447" WIDTH="34" HEIGHT="20" WC="0.96" CONTENT="att"/><SP WIDTH="14" VPOS="447" HPOS="663"/>
							<String ID="string_57" HPOS="677" VPOS="445" WIDTH="34" HEIGHT="22" WC="0.93" CONTENT="till"/><SP WIDTH="14" VPOS="445" HPOS="711"/>
							<String ID="string_58" HPOS="725" VPOS="443" WIDTH="239" HEIGHT="24" WC="0.91" CONTENT="kommunikationsfon-"/>
						</TextLine>
						<TextLine ID="line_8" HPOS="210" VPOS="481" WIDTH="517" HEIGHT="27">
							<String ID="string_59" HPOS="210" VPOS="482" WIDTH="43" HEIGHT="22" WC="0.93" CONTENT="den"/><SP WIDTH="16" VPOS="482" HPOS="253"/>
							<String ID="string_60" HPOS="269" VPOS="481" WIDTH="121" HEIGHT="23" WC="0.68" CONTENT="öfverföras"/><SP WIDTH="15" VPOS="481" HPOS="390"/>
							<String ID="string_61" HPOS="405" VPOS="481" WIDTH="77" HEIGHT="22" WC="0.96" CONTENT="endast"/><SP WIDTH="14" VPOS="481" HPOS="482"/>
							<String ID="string_62" HPOS="496" VPOS="481" WIDTH="44" HEIGHT="27" WC="0.51" CONTENT="Zac"/><SP WIDTH="15" VPOS="481" HPOS="540"/>
							<String ID="string_63" HPOS="555" VPOS="481" WIDTH="120" HEIGHT="27" WC="0.92" CONTENT="2,342,044:"/><SP WIDTH="18" VPOS="481" HPOS="675"/>
							<String ID="string_64" HPOS="693" VPOS="481" WIDTH="34" HEIGHT="20" WC="0.96" CONTENT="78."/>
						</TextLine>
					</TextBlock>
				</ComposedBlock>
				<ComposedBlock ID="cblock_3" HPOS="625" VPOS="537" WIDTH="239" HEIGHT="28">
					<TextBlock ID="block_3" HPOS="625" VPOS="537" WIDTH="239" HEIGHT="28">
						<TextLine ID="line_9" HPOS="625" VPOS="537" WIDTH="239" HEIGHT="28">
							<String ID="string_65" HPOS="625" VPOS="537" WIDTH="73" HEIGHT="28" WC="0.92" CONTENT="Georg"/><SP WIDTH="14" VPOS="537" HPOS="698"/>
							<String ID="string_66" HPOS="712" VPOS="537" WIDTH="25" HEIGHT="23" WC="0.89" CONTENT="Z."/><SP WIDTH="14" VPOS="537" HPOS="737"/>
							<String ID="string_67" HPOS="751" VPOS="537" WIDTH="113" HEIGHT="22" WC="0.96" CONTENT="Forsman."/>
						</TextLine>
					</TextBlock>
				</ComposedBlock>
				<ComposedBlock ID="cblock_4" HPOS="578" VPOS="670" WIDTH="28" HEIGHT="22">
					<TextBlock ID="block_4" HPOS="578" VPOS="670" WIDTH="28" HEIGHT="22">
						<TextLine ID="line_10" HPOS="578" VPOS="670" WIDTH="28" HEIGHT="22">
							<String ID="string_68" HPOS="578" VPOS="670" WIDTH="28" HEIGHT="22" WC="0.95" CONTENT="3."/>
						</TextLine>
					</TextBlock>
				</ComposedBlock>
				<ComposedBlock ID="cblock_5" HPOS="212" VPOS="713" WIDTH="765" HEIGHT="785">
					<TextBlock ID="block_5" HPOS="212" VPOS="713" WIDTH="765" HEIGHT="755">
						<TextLine ID="line_11" HPOS="281" VPOS="713" WIDTH="689" HEIGHT="31">
							<String ID="string_69" HPOS="281" VPOS="717" WIDTH="229" HEIGHT="27" WC="0.90" CONTENT="Jernvägsutskottets"/><SP WIDTH="14" VPOS="717" HPOS="510"/>
							<String ID="string_70" HPOS="524" VPOS="715" WIDTH="83" HEIGHT="28" WC="0.96" CONTENT="förslag"/><SP WIDTH="15" VPOS="715" HPOS="607"/>
							<String ID="string_71" HPOS="622" VPOS="717" WIDTH="34" HEIGHT="20" WC="0.95" CONTENT="att"/><SP WIDTH="14" VPOS="717" HPOS="656"/>
							<String ID="string_72" HPOS="670" VPOS="715" WIDTH="35" HEIGHT="22" WC="0.93" CONTENT="till"/><SP WIDTH="14" VPOS="715" HPOS="705"/>
							<String ID="string_73" HPOS="719" VPOS="713" WIDTH="146" HEIGHT="23" WC="0.93" CONTENT="fortsättande"/><SP WIDTH="17" VPOS="713" HPOS="865"/>
							<String ID="string_74" HPOS="882" VPOS="713" WIDTH="25" HEIGHT="22" WC="0.93" CONTENT="af"/><SP WIDTH="6" VPOS="713" HPOS="907"/>
							<String ID="string_75" HPOS="913" VPOS="713" WIDTH="57" HEIGHT="28" WC="0.92" CONTENT="jern-"/>
						</TextLine>
						<TextLine ID="line_12" HPOS="214" VPOS="748" WIDTH="757" HEIGHT="32">
							<String ID="string_76" HPOS="214" VPOS="751" WIDTH="185" HEIGHT="29" WC="0.91" CONTENT="vägsbyggnader"/><SP WIDTH="15" VPOS="751" HPOS="399"/>
							<String ID="string_77" HPOS="414" VPOS="751" WIDTH="62" HEIGHT="22" WC="0.93" CONTENT="anslä"/><SP WIDTH="14" VPOS="751" HPOS="476"/>
							<String ID="string_78" HPOS="490" VPOS="751" WIDTH="8" HEIGHT="21" WC="0.93" CONTENT="i"/><SP WIDTH="10" VPOS="751" HPOS="498"/>
							<String ID="string_79" HPOS="508" VPOS="751" WIDTH="102" HEIGHT="22" WC="0.92" CONTENT="medelta]"/><SP WIDTH="10" VPOS="751" HPOS="610"/>
							<String ID="string_80" HPOS="620" VPOS="752" WIDTH="13" HEIGHT="20" WC="0.96" CONTENT="4"/><SP WIDTH="10" VPOS="752" HPOS="633"/>
							<String ID="string_81" HPOS="643" VPOS="750" WIDTH="98" HEIGHT="28" WC="0.95" CONTENT="miljoner"/><SP WIDTH="10" VPOS="750" HPOS="741"/>
							<String ID="string_82" HPOS="751" VPOS="749" WIDTH="62" HEIGHT="22" WC="0.96" CONTENT="mark"/><SP WIDTH="8" VPOS="749" HPOS="813"/>
							<String ID="string_83" HPOS="821" VPOS="755" WIDTH="32" HEIGHT="15" WC="0.93" CONTENT="om"/><SP WIDTH="8" VPOS="755" HPOS="853"/>
							<String ID="string_84" HPOS="861" VPOS="749" WIDTH="53" HEIGHT="26" WC="0.93" CONTENT="äret,"/><SP WIDTH="8" VPOS="749" HPOS="914"/>
							<String ID="string_85" HPOS="922" VPOS="748" WIDTH="49" HEIGHT="21" WC="0.93" CONTENT="räk-"/>
						</TextLine>
						<TextLine ID="line_13" HPOS="212" VPOS="782" WIDTH="758" HEIGHT="31">
							<String ID="string_86" HPOS="212" VPOS="787" WIDTH="56" HEIGHT="22" WC="0.91" CONTENT="nadt"/><SP WIDTH="14" VPOS="787" HPOS="268"/>
							<String ID="string_87" HPOS="282" VPOS="786" WIDTH="51" HEIGHT="22" WC="0.96" CONTENT="från"/><SP WIDTH="15" VPOS="786" HPOS="333"/>
							<String ID="string_88" HPOS="348" VPOS="786" WIDTH="96" HEIGHT="21" WC="0.96" CONTENT="arbetets"/><SP WIDTH="15" VPOS="786" HPOS="444"/>
							<String ID="string_89" HPOS="459" VPOS="785" WIDTH="77" HEIGHT="28" WC="0.96" CONTENT="början"/><SP WIDTH="15" VPOS="785" HPOS="536"/>
							<String ID="string_90" HPOS="551" VPOS="785" WIDTH="34" HEIGHT="22" WC="0.93" CONTENT="till"/><SP WIDTH="15" VPOS="785" HPOS="585"/>
							<String ID="string_91" HPOS="600" VPOS="785" WIDTH="113" HEIGHT="27" WC="0.96" CONTENT="utgången"/><SP WIDTH="16" VPOS="785" HPOS="713"/>
							<String ID="string_92" HPOS="729" VPOS="783" WIDTH="25" HEIGHT="22" WC="0.97" CONTENT="af"/><SP WIDTH="12" VPOS="783" HPOS="754"/>
							<String ID="string_93" HPOS="766" VPOS="784" WIDTH="26" HEIGHT="21" WC="0.97" CONTENT="är"/><SP WIDTH="11" VPOS="784" HPOS="792"/>
							<String ID="string_94" HPOS="803" VPOS="785" WIDTH="61" HEIGHT="25" WC="0.96" CONTENT="1885,"/><SP WIDTH="8" VPOS="785" HPOS="864"/>
							<String ID="string_95" HPOS="872" VPOS="783" WIDTH="41" HEIGHT="21" WC="0.93" CONTENT="har"/><SP WIDTH="5" VPOS="783" HPOS="913"/>
							<String ID="string_96" HPOS="918" VPOS="782" WIDTH="52" HEIGHT="27" WC="0.93" CONTENT="jem-"/>
						</TextLine>
						<TextLine ID="line_14" HPOS="212" VPOS="816" WIDTH="761" HEIGHT="30">
							<String ID="string_97" HPOS="212" VPOS="823" WIDTH="37" HEIGHT="20" WC="0.93" CONTENT="väl"/><SP WIDTH="22" VPOS="823" HPOS="249"/>
							<String ID="string_98" HPOS="271" VPOS="820" WIDTH="78" HEIGHT="23" WC="0.91" CONTENT="vunnit"/><SP WIDTH="21" VPOS="820" HPOS="349"/>
							<String ID="string_99" HPOS="370" VPOS="820" WIDTH="118" HEIGHT="22" WC="0.94" CONTENT="understöd"/><SP WIDTH="22" VPOS="820" HPOS="488"/>
							<String ID="string_100" HPOS="510" VPOS="819" WIDTH="26" HEIGHT="22" WC="0.93" CONTENT="af"/><SP WIDTH="20" VPOS="819" HPOS="536"/>
							<String ID="string_101" HPOS="556" VPOS="819" WIDTH="175" HEIGHT="27" WC="0.93" CONTENT="Statsutskottet,"/><SP WIDTH="15" VPOS="819" HPOS="731"/>
							<String ID="string_102" HPOS="746" VPOS="818" WIDTH="85" HEIGHT="22" WC="0.93" CONTENT="hvilket"/><SP WIDTH="14" VPOS="818" HPOS="831"/>
							<String ID="string_103" HPOS="845" VPOS="817" WIDTH="86" HEIGHT="22" WC="0.88" CONTENT="utöfver"/><SP WIDTH="15" VPOS="817" HPOS="931"/>
							<String ID="string_104" HPOS="946" VPOS="816" WIDTH="27" HEIGHT="22" WC="0.96" CONTENT="de"/>
						</TextLine>
						<TextLine ID="line_15" HPOS="214" VPOS="851" WIDTH="758" HEIGHT="32">
							<String ID="string_105" HPOS="214" VPOS="857" WIDTH="128" HEIGHT="26" WC="0.92" CONTENT="10,000,000"/><SP WIDTH="15" VPOS="857" HPOS="342"/>
							<String ID="string_106" HPOS="357" VPOS="855" WIDTH="68" HEIGHT="27" WC="0.96" CONTENT="mark,"/><SP WIDTH="16" VPOS="855" HPOS="425"/>
							<String ID="string_107" HPOS="441" VPOS="861" WIDTH="45" HEIGHT="16" WC="0.93" CONTENT="som"/><SP WIDTH="16" VPOS="861" HPOS="486"/>
							<String ID="string_108" HPOS="502" VPOS="854" WIDTH="108" HEIGHT="22" WC="0.93" CONTENT="erfordras"/><SP WIDTH="15" VPOS="854" HPOS="610"/>
							<String ID="string_109" HPOS="625" VPOS="854" WIDTH="34" HEIGHT="21" WC="0.96" CONTENT="till"/><SP WIDTH="15" VPOS="854" HPOS="659"/>
							<String ID="string_110" HPOS="674" VPOS="853" WIDTH="114" HEIGHT="27" WC="0.95" CONTENT="betalning"/><SP WIDTH="15" VPOS="853" HPOS="788"/>
							<String ID="string_111" HPOS="803" VPOS="852" WIDTH="25" HEIGHT="21" WC="0.96" CONTENT="af"/><SP WIDTH="7" VPOS="852" HPOS="828"/>
							<String ID="string_112" HPOS="835" VPOS="852" WIDTH="66" HEIGHT="27" WC="0.93" CONTENT="ryska"/><SP WIDTH="8" VPOS="852" HPOS="901"/>
							<String ID="string_113" HPOS="909" VPOS="851" WIDTH="63" HEIGHT="22" WC="0.92" CONTENT="Riks-"/>
						</TextLine>
						<TextLine ID="line_16" HPOS="213" VPOS="886" WIDTH="758" HEIGHT="29">
							<String ID="string_114" HPOS="213" VPOS="890" WIDTH="198" HEIGHT="22" WC="0.92" CONTENT="skattkammarens"/><SP WIDTH="15" VPOS="890" HPOS="411"/>
							<String ID="string_115" HPOS="426" VPOS="889" WIDTH="64" HEIGHT="22" WC="0.96" CONTENT="andel"/><SP WIDTH="14" VPOS="889" HPOS="490"/>
							<String ID="string_116" HPOS="504" VPOS="889" WIDTH="8" HEIGHT="22" WC="0.96" CONTENT="i"/><SP WIDTH="16" VPOS="889" HPOS="512"/>
							<String ID="string_117" HPOS="528" VPOS="889" WIDTH="32" HEIGHT="22" WC="0.96" CONTENT="St."/><SP WIDTH="19" VPOS="889" HPOS="560"/>
							<String ID="string_118" HPOS="579" VPOS="886" WIDTH="281" HEIGHT="29" WC="0.39" CONTENT="Petersburg"/><SP WIDTH="-135" VPOS="886" HPOS="860"/>
							<String ID="string_119" HPOS="725" VPOS="882" WIDTH="11" HEIGHT="39" WC="0.39" CONTENT="—"/><SP WIDTH="6" VPOS="882" HPOS="736"/>
							<String ID="string_120" HPOS="742" VPOS="886" WIDTH="117" HEIGHT="29" WC="0.41" CONTENT="Riihimäki"/><SP WIDTH="13" VPOS="886" HPOS="859"/>
							<String ID="string_121" HPOS="872" VPOS="886" WIDTH="99" HEIGHT="28" WC="0.91" CONTENT="jernväg,"/>
						</TextLine>
						<TextLine ID="line_17" HPOS="213" VPOS="917" WIDTH="760" HEIGHT="34">
							<String ID="string_122" HPOS="213" VPOS="925" WIDTH="101" HEIGHT="21" WC="0.92" CONTENT="förordar"/><SP WIDTH="22" VPOS="925" HPOS="314"/>
							<String ID="string_123" HPOS="336" VPOS="931" WIDTH="27" HEIGHT="15" WC="0.93" CONTENT="en"/><SP WIDTH="14" VPOS="931" HPOS="363"/>
							<String ID="string_124" HPOS="377" VPOS="924" WIDTH="120" HEIGHT="27" WC="0.92" CONTENT="uppläning"/><SP WIDTH="15" VPOS="924" HPOS="497"/>
							<String ID="string_125" HPOS="512" VPOS="923" WIDTH="25" HEIGHT="22" WC="0.93" CONTENT="af"/><SP WIDTH="13" VPOS="923" HPOS="537"/>
							<String ID="string_126" HPOS="550" VPOS="925" WIDTH="114" HEIGHT="26" WC="0.93" CONTENT="4,500,000"/><SP WIDTH="15" VPOS="925" HPOS="664"/>
							<String ID="string_127" HPOS="679" VPOS="923" WIDTH="63" HEIGHT="21" WC="0.97" CONTENT="mark"/><SP WIDTH="15" VPOS="923" HPOS="742"/>
							<String ID="string_128" HPOS="757" VPOS="921" WIDTH="33" HEIGHT="22" WC="0.96" CONTENT="för"/><SP WIDTH="14" VPOS="921" HPOS="790"/>
							<String ID="string_129" HPOS="804" VPOS="917" WIDTH="42" HEIGHT="32" WC="0.93" CONTENT="nya"/><SP WIDTH="15" VPOS="917" HPOS="846"/>
							<String ID="string_130" HPOS="861" VPOS="921" WIDTH="112" HEIGHT="28" WC="0.92" CONTENT="jernvägs-"/>
						</TextLine>
						<TextLine ID="line_18" HPOS="216" VPOS="955" WIDTH="759" HEIGHT="32">
							<String ID="string_131" HPOS="216" VPOS="959" WIDTH="131" HEIGHT="28" WC="0.96" CONTENT="byggnader"/><SP WIDTH="14" VPOS="959" HPOS="347"/>
							<String ID="string_132" HPOS="361" VPOS="959" WIDTH="54" HEIGHT="21" WC="0.93" CONTENT="åren"/><SP WIDTH="18" VPOS="959" HPOS="415"/>
							<String ID="string_133" HPOS="433" VPOS="960" WIDTH="147" HEIGHT="20" WC="0.90" CONTENT="1884—1885."/><SP WIDTH="23" VPOS="960" HPOS="580"/>
							<String ID="string_134" HPOS="603" VPOS="957" WIDTH="44" HEIGHT="22" WC="0.96" CONTENT="För"/><SP WIDTH="18" VPOS="957" HPOS="647"/>
							<String ID="string_135" HPOS="665" VPOS="957" WIDTH="45" HEIGHT="22" WC="0.96" CONTENT="min"/><SP WIDTH="15" VPOS="957" HPOS="710"/>
							<String ID="string_136" HPOS="725" VPOS="956" WIDTH="36" HEIGHT="22" WC="0.93" CONTENT="del"/><SP WIDTH="13" VPOS="956" HPOS="761"/>
							<String ID="string_137" HPOS="774" VPOS="956" WIDTH="69" HEIGHT="21" WC="0.96" CONTENT="finner"/><SP WIDTH="11" VPOS="956" HPOS="843"/>
							<String ID="string_138" HPOS="854" VPOS="955" WIDTH="41" HEIGHT="28" WC="0.96" CONTENT="jag"/><SP WIDTH="14" VPOS="955" HPOS="895"/>
							<String ID="string_139" HPOS="909" VPOS="955" WIDTH="66" HEIGHT="27" WC="0.97" CONTENT="ingen"/>
						</TextLine>
						<TextLine ID="line_19" HPOS="213" VPOS="989" WIDTH="761" HEIGHT="32">
							<String ID="string_140" HPOS="213" VPOS="993" WIDTH="122" HEIGHT="28" WC="0.92" CONTENT="uppläning"/><SP WIDTH="22" VPOS="993" HPOS="335"/>
							<String ID="string_141" HPOS="357" VPOS="993" WIDTH="96" HEIGHT="28" WC="0.92" CONTENT="(utöfver"/><SP WIDTH="22" VPOS="993" HPOS="453"/>
							<String ID="string_142" HPOS="475" VPOS="993" WIDTH="26" HEIGHT="22" WC="0.96" CONTENT="de"/><SP WIDTH="22" VPOS="993" HPOS="501"/>
							<String ID="string_143" HPOS="523" VPOS="992" WIDTH="94" HEIGHT="22" WC="0.95" CONTENT="nämnda"/><SP WIDTH="18" VPOS="992" HPOS="617"/>
							<String ID="string_144" HPOS="635" VPOS="994" WIDTH="27" HEIGHT="20" WC="0.93" CONTENT="10"/><SP WIDTH="15" VPOS="994" HPOS="662"/>
							<String ID="string_145" HPOS="677" VPOS="991" WIDTH="137" HEIGHT="28" WC="0.92" CONTENT="miljonerna)"/><SP WIDTH="16" VPOS="991" HPOS="814"/>
							<String ID="string_146" HPOS="830" VPOS="990" WIDTH="70" HEIGHT="21" WC="0.93" CONTENT="denna"/><SP WIDTH="14" VPOS="990" HPOS="900"/>
							<String ID="string_147" HPOS="914" VPOS="989" WIDTH="60" HEIGHT="28" WC="0.92" CONTENT="gäng"/>
						</TextLine>
						<TextLine ID="line_20" HPOS="214" VPOS="1023" WIDTH="760" HEIGHT="32">
							<String ID="string_148" HPOS="214" VPOS="1028" WIDTH="102" HEIGHT="27" WC="0.40" CONTENT="hehöflig."/><SP WIDTH="29" VPOS="1028" HPOS="316"/>
							<String ID="string_149" HPOS="345" VPOS="1027" WIDTH="78" HEIGHT="28" WC="0.93" CONTENT="Enligt"/><SP WIDTH="22" VPOS="1027" HPOS="423"/>
							<String ID="string_150" HPOS="445" VPOS="1027" WIDTH="179" HEIGHT="22" WC="0.92" CONTENT="Statsutskottets"/><SP WIDTH="22" VPOS="1027" HPOS="624"/>
							<String ID="string_151" HPOS="646" VPOS="1026" WIDTH="77" HEIGHT="27" WC="0.96" CONTENT="kalkyl"/><SP WIDTH="17" VPOS="1026" HPOS="723"/>
							<String ID="string_152" HPOS="740" VPOS="1031" WIDTH="52" HEIGHT="17" WC="0.96" CONTENT="vore"/><SP WIDTH="15" VPOS="1031" HPOS="792"/>
							<String ID="string_153" HPOS="807" VPOS="1025" WIDTH="8" HEIGHT="21" WC="0.92" CONTENT="i"/><SP WIDTH="14" VPOS="1025" HPOS="815"/>
							<String ID="string_154" HPOS="829" VPOS="1023" WIDTH="145" HEIGHT="23" WC="0.92" CONTENT="kommunika-"/>
						</TextLine>
						<TextLine ID="line_21" HPOS="216" VPOS="1057" WIDTH="759" HEIGHT="31">
							<String ID="string_155" HPOS="216" VPOS="1062" WIDTH="139" HEIGHT="22" WC="0.92" CONTENT="tionsfonden"/><SP WIDTH="15" VPOS="1062" HPOS="355"/>
							<String ID="string_156" HPOS="370" VPOS="1062" WIDTH="53" HEIGHT="21" WC="0.91" CONTENT="ären"/><SP WIDTH="13" VPOS="1062" HPOS="423"/>
							<String ID="string_157" HPOS="436" VPOS="1063" WIDTH="141" HEIGHT="20" WC="0.91" CONTENT="1883—1885"/><SP WIDTH="15" VPOS="1063" HPOS="577"/>
							<String ID="string_158" HPOS="592" VPOS="1061" WIDTH="35" HEIGHT="21" WC="0.96" CONTENT="för"/><SP WIDTH="14" VPOS="1061" HPOS="627"/>
							<String ID="string_159" HPOS="641" VPOS="1067" WIDTH="44" HEIGHT="21" WC="0.93" CONTENT="nya"/><SP WIDTH="12" VPOS="1067" HPOS="685"/>
							<String ID="string_160" HPOS="697" VPOS="1058" WIDTH="233" HEIGHT="30" WC="0.92" CONTENT="jernvägsbyggnader"/><SP WIDTH="15" VPOS="1058" HPOS="930"/>
							<String ID="string_161" HPOS="945" VPOS="1057" WIDTH="30" HEIGHT="21" WC="0.92" CONTENT="di-"/>
						</TextLine>
						<TextLine ID="line_22" HPOS="216" VPOS="1092" WIDTH="759" HEIGHT="32">
							<String ID="string_162" HPOS="216" VPOS="1096" WIDTH="100" HEIGHT="28" WC="0.83" CONTENT="sponibla"/><SP WIDTH="15" VPOS="1096" HPOS="316"/>
							<String ID="string_163" HPOS="331" VPOS="1097" WIDTH="43" HEIGHT="26" WC="0.0" CONTENT="me"/><SP WIDTH="16" VPOS="1097" HPOS="374"/>
							<String ID="string_164" HPOS="390" VPOS="1098" WIDTH="122" HEIGHT="26" WC="0.87" CONTENT="4,857,782,"/><SP WIDTH="16" VPOS="1098" HPOS="512"/>
							<String ID="string_165" HPOS="528" VPOS="1096" WIDTH="58" HEIGHT="27" WC="0.95" CONTENT="eller,"/><SP WIDTH="16" VPOS="1096" HPOS="586"/>
							<String ID="string_166" HPOS="602" VPOS="1095" WIDTH="69" HEIGHT="27" WC="0.96" CONTENT="enligt"/><SP WIDTH="14" VPOS="1095" HPOS="671"/>
							<String ID="string_167" HPOS="685" VPOS="1094" WIDTH="9" HEIGHT="22" WC="0.93" CONTENT="i"/><SP WIDTH="17" VPOS="1094" HPOS="694"/>
							<String ID="string_168" HPOS="711" VPOS="1092" WIDTH="183" HEIGHT="29" WC="0.92" CONTENT="nästföregäende"/><SP WIDTH="14" VPOS="1092" HPOS="894"/>
							<String ID="string_169" HPOS="908" VPOS="1098" WIDTH="67" HEIGHT="16" WC="0.86" CONTENT="reser-"/>
						</TextLine>
						<TextLine ID="line_23" HPOS="214" VPOS="1109" WIDTH="760" HEIGHT="55">
							<String ID="string_170" HPOS="214" VPOS="1131" WIDTH="78" HEIGHT="23" WC="0.91" CONTENT="vation"/><SP WIDTH="14" VPOS="1131" HPOS="292"/>
							<String ID="string_171" HPOS="306" VPOS="1109" WIDTH="128" HEIGHT="55" WC="0.69" CONTENT="framstälda"/><SP WIDTH="14" VPOS="1109" HPOS="434"/>
							<String ID="string_172" HPOS="448" VPOS="1130" WIDTH="64" HEIGHT="28" WC="0.92" CONTENT="äsigt,"/><SP WIDTH="17" VPOS="1130" HPOS="512"/>
							<String ID="string_173" HPOS="529" VPOS="1130" WIDTH="77" HEIGHT="22" WC="0.96" CONTENT="endast"/><SP WIDTH="15" VPOS="1130" HPOS="606"/>
							<String ID="string_174" HPOS="621" VPOS="1129" WIDTH="99" HEIGHT="27" WC="0.96" CONTENT="omkring"/><SP WIDTH="15" VPOS="1129" HPOS="720"/>
							<String ID="string_175" HPOS="735" VPOS="1129" WIDTH="43" HEIGHT="26" WC="0.60" CONTENT="Zac"/><SP WIDTH="16" VPOS="1129" HPOS="778"/>
							<String ID="string_176" HPOS="794" VPOS="1128" WIDTH="120" HEIGHT="26" WC="0.89" CONTENT="3,000,000."/><SP WIDTH="22" VPOS="1128" HPOS="914"/>
							<String ID="string_177" HPOS="936" VPOS="1120" WIDTH="38" HEIGHT="28" WC="0.90" CONTENT="Äf-"/>
						</TextLine>
						<TextLine ID="line_24" HPOS="215" VPOS="1161" WIDTH="760" HEIGHT="31">
							<String ID="string_178" HPOS="215" VPOS="1172" WIDTH="44" HEIGHT="15" WC="0.92" CONTENT="ven"/><SP WIDTH="22" VPOS="1172" HPOS="259"/>
							<String ID="string_179" HPOS="281" VPOS="1165" WIDTH="133" HEIGHT="22" WC="0.90" CONTENT="sistanförda"/><SP WIDTH="21" VPOS="1165" HPOS="414"/>
							<String ID="string_180" HPOS="435" VPOS="1171" WIDTH="82" HEIGHT="15" WC="0.96" CONTENT="summa"/><SP WIDTH="22" VPOS="1171" HPOS="517"/>
							<String ID="string_181" HPOS="539" VPOS="1171" WIDTH="65" HEIGHT="15" WC="0.96" CONTENT="anser"/><SP WIDTH="12" VPOS="1171" HPOS="604"/>
							<String ID="string_182" HPOS="616" VPOS="1164" WIDTH="40" HEIGHT="28" WC="0.96" CONTENT="jag"/><SP WIDTH="15" VPOS="1164" HPOS="656"/>
							<String ID="string_183" HPOS="671" VPOS="1162" WIDTH="120" HEIGHT="28" WC="0.94" CONTENT="tillräcklig"/><SP WIDTH="15" VPOS="1162" HPOS="791"/>
							<String ID="string_184" HPOS="806" VPOS="1162" WIDTH="34" HEIGHT="22" WC="0.96" CONTENT="för"/><SP WIDTH="14" VPOS="1162" HPOS="840"/>
							<String ID="string_185" HPOS="854" VPOS="1161" WIDTH="27" HEIGHT="22" WC="0.93" CONTENT="de"/><SP WIDTH="14" VPOS="1161" HPOS="881"/>
							<String ID="string_186" HPOS="895" VPOS="1162" WIDTH="80" HEIGHT="21" WC="0.93" CONTENT="tvenne"/>
						</TextLine>
						<TextLine ID="line_25" HPOS="218" VPOS="1195" WIDTH="758" HEIGHT="33">
							<String ID="string_187" HPOS="218" VPOS="1201" WIDTH="32" HEIGHT="27" WC="0.84" CONTENT="är,"/><SP WIDTH="16" VPOS="1201" HPOS="250"/>
							<String ID="string_188" HPOS="266" VPOS="1200" WIDTH="69" HEIGHT="22" WC="0.93" CONTENT="under"/><SP WIDTH="14" VPOS="1200" HPOS="335"/>
							<String ID="string_189" HPOS="349" VPOS="1199" WIDTH="76" HEIGHT="23" WC="0.96" CONTENT="hvilka"/><SP WIDTH="14" VPOS="1199" HPOS="425"/>
							<String ID="string_190" HPOS="439" VPOS="1200" WIDTH="73" HEIGHT="27" WC="0.96" CONTENT="någon"/><SP WIDTH="17" VPOS="1200" HPOS="512"/>
							<String ID="string_191" HPOS="529" VPOS="1206" WIDTH="29" HEIGHT="20" WC="0.93" CONTENT="ny"/><SP WIDTH="17" VPOS="1206" HPOS="558"/>
							<String ID="string_192" HPOS="575" VPOS="1197" WIDTH="240" HEIGHT="29" WC="0.92" CONTENT="jernvägsanläggning"/><SP WIDTH="21" VPOS="1197" HPOS="815"/>
							<String ID="string_193" HPOS="836" VPOS="1196" WIDTH="44" HEIGHT="21" WC="0.93" CONTENT="kan"/><SP WIDTH="14" VPOS="1196" HPOS="880"/>
							<String ID="string_194" HPOS="894" VPOS="1195" WIDTH="82" HEIGHT="27" WC="0.92" CONTENT="ifräga-"/>
						</TextLine>
						<TextLine ID="line_26" HPOS="217" VPOS="1230" WIDTH="758" HEIGHT="32">
							<String ID="string_195" HPOS="217" VPOS="1235" WIDTH="96" HEIGHT="26" WC="0.96" CONTENT="komma;"/><SP WIDTH="22" VPOS="1235" HPOS="313"/>
							<String ID="string_196" HPOS="335" VPOS="1236" WIDTH="25" HEIGHT="26" WC="0.96" CONTENT="ty"/><SP WIDTH="18" VPOS="1236" HPOS="360"/>
							<String ID="string_197" HPOS="378" VPOS="1234" WIDTH="9" HEIGHT="22" WC="0.93" CONTENT="i"/><SP WIDTH="14" VPOS="1234" HPOS="387"/>
							<String ID="string_198" HPOS="401" VPOS="1234" WIDTH="96" HEIGHT="22" WC="0.93" CONTENT="arbetets"/><SP WIDTH="15" VPOS="1234" HPOS="497"/>
							<String ID="string_199" HPOS="512" VPOS="1233" WIDTH="77" HEIGHT="27" WC="0.93" CONTENT="början"/><SP WIDTH="15" VPOS="1233" HPOS="589"/>
							<String ID="string_200" HPOS="604" VPOS="1232" WIDTH="104" HEIGHT="23" WC="0.92" CONTENT="behöfves"/><SP WIDTH="13" VPOS="1232" HPOS="708"/>
							<String ID="string_201" HPOS="721" VPOS="1230" WIDTH="157" HEIGHT="30" WC="0.91" CONTENT="jemförelsevis"/><SP WIDTH="14" VPOS="1230" HPOS="878"/>
							<String ID="string_202" HPOS="892" VPOS="1230" WIDTH="83" HEIGHT="21" WC="0.96" CONTENT="mindre"/>
						</TextLine>
						<TextLine ID="line_27" HPOS="216" VPOS="1264" WIDTH="760" HEIGHT="32">
							<String ID="string_203" HPOS="216" VPOS="1274" WIDTH="54" HEIGHT="17" WC="0.93" CONTENT="vare"/><SP WIDTH="23" VPOS="1274" HPOS="270"/>
							<String ID="string_204" HPOS="293" VPOS="1269" WIDTH="34" HEIGHT="27" WC="0.96" CONTENT="sig"/><SP WIDTH="14" VPOS="1269" HPOS="327"/>
							<String ID="string_205" HPOS="341" VPOS="1268" WIDTH="46" HEIGHT="22" WC="0.97" CONTENT="fast"/><SP WIDTH="14" VPOS="1268" HPOS="387"/>
							<String ID="string_206" HPOS="401" VPOS="1268" WIDTH="53" HEIGHT="22" WC="0.93" CONTENT="eller"/><SP WIDTH="14" VPOS="1268" HPOS="454"/>
							<String ID="string_207" HPOS="468" VPOS="1268" WIDTH="78" HEIGHT="28" WC="0.91" CONTENT="rörligt"/><SP WIDTH="14" VPOS="1268" HPOS="546"/>
							<String ID="string_208" HPOS="560" VPOS="1267" WIDTH="106" HEIGHT="27" WC="0.93" CONTENT="material,"/><SP WIDTH="17" VPOS="1267" HPOS="666"/>
							<String ID="string_209" HPOS="683" VPOS="1267" WIDTH="40" HEIGHT="21" WC="0.93" CONTENT="och"/><SP WIDTH="14" VPOS="1267" HPOS="723"/>
							<String ID="string_210" HPOS="737" VPOS="1266" WIDTH="71" HEIGHT="22" WC="0.92" CONTENT="blotta"/><SP WIDTH="13" VPOS="1266" HPOS="808"/>
							<String ID="string_211" HPOS="821" VPOS="1264" WIDTH="155" HEIGHT="28" WC="0.91" CONTENT="jordarbetena"/>
						</TextLine>
						<TextLine ID="line_28" HPOS="216" VPOS="1298" WIDTH="760" HEIGHT="33">
							<String ID="string_212" HPOS="216" VPOS="1305" WIDTH="56" HEIGHT="26" WC="0.91" CONTENT="taga"/><SP WIDTH="21" VPOS="1305" HPOS="272"/>
							<String ID="string_213" HPOS="293" VPOS="1303" WIDTH="49" HEIGHT="22" WC="0.92" CONTENT="icke"/><SP WIDTH="22" VPOS="1303" HPOS="342"/>
							<String ID="string_214" HPOS="364" VPOS="1302" WIDTH="74" HEIGHT="22" WC="0.92" CONTENT="alltför"/><SP WIDTH="22" VPOS="1302" HPOS="438"/>
							<String ID="string_215" HPOS="460" VPOS="1304" WIDTH="59" HEIGHT="20" WC="0.93" CONTENT="stora"/><SP WIDTH="23" VPOS="1304" HPOS="519"/>
							<String ID="string_216" HPOS="542" VPOS="1308" WIDTH="91" HEIGHT="16" WC="0.90" CONTENT="summor"/><SP WIDTH="15" VPOS="1308" HPOS="633"/>
							<String ID="string_217" HPOS="648" VPOS="1302" WIDTH="8" HEIGHT="20" WC="0.90" CONTENT="i"/><SP WIDTH="15" VPOS="1302" HPOS="656"/>
							<String ID="string_218" HPOS="671" VPOS="1300" WIDTH="102" HEIGHT="28" WC="0.92" CONTENT="anspräk."/><SP WIDTH="31" VPOS="1300" HPOS="773"/>
							<String ID="string_219" HPOS="804" VPOS="1299" WIDTH="75" HEIGHT="22" WC="0.93" CONTENT="Under"/><SP WIDTH="14" VPOS="1299" HPOS="879"/>
							<String ID="string_220" HPOS="893" VPOS="1298" WIDTH="83" HEIGHT="22" WC="0.93" CONTENT="sädana"/>
						</TextLine>
						<TextLine ID="line_29" HPOS="217" VPOS="1334" WIDTH="758" HEIGHT="31">
							<String ID="string_221" HPOS="217" VPOS="1337" WIDTH="152" HEIGHT="23" WC="0.91" CONTENT="förhällanden"/><SP WIDTH="22" VPOS="1337" HPOS="369"/>
							<String ID="string_222" HPOS="391" VPOS="1344" WIDTH="64" HEIGHT="15" WC="0.95" CONTENT="anser"/><SP WIDTH="19" VPOS="1344" HPOS="455"/>
							<String ID="string_223" HPOS="474" VPOS="1337" WIDTH="41" HEIGHT="28" WC="0.96" CONTENT="jag"/><SP WIDTH="12" VPOS="1337" HPOS="515"/>
							<String ID="string_224" HPOS="527" VPOS="1337" WIDTH="37" HEIGHT="21" WC="0.93" CONTENT="det"/><SP WIDTH="14" VPOS="1337" HPOS="564"/>
							<String ID="string_225" HPOS="578" VPOS="1336" WIDTH="48" HEIGHT="22" WC="0.92" CONTENT="icke"/><SP WIDTH="16" VPOS="1336" HPOS="626"/>
							<String ID="string_226" HPOS="642" VPOS="1335" WIDTH="103" HEIGHT="28" WC="0.93" CONTENT="önskligt,"/><SP WIDTH="16" VPOS="1335" HPOS="745"/>
							<String ID="string_227" HPOS="761" VPOS="1336" WIDTH="35" HEIGHT="20" WC="0.96" CONTENT="att"/><SP WIDTH="14" VPOS="1336" HPOS="796"/>
							<String ID="string_228" HPOS="810" VPOS="1334" WIDTH="38" HEIGHT="22" WC="0.93" CONTENT="län"/><SP WIDTH="14" VPOS="1334" HPOS="848"/>
							<String ID="string_229" HPOS="862" VPOS="1334" WIDTH="113" HEIGHT="26" WC="0.92" CONTENT="upptages,"/>
						</TextLine>
						<TextLine ID="line_30" HPOS="217" VPOS="1367" WIDTH="760" HEIGHT="32">
							<String ID="string_230" HPOS="217" VPOS="1372" WIDTH="69" HEIGHT="22" WC="0.92" CONTENT="innan"/><SP WIDTH="14" VPOS="1372" HPOS="286"/>
							<String ID="string_231" HPOS="300" VPOS="1372" WIDTH="77" HEIGHT="27" WC="0.93" CONTENT="nödigt"/><SP WIDTH="15" VPOS="1372" HPOS="377"/>
							<String ID="string_232" HPOS="392" VPOS="1374" WIDTH="30" HEIGHT="20" WC="0.96" CONTENT="är."/><SP WIDTH="16" VPOS="1374" HPOS="422"/>
							<String ID="string_233" HPOS="438" VPOS="1372" WIDTH="45" HEIGHT="22" WC="0.96" CONTENT="Det"/><SP WIDTH="14" VPOS="1372" HPOS="483"/>
							<String ID="string_234" HPOS="497" VPOS="1374" WIDTH="25" HEIGHT="19" WC="0.97" CONTENT="är"/><SP WIDTH="15" VPOS="1374" HPOS="522"/>
							<String ID="string_235" HPOS="537" VPOS="1371" WIDTH="107" HEIGHT="22" WC="0.96" CONTENT="dessutom"/><SP WIDTH="15" VPOS="1371" HPOS="644"/>
							<String ID="string_236" HPOS="659" VPOS="1372" WIDTH="35" HEIGHT="20" WC="0.93" CONTENT="att"/><SP WIDTH="14" VPOS="1372" HPOS="694"/>
							<String ID="string_237" HPOS="708" VPOS="1370" WIDTH="83" HEIGHT="26" WC="0.93" CONTENT="märka,"/><SP WIDTH="16" VPOS="1370" HPOS="791"/>
							<String ID="string_238" HPOS="807" VPOS="1370" WIDTH="34" HEIGHT="20" WC="0.96" CONTENT="att"/><SP WIDTH="12" VPOS="1370" HPOS="841"/>
							<String ID="string_239" HPOS="853" VPOS="1368" WIDTH="59" HEIGHT="21" WC="0.93" CONTENT="Vasa"/><SP WIDTH="8" VPOS="1368" HPOS="912"/>
							<String ID="string_240" HPOS="920" VPOS="1367" WIDTH="57" HEIGHT="28" WC="0.92" CONTENT="jern-"/>
						</TextLine>
						<TextLine ID="line_31" HPOS="217" VPOS="1402" WIDTH="759" HEIGHT="32">
							<String ID="string_241" HPOS="217" VPOS="1409" WIDTH="45" HEIGHT="25" WC="0.92" CONTENT="väg"/><SP WIDTH="23" VPOS="1409" HPOS="262"/>
							<String ID="string_242" HPOS="285" VPOS="1406" WIDTH="128" HEIGHT="28" WC="0.91" CONTENT="antagligen"/><SP WIDTH="19" VPOS="1406" HPOS="413"/>
							<String ID="string_243" HPOS="432" VPOS="1406" WIDTH="49" HEIGHT="22" WC="0.91" CONTENT="icke"/><SP WIDTH="21" VPOS="1406" HPOS="481"/>
							<String ID="string_244" HPOS="502" VPOS="1406" WIDTH="96" HEIGHT="21" WC="0.96" CONTENT="kommer"/><SP WIDTH="19" VPOS="1406" HPOS="598"/>
							<String ID="string_245" HPOS="617" VPOS="1406" WIDTH="34" HEIGHT="20" WC="0.96" CONTENT="att"/><SP WIDTH="14" VPOS="1406" HPOS="651"/>
							<String ID="string_246" HPOS="665" VPOS="1405" WIDTH="65" HEIGHT="21" WC="0.96" CONTENT="kosta"/><SP WIDTH="15" VPOS="1405" HPOS="730"/>
							<String ID="string_247" HPOS="745" VPOS="1406" WIDTH="26" HEIGHT="19" WC="0.96" CONTENT="18"/><SP WIDTH="15" VPOS="1406" HPOS="771"/>
							<String ID="string_248" HPOS="786" VPOS="1402" WIDTH="104" HEIGHT="28" WC="0.93" CONTENT="miljoner,"/><SP WIDTH="16" VPOS="1402" HPOS="890"/>
							<String ID="string_249" HPOS="906" VPOS="1402" WIDTH="70" HEIGHT="22" WC="0.92" CONTENT="säsom"/>
						</TextLine>
						<TextLine ID="line_32" HPOS="218" VPOS="1437" WIDTH="758" HEIGHT="31">
							<String ID="string_250" HPOS="218" VPOS="1441" WIDTH="116" HEIGHT="22" WC="0.96" CONTENT="Utskottet"/><SP WIDTH="21" VPOS="1441" HPOS="334"/>
							<String ID="string_251" HPOS="355" VPOS="1441" WIDTH="93" HEIGHT="27" WC="0.96" CONTENT="antagit,"/><SP WIDTH="23" VPOS="1441" HPOS="448"/>
							<String ID="string_252" HPOS="471" VPOS="1443" WIDTH="53" HEIGHT="19" WC="0.96" CONTENT="utan"/><SP WIDTH="22" VPOS="1443" HPOS="524"/>
							<String ID="string_253" HPOS="546" VPOS="1440" WIDTH="78" HEIGHT="22" WC="0.96" CONTENT="endast"/><SP WIDTH="15" VPOS="1440" HPOS="624"/>
							<String ID="string_254" HPOS="639" VPOS="1441" WIDTH="26" HEIGHT="19" WC="0.96" CONTENT="17"/><SP WIDTH="15" VPOS="1441" HPOS="665"/>
							<String ID="string_255" HPOS="680" VPOS="1438" WIDTH="106" HEIGHT="28" WC="0.96" CONTENT="miljoner."/><SP WIDTH="30" VPOS="1438" HPOS="786"/>
							<String ID="string_256" HPOS="816" VPOS="1437" WIDTH="11" HEIGHT="22" WC="0.83" CONTENT="I"/><SP WIDTH="15" VPOS="1437" HPOS="827"/>
							<String ID="string_257" HPOS="842" VPOS="1437" WIDTH="69" HEIGHT="21" WC="0.93" CONTENT="sådan"/><SP WIDTH="14" VPOS="1437" HPOS="911"/>
							<String ID="string_258" HPOS="925" VPOS="1437" WIDTH="51" HEIGHT="21" WC="0.93" CONTENT="hän-"/>
						</TextLine>
					</TextBlock>
					<TextBlock ID="block_6" HPOS="290" VPOS="1480" WIDTH="371" HEIGHT="18">
						<TextLine ID="line_33" HPOS="290" VPOS="1480" WIDTH="371" HEIGHT="18">
							<String ID="string_259" HPOS="290" VPOS="1480" WIDTH="150" HEIGHT="18" WC="0.89" CONTENT="Statsutskottets"/><SP WIDTH="14" VPOS="1480" HPOS="440"/>
							<String ID="string_260" HPOS="454" VPOS="1480" WIDTH="118" HEIGHT="18" WC="0.92" CONTENT="betänkande"/><SP WIDTH="12" VPOS="1480" HPOS="572"/>
							<String ID="string_261" HPOS="584" VPOS="1480" WIDTH="37" HEIGHT="17" WC="0.96" CONTENT="N:o"/><SP WIDTH="13" VPOS="1480" HPOS="621"/>
							<String ID="string_262" HPOS="634" VPOS="1480" WIDTH="27" HEIGHT="16" WC="0.96" CONTENT="14."/>
						</TextLine>
					</TextBlock>
				</ComposedBlock>
			</PrintSpace>
		</Page>
	</Layout>
</alto>
