1017 1670
398 140 34 21 N:o
452 140 36 21 34.
794 139 12 20 9

66 211 69 19 sättas
155 209 23 21 af
197 209 202 27 stadsfullmäktige,
416 209 38 21 der
471 210 79 20 sådane
568 209 75 26 finnas,
661 216 47 14 men
726 209 62 26 eljest
803 208 23 21 af

66 244 180 24 rådhusstämma,
269 246 56 19 samt
348 244 5 20 i
370 244 105 20 afseende
491 244 13 20 å
520 244 32 20 sin
569 244 136 26 förvaltning,
728 244 96 20 närmast

67 278 35 20 stå
116 278 68 21 under
200 278 154 26 Magistratens
371 278 108 20 inseende.

138 313 105 21 Beträdes
260 312 134 21 Ordförande
411 312 33 21 för
460 312 206 26 stadsfullmäktige,
684 313 51 20 eller
747 312 39 21 ock
798 312 26 21 de

67 347 154 27 myndigheter,
246 353 45 15 som
315 346 22 21 af
357 347 173 21 rådhusstämma
554 347 52 21 eller
627 346 196 26 stadsfullmäktige

68 382 111 25 tillsättas,
203 382 30 20 uti
256 381 125 25 utöfningen
406 381 22 21 af
452 382 64 20 deras
532 382 99 26 uppdrag
647 382 48 20 med
711 380 113 27 lagstridig

66 416 103 26 handling
185 416 23 20 af
222 416 111 25 uppenbar
349 416 137 20 vårdslöshet
502 416 54 20 eller
572 416 48 20 väld
637 416 51 20 eller
705 421 69 15 annan
789 414 34 21 så-

70 450 41 21 dan
128 450 71 25 orsak,
216 450 34 21 må
267 450 38 20 den
323 456 44 14 som
384 449 33 26 sig
434 449 91 21 sålunda
542 450 102 20 förbrutit
660 450 69 20 åtalas
740 449 35 20 vid
787 448 38 21 all-

68 487 48 18 män
133 484 92 21 domstol
237 484 39 21 och
288 484 49 21 böta
349 483 53 22 efter
414 484 130 21 förseelsens
557 484 154 21 beskaffenhet.
735 484 88 20 Ersätte

68 519 39 20 ock
127 519 27 20 all
177 519 67 20 skada
260 520 55 19 samt
331 525 49 13 vare
396 518 47 20 från
461 518 150 26 befattningen
628 518 62 25 skild,
707 525 33 13 om
757 517 66 21 saken

68 553 72 21 dertill
157 552 128 22 föranleder.

342 616 74 26 Enligt
436 616 60 20 Hans
517 616 121 26 Kejserliga
656 616 113 26 Majestäts
786 614 36 21 nå-

288 650 49 26 diga
361 650 123 26 befallning,
515 650 71 26 gifven
613 650 6 20 i
643 650 116 21 Gatschina
783 649 40 21 den

273 683 17 22 21
300 679 68 30 Januari
402 692 53 19 1828

281 708 8 13 2
299 707 77 14 Februari

329 834 39 17 T.
390 834 180 17 BRUUN.

504 937 34 22 Ch.
556 937 39 21 Em.
612 937 20 21 af
647 937 117 21 Frosterus.
