1017 1673
220 124 26 21 12

415 124 65 26 Ständ.
496 125 30 25 Sv.
543 138 25 3 —
585 125 54 31 Prop.
654 126 30 24 N:o
698 125 33 25 86.

327 200 80 20 person
422 194 53 21 eller
490 194 110 28 egendom,
616 194 98 21 hörande
730 194 36 21 till
775 194 62 27 finsk
852 197 72 25 trupp,
945 195 8 20 i

331 227 71 22 denna
418 229 36 27 lag
464 228 74 28 finnes
554 228 111 28 stadgadt.

617 286 16 28 $
648 288 21 19 7.

400 325 74 29 Begär
488 326 80 28 nägon,
582 333 47 15 som
649 326 62 28 lyder
726 326 70 21 under
818 326 70 21 denna
910 326 44 28 läg,

332 359 56 22 brott
403 360 29 21 dä
447 360 45 22 han
508 360 95 28 befinner
617 361 34 28 sig
666 363 59 19 utom
752 360 74 22 landet
848 360 36 21 vid
893 360 62 28 finsk

333 396 65 25 trupp
414 395 51 21 eller
479 395 189 28 kommendering;
693 395 66 21 varde
774 394 96 27 straffad
883 395 71 21 såsom

332 434 34 14 om
379 427 146 30 förbrytelsen
540 429 56 21 hade
611 430 59 20 inom
682 429 75 21 landet
761 428 120 28 föröfvats.
904 428 49 29 Lag

332 469 84 14 samma
431 470 56 20 vare,
504 470 34 14 om
553 464 73 27 någon
642 464 61 27 eljest
720 466 57 19 utom
796 463 74 22 landet
884 463 72 28 begått

334 497 206 29 tjensteförbrytelse
564 498 39 21 och
629 497 76 28 derför
730 498 46 21 icke
800 501 58 18 utom
882 498 74 21 landet

334 532 64 21 dömd
413 531 78 27 blifvit.

619 585 15 27 $
648 585 22 21 8.

403 624 111 25 Föröfvar
534 625 78 27 någon,
636 631 46 14 som
705 626 27 19 är
754 624 148 21 underkastad
925 625 31 20 be-

334 659 163 21 stämmelserna
513 659 8 20 i
536 659 72 21 denna
624 660 44 27 lag,
684 659 64 24 brott,
764 659 80 21 hvilket
858 659 21 27 ej
898 659 59 21 inne-

330 692 77 27 fattar
431 693 225 28 militärförbrytelse;
682 693 66 21 varde
774 693 64 22 dömd
863 693 35 22 till
922 694 35 21 det

334 727 71 28 straff,
421 728 81 21 allmän
520 729 37 26 lag
566 727 43 28 för
625 728 78 21 brottet
717 728 99 27 stadgar.

606 803 16 18 2
634 803 54 22 Kap.

480 854 36 23 Om
533 854 65 24 straff
614 855 57 23 efter
687 854 70 23 denna
774 854 41 28 lag.

622 913 16 26 $
652 914 21 19 9.

405 951 47 21 För
470 951 56 22 brott
548 955 54 18 emot
625 952 71 21 denna
714 952 37 27 lag
774 951 60 21 skola
854 950 105 28 följande

337 985 67 28 straff
417 986 123 27 tillämpas:

406 1021 33 20 1:o
455 1020 133 27 Dödsstraff.

404 1056 36 19 2:0
459 1055 170 27 Tukthusstraff.

405 1090 35 20 3:o
454 1089 113 28 Fängelse.

405 1125 33 19 4:o
454 1123 132 28 Afsättning
595 1123 60 27 från
671 1123 73 28 tjenst.

405 1158 34 21 5:0
458 1157 184 27 Förafskedande.

406 1192 34 21 6:0
456 1193 73 20 Böter.

405 1228 34 19 7:o
454 1226 187 28 Ordningsstraf.

409 1260 43 21 Vid
466 1261 121 20 ädömande
597 1261 30 26 af
638 1260 97 21 tukthus-
747 1259 39 21 och
791 1258 173 29 fängelsestraff

337 1295 37 20 bör
397 1295 39 20 ock
457 1295 111 28 iakttagas
590 1295 57 21 hvad
662 1295 9 20 i
686 1296 35 24 $$
744 1295 30 20 12
798 1293 38 21 och
859 1293 29 20 14
897 1292 62 27 före-

335 1328 91 27 skrifves
441 1330 71 21 såsom
521 1329 98 21 särskild
626 1328 94 29 påföljd
731 1327 30 27 af
768 1328 26 21 de
804 1327 48 22 med
862 1327 98 21 nämnda

336 1363 68 28 straff
416 1363 92 28 belagda
524 1363 63 22 brott.

405 1398 35 21 De
464 1398 69 21 under
554 1405 62 14 mom.
643 1399 59 20 1—6
727 1395 145 29 uppräknade
894 1396 70 27 straf

336 1433 73 21 kunna
426 1433 44 20 icke
484 1432 113 21 användas
612 1431 144 22 annorlunda
777 1434 29 18 än
828 1429 56 27 efter
902 1429 59 22 dom-
