1048 1689
410 129 22 22 U.
449 130 23 23 B.
488 144 28 3 —
531 133 65 30 Prop.
613 135 37 23 N:o
666 137 36 23 40.

384 256 229 41 Statsutskottets
638 268 108 32 förslag
768 272 36 23 till
826 273 111 25 definitivt

315 293 159 26 fastställande
489 299 26 22 af
527 301 103 29 anslaget
643 303 37 23 till
690 305 142 26 bestridande
843 309 26 22 af
876 310 59 23 kost-

314 328 100 24 naderna
428 331 38 23 för
480 333 73 24 finska
568 336 118 25 militären.

244 379 37 21 Uti
296 380 148 25 betänkandet
457 385 40 22 N:o
516 389 32 26 11,
565 395 46 16 som
626 390 23 22 af
663 393 100 28 samtliga
778 396 91 23 ständen
880 399 54 26 god-

176 412 70 28 känts,
270 414 39 22 har
331 416 177 32 Statsutskottet,
529 423 69 23 under
613 424 155 32 förutsättning
784 431 32 21 att
832 431 48 23 dess
896 433 38 22 be-

176 448 107 23 tänkande
298 450 40 22 N:o
355 454 18 25 3,
391 454 111 27 angående
519 458 141 28 upphörande
676 462 22 22 af
712 463 26 22 de
752 464 46 23 från
814 467 119 23 rusthållen

176 485 56 19 samt
249 486 100 22 roterade
369 487 100 25 hemman
489 492 40 22 och
545 493 157 25 båtsmanshåll
717 499 109 27 utgående
842 502 91 23 vakans-

175 517 86 28 afgifter
283 526 26 16 m.
326 528 34 21 m.,
381 530 70 16 vunne
472 527 131 24 ständernas
616 530 66 29 bifall,
698 532 112 30 föreslagit
825 538 33 20 att
873 539 60 21 stän-

175 552 65 23 derna
260 554 70 23 skulle
349 557 73 23 såsom
437 560 94 24 tillskott
547 564 32 21 till
594 565 166 25 militiefondens
778 570 106 24 ordinarie
899 573 32 21 in-

174 586 95 24 komster
283 589 34 23 för
331 591 139 25 bestridande
487 596 23 22 af
524 597 27 22 de
566 599 94 23 militära
675 602 117 28 utgifterna
808 606 68 22 under
888 609 43 21 tre-

174 622 137 28 årsperioden
330 628 140 24 1883—1885
486 632 74 22 anvisa
571 640 26 15 en
609 641 83 17 summa
702 638 23 21 af
735 640 127 27 11,028,890
870 643 61 21 mark

174 658 26 20 82
216 659 70 25 penni.
317 660 49 23 Men
389 664 67 22 sedan
481 666 37 22 två
542 668 64 22 stånd
625 672 87 22 stannat
727 676 45 19 mot
788 675 36 21 två
838 677 93 23 rörande

173 688 134 36 sistnämnda
327 696 144 30 betänkande,
492 707 47 16 som
560 704 91 23 sålunda
665 706 63 28 fallit,
744 711 56 20 samt
815 711 115 23 vakansaf-

172 726 91 27 gifterne
278 729 7 21 i
300 729 52 29 följd
368 732 63 22 deraf
443 734 87 24 komma
545 739 33 20 att
593 738 143 26 oförändrade
747 744 59 26 utgå,
818 744 39 22 bör
867 746 63 22 äfven

173 762 66 26 sagda
254 769 82 17 summa
351 767 49 21 med
416 768 102 24 afseende
535 772 52 22 derå
601 775 117 23 nedsättas.
746 778 112 24 Utskottet
873 781 56 23 hade

172 796 103 24 beräknat
298 800 197 30 vakansafsifterna
514 807 41 21 och
575 808 26 22 de
617 809 32 22 till
664 810 128 31 indragning
807 814 122 29 föreslagna

171 832 205 26 rusthällsräntorna
386 836 33 23 för
428 838 51 23 åren
490 843 141 23 1883—1885
642 845 32 22 till
687 848 111 26 1,445,000
807 851 17 23 +
836 852 93 25 590,000

173 868 23 23 +
207 869 91 25 645,000
321 872 60 20 mark
393 881 21 9 =
426 875 115 26 2,680,000
563 879 67 27 mark,
652 880 27 22 dä
700 881 96 23 deremot
812 884 26 22 de
854 884 75 23 fortfa-

170 902 67 21 rande
262 905 107 25 utgäende
395 908 196 30 vakansafoifterna
616 916 78 26 utgöra
719 918 11 20 3
743 919 23 23 X
779 920 112 26 1,445,000
903 930 22 10 =

172 938 113 26 4,335,000
307 941 66 21 mark.
406 942 116 25 Skilnaden
548 949 112 25 1,655,000
682 952 61 21 mark
762 952 40 22 bör
817 954 65 22 alltsä
896 955 32 22 af-

171 971 78 28 dragas
271 973 46 22 frän
339 976 40 21 den
396 983 83 17 summa
494 980 24 22 af
533 983 127 27 11,028,890
676 987 60 21 mark
751 989 27 20 82
793 990 71 26 penni,
881 996 47 16 som

171 1008 116 22 ständerna
309 1010 27 27 pä
359 1013 68 25 grund
448 1014 22 21 af
489 1015 181 26 Statsutskottets
691 1021 137 24 betänkande
844 1024 40 22 N:o
902 1028 24 19 11

170 1040 33 22 för
225 1043 92 23 militära
339 1046 67 22 behof
427 1049 90 28 anvisat,
537 1051 7 21 i
559 1051 52 29 följd
626 1053 76 23 hvaraf
716 1056 36 22 det
768 1057 106 29 behöfliga
889 1060 38 22 be-

170 1076 73 28 loppet
259 1078 90 23 sälunda
363 1083 65 25 utgör
444 1085 114 26 9,373,890
574 1088 60 21 mark
650 1091 27 20 82
692 1091 70 26 penni.

237 1112 30 22 Pä
282 1115 69 25 grund
366 1115 64 23 häraf
442 1117 34 22 fär
491 1120 113 23 Utskottet
620 1124 109 23 vördsamt
744 1126 80 23 föreslä

341 1158 31 19 att
389 1158 119 23 ständerna
525 1162 73 22 säsom
614 1164 88 22 tillskott
717 1166 32 21 till
763 1164 165 35 militiefondens

272 1189 105 22 ordinarie
391 1192 115 23 inkomster
520 1195 35 27 för
570 1196 132 25 bestridande
717 1201 27 26 af
754 1201 26 21 de
789 1202 94 23 militära
892 1206 35 20 ut-

269 1223 92 27 gifterna
383 1226 68 22 under
472 1230 171 27 treärsperioden
659 1233 153 24 1883—1885
826 1238 47 21 ville
888 1246 39 14 an-

271 1258 46 21 visa
339 1266 24 14 en
381 1267 83 16 summa
486 1264 27 26 af
524 1266 126 26 9,373,890
665 1269 59 21 mark
741 1271 30 20 82
784 1272 71 27 penni,
872 1275 53 20 mot-

269 1294 104 21 svarande
398 1298 29 18 ett
449 1297 65 27 årligt
536 1300 74 28 anslag
633 1302 27 26 af
679 1304 121 26 3,124,680
820 1307 59 21 mark
893 1309 34 20 27

266 1328 73 25 penni.

235 1360 140 30 Helsingfors,
393 1364 42 22 den
454 1368 8 19 1
480 1366 51 23 Juni
550 1371 61 22 1882.

235 1435 76 24 Bihang
325 1438 30 17 till
367 1438 153 21 Statsutskottets
533 1443 116 19 betänkande
662 1446 36 18 N:o
712 1448 26 17 11.

294 1488 107 19 Helsingfors,
411 1491 61 14 Finska
481 1493 186 20 Litteratursällskapets
677 1499 70 16 tryckeri
757 1501 38 12 1882.
