1014 1673
408 106 34 21 N:o
462 105 35 22 39.
790 106 11 19 7

149 175 17 20 9.
198 173 97 21 Lindula
312 174 172 27 donationsgods.
516 174 29 21 Af
560 174 59 21 detta
635 174 121 27 betydande
772 173 60 27 gods,

75 215 48 14 som
141 208 101 21 omfattar
265 208 48 21 hela
328 208 106 21 Kivinebb
459 208 77 21 socken
561 209 48 20 med
626 215 24 14 en
673 208 123 27 folkmängd
812 207 23 22 af

75 249 45 14 mer
140 245 25 18 än
189 243 63 25 8,000
275 248 104 21 personer
398 243 39 20 och
458 249 33 14 om
508 243 64 20 hvars
593 243 82 20 inlösen
700 243 131 26 mängäriga,

74 277 109 20 fruktlösa
210 277 202 26 underhandlingar,
436 277 28 26 pä
488 279 44 19 sätt
554 277 7 20 i
584 277 244 26 Finansexpeditionens

76 311 60 21 förra
160 311 91 21 relation
274 311 143 26 omförmäles,
442 313 36 24 egt
493 318 53 19 rum,
563 312 90 21 inlöstes
677 312 23 20 är
719 313 51 20 1879
790 311 42 21 alla

75 346 170 26 landboskapen,
263 346 51 20 eller
338 346 109 27 53,':dels
469 347 79 20 mantal
573 347 48 20 med
644 353 26 14 en
694 346 91 25 egovidd
810 345 23 21 af

77 381 79 25 96,400
165 381 110 25 tunnland,
286 380 34 21 för
329 387 24 14 en
363 380 144 27 köpeskilling
519 381 23 20 af
551 381 113 26 2,340,684
676 381 60 20 mark
747 381 26 20 68
782 386 50 21 pen-

75 415 29 26 ni,
117 421 45 14 som
178 415 136 20 utbetalades
330 421 25 14 ur
371 415 207 21 donationsfondens
595 415 74 20 medel.
700 415 66 20 Detta
782 414 50 27 pris,

75 449 127 27 uppgäende
218 449 31 20 till
267 451 98 19 närmare
382 450 25 20 24
416 449 62 21 mark
487 451 27 20 30
522 450 63 26 penni
595 449 33 21 för
642 449 134 27 tunnlandet,
789 449 41 20 kan

76 484 39 25 väl,
141 484 46 21 med
204 483 99 21 afseende
320 484 12 20 &
347 484 88 26 godsets
455 484 48 26 läge
518 484 7 21 i
542 484 103 21 närheten
661 484 23 21 af
699 484 31 21 S:t
746 483 85 21 Peters-

78 518 60 26 burg,
155 519 6 20 i
178 518 38 21 och
228 518 33 21 för
271 519 32 26 sig
315 518 46 21 icke
372 525 62 14 anses
446 525 52 14 vara
508 518 34 21 för
552 519 58 25 högt,
622 519 39 20 och
672 519 36 20 det
726 517 104 27 erbjudna

75 553 96 20 tillfället
185 555 32 18 att
233 553 109 26 ändtligen
359 553 83 26 reglera
458 553 279 20 donationsförhällandena
752 552 12 21 å
776 552 50 20 den-

77 593 27 14 na
120 590 34 18 ort
169 587 6 20 i
193 587 39 20 den
249 587 100 26 rigtning,
372 587 60 21 Hans
452 587 122 27 Kejserliga
590 587 102 27 Majestät
708 587 38 21 och
763 587 62 20 Stän-

76 621 65 21 derna
157 622 102 25 utstakat,
276 622 70 20 kunde
363 621 46 22 icke
425 622 68 21 heller
513 622 81 21 lemnas
617 622 141 26 obegagnadt,
782 627 48 14 men

76 656 36 21 det
127 655 126 27 öfverstiger
269 656 53 21 dock
338 657 6 20 i
360 656 46 21 icke
422 657 62 25 ringa
500 657 48 20 män
564 657 40 20 den
616 657 65 25 lösen,
694 656 132 21 landboarne

76 691 97 26 pröfvats
196 691 71 20 kunna
283 690 33 21 för
332 691 46 20 sina
394 691 155 20 innehafvande
573 691 124 26 lägenheter
713 691 32 20 till
762 692 67 18 stats-

76 725 75 21 verket
166 725 92 26 erlägga.
289 725 30 20 Pä
335 725 36 21 det
381 726 32 20 att
424 725 70 26 nägon
506 725 120 27 betydande
642 725 78 21 förlust
730 724 97 21 emeller-

76 759 32 21 tid
123 759 46 21 icke
193 760 65 20 mätte
281 760 81 20 drabba
385 760 194 20 donationsfonden
601 760 38 20 och
654 760 106 20 försämra
777 759 49 20 dess

77 794 108 26 ställning,
209 794 38 20 har
269 794 60 21 Hans
353 794 121 26 Kejserliga
496 794 108 27 Majestät,
628 794 27 26 pä
675 794 73 21 derom
768 793 62 26 gjord

76 828 133 27 underdänig
231 828 162 27 framställning,
416 828 72 21 täckts
508 829 6 20 i
531 829 66 20 näder
618 828 75 26 tilläta,
714 830 33 19 att
762 828 26 20 de
803 834 26 14 ur

77 863 191 20 donationsfonden
285 863 33 20 för
334 863 76 26 godset
426 863 124 21 utbetalade
572 864 83 20 medlen
671 863 55 26 finge
742 862 86 27 päföras

77 897 107 20 allmänna
207 897 139 26 statsfonden,
370 898 33 21 för
419 898 64 21 hvars
500 898 91 27 räkning
607 899 59 20 detta
682 898 53 26 gods
751 897 6 20 i
777 897 53 26 följd

77 931 62 21 häraf
153 938 88 15 numera
257 932 109 21 förvaltas.

150 961 129 26 Äterstoden
302 967 23 20 af
346 967 82 26 godset,
458 967 116 21 bestäende
601 967 188 25 hufvudsakligast
811 965 23 21 af

79 1001 134 26 skogsmark,
231 1007 48 20 eges
295 1001 33 21 för
344 1001 135 21 närvarande
494 1001 22 21 af
531 1003 31 19 ett
580 1001 113 21 utländskt
705 1001 69 26 bolag,
786 1006 45 15 som

77 1041 91 15 numera
183 1035 105 21 förklarat
303 1036 33 26 sig
351 1036 69 26 villigt
436 1038 34 18 att
485 1036 33 21 till
534 1036 131 21 statsverket
680 1035 89 26 försälja
780 1034 50 21 den-

79 1076 86 14 samma.
195 1069 49 22 Men
267 1070 68 21 ehuru
358 1071 32 20 väl
415 1070 162 21 förvärfvandet
600 1070 22 21 af
636 1070 69 21 denna
724 1069 105 25 äterstod,

79 1104 103 21 särskiidt
197 1104 34 21 för
246 1105 190 21 ästadkommande
452 1105 24 20 af
490 1107 31 19 ett
536 1105 99 26 lämpligt
651 1103 119 24 storskifte,
780 1109 52 15 vore

78 1138 101 26 önskligt,
195 1139 64 20 hafva
274 1139 52 21 dock
344 1139 225 27 underhandlingarne
585 1139 79 26 derom,
680 1139 48 21 med
747 1138 83 21 afseen-

78 1173 27 20 de
120 1173 12 20 &
149 1173 36 20 det
200 1173 55 26 höga
270 1174 52 26 pris,
340 1173 84 27 bolaget
440 1174 104 26 uppstält,
564 1174 106 21 härintills
682 1173 47 21 icke
740 1172 45 22 ledt
796 1172 33 21 till

77 1207 71 21 mälet.

150 1242 31 21 10.
211 1241 115 28 Leinikylä
348 1242 52 27 gods
416 1242 6 21 i
438 1242 84 21 Rautus
540 1242 84 21 socken.
655 1242 29 21 Af
698 1242 60 21 detta
768 1241 61 26 gods,

77 1282 34 15 om
126 1276 76 21 inalles
225 1277 95 27 211:dels
336 1277 86 26 mantal,
443 1277 88 26 erbjöds
550 1277 130 20 statsverket
696 1277 33 20 till
745 1275 84 21 inlösen

77 1310 34 21 för
136 1311 90 26 100,000
249 1311 61 20 rubel
334 1313 80 19 största
438 1311 62 21 delen
524 1311 53 21 eller
599 1312 27 20 20
641 1311 80 21 mantal
741 1309 48 22 med
805 1315 26 15 en

78 1345 57 21 areal
151 1345 23 21 af
187 1346 61 26 8,171
266 1346 103 20 tunnland
385 1347 55 20 samt
457 1352 27 14 en
499 1345 124 27 folkmängd
634 1346 22 21 af
666 1347 40 19 636
718 1349 110 23 personer,

78 1379 110 21 fördelade
204 1380 13 20 &
231 1381 27 20 93
274 1380 134 27 landboskap
425 1380 39 21 och
481 1381 13 20 8
510 1380 180 27 torplägenheter.
722 1379 34 21 Dä
772 1379 60 20 detta

77 1414 45 26 pris
146 1414 65 21 likväl
234 1414 78 27 ansägs
335 1414 34 21 för
392 1415 58 26 högt,
468 1414 111 21 nedsattes
596 1414 118 21 detsamma
730 1413 101 26 slutligen
