<?xml version="1.0" encoding="UTF-8"?>
<alto xmlns="http://www.loc.gov/standards/alto/ns-v3#" xmlns:xlink="http://www.w3.org/1999/xlink" xmlns:xsi="http://www.w3.org/2001/XMLSchema-instance" xsi:schemaLocation="http://www.loc.gov/standards/alto/ns-v3# http://www.loc.gov/alto/v3/alto-3-0.xsd">
	<Description>
		<MeasurementUnit>pixel</MeasurementUnit>
		<sourceImageInformation>
			<fileName>/tmp/tess_tuxmdbqr_input.PNG</fileName>
		</sourceImageInformation>
		<OCRProcessing ID="OCR_0">
			<ocrProcessingStep>
				<processingSoftware>
					<softwareName>tesseract 5.3.4</softwareName>
				</processingSoftware>
			</ocrProcessingStep>
		</OCRProcessing>
	</Description>
	<Layout>
		<Page WIDTH="1023" HEIGHT="1670" PHYSICAL_IMG_NR="0" ID="page_0">
			<PrintSpace HPOS="0" VPOS="0" WIDTH="1023" HEIGHT="1670">
				<ComposedBlock ID="cblock_0" HPOS="249" VPOS="121" WIDTH="539" HEIGHT="27">
					<TextBlock ID="block_0" HPOS="249" VPOS="121" WIDTH="539" HEIGHT="27">
						<TextLine ID="line_0" HPOS="249" VPOS="121" WIDTH="539" HEIGHT="27">
							<String ID="string_0" HPOS="249" VPOS="121" WIDTH="82" HEIGHT="23" WC="0.90" CONTENT="Ständ."/><SP WIDTH="16" VPOS="121" HPOS="331"/>
							<String ID="string_1" HPOS="347" VPOS="121" WIDTH="37" HEIGHT="23" WC="0.93" CONTENT="Sv."/><SP WIDTH="17" VPOS="121" HPOS="384"/>
							<String ID="string_2" HPOS="401" VPOS="134" WIDTH="27" HEIGHT="3" WC="0.91" CONTENT="—"/><SP WIDTH="15" VPOS="134" HPOS="428"/>
							<String ID="string_3" HPOS="443" VPOS="121" WIDTH="72" HEIGHT="27" WC="0.94" CONTENT="Prop."/><SP WIDTH="16" VPOS="121" HPOS="515"/>
							<String ID="string_4" HPOS="531" VPOS="121" WIDTH="41" HEIGHT="22" WC="0.96" CONTENT="N:o"/><SP WIDTH="15" VPOS="121" HPOS="572"/>
							<String ID="string_5" HPOS="587" VPOS="121" WIDTH="36" HEIGHT="22" WC="0.96" CONTENT="38."/><SP WIDTH="138" VPOS="121" HPOS="623"/>
							<String ID="string_6" HPOS="761" VPOS="123" WIDTH="27" HEIGHT="20" WC="0.96" CONTENT="45"/>
						</TextLine>
					</TextBlock>
				</ComposedBlock>
				<ComposedBlock ID="cblock_1" HPOS="59" VPOS="183" WIDTH="758" HEIGHT="366">
					<TextBlock ID="block_1" HPOS="59" VPOS="183" WIDTH="758" HEIGHT="366">
						<TextLine ID="line_1" HPOS="59" VPOS="183" WIDTH="757" HEIGHT="28">
							<String ID="string_7" HPOS="59" VPOS="185" WIDTH="164" HEIGHT="22" WC="0.91" CONTENT="landskontoret"/><SP WIDTH="24" VPOS="185" HPOS="223"/>
							<String ID="string_8" HPOS="247" VPOS="191" WIDTH="50" HEIGHT="20" WC="0.95" CONTENT="eger"/><SP WIDTH="22" VPOS="191" HPOS="297"/>
							<String ID="string_9" HPOS="319" VPOS="184" WIDTH="64" HEIGHT="21" WC="0.95" CONTENT="ställa"/><SP WIDTH="21" VPOS="184" HPOS="383"/>
							<String ID="string_10" HPOS="404" VPOS="184" WIDTH="32" HEIGHT="27" WC="0.96" CONTENT="sig"/><SP WIDTH="15" VPOS="184" HPOS="436"/>
							<String ID="string_11" HPOS="451" VPOS="184" WIDTH="33" HEIGHT="21" WC="0.92" CONTENT="till"/><SP WIDTH="16" VPOS="184" HPOS="484"/>
							<String ID="string_12" HPOS="500" VPOS="183" WIDTH="145" HEIGHT="22" WC="0.92" CONTENT="efterrättelse"/><SP WIDTH="16" VPOS="183" HPOS="645"/>
							<String ID="string_13" HPOS="661" VPOS="184" WIDTH="56" HEIGHT="21" WC="0.93" CONTENT="hvad"/><SP WIDTH="15" VPOS="184" HPOS="717"/>
							<String ID="string_14" HPOS="732" VPOS="183" WIDTH="84" HEIGHT="22" WC="0.92" CONTENT="författ-"/>
						</TextLine>
						<TextLine ID="line_2" HPOS="59" VPOS="217" WIDTH="757" HEIGHT="30">
							<String ID="string_15" HPOS="59" VPOS="220" WIDTH="106" HEIGHT="27" WC="0.90" CONTENT="ningarne"/><SP WIDTH="22" VPOS="220" HPOS="165"/>
							<String ID="string_16" HPOS="187" VPOS="218" WIDTH="96" HEIGHT="28" WC="0.91" CONTENT="påbjuda"/><SP WIDTH="23" VPOS="218" HPOS="283"/>
							<String ID="string_17" HPOS="306" VPOS="225" WIDTH="35" HEIGHT="14" WC="0.92" CONTENT="om"/><SP WIDTH="15" VPOS="225" HPOS="341"/>
							<String ID="string_18" HPOS="356" VPOS="217" WIDTH="165" HEIGHT="28" WC="0.91" CONTENT="halfårsförslag"/><SP WIDTH="15" VPOS="217" HPOS="521"/>
							<String ID="string_19" HPOS="536" VPOS="220" WIDTH="55" HEIGHT="19" WC="0.93" CONTENT="samt"/><SP WIDTH="16" VPOS="220" HPOS="591"/>
							<String ID="string_20" HPOS="607" VPOS="217" WIDTH="163" HEIGHT="28" WC="0.91" CONTENT="årsräkningars"/><SP WIDTH="16" VPOS="217" HPOS="770"/>
							<String ID="string_21" HPOS="786" VPOS="217" WIDTH="30" HEIGHT="22" WC="0.91" CONTENT="af-"/>
						</TextLine>
						<TextLine ID="line_3" HPOS="60" VPOS="251" WIDTH="757" HEIGHT="30">
							<String ID="string_22" HPOS="60" VPOS="254" WIDTH="107" HEIGHT="27" WC="0.92" CONTENT="gifvande,"/><SP WIDTH="24" VPOS="254" HPOS="167"/>
							<String ID="string_23" HPOS="191" VPOS="253" WIDTH="82" HEIGHT="27" WC="0.93" CONTENT="åligger"/><SP WIDTH="18" VPOS="253" HPOS="273"/>
							<String ID="string_24" HPOS="291" VPOS="252" WIDTH="203" HEIGHT="21" WC="0.91" CONTENT="landskamreraren"/><SP WIDTH="15" VPOS="252" HPOS="494"/>
							<String ID="string_25" HPOS="509" VPOS="252" WIDTH="49" HEIGHT="21" WC="0.93" CONTENT="föra"/><SP WIDTH="13" VPOS="252" HPOS="558"/>
							<String ID="string_26" HPOS="571" VPOS="251" WIDTH="143" HEIGHT="22" WC="0.91" CONTENT="förenämnda"/><SP WIDTH="15" VPOS="251" HPOS="714"/>
							<String ID="string_27" HPOS="729" VPOS="252" WIDTH="88" HEIGHT="22" WC="0.91" CONTENT="anteck-"/>
						</TextLine>
						<TextLine ID="line_4" HPOS="61" VPOS="286" WIDTH="755" HEIGHT="29">
							<String ID="string_28" HPOS="61" VPOS="288" WIDTH="108" HEIGHT="27" WC="0.90" CONTENT="ningsbok"/><SP WIDTH="22" VPOS="288" HPOS="169"/>
							<String ID="string_29" HPOS="191" VPOS="289" WIDTH="55" HEIGHT="20" WC="0.95" CONTENT="samt"/><SP WIDTH="23" VPOS="289" HPOS="246"/>
							<String ID="string_30" HPOS="269" VPOS="287" WIDTH="105" HEIGHT="27" WC="0.95" CONTENT="upprätta"/><SP WIDTH="23" VPOS="287" HPOS="374"/>
							<String ID="string_31" HPOS="397" VPOS="286" WIDTH="43" HEIGHT="21" WC="0.96" CONTENT="alla"/><SP WIDTH="19" VPOS="286" HPOS="440"/>
							<String ID="string_32" HPOS="459" VPOS="286" WIDTH="124" HEIGHT="27" WC="0.93" CONTENT="räkningar,"/><SP WIDTH="21" VPOS="286" HPOS="583"/>
							<String ID="string_33" HPOS="604" VPOS="286" WIDTH="105" HEIGHT="27" WC="0.92" CONTENT="förslager"/><SP WIDTH="15" VPOS="286" HPOS="709"/>
							<String ID="string_34" HPOS="724" VPOS="287" WIDTH="39" HEIGHT="20" WC="0.93" CONTENT="och"/><SP WIDTH="15" VPOS="287" HPOS="763"/>
							<String ID="string_35" HPOS="778" VPOS="294" WIDTH="38" HEIGHT="14" WC="0.92" CONTENT="an-"/>
						</TextLine>
						<TextLine ID="line_5" HPOS="62" VPOS="321" WIDTH="754" HEIGHT="29">
							<String ID="string_36" HPOS="62" VPOS="323" WIDTH="117" HEIGHT="27" WC="0.96" CONTENT="ordningar"/><SP WIDTH="15" VPOS="323" HPOS="179"/>
							<String ID="string_37" HPOS="194" VPOS="323" WIDTH="51" HEIGHT="20" WC="0.96" CONTENT="med"/><SP WIDTH="14" VPOS="323" HPOS="245"/>
							<String ID="string_38" HPOS="259" VPOS="328" WIDTH="60" HEIGHT="15" WC="0.96" CONTENT="mera"/><SP WIDTH="16" VPOS="328" HPOS="319"/>
							<String ID="string_39" HPOS="335" VPOS="321" WIDTH="60" HEIGHT="22" WC="0.96" CONTENT="öfver"/><SP WIDTH="15" VPOS="321" HPOS="395"/>
							<String ID="string_40" HPOS="410" VPOS="321" WIDTH="7" HEIGHT="20" WC="0.93" CONTENT="i"/><SP WIDTH="15" VPOS="321" HPOS="417"/>
							<String ID="string_41" HPOS="432" VPOS="321" WIDTH="169" HEIGHT="21" WC="0.91" CONTENT="landtränteriet"/><SP WIDTH="16" VPOS="321" HPOS="601"/>
							<String ID="string_42" HPOS="617" VPOS="321" WIDTH="107" HEIGHT="27" WC="0.92" CONTENT="befintligt"/><SP WIDTH="20" VPOS="321" HPOS="724"/>
							<String ID="string_43" HPOS="744" VPOS="321" WIDTH="72" HEIGHT="21" WC="0.92" CONTENT="karta-"/>
						</TextLine>
						<TextLine ID="line_6" HPOS="62" VPOS="355" WIDTH="754" HEIGHT="27">
							<String ID="string_44" HPOS="62" VPOS="357" WIDTH="82" HEIGHT="22" WC="0.95" CONTENT="förråd."/><SP WIDTH="31" VPOS="357" HPOS="144"/>
							<String ID="string_45" HPOS="175" VPOS="356" WIDTH="45" HEIGHT="21" WC="0.96" CONTENT="Och"/><SP WIDTH="23" VPOS="356" HPOS="220"/>
							<String ID="string_46" HPOS="243" VPOS="356" WIDTH="41" HEIGHT="25" WC="0.96" CONTENT="må,"/><SP WIDTH="24" VPOS="356" HPOS="284"/>
							<String ID="string_47" HPOS="308" VPOS="356" WIDTH="28" HEIGHT="21" WC="0.95" CONTENT="då"/><SP WIDTH="22" VPOS="356" HPOS="336"/>
							<String ID="string_48" HPOS="358" VPOS="356" WIDTH="78" HEIGHT="20" WC="0.96" CONTENT="sådant"/><SP WIDTH="15" VPOS="356" HPOS="436"/>
							<String ID="string_49" HPOS="451" VPOS="355" WIDTH="39" HEIGHT="21" WC="0.94" CONTENT="allt"/><SP WIDTH="16" VPOS="355" HPOS="490"/>
							<String ID="string_50" HPOS="506" VPOS="355" WIDTH="71" HEIGHT="22" WC="0.93" CONTENT="blifvit"/><SP WIDTH="14" VPOS="355" HPOS="577"/>
							<String ID="string_51" HPOS="591" VPOS="355" WIDTH="163" HEIGHT="27" WC="0.91" CONTENT="vederbörligen"/><SP WIDTH="15" VPOS="355" HPOS="754"/>
							<String ID="string_52" HPOS="769" VPOS="355" WIDTH="47" HEIGHT="21" WC="0.91" CONTENT="full-"/>
						</TextLine>
						<TextLine ID="line_7" HPOS="61" VPOS="389" WIDTH="755" HEIGHT="30">
							<String ID="string_53" HPOS="61" VPOS="391" WIDTH="73" HEIGHT="28" WC="0.92" CONTENT="gjordt"/><SP WIDTH="14" VPOS="391" HPOS="134"/>
							<String ID="string_54" HPOS="148" VPOS="393" WIDTH="55" HEIGHT="19" WC="0.96" CONTENT="samt"/><SP WIDTH="22" VPOS="393" HPOS="203"/>
							<String ID="string_55" HPOS="225" VPOS="390" WIDTH="96" HEIGHT="21" WC="0.95" CONTENT="kronans"/><SP WIDTH="16" VPOS="390" HPOS="321"/>
							<String ID="string_56" HPOS="337" VPOS="391" WIDTH="44" HEIGHT="20" WC="0.96" CONTENT="rätt"/><SP WIDTH="15" VPOS="391" HPOS="381"/>
							<String ID="string_57" HPOS="396" VPOS="389" WIDTH="117" HEIGHT="27" WC="0.96" CONTENT="behörigen"/><SP WIDTH="16" VPOS="389" HPOS="513"/>
							<String ID="string_58" HPOS="529" VPOS="389" WIDTH="99" HEIGHT="22" WC="0.96" CONTENT="bevakad"/><SP WIDTH="16" VPOS="389" HPOS="628"/>
							<String ID="string_59" HPOS="644" VPOS="389" WIDTH="39" HEIGHT="22" WC="0.96" CONTENT="och"/><SP WIDTH="15" VPOS="389" HPOS="683"/>
							<String ID="string_60" HPOS="698" VPOS="390" WIDTH="118" HEIGHT="26" WC="0.96" CONTENT="iakttagen,"/>
						</TextLine>
						<TextLine ID="line_8" HPOS="60" VPOS="423" WIDTH="757" HEIGHT="27">
							<String ID="string_61" HPOS="60" VPOS="425" WIDTH="9" HEIGHT="21" WC="0.93" CONTENT="i"/><SP WIDTH="21" VPOS="425" HPOS="69"/>
							<String ID="string_62" HPOS="90" VPOS="425" WIDTH="175" HEIGHT="21" WC="0.91" CONTENT="landskontorets"/><SP WIDTH="20" VPOS="425" HPOS="265"/>
							<String ID="string_63" HPOS="285" VPOS="424" WIDTH="129" HEIGHT="26" WC="0.92" CONTENT="årsräkning"/><SP WIDTH="15" VPOS="424" HPOS="414"/>
							<String ID="string_64" HPOS="429" VPOS="423" WIDTH="22" HEIGHT="21" WC="0.93" CONTENT="få"/><SP WIDTH="15" VPOS="423" HPOS="451"/>
							<String ID="string_65" HPOS="466" VPOS="423" WIDTH="79" HEIGHT="21" WC="0.92" CONTENT="afföras"/><SP WIDTH="15" VPOS="423" HPOS="545"/>
							<String ID="string_66" HPOS="560" VPOS="424" WIDTH="37" HEIGHT="21" WC="0.96" CONTENT="två"/><SP WIDTH="15" VPOS="424" HPOS="597"/>
							<String ID="string_67" HPOS="612" VPOS="426" WIDTH="89" HEIGHT="24" WC="0.96" CONTENT="procent"/><SP WIDTH="16" VPOS="426" HPOS="701"/>
							<String ID="string_68" HPOS="717" VPOS="424" WIDTH="23" HEIGHT="21" WC="0.96" CONTENT="af"/><SP WIDTH="20" VPOS="424" HPOS="740"/>
							<String ID="string_69" HPOS="760" VPOS="424" WIDTH="57" HEIGHT="21" WC="0.96" CONTENT="hvad"/>
						</TextLine>
						<TextLine ID="line_9" HPOS="61" VPOS="458" WIDTH="755" HEIGHT="27">
							<String ID="string_70" HPOS="61" VPOS="460" WIDTH="59" HEIGHT="20" WC="0.96" CONTENT="inom"/><SP WIDTH="23" VPOS="460" HPOS="120"/>
							<String ID="string_71" HPOS="143" VPOS="460" WIDTH="46" HEIGHT="20" WC="0.95" CONTENT="året"/><SP WIDTH="22" VPOS="460" HPOS="189"/>
							<String ID="string_72" HPOS="211" VPOS="458" WIDTH="34" HEIGHT="22" WC="0.93" CONTENT="för"/><SP WIDTH="15" VPOS="458" HPOS="245"/>
							<String ID="string_73" HPOS="260" VPOS="458" WIDTH="193" HEIGHT="27" WC="0.91" CONTENT="kartaförsäljning"/><SP WIDTH="15" VPOS="458" HPOS="453"/>
							<String ID="string_74" HPOS="468" VPOS="458" WIDTH="81" HEIGHT="20" WC="0.93" CONTENT="influtit"/><SP WIDTH="16" VPOS="458" HPOS="549"/>
							<String ID="string_75" HPOS="565" VPOS="458" WIDTH="40" HEIGHT="20" WC="0.96" CONTENT="och"/><SP WIDTH="15" VPOS="458" HPOS="605"/>
							<String ID="string_76" HPOS="620" VPOS="458" WIDTH="83" HEIGHT="21" WC="0.92" CONTENT="kronan"/><SP WIDTH="16" VPOS="458" HPOS="703"/>
							<String ID="string_77" HPOS="719" VPOS="458" WIDTH="97" HEIGHT="27" WC="0.91" CONTENT="tillgodo-"/>
						</TextLine>
						<TextLine ID="line_10" HPOS="62" VPOS="492" WIDTH="755" HEIGHT="28">
							<String ID="string_78" HPOS="62" VPOS="493" WIDTH="97" HEIGHT="26" WC="0.96" CONTENT="kommit,"/><SP WIDTH="24" VPOS="493" HPOS="159"/>
							<String ID="string_79" HPOS="183" VPOS="492" WIDTH="40" HEIGHT="22" WC="0.96" CONTENT="och"/><SP WIDTH="20" VPOS="492" HPOS="223"/>
							<String ID="string_80" HPOS="243" VPOS="492" WIDTH="87" HEIGHT="22" WC="0.96" CONTENT="hvilken"/><SP WIDTH="16" VPOS="492" HPOS="330"/>
							<String ID="string_81" HPOS="346" VPOS="492" WIDTH="89" HEIGHT="28" WC="0.96" CONTENT="procent"/><SP WIDTH="15" VPOS="492" HPOS="435"/>
							<String ID="string_82" HPOS="450" VPOS="492" WIDTH="97" HEIGHT="21" WC="0.92" CONTENT="tillfaller"/><SP WIDTH="15" VPOS="492" HPOS="547"/>
							<String ID="string_83" HPOS="562" VPOS="492" WIDTH="200" HEIGHT="22" WC="0.92" CONTENT="landskamreraren"/><SP WIDTH="16" VPOS="492" HPOS="762"/>
							<String ID="string_84" HPOS="778" VPOS="492" WIDTH="39" HEIGHT="22" WC="0.96" CONTENT="och"/>
						</TextLine>
						<TextLine ID="line_11" HPOS="63" VPOS="526" WIDTH="499" HEIGHT="23">
							<String ID="string_85" HPOS="63" VPOS="527" WIDTH="223" HEIGHT="22" WC="0.91" CONTENT="landträntmästaren"/><SP WIDTH="16" VPOS="527" HPOS="286"/>
							<String ID="string_86" HPOS="302" VPOS="526" WIDTH="34" HEIGHT="22" WC="0.95" CONTENT="till"/><SP WIDTH="15" VPOS="526" HPOS="336"/>
							<String ID="string_87" HPOS="351" VPOS="526" WIDTH="83" HEIGHT="21" WC="0.96" CONTENT="hälften"/><SP WIDTH="15" VPOS="526" HPOS="434"/>
							<String ID="string_88" HPOS="449" VPOS="526" WIDTH="113" HEIGHT="22" WC="0.96" CONTENT="hvardera."/>
						</TextLine>
					</TextBlock>
				</ComposedBlock>
				<ComposedBlock ID="cblock_2" HPOS="409" VPOS="596" WIDTH="61" HEIGHT="25">
					<TextBlock ID="block_2" HPOS="409" VPOS="596" WIDTH="61" HEIGHT="25">
						<TextLine ID="line_12" HPOS="409" VPOS="596" WIDTH="61" HEIGHT="25">
							<String ID="string_89" HPOS="409" VPOS="596" WIDTH="10" HEIGHT="25" WC="0.80" CONTENT="s"/><SP WIDTH="16" VPOS="596" HPOS="419"/>
							<String ID="string_90" HPOS="435" VPOS="596" WIDTH="35" HEIGHT="20" WC="0.81" CONTENT="42."/>
						</TextLine>
					</TextBlock>
				</ComposedBlock>
				<ComposedBlock ID="cblock_3" HPOS="63" VPOS="640" WIDTH="754" HEIGHT="125">
					<TextBlock ID="block_3" HPOS="63" VPOS="640" WIDTH="754" HEIGHT="125">
						<TextLine ID="line_13" HPOS="131" VPOS="640" WIDTH="686" HEIGHT="27">
							<String ID="string_91" HPOS="131" VPOS="641" WIDTH="78" HEIGHT="21" WC="0.96" CONTENT="Denna"/><SP WIDTH="14" VPOS="641" HPOS="209"/>
							<String ID="string_92" HPOS="223" VPOS="640" WIDTH="128" HEIGHT="27" WC="0.96" CONTENT="förordning"/><SP WIDTH="15" VPOS="640" HPOS="351"/>
							<String ID="string_93" HPOS="366" VPOS="640" WIDTH="77" HEIGHT="21" WC="0.96" CONTENT="länder"/><SP WIDTH="14" VPOS="640" HPOS="443"/>
							<String ID="string_94" HPOS="457" VPOS="640" WIDTH="33" HEIGHT="22" WC="0.92" CONTENT="till"/><SP WIDTH="16" VPOS="640" HPOS="490"/>
							<String ID="string_95" HPOS="506" VPOS="640" WIDTH="143" HEIGHT="22" WC="0.92" CONTENT="efterrättelse"/><SP WIDTH="11" VPOS="640" HPOS="649"/>
							<String ID="string_96" HPOS="660" VPOS="640" WIDTH="47" HEIGHT="22" WC="0.96" CONTENT="från"/><SP WIDTH="11" VPOS="640" HPOS="707"/>
							<String ID="string_97" HPOS="718" VPOS="641" WIDTH="39" HEIGHT="21" WC="0.96" CONTENT="och"/><SP WIDTH="11" VPOS="641" HPOS="757"/>
							<String ID="string_98" HPOS="768" VPOS="641" WIDTH="49" HEIGHT="20" WC="0.96" CONTENT="med"/>
						</TextLine>
						<TextLine ID="line_14" HPOS="63" VPOS="674" WIDTH="754" HEIGHT="27">
							<String ID="string_99" HPOS="63" VPOS="677" WIDTH="43" HEIGHT="20" WC="0.96" CONTENT="den"/><SP WIDTH="23" VPOS="677" HPOS="106"/>
							<String ID="string_100" HPOS="129" VPOS="677" WIDTH="13" HEIGHT="19" WC="0.95" CONTENT="1"/><SP WIDTH="15" VPOS="677" HPOS="142"/>
							<String ID="string_101" HPOS="157" VPOS="675" WIDTH="92" HEIGHT="21" WC="0.96" CONTENT="Januari"/><SP WIDTH="15" VPOS="675" HPOS="249"/>
							<String ID="string_102" HPOS="264" VPOS="675" WIDTH="55" HEIGHT="20" WC="0.96" CONTENT="1883"/><SP WIDTH="16" VPOS="675" HPOS="319"/>
							<String ID="string_103" HPOS="335" VPOS="674" WIDTH="34" HEIGHT="21" WC="0.96" CONTENT="till"/><SP WIDTH="15" VPOS="674" HPOS="369"/>
							<String ID="string_104" HPOS="384" VPOS="675" WIDTH="110" HEIGHT="26" WC="0.96" CONTENT="utgången"/><SP WIDTH="16" VPOS="675" HPOS="494"/>
							<String ID="string_105" HPOS="510" VPOS="674" WIDTH="25" HEIGHT="21" WC="0.96" CONTENT="af"/><SP WIDTH="13" VPOS="674" HPOS="535"/>
							<String ID="string_106" HPOS="548" VPOS="675" WIDTH="24" HEIGHT="20" WC="0.96" CONTENT="år"/><SP WIDTH="15" VPOS="675" HPOS="572"/>
							<String ID="string_107" HPOS="587" VPOS="674" WIDTH="62" HEIGHT="26" WC="0.95" CONTENT="1885,"/><SP WIDTH="17" VPOS="674" HPOS="649"/>
							<String ID="string_108" HPOS="666" VPOS="675" WIDTH="88" HEIGHT="21" WC="0.96" CONTENT="såframt"/><SP WIDTH="15" VPOS="675" HPOS="754"/>
							<String ID="string_109" HPOS="769" VPOS="674" WIDTH="48" HEIGHT="21" WC="0.96" CONTENT="icke"/>
						</TextLine>
						<TextLine ID="line_15" HPOS="64" VPOS="708" WIDTH="753" HEIGHT="29">
							<String ID="string_110" HPOS="64" VPOS="717" WIDTH="28" HEIGHT="20" WC="0.92" CONTENT="ny"/><SP WIDTH="23" VPOS="717" HPOS="92"/>
							<String ID="string_111" HPOS="115" VPOS="709" WIDTH="307" HEIGHT="28" WC="0.91" CONTENT="stämpelpappersbevillning"/><SP WIDTH="16" VPOS="709" HPOS="422"/>
							<String ID="string_112" HPOS="438" VPOS="708" WIDTH="151" HEIGHT="22" WC="0.93" CONTENT="dessförinnan"/><SP WIDTH="16" VPOS="708" HPOS="589"/>
							<String ID="string_113" HPOS="605" VPOS="710" WIDTH="76" HEIGHT="20" WC="0.92" CONTENT="varder"/><SP WIDTH="15" VPOS="710" HPOS="681"/>
							<String ID="string_114" HPOS="696" VPOS="709" WIDTH="24" HEIGHT="21" WC="0.96" CONTENT="af"/><SP WIDTH="12" VPOS="709" HPOS="720"/>
							<String ID="string_115" HPOS="732" VPOS="709" WIDTH="85" HEIGHT="21" WC="0.96" CONTENT="landets"/>
						</TextLine>
						<TextLine ID="line_16" HPOS="65" VPOS="743" WIDTH="215" HEIGHT="22">
							<String ID="string_116" HPOS="65" VPOS="744" WIDTH="93" HEIGHT="21" WC="0.91" CONTENT="Ständer"/><SP WIDTH="15" VPOS="744" HPOS="158"/>
							<String ID="string_117" HPOS="173" VPOS="743" WIDTH="107" HEIGHT="21" WC="0.91" CONTENT="faststäld."/>
						</TextLine>
					</TextBlock>
				</ComposedBlock>
				<ComposedBlock ID="cblock_4" HPOS="63" VPOS="855" WIDTH="755" HEIGHT="166">
					<TextBlock ID="block_4" HPOS="63" VPOS="855" WIDTH="755" HEIGHT="166">
						<TextLine ID="line_17" HPOS="133" VPOS="855" WIDTH="684" HEIGHT="29">
							<String ID="string_118" HPOS="133" VPOS="857" WIDTH="39" HEIGHT="22" WC="0.95" CONTENT="Om"/><SP WIDTH="15" VPOS="857" HPOS="172"/>
							<String ID="string_119" HPOS="187" VPOS="857" WIDTH="168" HEIGHT="27" WC="0.96" CONTENT="användningen"/><SP WIDTH="16" VPOS="857" HPOS="355"/>
							<String ID="string_120" HPOS="371" VPOS="857" WIDTH="24" HEIGHT="21" WC="0.96" CONTENT="af"/><SP WIDTH="14" VPOS="857" HPOS="395"/>
							<String ID="string_121" HPOS="409" VPOS="858" WIDTH="25" HEIGHT="20" WC="0.96" CONTENT="de"/><SP WIDTH="15" VPOS="858" HPOS="434"/>
							<String ID="string_122" HPOS="449" VPOS="863" WIDTH="78" HEIGHT="20" WC="0.96" CONTENT="genom"/><SP WIDTH="17" VPOS="863" HPOS="527"/>
							<String ID="string_123" HPOS="544" VPOS="857" WIDTH="71" HEIGHT="20" WC="0.93" CONTENT="denna"/><SP WIDTH="15" VPOS="857" HPOS="615"/>
							<String ID="string_124" HPOS="630" VPOS="856" WIDTH="117" HEIGHT="27" WC="0.91" CONTENT="bevillning"/><SP WIDTH="10" VPOS="856" HPOS="747"/>
							<String ID="string_125" HPOS="757" VPOS="855" WIDTH="60" HEIGHT="28" WC="0.92" CONTENT="infly-"/>
						</TextLine>
						<TextLine ID="line_18" HPOS="63" VPOS="889" WIDTH="755" HEIGHT="30">
							<String ID="string_126" HPOS="63" VPOS="892" WIDTH="67" HEIGHT="21" WC="0.96" CONTENT="tande"/><SP WIDTH="11" VPOS="892" HPOS="130"/>
							<String ID="string_127" HPOS="141" VPOS="891" WIDTH="76" HEIGHT="25" WC="0.96" CONTENT="medel,"/><SP WIDTH="11" VPOS="891" HPOS="217"/>
							<String ID="string_128" HPOS="228" VPOS="891" WIDTH="24" HEIGHT="21" WC="0.93" CONTENT="af"/><SP WIDTH="9" VPOS="891" HPOS="252"/>
							<String ID="string_129" HPOS="261" VPOS="891" WIDTH="122" HEIGHT="21" WC="0.90" CONTENT="Ständerna"/><SP WIDTH="10" VPOS="891" HPOS="383"/>
							<String ID="string_130" HPOS="393" VPOS="891" WIDTH="148" HEIGHT="28" WC="0.96" CONTENT="uppskattade"/><SP WIDTH="10" VPOS="891" HPOS="541"/>
							<String ID="string_131" HPOS="551" VPOS="891" WIDTH="34" HEIGHT="20" WC="0.96" CONTENT="till"/><SP WIDTH="15" VPOS="891" HPOS="585"/>
							<String ID="string_132" HPOS="600" VPOS="891" WIDTH="2" HEIGHT="20" WC="0.96" CONTENT="i"/><SP WIDTH="12" VPOS="891" HPOS="602"/>
							<String ID="string_133" HPOS="614" VPOS="890" WIDTH="101" HEIGHT="21" WC="0.93" CONTENT="medeltal"/><SP WIDTH="10" VPOS="890" HPOS="715"/>
							<String ID="string_134" HPOS="725" VPOS="889" WIDTH="93" HEIGHT="26" WC="0.90" CONTENT="730,000"/>
						</TextLine>
						<TextLine ID="line_19" HPOS="64" VPOS="924" WIDTH="754" HEIGHT="27">
							<String ID="string_135" HPOS="64" VPOS="925" WIDTH="62" HEIGHT="22" WC="0.96" CONTENT="mark"/><SP WIDTH="22" VPOS="925" HPOS="126"/>
							<String ID="string_136" HPOS="148" VPOS="925" WIDTH="34" HEIGHT="22" WC="0.96" CONTENT="för"/><SP WIDTH="23" VPOS="925" HPOS="182"/>
							<String ID="string_137" HPOS="205" VPOS="926" WIDTH="52" HEIGHT="25" WC="0.95" CONTENT="året,"/><SP WIDTH="22" VPOS="926" HPOS="257"/>
							<String ID="string_138" HPOS="279" VPOS="925" WIDTH="60" HEIGHT="23" WC="0.93" CONTENT="skola"/><SP WIDTH="16" VPOS="925" HPOS="339"/>
							<String ID="string_139" HPOS="355" VPOS="925" WIDTH="123" HEIGHT="22" WC="0.90" CONTENT="Ständerna"/><SP WIDTH="14" VPOS="925" HPOS="478"/>
							<String ID="string_140" HPOS="492" VPOS="926" WIDTH="7" HEIGHT="20" WC="0.91" CONTENT="i"/><SP WIDTH="16" VPOS="926" HPOS="499"/>
							<String ID="string_141" HPOS="515" VPOS="925" WIDTH="172" HEIGHT="26" WC="0.91" CONTENT="underdånighet"/><SP WIDTH="15" VPOS="925" HPOS="687"/>
							<String ID="string_142" HPOS="702" VPOS="924" WIDTH="69" HEIGHT="21" WC="0.95" CONTENT="uttala"/><SP WIDTH="16" VPOS="924" HPOS="771"/>
							<String ID="string_143" HPOS="787" VPOS="924" WIDTH="31" HEIGHT="27" WC="0.96" CONTENT="sig"/>
						</TextLine>
						<TextLine ID="line_20" HPOS="64" VPOS="958" WIDTH="754" HEIGHT="29">
							<String ID="string_144" HPOS="64" VPOS="960" WIDTH="33" HEIGHT="21" WC="0.92" CONTENT="uti"/><SP WIDTH="23" VPOS="960" HPOS="97"/>
							<String ID="string_145" HPOS="120" VPOS="959" WIDTH="187" HEIGHT="22" WC="0.89" CONTENT="svarsskrifvelsen"/><SP WIDTH="20" VPOS="959" HPOS="307"/>
							<String ID="string_146" HPOS="327" VPOS="961" WIDTH="112" HEIGHT="26" WC="0.96" CONTENT="angående"/><SP WIDTH="23" VPOS="961" HPOS="439"/>
							<String ID="string_147" HPOS="462" VPOS="959" WIDTH="102" HEIGHT="28" WC="0.95" CONTENT="samtliga"/><SP WIDTH="14" VPOS="959" HPOS="564"/>
							<String ID="string_148" HPOS="578" VPOS="959" WIDTH="35" HEIGHT="21" WC="0.96" CONTENT="vid"/><SP WIDTH="16" VPOS="959" HPOS="613"/>
							<String ID="string_149" HPOS="629" VPOS="960" WIDTH="70" HEIGHT="20" WC="0.93" CONTENT="denna"/><SP WIDTH="15" VPOS="960" HPOS="699"/>
							<String ID="string_150" HPOS="714" VPOS="958" WIDTH="104" HEIGHT="26" WC="0.91" CONTENT="landtdag"/>
						</TextLine>
						<TextLine ID="line_21" HPOS="64" VPOS="993" WIDTH="259" HEIGHT="28">
							<String ID="string_151" HPOS="64" VPOS="994" WIDTH="81" HEIGHT="21" WC="0.91" CONTENT="äskade"/><SP WIDTH="16" VPOS="994" HPOS="145"/>
							<String ID="string_152" HPOS="161" VPOS="993" WIDTH="76" HEIGHT="28" WC="0.91" CONTENT="anslag"/><SP WIDTH="15" VPOS="993" HPOS="237"/>
							<String ID="string_153" HPOS="252" VPOS="1001" WIDTH="27" HEIGHT="14" WC="0.96" CONTENT="m."/><SP WIDTH="17" VPOS="1001" HPOS="279"/>
							<String ID="string_154" HPOS="296" VPOS="1001" WIDTH="27" HEIGHT="14" WC="0.96" CONTENT="m."/>
						</TextLine>
					</TextBlock>
				</ComposedBlock>
				<ComposedBlock ID="cblock_5" HPOS="63" VPOS="1105" WIDTH="758" HEIGHT="371">
					<TextBlock ID="block_5" HPOS="63" VPOS="1105" WIDTH="758" HEIGHT="371">
						<TextLine ID="line_22" HPOS="132" VPOS="1105" WIDTH="687" HEIGHT="30">
							<String ID="string_155" HPOS="132" VPOS="1107" WIDTH="41" HEIGHT="22" WC="0.93" CONTENT="Vid"/><SP WIDTH="22" VPOS="1107" HPOS="173"/>
							<String ID="string_156" HPOS="195" VPOS="1109" WIDTH="100" HEIGHT="20" WC="0.95" CONTENT="ärendets"/><SP WIDTH="24" VPOS="1109" HPOS="295"/>
							<String ID="string_157" HPOS="319" VPOS="1108" WIDTH="132" HEIGHT="27" WC="0.95" CONTENT="behandling"/><SP WIDTH="15" VPOS="1108" HPOS="451"/>
							<String ID="string_158" HPOS="466" VPOS="1107" WIDTH="40" HEIGHT="22" WC="0.96" CONTENT="har"/><SP WIDTH="17" VPOS="1107" HPOS="506"/>
							<String ID="string_159" HPOS="523" VPOS="1108" WIDTH="36" HEIGHT="20" WC="0.93" CONTENT="det"/><SP WIDTH="15" VPOS="1108" HPOS="559"/>
							<String ID="string_160" HPOS="574" VPOS="1107" WIDTH="83" HEIGHT="21" WC="0.92" CONTENT="likvisst"/><SP WIDTH="16" VPOS="1107" HPOS="657"/>
							<String ID="string_161" HPOS="673" VPOS="1106" WIDTH="46" HEIGHT="21" WC="0.96" CONTENT="icke"/><SP WIDTH="17" VPOS="1106" HPOS="719"/>
							<String ID="string_162" HPOS="736" VPOS="1105" WIDTH="83" HEIGHT="22" WC="0.96" CONTENT="kunnat"/>
						</TextLine>
						<TextLine ID="line_23" HPOS="64" VPOS="1140" WIDTH="756" HEIGHT="29">
							<String ID="string_163" HPOS="64" VPOS="1142" WIDTH="73" HEIGHT="26" WC="0.90" CONTENT="undgä"/><SP WIDTH="15" VPOS="1142" HPOS="137"/>
							<String ID="string_164" HPOS="152" VPOS="1141" WIDTH="132" HEIGHT="22" WC="0.92" CONTENT="Ständernas"/><SP WIDTH="10" VPOS="1141" HPOS="284"/>
							<String ID="string_165" HPOS="294" VPOS="1142" WIDTH="199" HEIGHT="27" WC="0.96" CONTENT="uppmärksamhet,"/><SP WIDTH="12" VPOS="1142" HPOS="493"/>
							<String ID="string_166" HPOS="505" VPOS="1143" WIDTH="33" HEIGHT="20" WC="0.96" CONTENT="att"/><SP WIDTH="11" VPOS="1143" HPOS="538"/>
							<String ID="string_167" HPOS="549" VPOS="1141" WIDTH="152" HEIGHT="21" WC="0.96" CONTENT="användandet"/><SP WIDTH="15" VPOS="1141" HPOS="701"/>
							<String ID="string_168" HPOS="716" VPOS="1140" WIDTH="24" HEIGHT="21" WC="0.96" CONTENT="af"/><SP WIDTH="9" VPOS="1140" HPOS="740"/>
							<String ID="string_169" HPOS="749" VPOS="1141" WIDTH="71" HEIGHT="20" WC="0.96" CONTENT="denna"/>
						</TextLine>
						<TextLine ID="line_24" HPOS="64" VPOS="1174" WIDTH="756" HEIGHT="29">
							<String ID="string_170" HPOS="64" VPOS="1176" WIDTH="207" HEIGHT="27" WC="0.89" CONTENT="beskattningsform"/><SP WIDTH="15" VPOS="1176" HPOS="271"/>
							<String ID="string_171" HPOS="286" VPOS="1177" WIDTH="69" HEIGHT="20" WC="0.95" CONTENT="måste"/><SP WIDTH="16" VPOS="1177" HPOS="355"/>
							<String ID="string_172" HPOS="371" VPOS="1176" WIDTH="66" HEIGHT="22" WC="0.96" CONTENT="blifva"/><SP WIDTH="10" VPOS="1176" HPOS="437"/>
							<String ID="string_173" HPOS="447" VPOS="1176" WIDTH="115" HEIGHT="27" WC="0.96" CONTENT="högeligen"/><SP WIDTH="11" VPOS="1176" HPOS="562"/>
							<String ID="string_174" HPOS="573" VPOS="1175" WIDTH="138" HEIGHT="27" WC="0.95" CONTENT="godtyckligt,"/><SP WIDTH="12" VPOS="1175" HPOS="711"/>
							<String ID="string_175" HPOS="723" VPOS="1175" WIDTH="24" HEIGHT="20" WC="0.96" CONTENT="sä"/><SP WIDTH="9" VPOS="1175" HPOS="747"/>
							<String ID="string_176" HPOS="756" VPOS="1174" WIDTH="64" HEIGHT="26" WC="0.96" CONTENT="länge"/>
						</TextLine>
						<TextLine ID="line_25" HPOS="64" VPOS="1207" WIDTH="756" HEIGHT="30">
							<String ID="string_177" HPOS="64" VPOS="1210" WIDTH="116" HEIGHT="27" WC="0.96" CONTENT="utredning"/><SP WIDTH="15" VPOS="1210" HPOS="180"/>
							<String ID="string_178" HPOS="195" VPOS="1210" WIDTH="48" HEIGHT="21" WC="0.96" CONTENT="icke"/><SP WIDTH="16" VPOS="1210" HPOS="243"/>
							<String ID="string_179" HPOS="259" VPOS="1210" WIDTH="115" HEIGHT="27" WC="0.96" CONTENT="föreligger"/><SP WIDTH="15" VPOS="1210" HPOS="374"/>
							<String ID="string_180" HPOS="389" VPOS="1211" WIDTH="81" HEIGHT="25" WC="0.96" CONTENT="derom,"/><SP WIDTH="16" VPOS="1211" HPOS="470"/>
							<String ID="string_181" HPOS="486" VPOS="1211" WIDTH="57" HEIGHT="20" WC="0.93" CONTENT="huru"/><SP WIDTH="12" VPOS="1211" HPOS="543"/>
							<String ID="string_182" HPOS="555" VPOS="1209" WIDTH="190" HEIGHT="28" WC="0.91" CONTENT="stämpelskattens"/><SP WIDTH="10" VPOS="1209" HPOS="745"/>
							<String ID="string_183" HPOS="755" VPOS="1207" WIDTH="65" HEIGHT="22" WC="0.92" CONTENT="total-"/>
						</TextLine>
						<TextLine ID="line_26" HPOS="64" VPOS="1242" WIDTH="756" HEIGHT="30">
							<String ID="string_184" HPOS="64" VPOS="1244" WIDTH="80" HEIGHT="27" WC="0.96" CONTENT="belopp"/><SP WIDTH="15" VPOS="1244" HPOS="144"/>
							<String ID="string_185" HPOS="159" VPOS="1244" WIDTH="94" HEIGHT="21" WC="0.96" CONTENT="fördelas"/><SP WIDTH="16" VPOS="1244" HPOS="253"/>
							<String ID="string_186" HPOS="269" VPOS="1245" WIDTH="28" HEIGHT="27" WC="0.96" CONTENT="på"/><SP WIDTH="16" VPOS="1245" HPOS="297"/>
							<String ID="string_187" HPOS="313" VPOS="1246" WIDTH="26" HEIGHT="20" WC="0.96" CONTENT="de"/><SP WIDTH="16" VPOS="1246" HPOS="339"/>
							<String ID="string_188" HPOS="355" VPOS="1245" WIDTH="107" HEIGHT="21" WC="0.93" CONTENT="särskilda"/><SP WIDTH="16" VPOS="1245" HPOS="462"/>
							<String ID="string_189" HPOS="478" VPOS="1245" WIDTH="138" HEIGHT="24" WC="0.92" CONTENT="skattearter,"/><SP WIDTH="15" VPOS="1245" HPOS="616"/>
							<String ID="string_190" HPOS="631" VPOS="1243" WIDTH="73" HEIGHT="21" WC="0.96" CONTENT="hvilka"/><SP WIDTH="15" VPOS="1243" HPOS="704"/>
							<String ID="string_191" HPOS="719" VPOS="1242" WIDTH="52" HEIGHT="26" WC="0.93" CONTENT="utgå"/><SP WIDTH="10" VPOS="1242" HPOS="771"/>
							<String ID="string_192" HPOS="781" VPOS="1248" WIDTH="39" HEIGHT="14" WC="0.90" CONTENT="un-"/>
						</TextLine>
						<TextLine ID="line_27" HPOS="65" VPOS="1276" WIDTH="755" HEIGHT="30">
							<String ID="string_193" HPOS="65" VPOS="1279" WIDTH="38" HEIGHT="20" WC="0.93" CONTENT="der"/><SP WIDTH="23" VPOS="1279" HPOS="103"/>
							<String ID="string_194" HPOS="126" VPOS="1278" WIDTH="153" HEIGHT="28" WC="0.88" CONTENT="stämpelform."/><SP WIDTH="32" VPOS="1278" HPOS="279"/>
							<String ID="string_195" HPOS="311" VPOS="1279" WIDTH="96" HEIGHT="21" WC="0.20" CONTENT="Sålunda"/><SP WIDTH="21" VPOS="1279" HPOS="407"/>
							<String ID="string_196" HPOS="428" VPOS="1286" WIDTH="50" HEIGHT="14" WC="0.96" CONTENT="vore"/><SP WIDTH="25" VPOS="1286" HPOS="478"/>
							<String ID="string_197" HPOS="503" VPOS="1280" WIDTH="36" HEIGHT="19" WC="0.96" CONTENT="det"/><SP WIDTH="24" VPOS="1280" HPOS="539"/>
							<String ID="string_198" HPOS="563" VPOS="1278" WIDTH="114" HEIGHT="27" WC="0.96" CONTENT="onekligen"/><SP WIDTH="14" VPOS="1278" HPOS="677"/>
							<String ID="string_199" HPOS="691" VPOS="1276" WIDTH="25" HEIGHT="22" WC="0.96" CONTENT="af"/><SP WIDTH="12" VPOS="1276" HPOS="716"/>
							<String ID="string_200" HPOS="728" VPOS="1276" WIDTH="44" HEIGHT="26" WC="0.96" CONTENT="vigt"/><SP WIDTH="16" VPOS="1276" HPOS="772"/>
							<String ID="string_201" HPOS="788" VPOS="1277" WIDTH="32" HEIGHT="19" WC="0.96" CONTENT="att"/>
						</TextLine>
						<TextLine ID="line_28" HPOS="65" VPOS="1310" WIDTH="755" HEIGHT="30">
							<String ID="string_202" HPOS="65" VPOS="1312" WIDTH="83" HEIGHT="22" WC="0.95" CONTENT="erhålla"/><SP WIDTH="14" VPOS="1312" HPOS="148"/>
							<String ID="string_203" HPOS="162" VPOS="1312" WIDTH="123" HEIGHT="22" WC="0.96" CONTENT="kännedom"/><SP WIDTH="16" VPOS="1312" HPOS="285"/>
							<String ID="string_204" HPOS="301" VPOS="1313" WIDTH="130" HEIGHT="27" WC="0.96" CONTENT="exempelvis"/><SP WIDTH="16" VPOS="1313" HPOS="431"/>
							<String ID="string_205" HPOS="447" VPOS="1320" WIDTH="34" HEIGHT="14" WC="0.96" CONTENT="om"/><SP WIDTH="16" VPOS="1320" HPOS="481"/>
							<String ID="string_206" HPOS="497" VPOS="1313" WIDTH="102" HEIGHT="27" WC="0.96" CONTENT="beloppet"/><SP WIDTH="16" VPOS="1313" HPOS="599"/>
							<String ID="string_207" HPOS="615" VPOS="1312" WIDTH="24" HEIGHT="21" WC="0.95" CONTENT="af"/><SP WIDTH="14" VPOS="1312" HPOS="639"/>
							<String ID="string_208" HPOS="653" VPOS="1312" WIDTH="41" HEIGHT="20" WC="0.93" CONTENT="den"/><SP WIDTH="15" VPOS="1312" HPOS="694"/>
							<String ID="string_209" HPOS="709" VPOS="1310" WIDTH="111" HEIGHT="24" WC="0.91" CONTENT="arfsskatt,"/>
						</TextLine>
						<TextLine ID="line_29" HPOS="64" VPOS="1345" WIDTH="756" HEIGHT="29">
							<String ID="string_210" HPOS="64" VPOS="1353" WIDTH="47" HEIGHT="14" WC="0.96" CONTENT="som"/><SP WIDTH="22" VPOS="1353" HPOS="111"/>
							<String ID="string_211" HPOS="133" VPOS="1348" WIDTH="68" HEIGHT="20" WC="0.96" CONTENT="under"/><SP WIDTH="23" VPOS="1348" HPOS="201"/>
							<String ID="string_212" HPOS="224" VPOS="1346" WIDTH="54" HEIGHT="22" WC="0.96" CONTENT="form"/><SP WIDTH="16" VPOS="1346" HPOS="278"/>
							<String ID="string_213" HPOS="294" VPOS="1347" WIDTH="24" HEIGHT="21" WC="0.93" CONTENT="af"/><SP WIDTH="13" VPOS="1347" HPOS="318"/>
							<String ID="string_214" HPOS="331" VPOS="1346" WIDTH="157" HEIGHT="28" WC="0.92" CONTENT="stämpelafgift"/><SP WIDTH="16" VPOS="1346" HPOS="488"/>
							<String ID="string_215" HPOS="504" VPOS="1346" WIDTH="33" HEIGHT="22" WC="0.93" CONTENT="för"/><SP WIDTH="15" VPOS="1346" HPOS="537"/>
							<String ID="string_216" HPOS="552" VPOS="1345" WIDTH="268" HEIGHT="28" WC="0.91" CONTENT="bouppteckningsinstru-"/>
						</TextLine>
						<TextLine ID="line_30" HPOS="64" VPOS="1378" WIDTH="757" HEIGHT="30">
							<String ID="string_217" HPOS="64" VPOS="1382" WIDTH="61" HEIGHT="19" WC="0.91" CONTENT="ment"/><SP WIDTH="14" VPOS="1382" HPOS="125"/>
							<String ID="string_218" HPOS="139" VPOS="1380" WIDTH="115" HEIGHT="28" WC="0.89" CONTENT="uppbäres,"/><SP WIDTH="16" VPOS="1380" HPOS="254"/>
							<String ID="string_219" HPOS="270" VPOS="1381" WIDTH="56" HEIGHT="21" WC="0.96" CONTENT="huru"/><SP WIDTH="15" VPOS="1381" HPOS="326"/>
							<String ID="string_220" HPOS="341" VPOS="1381" WIDTH="86" HEIGHT="27" WC="0.93" CONTENT="mycket"/><SP WIDTH="16" VPOS="1381" HPOS="427"/>
							<String ID="string_221" HPOS="443" VPOS="1381" WIDTH="139" HEIGHT="27" WC="0.92" CONTENT="karteringen"/><SP WIDTH="11" VPOS="1381" HPOS="582"/>
							<String ID="string_222" HPOS="593" VPOS="1380" WIDTH="24" HEIGHT="21" WC="0.93" CONTENT="af"/><SP WIDTH="8" VPOS="1380" HPOS="617"/>
							<String ID="string_223" HPOS="625" VPOS="1379" WIDTH="145" HEIGHT="27" WC="0.92" CONTENT="intecknings-"/><SP WIDTH="10" VPOS="1379" HPOS="770"/>
							<String ID="string_224" HPOS="780" VPOS="1378" WIDTH="41" HEIGHT="20" WC="0.96" CONTENT="och"/>
						</TextLine>
						<TextLine ID="line_31" HPOS="64" VPOS="1412" WIDTH="757" HEIGHT="30">
							<String ID="string_225" HPOS="64" VPOS="1414" WIDTH="222" HEIGHT="28" WC="0.91" CONTENT="lagfartshandlingar"/><SP WIDTH="21" VPOS="1414" HPOS="286"/>
							<String ID="string_226" HPOS="307" VPOS="1416" WIDTH="119" HEIGHT="26" WC="0.91" CONTENT="inbringar,"/><SP WIDTH="21" VPOS="1416" HPOS="426"/>
							<String ID="string_227" HPOS="447" VPOS="1415" WIDTH="33" HEIGHT="21" WC="0.96" CONTENT="till"/><SP WIDTH="16" VPOS="1415" HPOS="480"/>
							<String ID="string_228" HPOS="496" VPOS="1415" WIDTH="87" HEIGHT="21" WC="0.96" CONTENT="hvilken"/><SP WIDTH="16" VPOS="1415" HPOS="583"/>
							<String ID="string_229" HPOS="599" VPOS="1420" WIDTH="83" HEIGHT="15" WC="0.92" CONTENT="summa"/><SP WIDTH="14" VPOS="1420" HPOS="682"/>
							<String ID="string_230" HPOS="696" VPOS="1412" WIDTH="125" HEIGHT="28" WC="0.91" CONTENT="stämpelaf-"/>
						</TextLine>
						<TextLine ID="line_32" HPOS="63" VPOS="1448" WIDTH="758" HEIGHT="28">
							<String ID="string_231" HPOS="63" VPOS="1448" WIDTH="96" HEIGHT="28" WC="0.96" CONTENT="gifterna"/><SP WIDTH="14" VPOS="1448" HPOS="159"/>
							<String ID="string_232" HPOS="173" VPOS="1448" WIDTH="33" HEIGHT="22" WC="0.93" CONTENT="för"/><SP WIDTH="15" VPOS="1448" HPOS="206"/>
							<String ID="string_233" HPOS="221" VPOS="1449" WIDTH="206" HEIGHT="27" WC="0.91" CONTENT="tjenstefullmakter"/><SP WIDTH="16" VPOS="1449" HPOS="427"/>
							<String ID="string_234" HPOS="443" VPOS="1450" WIDTH="81" HEIGHT="26" WC="0.96" CONTENT="uppgå,"/><SP WIDTH="16" VPOS="1450" HPOS="524"/>
							<String ID="string_235" HPOS="540" VPOS="1448" WIDTH="111" HEIGHT="22" WC="0.96" CONTENT="äfvensom"/><SP WIDTH="10" VPOS="1448" HPOS="651"/>
							<String ID="string_236" HPOS="661" VPOS="1448" WIDTH="56" HEIGHT="20" WC="0.96" CONTENT="huru"/><SP WIDTH="11" VPOS="1448" HPOS="717"/>
							<String ID="string_237" HPOS="728" VPOS="1449" WIDTH="44" HEIGHT="19" WC="0.93" CONTENT="stor"/><SP WIDTH="11" VPOS="1449" HPOS="772"/>
							<String ID="string_238" HPOS="783" VPOS="1452" WIDTH="38" HEIGHT="14" WC="0.91" CONTENT="an-"/>
						</TextLine>
					</TextBlock>
				</ComposedBlock>
			</PrintSpace>
		</Page>
	</Layout>
</alto>
