1050 1692
237 159 14 19 2
400 155 80 23 Ständ.
496 155 38 23 Sv.
550 166 27 4 —
592 154 72 27 Prop.
680 152 40 22 N:o
735 152 38 22 40.

208 220 125 22 derutöfver
354 219 83 21 lemnar
459 220 31 19 ett
512 216 125 23 öfverskott.
672 215 122 22 Ständerna
816 213 66 22 hafva
904 210 56 23 dock

209 255 48 21 icke
273 255 71 20 ansett
360 253 31 27 sig
406 252 53 22 böra
473 252 99 27 uppgöra
582 251 71 27 nägon
664 257 28 21 ny
701 248 121 27 beräkning
833 247 59 22 öfver
902 246 59 22 kost-

210 290 98 21 naderna
330 289 33 20 för
384 294 105 19 reserven,
505 288 54 19 utan
574 286 62 21 torde
651 285 37 21 det
703 282 175 29 uppkommande
894 281 68 22 öfver-

211 324 82 21 skottet
307 323 103 27 besparas
425 321 33 22 för
473 320 146 28 nästföljande
634 317 206 29 budgetsreglering.

280 358 65 21 Utom
367 359 31 19 ett
420 356 76 27 anslag
518 355 33 21 till
573 354 140 21 oförutsedda
727 352 89 28 utgifter
830 351 24 22 af
867 350 94 26 300,000

211 392 62 23 mark
296 392 88 27 årligen,
408 398 45 14 som
474 397 62 21 synes
551 391 109 20 motsvara
675 389 42 20 den
731 387 8 21 i
754 387 58 21 årets
827 384 135 27 statsförslag

212 428 60 21 öfver
294 425 156 23 militiefonden
472 425 34 21 till
527 424 82 22 diverse
624 422 89 28 utgifter
728 423 60 20 utom
804 422 42 20 stat
861 419 102 26 förslags-

212 463 33 21 vis
260 463 114 26 upptagna
389 467 98 14 summan
502 459 24 21 af
539 457 93 26 200,000
646 457 69 25 mark,
730 455 107 22 beräknas
850 454 34 21 till
894 453 70 27 öfriga

212 497 48 21 icke
276 495 152 28 specificerade
443 493 95 28 utgifter,
554 493 29 27 pä
597 493 71 26 grund
683 491 25 22 af
721 497 81 14 samma
821 487 142 28 statsförslag,

213 533 32 19 ett
268 530 64 27 ärligt
354 529 80 28 belopp
450 528 24 22 af
490 527 92 26 880,000
604 526 68 22 mark.
703 525 149 21 Nästnämnda
873 521 90 29 utgifter

213 566 74 27 uppgå
301 565 8 20 i
324 565 57 21 årets
403 563 135 27 statsförslag
557 562 33 21 till
606 561 98 27 omkring
719 559 114 26 1,185,000
848 557 61 22 mark
924 556 40 21 och

213 599 154 27 minskningen
381 598 47 26 har,
444 599 70 20 säsom
528 597 8 21 i
550 596 162 28 propositionen
729 595 131 23 omnämnes,
875 591 89 23 vunnits

214 641 79 20 genom
307 633 130 27 indragning
453 632 24 21 af
489 632 122 21 kostnaden
626 630 33 21 för
674 629 123 27 temporära
812 625 152 23 fältskärssko-

213 669 37 21 lan
265 669 51 20 med
331 667 77 26 10,500
422 666 62 22 mark
498 665 41 22 och
554 667 67 20 större
637 664 62 21 delen
715 663 24 22 af
752 661 118 28 utgifterna
885 660 33 22 för
932 660 33 21 in-

215 699 158 36 gvarteringen.
405 696 123 27 Önskvärdt
550 700 56 21 hade
628 699 56 21 dock
703 697 62 26 varit,
781 698 33 20 att
829 697 26 20 de
870 695 8 21 i
893 696 72 20 denna

215 740 60 19 stora
297 737 136 26 anslagspost
450 735 129 27 inbegripna
594 733 119 28 utgifterna
727 731 56 22 varit
798 730 70 22 sävidt
882 729 86 28 möjligt

215 772 153 28 specificerade
384 770 64 22 äfven
462 770 7 21 i
484 769 169 28 propositionen.

284 806 34 21 Dä
333 805 83 22 säledes
431 804 119 28 utgifterna
564 803 34 22 för
612 800 185 23 militärväsendet
812 798 117 22 beräknats

319 857 33 22 för
367 858 24 20 år
406 857 56 21 1883
478 856 48 21 till.
558 873 3 4 .
594 873 3 3 .
628 872 4 4 .
665 871 4 4 .
699 852 121 26 7,558,318:
838 851 27 21 57

328 909 12 8 »
371 909 11 9 »
408 891 60 21 1884
482 890 48 21 till.
564 907 2 4 .
597 905 4 4 .
633 906 3 4 .
667 905 5 4 .
703 886 120 27 5,416,723:
839 886 27 20 57

330 943 12 9 »
373 942 12 9 »
408 926 56 20 1885
479 924 48 21 till.
559 942 4 3 <
594 940 4 4 .
630 939 4 4 .
665 938 4 5 .
700 920 121 27 5,536,723:
838 920 26 20 57

217 968 23 21 sä
256 968 63 26 utgör
335 966 64 22 alltså
420 984 3 4 .
455 983 4 4 .
491 983 3 4 .
526 982 4 4 .
561 982 11 4 ..
596 981 4 4 .
625 964 47 27 m
686 961 136 27 18,511,765:
838 960 27 20 Ta

217 1014 42 21 den
275 1012 163 27 sammanlagda
460 1018 88 18 summa,
571 1016 46 15 som
638 1010 70 20 under
723 1006 174 28 treärsperioden
912 1004 58 22 1883

218 1048 84 21 —1885
318 1046 34 22 för
366 1046 95 21 militära
476 1044 66 22 behof
556 1044 114 22 erfordras.

288 1082 62 21 Hvad
372 1081 67 21 sedan
462 1079 102 22 beträffar
578 1078 169 22 militiefondens
763 1074 107 22 ordinarie
886 1072 84 22 inkom-

217 1119 50 23 ster,
284 1117 25 20 sä
323 1115 107 22 beräknas
444 1115 8 21 i
466 1114 141 22 förevarande
628 1112 80 27 nädiga
723 1109 141 29 proposition,
879 1108 8 20 i
902 1106 69 23 öfver-

217 1150 163 22 ensstämmelse
394 1150 50 20 med
458 1149 90 21 Eders
567 1146 172 29 Kejserliga
757 1143 161 28 Majestäts
933 1142 39 20 nå-

218 1185 51 27 diga
290 1180 135 32 proposition
447 1190 35 15 n:o
504 1184 34 24 33,
558 1182 111 27 angående
684 1179 143 29 upphörande
842 1177 25 22 af
880 1178 26 20 de
921 1176 48 22 från

217 1219 122 21 rusthållen
354 1220 56 20 samt
425 1218 99 21 roterade
540 1217 99 21 hemman
654 1215 41 22 och
706 1212 146 23 båtsmanhåll
862 1211 110 27 utgående

217 1253 172 27 vakansafgifter
415 1252 41 22 och
477 1251 129 27 indragning
629 1250 25 22 af
674 1250 27 20 de
724 1246 120 23 rusthållen
868 1245 105 21 anvisade

218 1290 123 25 augments-
364 1287 41 21 och
427 1286 69 28 öfriga
518 1287 80 24 räntor,
621 1286 33 20 att
674 1284 27 21 de
717 1282 77 21 hittills
817 1280 104 27 stadgade
936 1285 37 15 va-

218 1322 144 28 kansafgifter
384 1321 62 21 skola
467 1321 69 21 under
558 1320 24 21 år
602 1319 56 31 1883
682 1318 55 21 sista
755 1316 87 28 gången
856 1309 117 36 uppbäras.

217 1356 101 22 Derefter
339 1355 77 27 skulle,
440 1355 67 28 enligt
529 1353 161 27 sistäberopade
713 1350 141 29 proposition,
873 1348 24 21 är
916 1347 58 21 1884

218 1390 49 23 från
291 1390 119 23 rusthällen
432 1390 76 27 inflyta
526 1391 32 19 ett
572 1381 87 34 belopp,
680 1384 154 24 motsvarande
849 1384 42 20 den
906 1388 66 15 nuva-

218 1426 69 21 rande
310 1423 284 28 rusthällsvakansafgiften,
616 1421 83 23 hvilket
715 1419 79 28 belopp
809 1418 70 21 under
893 1417 27 21 de
934 1415 41 22 föl-

216 1459 69 28 jande
301 1460 51 21 åren
367 1459 87 22 komme
469 1461 33 19 att
517 1458 52 21 ökas
584 1457 50 22 med
648 1455 79 28 17,000
737 1453 63 22 mark
811 1452 89 27 årligen.
924 1451 50 21 Men

218 1495 29 20 då
262 1493 144 29 nyssberörda
430 1493 79 27 nådiga
531 1491 133 29 proposition
688 1489 49 22 icke
755 1487 77 23 vunnit
847 1485 128 29 grundlags-
