1028 1673
294 112 65 25 Ständ.
374 112 30 24 Sv.
420 124 24 3 —
462 112 53 30 Prop.
530 112 30 24 N:o
575 111 31 24 36.
773 111 25 20 7

211 183 104 26 upptaga,
330 182 51 26 göre
396 180 71 21 derom
483 180 106 21 anmälan
603 179 37 21 hos
663 178 164 28 befälhafvaren

205 215 44 27 för
264 218 97 25 truppen,
383 214 105 27 beskrifve
503 214 66 21 målet
583 213 39 21 och
637 216 77 19 nämne
734 214 26 20 de
781 213 49 21 vitt-

213 256 47 20 nen,
276 250 47 20 med
338 249 72 21 hvilka
425 248 44 22 han
481 251 46 18 tror
541 249 34 27 sig
586 248 73 21 kunna
669 248 68 21 åtalet
746 247 81 29 styrka.

212 279 34 26 Är
262 283 76 21 brottet
352 284 86 26 sådant,
462 286 32 18 att
509 283 66 21 målet
590 282 38 22 bör
650 282 30 27 af
693 278 136 32 Öfverkrigs-

212 318 92 21 domstol
328 317 130 22 omedelbart
485 317 98 28 afgöras,
612 316 82 29 ingifve
722 316 108 28 skriftligt

212 352 110 27 klagomål
336 352 109 21 derstädes
465 352 52 21 eller
542 352 35 21 till
593 351 155 21 vederbörande
763 350 67 28 befäl-

214 382 96 36 hafvare.
457 390 3 5 ;

483 450 13 26 $
511 450 50 21 165.

283 495 50 22 Har
348 495 37 22 hos
401 495 150 26 befälhafvare
565 495 71 21 sädan
650 495 105 21 anmälan
764 495 66 28 gjord

216 529 78 28 blifvit,
316 531 68 20 som
376 525 16 36 i
406 531 13 20 1
441 536 62 15 mom.
526 529 29 28 af
567 530 14 27 $
597 531 43 20 164
662 532 67 25 säges,
752 531 78 20 utsätte

216 564 43 21 han
276 565 31 20 tid
322 564 38 21 och
376 567 34 18 ort
419 564 42 27 för
476 564 152 28 Krigsrättens
644 563 133 28 ordförande
792 563 38 21 och

216 599 116 21 ledamöter
347 601 33 19 att
388 599 172 21 sammanträda.
585 599 98 28 Ingifves
698 599 8 20 i
721 599 51 26 mål,
787 605 43 14 som

216 633 53 21 höra
294 633 35 21 till
356 628 229 33 Öfverkrigsdomstols
612 633 134 21 omedelbara
770 631 62 29 afgö-

216 667 74 26 rande,
306 667 132 28 klagoskrift
453 667 38 22 hos
513 667 171 28 befälhafvaren,
705 667 38 22 bör
760 667 71 21 denna

214 701 32 28 af
257 701 76 22 honom
349 702 35 21 till
401 697 245 32 Öfverkrigsdomstolen
664 701 110 22 insändas.

485 783 15 27 $
515 784 50 20 166.

290 827 41 22 Vid
346 827 105 29 krigsrätt
466 830 27 20 är
515 828 251 28 bataljonsrustmästare
781 829 53 21 eller

214 862 235 28 plutonsunderofficer
463 864 53 20 eller
526 863 63 21 deras
600 863 103 21 vederlike
712 863 37 21 vid
752 863 82 27 flottan

218 897 84 21 allmän
317 896 115 28 åklagare;
453 897 56 21 dock
523 898 42 24 må,
590 898 38 20 der
643 900 102 25 truppens
767 896 68 26 befäl-

219 930 91 23 hafvare
318 931 76 27 finner
408 931 78 21 honom
501 932 21 27 ej
531 932 92 27 skicklig
633 934 33 19 att
678 932 65 21 målet
752 931 81 27 utföra,

219 965 92 28 lämplig
326 965 75 27 officer
415 966 29 26 af
456 966 166 27 befälhafvaren
637 967 74 21 dertill
725 968 62 20 utses.

288 1000 72 20 Anser
369 1002 103 26 truppens
483 1000 151 28 befälhafvare
643 1002 71 26 någon
728 1000 40 22 sak
783 1007 53 14 vara

220 1033 30 27 af
260 1034 96 21 särskild
370 1035 45 27 vigt
429 1035 53 21 eller
497 1034 29 28 af
543 1036 124 27 grannlaga
687 1034 148 28 beskaffenhet,

221 1068 109 22 anbefalle
345 1069 43 21 han
404 1070 92 28 lämplig
511 1070 74 28 officer
600 1074 33 18 att
648 1071 46 21 deri
712 1071 33 21 uti
766 1070 71 21 veder-

222 1102 94 22 börande
330 1103 112 28 sakegares
453 1106 95 20 närvaro
559 1106 96 20 anställa
670 1104 166 28 undersökning,

222 1137 84 21 hvilken
322 1138 74 26 officer
410 1138 67 22 sedan
488 1139 90 27 jemväl,
599 1140 37 20 der
651 1140 65 21 målet
730 1140 14 20 å
759 1139 79 28 Krigs-

222 1173 55 19 rätts
301 1171 165 29 handläggning
487 1172 131 28 ankommer,
640 1174 57 20 skall
719 1174 118 20 detsamma

222 1206 110 21 derstädes
346 1207 71 21 såsom
432 1207 106 28 åklagare
552 1207 80 27 utföra.

296 1240 41 21 Vid
349 1236 244 33 Öfverkrigsdomstolen
599 1242 63 27 föres
672 1242 167 28 åklagaretalan

222 1274 30 27 af
264 1274 155 28 krigsfiskalen.

492 1345 16 27 $
523 1346 50 20 167.

292 1382 112 34 Åklagare
418 1390 37 21 vid
471 1390 116 28 Krigsrätt
601 1391 63 21 ställe
678 1391 34 28 sig
728 1391 34 21 till
777 1390 65 22 efter-

224 1423 94 27 rättelse,
334 1424 56 20 hvad
399 1424 42 26 för
455 1424 106 28 äklagare
576 1426 9 20 i
599 1425 117 21 allmänhet
738 1425 104 27 stadgadt
