1023 1670
227 128 13 19 2
459 128 24 21 U.
499 128 23 22 B.
539 141 27 2 —
583 129 64 29 Prop.
664 129 37 22 N:o
717 127 34 24 33.

296 192 187 28 Borgareståndet,
503 200 46 16 som
565 194 33 22 för
614 195 32 22 sin
661 194 34 22 del
711 194 48 22 icke
774 194 83 22 kunnat
872 195 111 28 samtycka

227 226 33 22 till
275 227 208 27 vakansafgifternas
505 229 122 28 aflyftande,
645 229 27 22 då
687 229 70 27 någon
773 236 28 21 ny
816 230 139 27 beskattning
971 230 13 21 å

225 262 156 27 jordegendom
404 263 39 22 och
466 270 69 16 annan
558 264 151 28 förmögenhet
728 264 7 22 i
751 264 74 22 stället
843 264 33 22 för
891 264 93 22 nämnda

228 296 86 27 afgifter
328 297 48 22 icke
399 298 101 27 anvisats,
524 298 108 23 förkastat
654 298 61 22 såväl
737 298 42 23 den
795 299 76 28 nådiga
885 299 98 28 proposi-

228 332 73 21 tionen
317 338 47 16 som
379 333 155 27 betänkandet,
548 334 99 22 hvarföre
657 333 197 28 vakansafgifterne
864 334 120 22 tillsvidare

229 366 139 22 oförändradt
383 368 69 22 skulle
467 368 119 28 uppbäras;
603 370 56 20 samt

297 402 168 27 Bondeståndet,
487 403 50 22 med
560 403 139 22 förkastande
723 404 23 21 af
766 404 123 21 Utskottets
909 404 75 21 betän-

228 436 77 25 kande,
321 438 121 21 remitterat
461 438 89 22 ärendet
566 438 91 22 tillbaka
672 439 33 21 till
721 438 170 23 Statsutskottet
904 437 33 23 för
953 439 33 21 att

229 471 23 22 af
267 471 112 22 Utskottet
394 472 118 22 behandlas
527 473 7 21 i
550 473 96 27 enlighet
660 473 50 22 med
725 473 27 22 de
767 473 113 28 principer,
897 479 45 16 som
953 473 32 22 in-

229 505 97 22 nehällas
341 506 8 21 i
365 506 41 23 den
421 507 78 28 nådiga
514 507 169 28 propositionen.

298 540 29 22 Af
348 541 37 22 det
409 541 89 23 anförda
520 542 93 27 framgår
635 543 34 21 att
684 544 33 20 tre
733 543 63 21 stånd
812 543 79 21 uttalat
906 543 33 26 sig
953 542 33 22 för

229 574 86 28 frågans
339 575 108 23 definitiva
469 576 85 27 lösning
577 577 40 22 och
639 576 34 23 för
695 577 158 27 godkännande
869 576 22 23 af
905 583 81 16 samma

229 611 139 28 formulering
383 611 22 22 af
419 611 10 28 $
447 613 9 20 1
473 611 92 22 rörande
587 611 102 28 samtliga
710 611 92 22 vakans-
825 611 40 22 och
884 617 102 22 passevo-

229 646 146 27 lansafgifters
395 646 147 28 upphörande,
563 653 48 16 men
627 646 98 22 deremot
741 648 87 21 stannat
842 647 7 21 i
864 647 123 27 skiljaktiga

230 681 73 22 beslut
318 680 133 23 beträffande
467 681 41 22 den
524 681 6 22 i
546 681 155 28 sammanhang
717 681 87 22 dermed
818 681 89 22 stående
917 681 69 28 regle-

231 717 75 26 ringen
322 715 23 22 af
357 715 144 23 förhållandet
516 716 78 22 mellan
609 716 132 22 rusthållens
757 716 107 22 förmoner
879 716 38 22 och
930 716 57 28 skyl-

232 751 105 27 digheter.
367 751 74 22 Under
457 751 36 25 det
512 751 160 27 Ridderskapet
691 751 41 22 och
747 751 69 22 Adeln
831 751 58 22 velat
903 751 85 28 reglera

232 785 131 22 rusthållens
387 785 101 28 ställning
510 785 28 28 på
557 785 133 28 grundvalen
707 785 23 22 af
743 786 26 21 de
785 792 28 15 nu
829 785 107 28 utgående
952 792 36 16 va-

232 819 177 28 kansafgifterna,
433 820 39 22 och
494 820 165 22 Bondeståndet
673 820 80 22 uttalat
769 820 32 28 sig
815 820 34 22 för
863 820 127 28 indragning

233 854 23 22 af
269 854 130 22 rusthållens
415 854 100 28 samtliga
530 854 114 28 förmoner,
660 854 40 23 har
714 854 166 23 Presteståndet
894 855 96 27 godkänt

233 890 125 21 Utskottets
373 889 87 28 förslag,
477 896 46 15 som
538 891 64 26 utgör
617 896 27 16 en
658 890 113 27 medelväg
786 890 77 22 mellan
879 890 26 22 de
920 890 70 28 begge

234 924 143 22 nästnämnda
392 926 71 20 sätten
479 924 44 28 för”
527 924 88 28 frågans
630 924 91 28 lösning.

303 959 34 22 Då
351 959 171 23 Statsutskottet
537 966 64 15 anser
616 959 109 28 synnerlig
739 959 45 28 vigt
798 959 58 28 ligga
871 959 72 28 derpå,
954 960 33 21 att

234 995 88 21 senaste
339 994 116 27 landtdags
471 994 114 22 eventuela
599 994 73 22 beslut
687 1000 34 16 om
737 994 207 28 vakansafgifternas
959 993 31 23 af-

233 1028 95 28 lyftande
344 1028 87 28 bringas
451 1029 32 21 till
501 1029 121 27 utförande,
640 1030 57 20 samt
712 1028 114 22 Utskottet
841 1028 7 22 i
863 1028 38 22 sitt
915 1029 77 21 betän-

233 1064 72 21 kande
320 1063 40 21 N:o
378 1065 33 25 14,
427 1063 111 28 angående
554 1064 100 27 samtliga
669 1063 37 22 vid
717 1064 71 21 denna
797 1063 104 28 landtdag
911 1064 81 21 äskade

233 1098 76 27 anslag
323 1104 28 15 m.
366 1104 35 21 m.,
418 1098 72 22 såsom
505 1098 77 28 bidrag
591 1098 32 22 till
633 1098 152 22 bestridandet
795 1097 22 23 af
826 1098 166 22 militiefondens

234 1132 89 28 utgifter
344 1133 113 27 föreslagit
479 1133 80 22 sådana
578 1133 67 22 andra
661 1133 84 22 skatter
761 1133 46 22 dels
823 1132 24 22 af
859 1132 72 23 direkt
945 1132 47 22 dels

234 1167 23 22 af
270 1167 94 22 indirekt
387 1169 70 25 natur,
479 1167 85 22 hvilkas
580 1167 117 22 anvisande
713 1167 67 28 enligt
795 1167 122 28 åberopade
933 1169 59 20 stän-

235 1198 110 26 derbeslut
369 1202 40 22 och
432 1202 41 23 den
497 1203 67 27 derpå
586 1203 111 26 grundade
720 1202 79 27 nådiga
813 1203 144 27 kungörelsen
973 1201 23 23 af

235 1237 41 21 den
293 1239 25 19 27
334 1237 121 22 December
480 1239 54 19 1878
553 1239 64 25 utgör
632 1237 93 22 vilkoret
740 1236 33 22 för
789 1237 67 27 sagda
871 1236 122 28 aflyftande,

235 1271 25 22 så
274 1270 68 22 finner
357 1271 115 23 Utskottet
489 1272 26 27 så
516 1271 97 28 "mycket
628 1271 161 27 nödvändigare
805 1272 34 20 att
853 1271 54 21 söka
920 1271 74 22 ästad-

234 1306 86 21 komma
336 1312 26 15 en
374 1306 194 27 sammanslutning
580 1305 23 22 af
614 1306 27 22 de
649 1306 60 22 olika
716 1306 109 26 åsigterna
833 1306 7 21 i
848 1305 146 22 rusthållsfrå-

235 1346 48 21 gan,
293 1346 45 16 som
347 1342 34 20 tre
388 1340 64 22 stånd
461 1340 7 22 i
476 1340 76 28 sjelfva
559 1340 76 23 verket
643 1340 58 28 gjort
705 1340 169 22 rotevakansens
880 1339 114 29 aflyftande

234 1375 109 21 beroende
358 1374 23 22 af
395 1381 26 15 en
437 1374 96 23 definitiv
543 1375 108 27 reglering
663 1374 24 23 af
695 1374 144 23 förhällandet
849 1374 78 22 mellan
937 1376 57 20 rust-

234 1409 83 22 hällens
340 1408 109 23 förmoner
471 1410 41 22 och
527 1410 154 28 skyldigheter.
713 1409 46 22 Och
775 1409 28 22 dä
817 1409 176 22 Presteständets

235 1444 74 22 beslut
323 1444 7 22 i
345 1444 62 22 detta
430 1444 108 28 afseende,
560 1445 83 22 hvilket
662 1446 25 20 är
707 1444 120 22 detsamma
842 1450 46 16 som
903 1444 91 22 Utskot-

304 1484 76 23 Bihang
393 1484 30 18 till
437 1484 150 19 Statsutskottets
599 1484 118 18 betänkande
729 1484 36 18 N:o
777 1484 17 18 3.
