1011 1670
394 123 38 22 N:o
448 121 34 24 36.
760 124 26 20 25

61 195 52 21 gare
129 189 41 22 den
191 189 78 27 högste
284 188 6 21 i
306 188 115 27 värdighet
436 188 32 22 till
484 188 90 22 tukthus
589 188 48 22 från
653 188 40 22 och
708 188 47 22 med
771 187 47 28 fyra

61 224 32 21 till
113 224 40 21 och
174 224 48 21 med
242 222 41 22 tolf
300 223 24 21 år
344 223 53 21 eller
416 223 27 27 på
462 222 74 28 lifstid,
553 225 56 19 samt
625 222 67 28 öfrige
707 223 110 27 deltagare

61 258 32 21 till
109 258 88 22 tukthus
216 258 47 21 från
278 258 41 21 och
335 258 49 21 med
400 260 33 19 tre
449 258 32 21 till
498 258 39 22 och
553 258 49 21 med
617 264 38 15 sex
671 258 29 21 år.
731 256 86 23 Skedde

61 292 49 22 våld
131 293 12 21 å
162 292 92 26 förman;
274 292 73 22 dömes
367 298 26 16 en
413 292 53 22 hvar
481 292 32 22 till
529 292 118 22 dödsstraff
661 292 51 22 eller
727 291 89 23 tukthus

61 326 28 28 på
104 326 72 22 lifstid.
206 326 137 23 Beträffande
363 327 41 21 den
424 326 22 22 af
465 329 192 25 upprorsmännen,
674 333 45 15 som
734 326 84 22 utöfvat

61 361 74 22 våldet
150 362 52 21 eller
217 362 57 28 gjort
289 362 33 26 sig
337 362 85 27 skyldig
438 362 32 20 till
486 368 69 15 annan
566 361 133 27 förbrytelse,
711 361 106 26 iakttages

62 396 56 22 hvad
133 396 7 21 i
156 396 13 26 $
184 398 26 20 21
227 396 144 22 föreskrifves.

409 454 13 25 S
439 455 33 19 78.

132 494 68 21 Göres
224 499 79 22 uppror
322 493 7 21 i
349 493 97 22 fiendens
470 493 84 26 närhet,
578 493 54 22 skall
653 500 25 15 en
698 493 57 26 hvar,
772 498 46 16 som

64 528 44 21 deri
128 529 96 26 deltagit,
244 529 74 20 dömas
336 528 32 21 till
388 527 124 28 dödsstraff,
529 528 52 22 eller
597 528 89 21 tukthus
702 529 27 26 på
744 527 73 21 lifstid.

410 586 13 25 8
440 587 33 20 79.

132 627 45 20 Har
199 627 70 26 någon
292 626 117 27 muntligen
433 626 54 21 inför
511 626 92 21 samladt
621 625 103 28 krigsfolk
743 625 52 21 eller
813 625 6 20 i

64 660 69 27 skrift,
151 667 45 15 som
212 661 42 21 han
269 661 65 21 bland
353 660 129 27 krigsfolket
501 661 94 26 utspridt
611 660 51 22 eller
676 660 98 27 utsprida
788 659 31 21 lå-

64 696 33 25 tit,
116 697 116 26 uppmanat
252 695 51 22 eller
324 695 49 22 sökt
392 695 83 22 förleda
494 695 32 21 till
546 701 89 21 uppror;
659 695 27 21 då
701 694 54 22 skall
770 694 49 25 han,

63 729 45 22 ifall
131 730 77 21 sådant
230 729 64 22 likväl
313 730 18 27 ej
352 730 50 21 kom
422 729 31 22 till
473 730 70 25 stånd,
562 729 32 22 för
610 729 122 27 uppvigling
749 728 71 22 dertill

65 765 74 21 dömas
155 764 32 21 till
202 764 96 27 fängelse
314 764 18 27 ej
349 765 69 20 under
434 771 36 14 sex
486 765 107 20 månader.

133 799 75 27 Följde
224 798 22 22 af
260 799 158 26 uppmaningen
435 799 52 21 eller
503 798 136 22 förledandet
651 804 87 21 uppror;
755 797 65 22 varde

66 833 88 21 straffad
170 833 72 21 såsom
259 832 111 22 anstiftare
386 833 66 21 deraf.

412 890 13 26 8
442 892 33 19 80.
722 914 3 4 N

135 924 89 33 Ätlyder
247 930 92 21 samladt
361 929 106 27 krigsfolk
491 930 18 27 ej
528 930 93 21 förmans
640 929 130 28 uppmaning
790 930 32 20 att

66 964 88 27 skingra
169 964 32 27 sig
217 964 40 22 och
273 964 56 21 visar
340 964 67 27 afsigt
418 966 32 20 att
461 966 60 20 störa
531 964 78 22 allmän
621 964 98 27 ordning;
736 962 85 23 straffes

67 1005 26 15 en
108 999 58 26 hvar,
186 1004 46 16 som
250 999 6 20 i
276 998 37 22 det
330 999 95 27 upplopp
446 999 96 27 deltagit,
559 999 49 21 med
623 998 95 28 fängelse
734 998 32 21 till
782 998 40 21 och

67 1033 48 21 med
130 1039 37 15 sex
182 1033 108 21 månader.

137 1067 81 21 Varder
236 1066 82 23 förman
337 1067 75 21 dervid
431 1067 67 22 hotad
513 1068 48 21 med
577 1068 49 21 väld
642 1068 51 21 eller
708 1067 50 21 sker
774 1066 49 22 väld

68 1102 13 22 å
95 1102 77 21 honom
189 1102 52 21 eller
256 1102 13 21 å
285 1108 69 15 annan
370 1108 80 21 person
464 1102 52 22 eller
527 1102 114 27 egendom;
658 1102 55 27 gälle
723 1102 34 21 för
768 1101 55 26 dem,

67 1142 46 16 som
129 1137 57 26 gjort
202 1136 32 27 sig
251 1136 69 22 dertill
336 1137 104 26 skyldige,
457 1136 57 22 hvad
530 1137 7 21 i
553 1138 27 25 $$
596 1139 26 19 76
639 1137 39 21 och
690 1138 26 20 77
727 1136 33 22 för
770 1142 53 20 upp-

67 1173 98 20 rorsmän
180 1170 68 22 finnes
264 1171 107 27 stadgadt.

400 1258 14 20 9
431 1260 63 22 Kap.

69 1302 37 22 Om
125 1302 126 29 bedrägeri,
275 1302 143 29 lemlästning
440 1302 40 22 och
501 1309 74 16 annan
595 1302 71 22 skada
686 1302 13 22 ä
717 1302 80 27 kropp,
818 1300 8 22 i

68 1336 69 29 afsigt
157 1336 33 22 att
208 1336 72 22 befria
298 1337 34 28 sig
347 1336 53 22 frän
415 1337 146 29 krigstjenst;
578 1336 25 22 sä
619 1337 41 22 ock
676 1342 33 16 om
723 1334 104 29 rymning

167 1371 55 22 samt
238 1370 84 29 olofligt
338 1371 153 22 uteblifvande
507 1371 51 22 från
572 1371 156 29 tjenstgöring.

416 1424 13 25 8
446 1425 33 19 81.

138 1462 74 22 Förfar
228 1463 109 27 krigsman
353 1463 123 27 bedrägligt
490 1464 7 20 i
514 1463 65 27 afsigt
594 1464 33 20 att
642 1463 45 21 helt
702 1462 41 22 och
758 1461 70 21 hället
