1034 1673
226 135 13 20 6
525 133 35 21 N:o
576 133 36 21 38.

198 202 151 27 expeditionen
371 202 7 20 i
401 202 32 21 S:t
451 202 139 26 Petersburg,
610 201 230 27 Medicinalstyrelsen,
857 201 96 26 Poststy-

199 238 76 24 relsen,
301 228 171 40 Öfverstyrelsen
491 237 33 20 för
544 237 108 20 allmänna
668 236 159 27 byggnaderna,
845 232 109 30 Öfversty-

198 272 71 20 relsen
279 272 33 20 för
322 271 187 27 pressärenderna,
521 271 240 27 Fängvärdsstyrelsen,
774 270 126 21 Statistiska
911 276 42 15 em-

198 305 131 26 betsverket,
346 304 102 22 Finlands
465 305 145 26 Statskontor,
626 306 103 20 Finlands
745 305 62 21 Bank
817 305 48 20 med
876 305 78 20 under-

198 340 93 26 lydande
307 340 79 20 kontor
402 340 38 21 och
456 342 121 24 agenturer,
590 340 278 23 Generaltulldirektionen,
880 335 74 25 Öfver-

199 375 107 27 styrelsen
322 374 33 21 för
371 375 52 20 lots-
442 375 39 21 och
501 374 189 27 fyrinrättningen,
710 374 182 26 Bergsstyrelsen,
909 374 45 20 Ma-

199 409 246 26 nufakturdirektionen,
462 409 114 21 Allmänna
586 409 194 25 Revisionsrätten,
793 408 116 21 Direktorn
921 408 33 21 för

199 444 70 20 finska
285 444 164 26 kadetkorpsen,
470 444 89 20 Befälen
578 443 60 21 öfver
658 443 70 21 finska
747 443 206 27 militärkorpserne,

199 478 256 26 Krigskommissariatet,
465 477 312 22 Alexanders-Universitetets
787 478 166 25 Konsistorium,

198 513 185 25 Rektorsembete,
400 512 131 26 Fakulteter,
548 512 250 21 Examinationsutskott
813 512 38 21 och
868 512 85 20 Ekono-

200 547 142 26 miedivision,
367 543 170 31 Öfverstyrelsen
561 547 33 21 för
618 547 159 25 skolväsendet,
794 547 159 26 Domkapitlen,

199 578 173 30 Öfverstyrelsen
387 582 34 20 för
436 584 49 24 väg-
501 582 39 21 och
556 582 319 26 vattenkommunikationerna,
891 582 62 20 Jern-

199 616 167 27 vägsstyrelsen,
391 616 102 22 Cheferne
513 616 33 21 för
565 617 197 26 Ingeniörkorpsen
784 616 38 21 och
839 616 114 26 Statsjern-

199 653 100 24 vägarne,
312 646 171 32 Öfverstyrelsen
495 651 33 21 för
539 651 168 25 landtmäteriet,
719 651 170 26 Forststyrelsen
899 652 55 18 samt

200 686 144 26 Inspektören
360 685 33 21 för
408 686 131 20 fiskerierna.

270 720 81 27 Fjerde
366 720 151 28 afdelningen:
537 720 197 25 Rädstufvurätter,
754 719 141 26 Magistrater
914 719 39 21 och

200 754 179 27 Ordningsrätter
398 757 55 18 samt
472 755 112 20 städernas
605 754 182 26 Drätselkamrar,
804 754 95 20 Härads-
915 754 38 20 och

199 789 223 26 Fgodelningsrätter,
446 789 67 21 Polis-
537 789 39 21 och
600 788 201 26 Auktionskamrar,
826 788 128 21 Landtränt-

199 826 101 24 mästare,
324 824 190 26 Länebokhällare,
534 823 136 28 Styrelserna
689 823 33 21 för
741 823 59 26 sjuk-
819 823 39 21 och
874 823 79 20 kurhu-

200 865 36 14 sen
253 859 110 20 äfvensom
382 859 34 20 för
435 859 137 26 spinnhusen,
593 859 167 20 Direktionerne
781 858 32 20 för
829 857 69 21 straff-
915 857 38 21 och

199 893 217 26 arbetsfängelserna,
427 893 273 26 Kartasigillatakontoret,
712 892 110 21 Kontroll-
833 892 38 21 och
883 891 69 27 Mynt-

198 927 83 26 verket,
296 927 221 26 Revisionskontoret,
533 927 186 21 Föreständarene
735 927 34 20 för
785 926 168 27 länebyggnads-

200 962 112 25 kontoren,
336 962 153 27 Polytekniska
512 962 116 25 institutet,
645 961 168 21 Direktionerna
831 961 34 21 för
885 961 68 20 tekni-

200 997 40 20 ska
255 997 54 20 real-
326 998 56 19 samt
397 997 244 26 navisationsskolorna,
658 996 194 21 Rektorsembeten
864 995 37 21 och
913 995 40 20 Lä-

200 1031 154 25 rarekollegier
373 1031 35 20 vid
429 1031 244 21 elementarläroverken
693 1030 39 20 och
749 1030 108 25 skolorna,
874 1029 78 21 Chefen

200 1064 34 21 för
250 1064 73 21 Saima
338 1064 64 21 kanal
418 1065 38 21 och
473 1065 264 26 Distriktsingeniörerne,
749 1063 205 21 Länelandtmäteri-

200 1099 112 25 kontoren,
329 1099 154 21 Direktörerne
502 1099 34 21 för
555 1101 82 19 statens
658 1098 140 22 landtbruks-
814 1098 39 21 och
868 1098 86 20 forstin-

200 1133 71 26 stitut,
294 1133 166 21 Direktionerne
483 1134 32 20 för
535 1134 147 20 Riddarhuset
702 1133 38 20 och
760 1132 34 21 för
811 1132 142 22 Civilstatens,

199 1167 129 26 Militärens,
345 1168 153 21 Ecklesiastik-
514 1168 38 21 och
570 1168 161 21 Skolstaternas
748 1169 56 18 samt
819 1166 135 21 Folkskollä-

199 1208 89 14 rarenes
304 1202 63 20 enke-
383 1202 39 21 och
437 1202 152 27 pupillkassor,
601 1201 237 27 Magasinsförvaltare,
850 1200 105 21 Boställs-

199 1236 144 27 inspektörer,
352 1236 157 27 Kronofogdar,
520 1236 200 25 Häradsskrifvare,
729 1236 126 20 Förvaltare
865 1234 22 21 af
896 1236 58 25 post-

200 1271 79 21 kontor
295 1271 39 21 och
349 1272 204 26 postexpeditioner,
574 1270 206 25 Tulldistrischefer,
797 1269 158 21 Tullkammare

201 1306 40 20 och
257 1305 204 27 Tullexpeditioner,
478 1305 76 21 Chefer
570 1305 33 21 för
624 1305 201 25 lotsfördelningar,
841 1304 114 20 Landtmä-

200 1342 46 19 tare
256 1340 39 21 och
303 1340 118 26 Justerare,
435 1336 215 26 Öfverforstmästare
664 1339 39 21 och
712 1339 165 25 Forstmästare,
889 1338 66 20 Brän-

200 1375 255 21 vinsöfverkontrollörer
471 1377 55 19 samt
542 1375 41 20 alla
598 1374 68 21 andra
681 1374 69 20 under
766 1374 27 20 de
809 1374 65 25 högre
890 1372 66 21 afdel-

200 1408 105 26 ningarna
321 1409 46 21 icke
384 1409 104 21 särskildt
503 1409 128 21 omnämnda
646 1408 144 25 embetsverk,
807 1407 149 27 myndigheter

199 1443 41 20 och
254 1444 135 25 tjenstemän,
406 1444 25 20 så
446 1444 45 20 vidt
507 1444 99 21 befrielse
622 1443 48 21 från
687 1442 124 27 skyldighet
826 1444 33 19 att
869 1442 87 21 kartera
