1023 1670
214 133 27 20 30
413 131 24 22 U.
454 130 23 23 B.
494 143 27 4 —
538 131 66 29 Prop.
620 131 38 22 N:o
674 130 34 23 33.

183 197 68 22 varda
265 196 47 22 från
327 197 48 21 sina
387 196 169 28 vakansafgifter
565 196 137 28 fullständigt
712 196 101 22 befriade.
839 197 50 22 Man
901 197 44 22 må-

183 233 34 20 ste
237 231 68 28 fråga,
325 231 88 22 hvarför
431 231 153 28 förändringen
604 231 23 22 af
644 232 49 21 vårt
711 231 162 28 mititärsystem
889 231 55 22 skall

183 266 33 22 för
231 272 28 15 en
274 265 34 22 del
319 265 116 28 jordegare
445 265 65 23 blifva
521 272 26 16 en
558 266 115 27 anledning
684 266 33 21 till
728 266 172 27 skattelindring,
911 265 34 22 för

184 306 26 16 en
226 306 71 15 annan
316 300 35 21 del
370 300 32 21 till
418 300 203 28 skatteförhöjning,
638 300 91 22 oaktadt
744 300 27 22 de
786 300 13 22 å
813 300 130 27 indelnings-

183 334 78 22 verket
276 334 111 27 grundade
402 334 149 28 skyldigheter
565 334 34 22 för
613 335 110 22 bådadera
739 334 153 28 suspenderats
903 335 41 22 och

184 369 91 22 oaktadt
289 369 148 27 värnepligten
453 369 93 22 drabbar
562 369 47 22 dem
626 369 43 22 alla
683 369 50 21 lika.
755 369 51 22 Icke
814 368 63 22 hafva
888 369 54 22 1877

183 403 36 21 års
235 403 89 22 ständer
338 403 49 21 med
403 405 32 19 ett
450 403 56 22 enda
521 403 39 21 ord
575 403 64 27 yrkat
653 405 33 19 att
701 409 50 15 man
764 403 54 21 skall
828 402 47 22 från
886 405 58 19 rust-

182 437 162 28 hållsegarenas
364 438 115 27 tillgångar
497 438 54 22 söka
566 438 122 26 ersättning
703 437 32 22 för
751 438 27 21 de
793 437 101 23 förluster
909 443 35 16 ro-

182 472 145 22 tevakansens
343 472 181 22 efterskänkande
540 472 91 22 bereder
647 472 144 22 statskassan.

252 507 169 27 Konseqvensen
437 506 22 23 af
473 507 38 22 det
526 507 91 22 anförda
633 510 24 19 är
672 507 55 21 dock
743 507 19 27 ej
779 507 48 26 den,
843 508 32 20 att
885 508 58 20 rust-

181 541 168 23 hållsvakansen
370 542 65 21 borde
451 542 7 21 i
474 542 69 22 likhet
558 542 50 21 med
623 544 58 19 rote-
697 542 40 21 och
752 541 191 22 båtsmansvakan-

182 582 39 16 sen
236 578 53 20 utan
307 576 74 22 vidare
399 576 121 22 afskrifvas.
551 577 112 22 Försedda
677 576 50 22 med
743 576 106 22 särskilda
865 576 77 22 förmo-

182 616 39 16 ner
236 610 33 22 till
283 610 138 28 rustningens
431 610 148 29 uppbärande,
590 611 53 22 böra
653 611 120 22 rusthållen
783 610 56 22 afstå
849 610 24 22 af
879 610 65 22 dessa

180 644 110 22 förmoner
311 647 32 19 ett
365 645 78 27 belopp
466 646 153 22 motsvarande
639 646 42 22 den
705 646 59 21 skatt
786 651 46 16 som
853 645 88 27 upphör.

181 679 40 21 Att
239 679 34 21 för
293 679 28 21 all
336 679 87 22 framtid
438 681 67 21 varda
520 680 96 22 befriade
631 680 47 22 från
694 680 75 27 sjelfva
783 680 159 27 rustningspre-

181 713 116 27 stationen,
314 720 34 15 om
365 714 40 22 ock
420 714 7 22 i
443 714 50 22 dess
509 714 63 22 ställe
588 715 133 27 underlagda
736 715 129 27 roteringen,
881 714 61 22 detta

181 749 24 19 är
225 748 41 21 den
287 747 95 29 eftergift
401 748 60 23 hvari
481 749 121 22 rusthållen
621 749 36 22 må
671 748 59 23 finna
745 756 26 15 en
787 749 156 27 motsvarighet

181 782 32 21 till
229 782 42 22 den
287 782 27 22 de
329 784 102 21 roterade
445 784 127 22 hemmanen
588 784 120 22 förunnade
718 783 126 27 afskrifning
854 783 23 22 af
884 785 58 20 rote-

181 816 41 22 och
237 816 231 23 båtsmansvakansen.

249 851 44 22 Det
313 851 39 22 har
373 852 126 28 visserligen
518 853 40 22 ock
579 852 70 22 blifvit
669 853 105 25 anmärkt,
793 854 34 19 att
841 858 49 15 man
905 858 37 21 ge-

180 891 50 16 nom
250 885 163 23 bibehållandet
432 886 23 22 af
469 887 130 22 rusthållens
616 887 124 22 nuvarande
756 887 102 26 ställning
873 886 69 22 skulle

179 919 106 28 tillskapa
300 922 33 20 ett
348 923 49 25 nytt
412 921 48 27 slag
476 921 23 22 af
512 921 121 28 frälsejord,
651 921 31 22 till
698 921 124 28 ytterligare
832 921 69 21 skada
910 920 33 22 för

180 953 51 22 den.
241 955 179 27 oprivilegierade
433 956 85 27 jorden.
540 957 77 21 Denna
633 956 140 27 anmärkning
783 957 25 20 är
817 955 65 22 likväl
892 955 51 27 föga

179 988 100 27 befogad.
309 989 44 22 Det
368 995 47 16 som
430 990 92 22 sålunda
537 991 69 22 skulle
622 990 121 23 bibehållas
759 990 39 21 har
813 990 66 21 redan
894 989 7 22 i
915 991 26 20 70

179 1023 24 21 år
221 1025 37 25 egt
277 1023 100 27 bestånd,
398 1025 40 21 och
459 1025 70 22 skulle
549 1025 86 22 således
650 1025 49 22 icke
715 1025 120 26 tillskapas.
864 1024 77 27 Någon

180 1057 69 22 skada
265 1058 42 21 kan
323 1058 63 22 deraf
399 1060 19 27 ej
435 1060 81 27 uppstå
530 1059 33 22 för
579 1060 74 26 andra,
665 1059 102 22 eftersom
778 1058 120 22 rusthållen
909 1058 32 21 till

177 1091 54 22 fullo
251 1092 86 28 deltaga
357 1093 6 21 i
384 1093 43 22 alla
447 1100 66 15 onera
531 1094 84 22 hvilkas
635 1094 121 27 utgörande
775 1093 93 22 fördelas
887 1092 55 22 efter

178 1126 89 22 mantal.
297 1127 44 22 Det
361 1129 24 20 är
405 1128 79 22 endast
503 1129 7 20 i
527 1129 102 22 afseende
645 1129 13 21 å
674 1128 107 22 ordinarie
796 1129 83 25 räntan,
895 1133 46 16 som

178 1160 27 21 de
221 1161 71 22 skulle
308 1161 58 22 bilda
382 1162 122 28 undantag;
520 1169 49 16 men
585 1163 41 22 den
637 1163 65 27 utgår
713 1162 67 27 enligt
791 1162 150 27 quotitets-sy-

178 1195 80 22 stemet
281 1197 51 20 utan
344 1212 2 2 .
355 1196 72 28 någon
451 1197 115 22 solidarisk
589 1197 120 27 fördelning
730 1196 78 23 mellan
827 1196 26 21 de
873 1195 70 22 skilda

174 1228 214 28 jordlägenheterna.
419 1232 174 27 Anmärkningen
612 1233 43 21 kan
675 1231 100 27 föröfrigt
793 1232 68 26 rigtas
880 1230 61 28 äfven

177 1265 46 19 mot
238 1264 249 28 utskottspluralitetens
502 1266 87 28 förslag,
606 1266 68 22 ehuru
690 1266 83 22 antalet
787 1264 93 23 rusthåll
895 1270 47 16 som

176 1298 20 26 ej
217 1298 101 23 betalade
338 1300 72 27 någon
430 1301 108 22 ordinarie
556 1304 70 24 ränta,
647 1301 69 27 enligt
735 1301 119 21 detsamma
871 1298 70 24 blefve

171 1332 88 22 mindre
275 1335 27 20 än
317 1336 39 20 när
371 1336 72 20 status
460 1342 42 21 quo
518 1336 173 22 vidmakthålles.

247 1367 106 29 Slutligen
369 1369 95 22 återstår
480 1370 41 22 den
536 1370 118 27 ingalunda
669 1369 96 28 ovigtiga
775 1368 163 27 invändningen,

176 1402 33 20 att
233 1403 78 26 staten,
333 1408 78 22 genom
431 1405 34 20 att
479 1404 45 22 låta
538 1404 36 22 vid
589 1404 134 23 rusthållens
738 1403 124 22 nuvarande
878 1402 60 22 ställ-

175 1434 51 28 ning
249 1436 60 27 bero,
331 1436 86 29 afsäger
436 1438 34 28 sig
491 1439 41 21 den
552 1439 101 27 inkomst,
670 1444 47 16 som
731 1444 77 22 genom
825 1436 62 23 ofvan
903 1436 36 22 be-

246 1475 150 19 Statsutskotteis
409 1477 117 19 betänkande
539 1478 36 18 N:o
587 1479 16 17 3.
