1023 1670
219 125 28 21 36
390 124 82 23 Ständ.
487 124 38 23 Sv.
541 136 26 3 —
583 124 73 28 Prop.
672 123 41 23 N:o
728 123 37 22 38.

190 188 50 21 med
256 187 80 21 honom
351 186 87 22 lemnad
453 188 43 20 rätt
512 188 39 24 att,
562 186 7 21 i
580 186 39 21 fall
633 186 44 22 han
692 192 64 15 anser
767 186 42 21 den
820 185 130 22 föreskrifna

190 221 141 27 karteringen
346 228 52 14 vara
413 220 85 28 oriktig,
515 220 99 22 deröfver
629 220 66 28 klaga
710 220 39 22 hos
765 221 42 21 den
817 220 132 28 myndighet,

190 256 71 20 under
276 254 87 22 hvilken
378 256 177 26 tjenstemannen
570 255 67 27 lyder.
667 255 135 27 Ansökning,
818 262 46 14 som
879 255 7 21 i
902 256 48 20 stöd

190 290 26 21 af
228 289 58 22 hvad
301 289 183 27 författningarne
500 289 7 21 i
521 289 58 22 vissa
595 289 38 21 fall
648 289 73 21 tillåta
735 290 70 20 under
820 288 83 28 omslag
918 289 32 21 in-

190 324 86 25 sändes,
298 323 38 21 bör
351 324 8 20 i
373 324 73 26 vanlig
466 324 92 26 ordning
573 323 123 28 föreläggas
711 323 163 22 vederbörande
890 330 59 21 myn-

189 358 84 27 dighet,
288 365 52 19 som,
356 358 8 21 i
378 358 103 22 händelse
497 359 67 26 något
579 358 8 20 i
601 358 170 27 handlingarnes
787 357 111 27 kartering
913 357 36 21 be-

189 392 71 21 finnes
280 392 112 26 åsidosatt,
413 392 87 27 pröfvar
518 392 57 22 hvad
591 392 102 22 afseende
709 393 13 20 å
737 392 150 26 ansökningen
902 391 47 22 haf-

189 433 39 14 vas
243 427 42 20 må.

260 460 63 22 Hvad
338 460 91 22 sålunda
444 467 35 14 om
494 461 142 27 tjenstemäns
651 459 140 28 ansvarighet
804 461 25 20 är
840 460 108 27 stadgadt,

189 495 36 20 må
248 494 56 21 dock
324 495 18 27 ej
359 495 110 27 tillämpas
484 495 13 21 &
512 497 66 25 prest,
594 495 28 21 dä
637 494 211 28 äktenskapsförord
862 493 34 22 för
911 494 37 21 ho-

189 534 51 15 nom
256 530 85 25 upptes.

539 581 11 25 8
566 580 33 20 20.

260 619 39 21 Om
323 619 117 27 stämpling
462 620 24 21 af
499 620 82 21 sådana
597 621 73 26 öppna
685 619 50 21 bref
748 620 13 20 å
777 620 107 25 embeten,
900 620 47 21 vär-

188 653 100 27 digheter
298 653 40 21 och
354 653 82 26 afsked,
452 660 45 15 som
511 654 23 21 af
548 654 73 21 Hans
636 653 162 28 Kejserliga
812 653 136 28 Majestät

189 688 147 27 egenhändigt
347 688 166 26 undertecknas,
523 688 96 28 besörjer
630 689 41 20 den
683 688 141 25 embetsman,
832 694 46 14 som
886 689 62 20 ären-

188 722 38 20 det
241 722 8 20 i
264 722 96 22 Senaten
378 722 125 28 föredragit.
533 722 50 22 Men
603 722 34 22 för
652 722 112 27 kartering
780 722 24 21 af
817 723 27 20 de
860 722 88 27 expedi-

188 756 78 26 tioner,
282 763 46 15 som
344 756 104 28 antingen
464 756 24 22 af
500 756 96 22 Senaten
612 756 52 22 eller
679 757 70 20 andra
765 756 136 21 embetsverk
916 759 32 19 ut-

187 790 83 26 färdas,
293 797 61 15 svare
374 792 42 20 den
436 791 139 27 tjensteman,
595 798 46 14 som
657 790 154 28 expeditionen
826 790 121 28 kontrasig-

188 826 63 19 nerat
275 824 58 26 eller,
356 826 38 19 der
409 825 188 27 kontrasignation
612 825 19 28 ej
648 827 36 24 egt
700 832 54 18 rum,
771 826 127 20 densamma
912 827 33 18 ut-

186 859 82 20 färdat.

258 893 44 20 För
322 893 64 26 öfrigt
406 894 36 20 må
456 893 18 28 ej
491 894 71 26 någon
577 893 8 21 i
600 893 67 28 tjenst
682 893 93 21 insättas
791 893 52 20 eller
858 893 88 21 dermed

186 926 106 21 förenade
315 927 159 22 löneförmåner
496 928 41 21 och
559 927 128 27 rättigheter
703 927 159 27 tillgodonjuta,
877 927 68 21 innan

186 960 45 21 han
246 961 102 21 fullmakt
362 961 52 21 eller
429 961 145 22 förordnande
590 962 13 20 å
618 961 99 27 behörigt
731 961 120 27 stämpladt
862 968 83 20 papper

186 994 68 21 utlöst
270 995 40 21 och
326 995 108 27 uppvisat,
449 995 114 22 hvaröfver
577 995 163 22 vederbörande
756 994 51 22 chef
820 1002 50 20 eger
880 995 65 21 hafva

186 1028 81 28 tillsyn.

535 1082 10 24 8
561 1080 33 22 2.

256 1119 46 21 Har
323 1120 73 26 inlaga
420 1120 51 21 eller
492 1120 73 27 bilaga
582 1120 36 21 vid
637 1120 137 21 embetsverk
792 1119 70 23 blifvit
878 1122 66 19 emot-

185 1154 77 26 tagen,
286 1153 52 21 eller
361 1154 133 27 expedition,
518 1161 45 14 som
586 1156 24 19 är
632 1154 118 28 behörigen
769 1154 175 27 underskrifven,

186 1187 97 21 derifrån
304 1187 104 27 utgifvits,
431 1188 36 21 må
484 1188 34 21 för
532 1188 111 21 bristande
659 1188 53 21 eller
727 1188 90 27 felaktig
832 1188 112 27 kartering

185 1221 74 27 någon
281 1221 84 28 påföljd
388 1222 18 27 ej
427 1222 81 21 drabba
524 1223 41 20 den
581 1222 104 26 enskilde,
701 1229 46 14 som
762 1222 92 21 skriften
868 1222 76 22 inlem-

184 1257 40 19 nat
248 1255 52 21 eller
322 1255 73 26 utfått,
419 1256 51 21 eller
492 1257 81 20 sådane
593 1256 87 21 skrifter
695 1256 41 21 och
751 1255 130 28 handlingar
896 1257 48 20 der-

183 1288 47 21 före
250 1289 84 21 lemnas
354 1291 53 19 utan
427 1289 108 26 afseende,
553 1292 54 19 utan
621 1297 51 15 vare
689 1291 76 20 endast
781 1290 161 21 vederbörande

184 1322 134 27 tjensteman
333 1323 33 21 för
380 1323 117 22 förseelsen
512 1324 101 21 förfallen
629 1324 33 21 till
677 1331 79 15 ansvar
767 1325 31 26 på
808 1325 43 20 sätt
861 1325 81 21 nedan-

184 1356 46 21 före
246 1356 137 22 bestämmes.

533 1411 10 25 s
559 1410 34 20 22.

254 1447 97 22 Embets-
367 1448 41 21 och
423 1448 137 28 tjensteman,
577 1456 45 14 som
632 1449 36 22 vid
680 1448 98 22 skrifters
789 1450 152 26 emottagande
