1059 1689
221 133 22 18 12
444 133 23 18 U.
481 132 22 19 B.
516 142 23 3 --
550 132 63 24 Prop.
627 132 37 19 N:o
676 132 33 19 42.

196 190 38 21 het
249 189 28 22 då
293 190 93 27 önskligt
400 191 31 25 är,
447 191 32 20 att
493 190 74 27 hvarje
581 189 56 22 finsk
653 185 73 25 officer
737 188 55 22 skall
802 187 114 22 innehafva
926 193 27 15 en

197 224 44 21 viss
257 224 53 26 grad
326 224 23 21 af
362 224 105 27 bildning;
484 224 69 21 skulle
568 224 50 25 alla,
635 229 45 16 som
696 223 52 21 bära
762 222 125 27 epauletter,
903 223 52 19 utan

197 257 118 22 åtskillnad
330 257 124 27 öfverföras,
471 259 24 20 så
510 258 69 21 skulle
595 258 34 21 för
645 264 25 15 en
685 257 51 26 lång
746 256 55 27 följd
811 255 23 22 af
843 255 24 21 år
878 255 78 21 framåt

197 293 104 25 truppens
317 293 191 26 sammansättning
526 292 55 27 tagit
596 292 24 21 så
635 291 49 22 svår
699 291 74 26 skada,
790 296 44 15 som
851 289 7 21 i
873 289 83 21 framti-

198 325 42 22 den
256 332 50 15 vore
322 326 87 27 omöjlig
424 328 32 19 att
469 326 22 21 få
500 326 72 21 botad.
598 325 111 22 Huruvida
720 326 31 20 ett
762 323 126 27 tillräckligt
897 323 59 20 antal

198 359 139 26 reservbefäl,
360 366 45 15 som
425 361 66 26 enligt
509 361 44 20 stat
570 359 83 27 uppgår
671 359 33 21 till
723 359 29 21 40
767 357 117 26 officerare,
901 356 54 22 skall

198 393 73 22 kunna
286 394 56 21 inom
358 396 31 19 ett
403 401 40 20 par
457 394 102 21 månader
574 393 114 27 anskaffas,
708 393 61 21 torde
785 398 52 15 vara
852 391 58 21 svårt
924 391 32 20 att

197 427 84 27 afgöra,
305 428 26 21 då
349 428 44 21 tills
413 429 73 20 vidare
504 428 39 21 hos
564 428 43 27 mig
623 428 81 21 anmält
719 427 33 26 sig
767 426 76 22 endast
859 424 97 26 omkring

200 463 27 20 15
242 468 109 20 personer,
371 462 23 21 af
410 462 72 21 hvilka
501 462 54 21 dock
574 461 51 22 flere
640 461 33 21 till
689 461 53 26 följd
758 460 23 21 af
795 460 32 21 sin
843 465 42 20 nog
900 459 56 26 höga

198 495 63 22 ålder
276 496 39 21 och
330 496 23 21 af
366 497 67 20 andra
449 496 88 21 orsaker
551 496 19 27 ej
582 496 71 21 kunna
663 501 63 16 anses
737 494 102 27 lämpliga
849 493 33 21 för
893 493 63 21 dessa

199 530 98 26 tjenster.
327 530 42 24 För
388 533 32 18 att
442 531 53 26 fylla
517 529 211 22 reservunderbefäls
747 529 115 26 platserna,
885 527 72 21 hvilka

200 564 69 27 enligt
283 566 44 19 stat
340 566 88 25 utgöras
444 565 23 21 af
481 565 41 21 192
537 563 186 26 underofficerare,
739 563 74 26 finnes,
829 562 43 26 mig
887 563 69 19 veter-

199 598 65 26 ligen,
281 598 18 27 ej
316 599 73 26 andra,
405 601 27 19 än
447 599 101 26 möjligen
564 599 67 26 några
643 597 188 25 underofficerare,
843 602 45 15 som
899 595 58 21 förut

199 632 70 27 tjenat
291 633 36 20 vid
349 633 207 26 gardesbataljonen,
579 633 39 20 och
638 633 59 20 detta
712 631 135 21 förhållande
862 630 95 21 kommer

201 668 32 19 att
249 666 98 27 existera,
363 667 44 21 tills
423 666 206 22 underofficerarene
640 666 35 21 vid
691 666 26 21 de
728 665 72 21 aktiva
810 664 147 27 bataljonerna

201 700 69 27 tjenat
288 703 24 18 ut
330 701 33 21 sin
381 701 38 26 tid,
439 702 19 20 d.
477 708 19 14 v.
516 707 16 15 s.
551 701 128 21 åtminstone
698 699 33 22 till
751 699 41 21 den
808 700 9 20 1
835 698 120 21 November

203 734 62 21 1884.

271 769 11 21 I
297 769 140 22 betraktande
453 770 24 21 af
490 770 38 21 allt
544 769 65 26 detta,
625 775 63 15 anser
701 768 44 27 jag,
761 769 32 20 att
803 773 112 15 reservens
926 766 31 21 öf-

202 803 77 26 ningar
293 803 8 20 i
315 803 63 27 ingen
394 803 102 22 händelse
512 803 59 21 detta
585 803 25 21 år
625 803 72 20 kunna
712 801 95 27 försiggå
817 801 139 26 kompanivis,

202 837 39 20 och
264 839 33 18 att
319 838 36 21 det
377 838 54 21 enda
454 838 87 26 möjliga
560 839 65 19 sättet
643 837 73 21 består
736 836 52 26 deri,
807 837 32 19 att
858 840 99 15 reserven

201 871 176 27 sammandrages
392 872 33 21 till
441 872 26 21 de
483 872 70 21 aktiva
568 871 155 27 bataljonerna,
739 870 67 21 ehuru
821 869 65 21 också
899 869 59 20 detta

201 905 48 20 icke
264 907 25 18 är
304 907 32 19 att
351 905 181 26 rekommendera,
552 905 27 22 då
594 905 112 21 afstånden
721 904 56 21 ifrån
792 903 166 21 reservisternas

201 939 110 21 hemorter
325 940 32 20 till
373 940 198 21 residensstäderna
590 939 44 21 ofta
652 941 38 19 äro
709 938 83 27 ganska
806 939 65 24 stora,
888 936 69 21 hvari-

202 979 77 20 genom
298 973 33 21 till
351 973 65 22 fram-
431 974 40 21 och
486 974 95 21 återresa
597 973 88 27 mycken
701 973 32 20 tid
749 972 69 21 skulle
834 971 55 26 åtgå,
905 970 53 21 hvil-

201 1007 38 21 ket
257 1007 47 21 åter
322 1008 89 21 innebär
426 1015 27 14 en
468 1010 44 19 stor
527 1008 94 21 indirekt
638 1007 78 21 förlust
731 1006 34 21 för
779 1007 76 20 staten.
886 1004 71 21 Emel-

201 1041 72 26 lertid,
297 1048 33 14 om
354 1042 59 20 detta
432 1044 43 19 sätt
494 1042 33 20 för
546 1047 111 15 reservens
676 1041 73 25 öfning
768 1039 55 21 skall
843 1039 114 25 tillämpas,

201 1075 42 21 blir
259 1075 36 21 det
310 1076 81 26 nödigt,
406 1076 34 20 för
455 1078 32 19 att
501 1076 79 21 bereda
595 1082 46 14 rum
657 1074 34 22 för
706 1074 155 21 reservisterne
875 1072 39 21 och
924 1071 34 21 för

201 1110 32 20 att
249 1109 159 27 bataljonernas
423 1110 58 21 befäl
497 1110 38 21 och
550 1108 126 22 underbefäl
692 1108 74 21 dervid
786 1107 34 21 må
835 1106 71 21 kunna
921 1112 36 14 an-

201 1143 88 26 vändas,
312 1145 31 19 att
365 1144 175 26 hempermittera
561 1143 126 26 manskapet
709 1142 36 20 vid
767 1140 149 27 bataljonerna
930 1140 27 26 på

201 1176 42 21 den
258 1176 39 26 tid,
313 1183 45 15 som
373 1184 112 14 reservens
496 1177 96 26 öfningar
604 1176 60 21 skola
675 1175 77 27 fortgå.
778 1174 112 21 Huruvida
900 1179 58 15 man-

201 1210 78 27 skapet
294 1211 54 21 skall
365 1211 67 21 önska
447 1213 32 19 att
497 1211 98 27 begagna
613 1211 32 26 sig
661 1210 22 21 af
700 1210 69 20 denna
784 1208 134 27 permission,
934 1209 24 19 är

201 1245 59 21 svårt
283 1247 32 19 att
337 1248 61 24 säga;
421 1246 54 20 dock
498 1248 87 24 antager
606 1245 43 26 jag,
673 1246 32 19 att
723 1245 69 19 större
811 1242 62 22 delen
892 1247 66 21 gerna

201 1279 71 21 skulle
288 1280 97 26 begagna
400 1280 33 26 sig
449 1280 66 20 deraf.
543 1280 42 20 Vid
604 1278 149 27 bataljonerna
768 1276 70 22 skulle
854 1276 104 26 qvarlem-

201 1319 39 15 nas
255 1314 40 20 allt
310 1314 57 21 befäl
383 1314 39 20 och
438 1314 131 25 underbefäl,
584 1313 83 21 hvilkas
683 1312 59 21 antal
758 1311 33 21 till
802 1311 41 20 den
856 1308 32 25 '/13
898 1309 59 27 April

201 1347 24 21 af
239 1348 44 26 mig
298 1347 71 22 blifvit
383 1347 242 27 Militie-Expeditionen
645 1346 124 22 meddeladt
787 1345 6 21 i
809 1344 112 21 skrifvelse
937 1343 23 21 af

201 1381 41 21 den
260 1382 26 20 19
302 1382 86 25 dennes,
408 1382 40 20 N:o
467 1382 48 25 318,
534 1381 109 21 äfvensom
663 1381 26 21 de
708 1380 28 20 32
751 1385 49 15 man
816 1378 27 21 af
855 1378 51 21 1881
923 1378 35 20 års

201 1415 93 27 uppbåd,
311 1416 73 20 hvilka
399 1416 93 20 förutow
507 1416 130 26 rekrytkurs,
653 1413 126 28 genomgått
795 1419 26 15 en
836 1412 123 26 knapphän-

275 1456 195 22 Värnepligtsutskottets
481 1455 104 17 betänkande
597 1454 34 17 N:o
644 1455 16 16 1.
