1023 1670
261 116 84 23 Ständ.
361 117 38 22 Sv.
415 129 27 3 —
458 116 65 28 Prop
538 116 41 23 N:o
593 116 38 22 38.
772 117 28 20 35

394 213 23 17 5
430 213 80 22 Kap.

74 263 42 22 Om
132 263 123 28 påföljden
271 263 44 22 och
330 263 113 23 ansvaret
459 263 40 23 för
514 263 189 23 öfverträdelser
713 263 28 22 af
751 264 78 23 denna

126 297 150 28 författning
291 298 63 21 samt
369 298 142 23 kontrollen
527 298 13 22 &
555 297 53 23 dess
624 298 152 23 efterlefnad.

421 350 10 26 8
447 349 33 22 17.

144 388 67 22 Skrift
226 388 52 21 eller
293 388 111 28 handling,
421 395 46 15 som
482 389 67 27 enligt
564 389 71 21 denna
645 388 125 27 förordning
781 388 49 22 bort

76 422 90 22 skrifvas
181 423 14 21 å
209 422 64 22 karta
289 422 52 21 eller
356 423 50 21 med
421 422 168 28 stämpelmärke
607 422 108 28 beläggas,
730 423 35 21 mä
780 422 27 28 ej,
823 422 7 21 i

75 456 38 22 fall
126 456 96 28 päbudet
237 457 74 21 derom
325 456 70 22 finnes
409 456 48 22 icke
472 464 53 14 vara
539 456 117 28 behörigen
671 456 112 28 iakttaget,
794 456 36 22 vid

76 491 91 21 domstol
182 491 52 21 eller
249 490 135 22 embetsverk
401 493 127 25 emottagas.
552 490 40 22 Om
607 490 110 28 kartering
727 490 25 22 af
760 490 70 26 skrift,

76 532 46 14 som
138 525 58 21 förut
214 525 56 22 varit
288 525 79 27 belagd
381 526 50 20 med
445 525 65 22 karta
525 525 52 21 eller
593 525 172 27 stämpelmärke,
780 531 50 15 men

76 559 79 22 saknar
171 559 41 21 slik
227 559 138 27 beläggning,
381 560 24 20 är
421 560 102 27 stadgadt
538 560 7 20 i
561 560 10 26 $
587 560 34 20 11.

422 623 10 26 8
449 622 32 21 18.

144 663 33 21 Dä
193 662 103 27 sakegare
311 662 81 22 tillätes
407 664 40 24 att,
468 663 68 27 enligt
551 663 14 20 4
581 663 10 26 $
610 663 25 20 14
649 662 92 28 kapitlet
755 662 74 21 Rätte-

75 697 154 27 gängsbalken,
245 697 36 21 vid
296 697 135 21 embetsverk
451 697 40 21 och
511 697 99 25 domstol,
625 697 8 20 i
648 697 71 21 stället
734 696 34 22 för
782 696 47 21 huf-

74 731 114 26 vudskrift,
205 731 70 22 förete
289 731 114 22 bevittnad
419 731 85 21 afskrift
520 731 25 21 af
561 731 130 26 densamma,
707 731 39 21 bör
761 730 70 21 tillika

75 765 90 28 styrkas,
181 767 34 20 att
229 765 175 22 hufvudskriften
419 767 25 20 är
458 765 34 22 till
508 766 102 27 stadgadt
622 765 77 28 belopp
711 766 28 27 pä
750 766 80 26 stämp-

74 800 47 21 ladt
135 807 86 20 papper
236 800 94 22 skrifven
345 800 53 21 eller
413 799 41 22 ock
468 801 51 20 med
535 800 74 21 dervid
624 800 71 21 fästad
710 800 64 21 karta
788 799 42 21 för-

75 835 59 25 sedd,
150 835 6 20 i
172 835 41 21 den
230 835 92 26 ordning
341 836 11 25 $
372 835 28 20 11
418 834 145 22 föreskrifver.
593 834 73 22 Skulle
682 835 61 20 detta
757 833 74 21 urakt-

74 868 56 22 lätas
153 868 52 22 eller
225 869 70 27 nägon
315 868 149 22 försummelse
480 868 118 22 förefinnas
613 868 8 21 i
635 868 86 27 hänsigt
736 867 32 22 till
783 867 48 21 huf-

74 902 147 22 vudskriftens
244 902 102 28 behöriga
369 902 118 27 kartering,
510 903 36 21 mä
566 902 113 22 afskriften
698 902 68 22 förses
781 902 49 21 med

77 938 35 20 det
128 936 151 28 kartabelopp,
295 944 46 14 som
356 937 13 21 ä
383 936 177 22 hufvudskriften
575 936 83 22 brister.

144 971 62 27 Intyg
221 971 8 21 i
244 971 138 21 omförmäldt
398 970 102 22 afseende
516 970 39 22 bör
570 970 56 22 helst
640 970 111 22 meddelas
765 970 4 21 i
782 970 50 21 stad

74 1005 25 21 af
119 1005 144 21 ordföranden
287 1006 6 20 i
316 1006 142 26 magistraten
482 1005 52 21 eller
554 1005 75 21 dervid
643 1005 86 21 anstäld
743 1004 89 28 tjenste-

75 1046 51 14 man
148 1039 40 21 och
211 1040 28 26 pä
259 1039 75 21 landet
353 1039 24 21 af
394 1040 95 24 domare,
505 1039 138 27 presterskap
659 1039 52 21 eller
725 1038 107 22 kronobe-

74 1074 65 27 tjent;
162 1073 104 22 skolande
289 1074 71 21 andra
379 1074 55 26 gode
454 1075 58 24 män,
529 1080 45 14 som
589 1073 191 27 sannfärdigheten
796 1072 36 22 be-

74 1108 81 28 styrka,
176 1108 68 27 jemte
266 1110 89 19 namnet
375 1109 83 20 utsätta
473 1108 33 20 sin
522 1107 123 28 befattning
660 1107 51 22 eller
727 1107 38 21 sitt
779 1107 54 27 yrke

74 1142 41 22 och
129 1142 98 21 hemvist.

421 1194 11 26 8
449 1193 33 21 19.

143 1232 92 21 Domare
251 1232 39 21 och
306 1239 73 14 annan
394 1232 139 27 tjensteman,
551 1239 45 14 som
611 1233 70 20 under
693 1232 100 26 utöfning
808 1231 27 21 af

74 1266 33 21 sin
132 1266 122 28 befattning
277 1268 120 25 emottager
413 1266 110 21 enskildes
539 1266 86 21 skrifter
641 1266 39 21 och
694 1265 139 28 handlingar,

76 1307 90 15 ansvare
182 1301 33 21 för
232 1301 61 21 deras
308 1300 119 28 kartering,
439 1301 38 21 der
491 1301 76 26 sådan,
582 1300 67 28 enligt
664 1307 29 14 nu
707 1299 129 23 meddelade

75 1334 128 27 förskrifter,
219 1335 48 21 bort
291 1342 40 20 ega
346 1342 54 14 rum.
431 1334 33 22 Då
480 1334 56 22 slika
551 1334 88 22 skrifter
653 1335 112 25 inlemnas,
781 1334 53 28 ålig-

76 1375 38 21 ger
131 1370 35 20 det
182 1369 85 21 derföre
283 1370 42 20 den
341 1370 155 26 emottagande
519 1369 174 27 tjenstemannen
709 1371 34 19 att
757 1372 77 24 genast

74 1402 170 28 tillkännagifva
259 1403 108 22 huruvida
381 1404 73 26 någon
470 1403 53 21 brist
539 1403 7 20 i
561 1402 137 28 karteringen
712 1402 125 27 förefinnes,

74 1436 84 22 hvilket
181 1437 136 21 inlemnaren
341 1436 56 22 skall
420 1436 65 22 ställa
508 1437 32 27 sig
560 1436 33 22 till
613 1437 151 26 efterrättelse,
780 1438 55 20 dock
