1031 1673
231 128 25 20 10
532 128 34 21 N:o
582 128 36 21 38.

248 242 59 21 öfver
324 243 90 27 100,000
428 243 68 27 mark,
514 243 36 26 3/10
560 243 26 27 %
598 244 32 20 för
640 243 57 21 hvad
708 249 44 15 som
764 221 78 56 ötver-|

248 276 83 27 skjuter
355 278 89 26 100,000
462 278 61 20 mark
539 278 56 20 ända
610 278 34 20 till
661 279 10 19 1
688 278 88 26 million,
794 278 36 20 och
841 270 1 34 |

247 311 38 26 2/10
295 311 26 27 %
337 311 33 21 för
385 312 41 20 den
442 312 33 21 del
492 312 22 21 af
528 312 159 27 behållningen,
704 318 45 15 som
765 312 77 21 öfver-!

248 346 67 26 stiger
338 346 134 21 sistnämnda
498 352 88 21 summa,
614 346 53 21 eller
690 346 84 21 således
800 346 30 21 för
841 339 2 41 |

247 380 75 27 hvarje
344 380 53 21 fulla
421 382 39 20 100
482 381 62 21 mark
566 381 23 21 af
604 387 26 15 en
645 381 125 26 behållning
785 370 57 60 från

248 415 42 20 500
306 415 61 20 mark
382 415 33 20 till
432 416 38 20 och
485 416 49 20 med
551 416 75 26 10,000
648 432 4 4 .

248 449 33 20 för
304 449 41 21 den
369 449 33 21 del
426 449 22 21 af
466 428 158 53 behållningen,
644 456 46 15 som
706 416 136 60 RE

278 484 76 27 10,000
369 484 61 21 mark
446 485 55 20 ända
516 484 33 21 till
567 485 89 26 100,000

248 518 33 21 för
305 500 40 39 den
370 519 33 20 del
426 519 23 20 af
470 519 157 27 behållningen,
644 525 46 15 som
706 501 127 44 öfverstiger

279 553 89 27 100,000
384 553 61 21 mark
461 554 55 20 ända
531 553 33 21 till
582 555 9 19 1
608 554 82 21 million

248 589 56 19 samt
320 587 32 21 för
367 588 56 21 hvad
439 588 97 21 deröfver
551 589 39 26 går
613 605 4 4 .

278 621 153 28 Skyldigheten
455 624 32 19 att
509 623 87 20 kartera
614 604 218 45 böuppteckningsin-

248 658 108 19 strument
378 657 33 20 till
434 663 29 15 nu
485 657 137 21 föreskrifvet
643 657 77 26 belopp
736 657 97 20 sträcker

248 691 34 26 sig
305 691 77 21 endast
404 691 33 21 till
461 691 36 21 det
514 692 108 26 exemplar
637 691 23 22 af
674 692 158 26 instrumentet,

248 725 83 21 hvilket
354 726 55 21 skall
429 726 33 21 till
477 726 161 21 vederbörande
654 726 91 21 domstol
762 726 71 21 aflem-

248 766 50 19 nas;
323 760 38 21 och
381 760 39 21 bör
437 761 12 20 å
466 761 35 20 det
516 761 67 20 andra
599 761 137 27 exemplaret,
752 761 91 27 hvilket
836 756 10 37 |

248 795 34 20 till
306 795 230 27 sterbhusdelegarene
552 796 129 27 äterställes,
697 795 89 22 tecknas
802 795 31 21 in-

248 831 44 25 tyg,
316 831 33 19 att
372 831 31 19 ett
418 830 116 27 behörigen
548 831 112 21 karteradt
677 830 108 26 exemplar
800 829 34 21 till

250 864 120 21 domstolen
387 864 120 22 inlemnats.

278 898 93 27 Ingifves
387 899 316 26 bouppteckningsinstrument
713 899 68 20 under
792 898 42 21 för-

250 933 90 27 segling,
363 933 53 21 böra
434 933 234 28 förrättningsmännen
684 933 63 21 hafva
763 934 12 20 &
790 939 44 15 om-

250 967 70 26 slaget
336 968 130 21 antecknadt
482 969 38 20 och
538 969 48 20 med
603 969 47 20 sina
665 975 76 14 namns
756 968 78 21 under-

250 1001 64 22 skrift
336 1002 100 27 bestyrkt
451 1005 32 18 att
497 1003 153 21 instrumentet
664 1003 71 21 blifvit
750 1002 84 21 behöri-

250 1042 41 21 gen
306 1036 120 21 karteradt.

279 1071 343 27 Bouppteckningsinstrumentet
644 1071 100 20 karteras
768 1070 67 27 enligt

250 1105 41 20 den
314 1105 135 28 författning,
472 1112 45 15 som
532 1105 68 27 gäller
616 1107 12 19 å
644 1106 42 20 den
702 1105 38 27 tid,
756 1105 27 20 dä
799 1105 37 20 det

250 1139 33 21 till
300 1139 91 21 domstol
407 1140 97 27 ingifves.

278 1173 46 21 Har
347 1174 78 21 afliden
448 1181 76 20 person
544 1176 28 25 pä
586 1174 53 21 flera
654 1176 59 19 orter
729 1173 106 22 efterlem-

250 1209 38 20 nat
311 1209 110 27 egendom,
445 1209 111 21 hvaröfver
580 1209 107 21 särskilda
705 1208 131 26 bouppteck-

251 1242 77 27 ningar
343 1243 72 21 blifvit
429 1243 125 28 förrättade,
571 1243 56 22 skall
642 1243 194 21 sammanräknade

250 1277 152 27 behållningen
426 1278 67 27 enligt
511 1278 63 21 dessa
589 1277 200 27 bouppteckningar
804 1278 32 19 ta-

250 1318 38 20 gas
312 1311 34 21 till
369 1312 70 27 grund
458 1312 32 21 för
507 1312 147 27 beräkningen
670 1311 24 21 af
708 1311 128 26 stämpelbe-

251 1346 79 27 loppet,
352 1346 82 21 hvilket
450 1346 38 21 bör
503 1346 33 21 för
552 1346 100 27 samtliga
666 1345 170 27 boupptecknin-

250 1387 67 20 garne
333 1381 143 21 kontrolleras
492 1381 36 20 vid
543 1381 41 21 den
600 1380 99 27 domstol,
716 1380 31 21 dit
763 1380 26 20 de
805 1379 31 21 in-

250 1415 76 25 gifvas.

224 1448 114 28 Certifikat
354 1449 53 21 eller
422 1449 178 27 ursprungsbevis
616 1448 33 22 för
664 1454 64 15 varor

872 601 26 4 —
920 591 31 20 140!
