1039 1670
319 106 23 22 U.
358 106 23 22 B.
398 118 27 3 —
440 106 65 28 Prop.
521 105 38 22 N:o
576 104 31 23 37.
785 107 24 19 17

77 172 39 27 jag
130 172 48 22 icke
193 172 85 21 kunnat
293 171 75 22 förena
382 171 49 28 mig,
451 171 87 22 hvarför
549 171 39 28 jag
603 171 96 22 anhåller
715 172 33 21 att
763 170 39 22 här
817 170 20 22 få

81 206 121 23 framställa
216 207 44 21 min
276 206 47 22 från
338 207 124 22 densamma
478 205 115 23 afvikande
609 206 93 27 mening.

149 241 9 22 I
173 241 54 22 flera
250 241 126 22 kommuner
395 241 69 22 finnes
484 247 27 16 en
529 241 50 22 med
597 241 142 22 kommunens
754 246 84 21 gemen-

79 282 83 16 samma
181 276 71 22 medel
272 275 92 28 uppförd
384 275 112 27 folkskola,
516 275 88 22 hvilken
622 275 130 22 kommunen
767 275 7 21 i
789 275 50 22 dess

80 311 74 22 helhet
172 310 144 23 underhåller.
348 310 40 22 Om
404 310 6 21 i
426 317 26 15 en
472 310 68 22 sådan
556 310 102 22 kommun
673 309 67 28 något
755 310 82 27 byalag,

81 351 47 16 som
144 345 47 22 icke
208 352 64 15 anser
287 345 33 28 sig
334 345 64 22 hafva
413 344 67 23 fördel
496 344 22 23 af
531 345 41 22 den
587 351 158 20 gemensamma
755 344 82 26 skolan,

80 380 37 22 vill
133 380 62 28 skilja
216 380 33 27 sig
272 379 45 22 från
341 380 139 22 kommunens
502 380 131 27 gemenskap
653 380 40 21 och
713 380 80 21 inrätta
811 385 26 15 en

80 421 61 21 egen,
161 415 24 21 så
205 415 42 21 kan
268 415 125 26 detsamma,
414 415 66 21 sedan
501 413 140 23 omförmälde
662 414 80 27 nådiga
756 415 81 26 kungö-

80 450 57 22 relse
159 449 70 23 blifvit
247 448 129 29 upphäfven,
397 450 52 26 göra
469 450 37 21 det
522 449 121 22 oberoende
660 448 23 22 af
696 449 139 22 kommunens

80 485 117 28 samtycke.
228 484 96 22 Sålunda
346 484 41 22 kan
411 484 37 22 det
470 484 70 22 hända
560 485 33 21 att
613 484 140 22 kommunens
769 483 68 23 första

81 526 160 20 gemensamma
263 519 68 27 skola,
354 519 85 21 hvilken
462 519 49 22 med
531 522 60 18 stora
609 518 145 28 uppoffringar
769 518 68 22 blifvit

80 554 101 27 inrättad,
198 554 97 22 kommer
312 556 32 19 att
359 554 137 21 underhållas
512 553 23 22 af
548 555 32 20 ett
596 554 56 21 enda
666 553 74 28 fattigt
754 553 83 28 byalag.

81 590 87 22 Samma
183 589 42 22 kan
241 588 61 22 fallet
316 588 65 22 blifva
391 588 49 22 med
456 588 68 28 öfriga
540 588 73 22 skolor
628 589 57 21 inom
700 589 134 21 kommunen.

79 624 90 28 Följden
191 623 64 22 häraf
275 624 47 26 blir,
344 625 32 19 att
396 623 75 22 skolan
491 624 48 21 icke
554 624 43 21 kan
612 623 69 22 förses
697 624 48 21 med
760 622 75 27 nödigt

79 658 263 28 undervisningsmateriel
366 658 38 22 och
428 660 33 20 att
480 658 86 22 läraren
589 658 96 22 kommer
707 661 32 19 att
755 657 80 23 aflönas

78 694 90 27 knappt.
200 693 80 22 Skolan
303 693 89 21 förlorar
414 693 91 22 sålunda
527 693 32 21 sin
582 693 97 27 förmåga
698 694 32 20 att
748 692 89 27 kraftigt

78 729 67 21 verka
160 728 33 22 för
208 728 40 22 sitt
263 728 105 22 ändamål.
399 728 131 27 Visserligen
547 728 79 27 uppstå
641 727 51 23 flere
708 727 73 22 skolor
796 726 40 22 och

79 763 64 22 fältet
163 763 35 22 för
221 763 63 21 deras
303 762 137 23 verksamhet
459 762 107 28 utvidgas,
588 769 48 15 men
657 762 60 22 detta
732 762 42 22 kan
790 761 47 22 icke

81 799 85 21 ersätta
188 798 41 22 den
253 797 75 27 skada,
352 803 46 16 som
419 798 62 21 deras
502 796 69 23 förfall
592 797 88 21 medför.
711 797 47 22 Den
773 796 67 27 högre

81 832 123 21 folkskolan
220 832 122 21 förvandlas
363 832 133 27 småningom
512 832 32 21 till
559 832 60 26 lägre
635 832 40 21 och
692 831 37 22 det
744 830 95 22 missför-

82 867 101 22 hållande
200 867 97 27 uppstår,
314 868 32 20 att
361 867 41 20 den
417 865 69 23 första
501 866 180 27 undervisningen
697 866 96 21 kommer
808 866 32 20 att

82 901 104 22 bekostas
203 901 23 22 af
240 903 79 20 staten.
340 900 116 29 Styrelsen,
472 907 47 16 som
534 901 68 27 enligt
617 901 132 21 förbemälde
763 900 77 27 nådiga

82 936 133 27 kungörelse
230 935 47 22 haft
288 935 105 28 rättighet
404 937 32 20 att
447 935 74 28 pröfva
532 935 40 22 och
583 935 80 27 afgöra,
675 941 34 16 om
720 935 40 22 och
771 935 6 21 i
788 935 55 21 hvad

82 977 49 16 mon
148 977 42 22 nya
206 971 77 27 bidrag
298 971 72 21 kunna
386 971 96 27 beviljas,
498 970 91 22 förlorar
605 971 69 21 denna
687 970 155 27 pröfningsrätt

84 1006 41 21 och
141 1006 43 21 kan
200 1005 85 22 således
301 1005 47 22 icke
364 1005 132 22 förekomma
511 1005 144 28 uppkomsten
670 1005 22 22 af
701 1005 68 27 sagda
779 1004 63 21 miss-

84 1040 144 22 förhållande.
259 1040 40 22 Om
320 1041 33 25 de,
374 1046 45 16 som
435 1040 50 25 vilja
499 1040 81 21 inrätta
595 1046 41 21 nya
652 1040 77 26 skolor,
747 1039 93 27 uppfylla

85 1075 27 22 de
128 1075 7 21 i
150 1075 271 27 folkskoleförordningens
443 1077 39 19 117
499 1074 11 28 $
526 1075 129 21 omnämnda
669 1074 74 26 vilkor,
760 1074 25 21 så
800 1073 41 22 kan

85 1110 106 27 styrelsen
208 1110 48 21 icke
272 1111 71 25 annat,
361 1112 26 19 än
403 1109 79 28 bevilja
496 1109 76 27 bidrag
588 1109 32 21 till
636 1109 115 22 desamma.

154 1145 41 21 För
211 1146 33 20 att
260 1145 41 21 den
316 1144 68 27 högre
395 1143 122 22 folkskolan
527 1144 49 21 icke
587 1144 67 21 måtte
665 1143 121 28 nedsjunka
796 1143 46 21 från

86 1180 41 21 den
143 1179 140 28 ståndpunkt,
300 1185 45 16 som
362 1179 123 22 densamma
500 1178 33 22 för
548 1178 133 22 närvarande
697 1178 95 26 innehar,
807 1184 37 15 an-

87 1220 36 15 ser
143 1214 37 27 jag
202 1215 33 20 att
257 1214 129 21 kommunen
408 1213 6 22 i
433 1214 49 21 dess
498 1213 75 22 helhet
589 1213 39 22 bör
644 1213 140 22 tillerkännas
800 1213 45 20 rätt

84 1250 33 20 att
137 1248 69 22 ordna
225 1248 40 22 sitt
285 1248 150 26 skolväsende,
455 1248 56 21 dock
526 1247 49 22 med
592 1247 101 22 afseende
709 1247 12 21 å
737 1247 41 22 den
794 1248 51 23 rätt,

84 1288 46 16 som
147 1282 41 22 den
204 1282 92 22 enskilte
311 1282 40 22 bör
367 1287 40 22 ega
422 1283 33 20 att
469 1282 116 27 tillgodose
601 1282 47 21 sina
658 1282 113 21 intressen.
798 1280 46 22 Och

84 1316 32 22 för
137 1319 33 19 att
191 1317 41 21 den
252 1317 108 27 kollision,
377 1323 46 16 som
440 1317 42 21 kan
498 1316 81 28 uppstå
595 1317 90 21 emellan
701 1317 37 21 det
753 1314 93 24 enskilta

83 1352 42 21 och
141 1352 109 21 allmänna
266 1352 109 26 intresset,
391 1352 48 21 icke
454 1352 68 21 måtte
538 1351 65 22 blifva
617 1351 32 21 till
660 1358 47 15 men
718 1350 33 22 för
762 1350 83 26 skolan,

83 1392 65 21 synes
169 1386 44 27 mig
233 1386 106 28 styrelsen
360 1386 53 22 böra
429 1386 141 22 tillerkännas
587 1387 44 20 rätt
646 1387 33 20 att
694 1386 50 21 slita
759 1384 86 22 tvisten.

83 1420 42 26 Jag
141 1420 66 27 vågar
222 1420 72 22 derför
309 1420 87 27 föreslå,
412 1422 34 20 att
460 1420 85 28 Nådiga
561 1420 148 27 Kungörelsen
726 1420 22 21 af
762 1420 40 21 den
821 1420 24 20 13

154 1459 150 19 Statsutskottets
318 1460 116 18 betänkande
447 1460 36 18 N:o
496 1460 28 17 10.
