1009 1673
377 119 38 22 N:o
431 118 35 22 36.
750 120 25 20 47

117 185 23 26 a)
156 185 71 21 såsom
242 184 67 22 förste
325 185 94 22 domstol
435 185 60 22 öfver
510 184 95 29 följande
620 186 48 26 mål,
686 186 27 22 då
727 186 26 21 de
769 191 37 15 en-

48 220 40 27 ligt
104 220 12 26 $
134 221 39 20 153
190 220 31 21 till
236 219 154 28 krigsdomstol
405 220 60 26 höra,
482 220 116 27 nemligen:

118 256 34 20 1:0
167 253 49 28 grof
232 253 140 23 försmädelse
391 256 46 20 mot
455 254 50 22 Gud
522 254 40 22 och
577 254 54 22 hans
646 255 71 27 heliga
731 260 74 20 namn;

117 290 33 20 2:0
170 288 139 28 stämplingar
333 289 39 21 och
395 288 140 28 förgripelser
558 291 58 19 emot
638 290 104 27 Kejsaren
765 289 40 21 och

48 322 141 27 Storfursten,
209 323 52 21 eller
279 323 141 21 medlemmar
440 323 23 21 af
477 324 38 21 det
529 324 122 26 Kejserliga
666 324 70 26 huset,
753 324 53 21 eller

49 359 57 20 emot
128 358 85 21 landets
235 358 187 26 grundlagsenliga
443 358 127 27 statsskick,
590 358 111 27 förräderi,
721 358 84 28 myteri,

48 398 81 22 uppror
144 392 40 22 och
199 392 86 27 rådslag
299 393 49 21 med
363 392 96 27 fienden;

118 429 33 20 3:0
171 427 48 26 mål,
244 427 111 26 angående
379 426 142 29 efterapning,
544 426 141 29 förfalskning
708 427 40 22 och
770 428 35 21 ut-

48 462 112 27 prängling
183 462 22 21 af
226 462 99 21 Finlands
345 462 73 21 Banks
439 463 73 20 sedlar
533 463 40 21 och
589 462 147 22 Statsverkets
752 462 54 22 obli-

48 497 107 27 gationer;

116 533 34 20 4:0
167 538 34 15 om
216 531 77 28 högste
308 531 169 27 befälhafvaren,
489 532 69 27 någon
570 532 109 27 generals-
691 532 51 21 eller
753 531 51 22 ami-

48 566 122 27 ralsperson
190 566 52 22 eller
259 565 144 23 befälhafvare
419 566 34 21 för
469 566 67 22 afdelt
551 568 64 25 trupp
631 566 76 21 blifver
722 565 22 22 af
757 566 47 26 den,

48 607 46 15 som
113 601 69 22 under
201 601 78 22 honom
299 601 50 25 stär,
371 601 6 20 i
399 601 52 21 eller
471 601 33 22 för
524 601 94 28 tjensten
634 601 49 22 med
699 601 38 21 ord
753 601 52 21 eller

48 636 89 27 gerning
152 636 103 27 angripen
270 635 52 22 eller
337 635 135 27 öfverfallen;

117 673 34 19 5:0
168 671 40 20 alla
221 671 65 26 högre
298 671 39 20 och
348 670 60 27 lägre
420 670 124 22 officerares
556 670 108 27 tjenstefel
675 671 53 21 eller
739 671 66 20 andra

48 705 139 27 förbrytelser
205 705 67 21 under
290 705 105 27 tjenstens
413 705 108 27 utöfning,
537 705 26 21 sä
579 705 40 21 ock
635 705 112 22 enahanda
762 704 43 22 för-

48 739 82 22 seelser
145 739 23 22 af
182 740 26 21 de
223 740 35 21 vid
273 741 116 26 trupperna
405 740 101 21 anstälde
523 740 61 21 civile
600 740 134 27 tjenstemän,
749 741 56 20 samt

48 774 24 21 af
85 769 255 32 Öfverkrigsdomstolens
357 781 52 20 egne
425 775 142 26 tjenstemän;

118 811 33 19 6:0
167 815 34 15 om
216 809 70 26 nägon
301 809 119 27 Krigsrätts
438 809 129 22 ordförande
584 809 51 22 eller
649 809 95 22 ledamot
755 809 49 26 sig
796 805 13 35 i

49 844 184 21 domareembetet
247 843 79 27 förgär;

118 880 33 20 T:o
172 884 35 16 om
225 878 76 27 någon,
319 884 45 15 som
380 878 61 28 lyder
457 879 70 21 under
543 878 69 22 denna
626 878 41 27 lag,
685 878 120 22 öfverfaller

48 913 147 27 krigsdomare
215 913 48 21 med
279 913 132 21 misshandel
431 913 54 21 eller
505 913 159 27 ärekränkning
682 913 7 21 i
705 913 52 21 eller
771 912 34 22 för

48 948 104 26 tjensten;

117 982 21 28 0)
154 982 59 22 öfver
228 982 77 22 besvär
320 984 58 20 emot
391 982 124 27 Krigsrätts
531 983 80 27 utslag;

118 1019 18 23 &
151 1017 7 21 i
173 1017 49 27 mål,
241 1023 46 15 som
305 1016 68 22 blifvit
393 1016 22 22 af
431 1017 112 27 Krigsrätt
561 1016 96 28 afgjorda
673 1017 40 21 och
730 1012 75 26 Öfver-

48 1052 164 27 krigsdomstols
228 1052 160 21 skärskädande
404 1052 152 25 understälda;

118 1086 22 27 d)
156 1086 31 21 uti
204 1086 26 22 de
246 1086 99 26 ärenden,
359 1086 72 21 hvilka
447 1085 23 21 af
484 1086 152 26 Domkapitlen
650 1086 7 21 i
672 1085 75 22 landet
756 1084 49 22 blif-

49 1121 30 21 vit
102 1120 97 28 afgjorda
221 1120 40 22 och
283 1120 58 22 förut
363 1120 56 22 varit
438 1120 37 21 vid
495 1120 111 27 Krigsrätt
624 1122 110 26 upptagna
749 1121 57 20 samt

49 1155 47 22 frän
118 1155 151 27 Domkapitlen
292 1160 76 22 genom
392 1154 131 22 hemställan
549 1155 52 21 eller
622 1155 77 21 besvär
720 1155 85 21 komma

49 1190 32 21 till
97 1184 168 27 Öfverdomstols
280 1190 139 26 granskning.

387 1253 12 25 $
417 1255 48 19 156.

117 1294 11 21 I
148 1294 27 21 de
194 1294 49 25 mål,
263 1300 45 15 som
329 1294 66 26 enligt
417 1294 12 26 &
452 1295 40 20 155
513 1293 40 21 litt.
575 1295 22 23 a)
615 1293 52 21 höra
683 1293 31 21 till
731 1287 74 26 Öfver-

48 1328 165 28 krigsdomstols
230 1328 136 22 omedelbara
382 1328 125 26 afgörande,
520 1328 90 21 ransake
621 1328 39 21 ock
671 1322 134 31 Öfverkrigs-

50 1363 125 26 domstolen,
200 1364 27 20 då
250 1363 40 21 den
312 1362 107 22 tilltalade
438 1362 129 27 uppehåller
586 1362 33 26 sig
636 1362 7 21 i
663 1362 50 21 dess
728 1361 78 21 närhet

49 1398 40 21 och
110 1398 37 21 det
167 1398 62 26 eljest
248 1397 115 27 lämpligen
383 1397 38 21 ske
441 1397 52 25 kan,
509 1403 48 15 men
573 1396 78 22 förvise
666 1396 6 21 i
689 1396 65 20 annat
769 1394 36 22 fall

48 1432 67 21 målet
134 1432 32 21 till
186 1432 159 26 undersökning
364 1432 36 20 vid
419 1432 42 20 den
477 1432 116 26 Krigsrätt,
609 1436 46 16 som
671 1426 134 30 Öfverkrigs-

50 1466 119 22 domstolen
185 1466 68 22 finner
267 1466 80 27 skäligt
361 1466 130 21 bestämma.
