1011 1673
252 115 12 19 4
541 116 35 22 N:o
592 117 35 22 35.

552 185 11 27 s
580 186 33 20 62.

280 222 61 22 Såväl
359 224 139 26 debiterings-
514 226 39 20 och
569 226 183 27 tppbördslängd,
768 234 45 14 som
831 228 40 21 den
886 229 7 20 i
906 229 11 27 $
930 230 27 20 57

206 257 94 21 nämnda
322 258 172 27 skattöreslängd
514 260 111 21 tillställas
641 261 143 21 ordföranden
801 263 6 19 i
824 262 133 22 kommunal-

206 292 113 25 stämman,
342 292 85 22 hvilken
451 293 39 21 har
508 296 33 18 att
556 300 76 20 genom
649 295 129 26 kungörelse
797 297 3 19 i
816 296 141 22 kommunens

206 325 70 27 kyrka
294 326 52 20 eller
364 327 80 26 kyrkor
459 328 170 26 tillkännagifva,
646 329 12 20 å
673 329 82 21 hvilket
770 330 63 21 ställe
849 331 108 21 desamma

205 360 73 21 kunna
293 360 23 21 af
330 361 25 21 de
371 362 138 20 kommunens
525 363 145 26 medlemmar,
687 370 44 14 som
748 364 77 21 sådant
838 366 73 25 önska,
925 366 31 20 öf-

205 401 73 15 verses
302 396 38 20 och
355 396 104 26 granskas
475 403 56 14 inom
548 397 80 26 fjorton
644 398 67 26 dagar
726 398 47 21 från
790 399 40 21 den
846 400 41 26 dag
902 400 54 21 kun-

204 430 99 26 görelsen
319 430 112 22 afkunnas.
462 431 61 21 Efter
539 432 108 26 förloppet
662 432 23 20 af
695 433 69 20 denna
780 433 31 21 tid
824 434 61 20 skola
897 435 58 25 läng-

204 464 66 21 derne
291 465 34 20 vid
342 465 40 21 den
398 466 107 20 ordinarie
520 466 221 26 kommunalstämma,
758 473 45 15 som
820 468 81 26 ärligen
917 475 38 14 un-

204 499 38 21 der
265 500 82 20 vintern
372 500 74 25 hålles,
469 500 33 20 till
526 500 78 21 allmän
627 502 132 25 granskning
783 502 128 27 föreläggas,
927 504 28 20 dä

203 533 74 27 hvarje
293 534 144 26 skattskyldig
453 535 79 21 lemnas
549 535 85 21 tillfälle
650 538 31 18 att
697 539 45 17 mot
754 536 47 20 dem
815 538 52 25 göra
880 538 25 20 de
918 544 37 14 an-

202 568 145 26 märkningar,
364 569 32 20 till
412 569 73 20 hvilka
500 570 41 20 han
558 570 32 26 sig
608 570 91 26 befogad
715 570 73 21 finner.

545 627 11 27 8
574 628 32 20 65.

274 666 33 20 De
329 667 22 21 af
373 667 139 21 kommunens
536 668 33 20 till
593 668 88 26 utskyld
700 668 90 26 pligtige
809 668 144 24 medlemmar,

200 706 46 15 som
263 701 113 21 uraktlätit
391 703 33 19 att
439 702 35 20 vid
490 702 38 20 den
545 702 223 26 kommunalstämma,
784 703 38 20 der
834 703 118 21 skattöres-

200 737 56 19 samt
276 736 140 26 debiterings-
437 736 38 20 och
494 736 229 26 uppbördslängderne
743 737 56 20 varit
814 737 33 21 till
863 738 89 25 gransk-

200 770 53 26 ning
269 770 140 26 framställda,
425 773 57 18 emot
498 772 109 20 desamma
622 774 52 23 göra
690 771 148 26 anmärkning,
850 772 61 20 hafve
921 772 31 20 vi-

199 804 53 20 dare
268 806 44 18 rätt
328 805 31 20 till
376 804 77 27 klagan
466 805 95 21 förlorat.
587 805 47 21 Har
644 806 71 25 nägon
726 805 116 21 framställt
853 806 98 21 anmärk-

198 839 53 26 ning
275 842 57 18 emot
355 840 65 26 sagde
441 840 94 26 längder,
552 847 48 14 men
616 841 40 20 den
673 840 18 26 ej
709 840 69 20 blifvit
794 840 106 26 godkänd,
916 842 35 19 mä

198 873 43 21 han
257 874 60 21 öfver
332 874 226 21 kommunalstämmas
575 875 71 20 beslut
662 875 32 26 sig
711 875 95 25 besvära,
824 875 7 20 i
846 875 40 20 den
902 875 49 21 ord-

197 908 52 26 ning
265 909 39 19 här
320 909 68 20 nedan
401 911 68 24 säges.
500 909 60 21 Dock
574 915 50 14 vare
636 909 42 20 han
691 909 46 20 icke
750 909 133 21 dessmindre
896 910 54 26 plig-

198 943 32 26 tig
254 945 33 18 att
311 943 36 21 det
370 943 91 27 päförda
479 944 202 26 utskyldsbeloppet
697 943 35 20 vid
749 943 202 26 uppbördsstämma

197 977 95 26 erlägga,
308 983 48 15 men
372 978 59 26 njute
447 978 31 20 sin
495 980 43 18 rätt
555 978 88 26 tillgodo
660 980 33 18 att
708 977 21 21 få
745 978 36 20 det
797 977 86 21 betalda
894 978 52 21 åter,

196 1011 8 20 i
219 1011 105 21 händelse
344 1012 53 21 hans
417 1013 76 20 besvär
508 1013 132 25 godkännas,
653 1012 68 26 jemte
737 1012 120 26 ersättning
876 1012 33 20 för
923 1013 27 20 de

196 1045 125 26 kostnader,
344 1046 42 21 han
406 1047 6 20 i
429 1047 38 20 och
483 1046 32 21 för
531 1046 207 26 ändringssösandet
750 1046 95 25 nödgats
861 1046 88 20 vidkän-

196 1086 46 20 nas,
260 1080 72 21 derest
348 1081 17 26 ej
383 1080 139 21 Guvernören
538 1080 68 21 finner
622 1081 123 25 synnerliga
760 1080 142 26 anledningar
917 1080 32 21 fö-

194 1114 112 22 rekomma
329 1117 32 19 att
385 1115 68 21 befria
478 1115 128 21 kommunen
630 1116 46 19 frän
698 1115 41 20 slik
759 1115 189 26 ersättningsskyl-

194 1149 81 26 dighet.

540 1178 11 27 8
568 1178 33 20 81.

268 1218 117 26 Förgriper
401 1219 33 26 sig
450 1218 68 26 nägon
535 1221 57 18 emot
608 1218 137 24 ordförande,
756 1218 45 20 vice
813 1217 134 26 ordförande,

194 1252 97 21 ledamot
312 1253 51 20 eller
379 1254 114 25 suppleant
507 1254 7 20 i
529 1253 153 20 förutnämnda
699 1252 108 26 styrelser,
824 1252 52 20 eller
891 1254 57 18 emot

194 1287 106 21 särskildt
324 1288 77 20 utsedd
426 1288 210 26 protokollsförande
656 1287 52 21 eller
727 1292 68 15 annan
816 1286 131 20 kommunal-

194 1321 136 26 tjensteman,
347 1322 6 20 i
373 1322 39 20 och
435 1322 34 20 för
491 1322 61 20 deras
577 1322 132 25 befattnings
733 1321 61 25 skull,
820 1321 75 20 stände
911 1326 36 15 an-

192 1360 50 16 svar
259 1357 69 25 enligt
343 1356 78 20 allmän
437 1356 41 26 lag.

265 1390 105 22 Beträdes
395 1391 129 21 ordförande
540 1392 6 20 i
562 1391 223 23 kommunalstämma,
801 1390 34 20 för
850 1390 96 20 kommu-

191 1424 174 27 nalfullmäktige
391 1426 52 20 eller
464 1426 2 20 i
481 1426 210 25 kommunalnämnd,
715 1425 52 21 eller
791 1424 39 21 ock
846 1424 26 20 de
888 1430 58 20 myn-
