1011 1670
310 140 19 20 U.
345 140 18 19 B.
379 151 27 2 —
421 139 54 25 Prop.
491 139 28 20 N:o
534 139 31 20 36.
754 138 27 21 33

122 212 48 15 som
189 205 99 27 rymning
311 210 68 20 anses,
399 204 68 21 derest
485 204 43 21 han
542 203 46 22 icke
602 203 66 22 håller
681 203 34 27 sig
730 203 58 21 borta
804 202 8 21 i

122 240 94 27 fredstid
233 239 57 27 öfver
304 238 77 27 femton
398 238 36 22 och
449 238 10 21 i
473 238 91 27 krigstid
578 238 57 26 öfver
649 238 34 27 sju
699 237 62 28 dygn.

123 303 26 26 $$
174 303 91 21 82—092
287 302 43 20 lika
347 302 47 20 med
413 302 23 26 88
453 301 83 20 83—93
552 301 8 19 i
575 300 47 20 nåd.
638 308 57 19 prop.
711 302 56 18 utom
782 302 31 18 att

124 344 10 19 i
153 344 12 26 $
180 344 24 19 87
223 337 80 37 citeras
314 343 10 25 $
341 342 25 20 81
383 342 6 20 i
406 344 26 18 st.
448 341 15 21 f.
483 342 8 26 $
511 342 24 20 82
551 341 39 20 och
604 341 8 20 i
628 342 9 25 &
656 342 24 20 90
696 342 11 26 &
723 342 26 19 82
764 341 4 19 i
779 337 33 37 st.

422 382 15 20 £.
454 383 10 25 8
481 383 34 19 83.

417 481 28 20 10
461 482 62 23 Kap.

137 527 41 22 Om
193 525 62 23 brott
270 525 58 22 emot
341 525 178 28 krigslydnaden
534 525 57 22 samt
606 525 85 28 oriktig
705 524 102 29 rapport;

170 560 25 23 sä
210 561 42 22 ock
268 566 33 16 om
315 559 141 28 misshandel,
473 559 177 29 ärekränkning,
666 559 115 29 ogrundad

169 595 84 28 klagan
268 595 41 22 och
324 594 121 29 oskickligt
460 594 139 29 uppförande
614 594 57 22 emot
685 593 92 28 förman,

298 629 111 22 äfvensom
425 629 65 28 envig
505 629 8 22 i
528 629 59 22 vissa
602 629 47 22 fall.

415 688 10 25 8
442 688 30 20 93
487 687 51 27 (94).

201 733 65 25 Hvar,
288 739 44 14 som
354 736 75 23 vägrar
451 735 32 18 att
501 732 69 21 utföra
584 733 56 20 hvad
654 733 74 20 honom
743 732 23 21 af
778 732 41 20 för-

130 775 50 13 man
202 767 128 20 beträffande
349 767 90 26 tjensten
459 767 75 20 varder
553 767 112 25 anbefaldt,
680 767 55 20 skall
750 767 70 20 dömas

203 804 25 23 a)
250 802 8 19 i
279 801 95 25 fredstid,
397 802 33 19 till
451 801 167 25 förafskedande,
638 802 49 19 eller
704 801 117 26 fängelse
811 797 15 34 i

131 836 65 26 högst
212 838 30 18 ett
256 836 29 24 år,
301 836 50 20 eller
366 835 169 27 ordningsstraff;

204 870 24 25 0)
243 870 7 20 i
265 870 96 26 krigstid,
377 870 33 20 till
425 870 88 20 tukthus
528 870 46 20 från
590 870 38 20 och
642 870 47 20 med
699 870 36 20 två
742 870 33 20 till
783 869 39 20 och

134 904 48 21 med
204 904 32 26 sju
259 905 29 24 år,
312 904 49 20 eller
383 904 122 26 afsättning,
526 904 50 20 eller
590 904 166 28 förafskedande,
772 904 50 20 eller

134 938 96 27 fängelse
244 938 19 26 ej
279 938 65 20 under
360 945 36 13 sex
412 938 106 25 mänader;
534 945 47 13 men

205 974 22 23 e)
252 980 33 12 om
306 973 78 19 brottet
404 973 57 20 skett
476 973 8 19 i
499 972 93 21 fiendens
606 973 73 20 närhet
693 973 50 21 eller
756 972 68 22 under

135 1008 82 27 sjönöd,
233 1007 39 20 och
287 1007 130 26 betydligare
433 1008 66 19 skada
514 1007 33 20 för
556 1008 142 26 krigsmakten
707 1007 59 20 deraf
772 1014 51 19 upp-

135 1043 59 24 stått,
210 1042 33 20 till
258 1042 87 20 tukthus
361 1042 26 26 pä
403 1041 74 25 lifstid,
494 1042 50 20 eller
559 1042 45 20 från
620 1042 38 20 och
673 1042 47 20 med
734 1042 50 27 fyra
792 1042 33 19 till

136 1077 40 20 och
198 1076 48 20 med
268 1076 40 20 tolf
328 1077 28 19 år.
386 1076 45 20 Har
453 1076 65 20 sådan
537 1076 65 20 skada
622 1076 18 26 ej
659 1076 101 25 inträffat;
776 1081 48 15 vare

136 1110 64 22 straff
213 1118 44 13 som
271 1111 8 20 i
293 1118 60 13 mom.
369 1111 24 24 b)
409 1114 67 22 säges.

422 1169 11 26 8
449 1170 28 19 94
493 1169 51 26 (95).

209 1209 69 20 Sätter
292 1209 34 26 sig
339 1210 69 25 nägon
424 1209 47 20 med
486 1209 50 20 väld
552 1209 51 20 eller
618 1209 37 20 hot
669 1217 32 12 om
713 1209 49 20 väld
773 1211 54 18 emot

138 1243 110 21 utförande
271 1243 23 20 af
314 1243 32 20 sin
368 1243 91 20 förmans
482 1244 116 26 befallning
620 1244 50 19 eller
687 1243 115 25 anordning
820 1243 8 19 i

139 1278 98 26 tjensten,
253 1278 51 19 eller
318 1278 61 20 söker
395 1278 84 20 dermed
494 1278 73 26 tvinga
581 1278 75 20 honom
667 1280 30 18 att
707 1278 64 26 nägot
778 1280 50 23 göra

139 1312 52 20 eller
205 1312 117 24 underläta;
338 1312 71 20 dömes

211 1347 25 27 a)
250 1346 8 20 i
273 1346 95 25 fredstid,
383 1346 34 20 till
431 1346 90 21 tukthus
536 1347 33 20 till
585 1348 38 19 och
638 1347 46 21 med
699 1347 42 20 fem
756 1347 29 24 &r,
802 1346 28 20 el-

141 1381 31 20 ler
189 1380 95 26 fängelse
302 1381 18 26 ej
339 1381 67 20 under
420 1388 37 13 sex
471 1382 99 20 mänader
582 1382 63 26 jemte
660 1380 170 25 förafskedande;

211 1416 25 23 0)
250 1415 8 20 i
273 1416 96 25 krigstid,
385 1416 33 19 till
433 1416 89 20 tukthus
537 1416 47 20 från
598 1416 39 20 och
651 1416 47 20 med
709 1418 32 18 tre
751 1416 33 19 till
792 1415 39 20 och

141 1449 49 20 med
204 1450 29 19 tio
248 1450 32 24 år;
296 1456 46 14 men

140 1488 142 22 Lagutskottets
294 1488 117 18 betänkande
425 1489 36 18 N:o
473 1490 17 16 8.
752 1488 12 18 3
