1067 1695
408 145 57 24 N:o
482 147 47 23 43.

362 458 69 25 Hans
449 461 150 32 Kejserliga
615 466 139 30 Majestäts
765 469 79 31 nådiga

295 493 131 28 proposition
450 496 31 23 till
508 497 100 27 Finlands
624 501 95 31 Ständer,
735 504 109 30 angående

295 525 116 31 ändringar
433 530 7 22 i
463 531 109 25 särskilda
587 534 58 25 delar
661 537 23 23 af
698 534 145 39 Värnepligts-

292 560 62 28 lagen
370 562 33 24 för
419 563 95 26 Finland.

157 620 42 21 Vid
222 621 145 25 besvarandet
390 627 23 20 af
431 629 81 27 nädiga
528 633 161 25 propositionen
705 636 33 22 till
754 638 86 23 landets

84 655 76 19 senast
181 654 130 25 församlade
335 658 92 24 Ständer
450 665 112 25 angäende
585 667 112 24 införande
720 672 23 20 af
759 673 81 23 allmän

83 689 122 27 värnepligt
220 690 7 21 i
244 691 92 23 Finland
351 694 64 23 hafva
431 696 129 32 Ständerna,
578 702 66 26 jemte
661 704 36 22 det
713 706 25 21 de
750 703 90 36 förenat

83 721 33 27 sig
132 728 33 16 om
182 726 32 19 att
229 727 80 26 antaga
324 728 41 21 den
381 731 124 23 sedermera
521 736 134 23 stadfästade
666 740 40 21 och
716 742 70 21 under
797 743 41 21 den

83 756 27 20 27
127 756 120 24 December
271 762 53 20 1878
348 764 114 23 utfärdade
481 770 198 29 värnepligtslagen
694 774 33 22 för
743 776 95 22 Storfur-

82 791 127 29 stendömet,
225 793 66 22 bland
307 799 72 26 annat,
396 800 97 28 anhällit,
511 805 38 25 att,
563 805 67 22 sedan
641 807 70 23 denna
721 810 36 27 lag
767 811 71 23 blifvit

82 824 31 21 tio
136 826 24 20 är
182 827 119 29 tillämpad,
325 831 54 22 eller
401 834 67 21 redan
491 836 157 32 dessförinnan,
669 848 34 15 om
719 845 24 20 sä
758 845 78 22 funnes

79 859 82 28 nödigt,
178 860 121 25 Ständerna
314 866 67 21 mätte
396 867 124 30 föreläggas
535 873 66 27 nädig
611 877 156 28 proposition,
759 873 10 38 i
779 881 56 26 syfte

79 895 33 18 att
128 894 25 21 de
176 895 151 30 förändringar
349 900 7 21 i
373 903 66 26 sagde
455 904 37 27 lag
507 906 70 23 blefve
593 909 109 30 vidtagna,
718 913 73 22 hvilka
806 917 28 25 pä

78 929 70 24 grund
164 930 24 20 af
200 931 8 20 i
223 931 75 23 landet
314 940 84 17 vunnen
415 938 124 24 erfarenhet
553 942 72 23 kunde
641 946 86 25 pröfvas
743 955 52 16 vara
812 951 23 20 af

78 964 214 27 omständigheterna
314 969 121 26 päkallade.
469 973 75 23 Under
567 977 36 22 det
626 980 55 21 enda
703 983 30 26 år,
757 985 76 21 värne-

76 996 131 29 Pligtslagen
224 1001 66 21 sedan
306 1003 49 21 dess
371 1005 70 22 blifvit
456 1007 120 31 tillämpad,
592 1012 63 23 hafva
671 1021 26 15 en
705 1019 79 25 mängd
795 1025 37 15 an-

76 1031 140 28 märkningar
231 1035 120 24 framstälts
367 1039 134 25 beträffande
517 1046 108 22 särskilda
636 1048 6 21 i
651 1049 62 27 lagen
724 1051 108 28 ingående

76 1066 142 30 stadganden,
242 1070 67 22 ehuru
333 1073 25 21 de
381 1074 62 23 flesta
467 1078 24 20 af
509 1079 63 22 dessa
587 1084 168 29 anmärkningar
770 1088 7 20 i
793 1094 38 15 an-

75 1101 79 21 seende
176 1103 34 21 till
234 1105 40 21 den
297 1107 62 27 ringa
383 1110 126 24 erfarenhet
528 1114 6 21 i
557 1117 79 28 ämnet,
660 1125 45 16 som
720 1120 110 24 härintills

73 1134 83 23 kunnat
179 1138 82 28 vinnas,
282 1140 47 22 icke
352 1146 83 20 ansetts
458 1147 59 26 gifva
533 1150 118 29 tillräcklig
666 1154 116 29 anledning
797 1159 33 19 att

72 1168 7 21 i
103 1172 93 20 nämnda
219 1173 35 27 lag
276 1174 33 22 för
332 1179 135 23 närvarande
490 1182 81 23 föreslå
590 1187 68 26 några
674 1189 117 28 ändringar
807 1192 24 21 af

73 1205 70 21 större
160 1206 86 28 omfång
265 1210 39 20 och
320 1217 59 16 mera
395 1216 183 28 genomgripande
596 1220 117 28 betydelse.

128 1239 103 23 Deremot
253 1243 64 22 hafva
340 1247 68 26 några
431 1249 22 21 af
467 1248 209 37 värnepligtslagens
693 1258 134 27 stadganden

71 1272 34 21 vid
128 1273 165 30 tillämpningen
312 1279 56 22 visat
389 1282 33 27 sig
437 1285 98 22 medföra
551 1288 24 20 så
590 1291 134 27 väsendtliga
740 1293 86 28 olägen-

70 1306 68 28 heter,
162 1311 32 19 att
216 1312 90 21 rättelse
325 1315 40 20 och
380 1315 169 33 komplettering
564 1322 24 21 af
601 1323 108 24 desamma
725 1328 25 20 så
765 1331 62 19 snart

70 1346 45 16 som
139 1343 83 28 möjligt
245 1349 60 24 synts
322 1354 51 16 vara
389 1351 150 30 erforderliga.
570 1356 94 24 Sålunda
679 1360 70 29 hafva,
765 1363 7 20 i
788 1369 38 15 an-

69 1374 89 29 ledning
173 1378 23 21 af
210 1380 151 27 ordalydelsen
376 1385 32 21 uti
424 1386 11 27 $
453 1388 35 25 15,
505 1389 130 24 tvifvelsmål
651 1397 98 24 uppstått
760 1397 65 21 huru-

67 1409 50 21 vida
134 1411 42 21 alla
200 1413 6 20 i
229 1414 59 22 aktiv
312 1417 65 26 tjenst
393 1421 91 22 stående
500 1429 103 20 personer
618 1427 52 22 böra
686 1430 68 21 under
770 1432 54 26 tjen-

67 1444 95 22 stetiden
186 1447 80 22 räknas
283 1449 33 22 till
333 1451 26 22 de
374 1453 135 31 kommuner,
526 1458 73 23 hvilka
614 1461 26 21 de
656 1462 35 21 vid
706 1463 96 24 inträdet
818 1466 7 22 i
