1023 1670
301 127 24 23 U.
341 127 24 22 B.
381 139 27 3 —
424 127 66 29 Prop.
506 127 38 23 N:o
560 126 33 23 33.
771 129 27 20 29

139 193 62 22 Hvad
220 193 149 22 förstberörda
383 193 81 28 förslag
479 193 140 27 vidkommer,
635 193 26 22 så
675 193 42 22 kan
733 193 38 22 det
785 193 42 21 vis-

70 227 93 28 serligen
186 234 63 21 synas
272 234 53 15 vara
347 234 26 15 en
395 228 66 27 riktig
481 228 92 27 juridisk
590 228 131 27 slutledning
737 228 28 22 då
780 233 48 16 man

71 264 75 26 säger:
162 264 72 21 staten
249 262 102 22 behöfver
367 263 48 21 icke
429 269 60 15 mera
504 265 52 24 taga
566 263 263 32 rustningsskyldigheten

71 296 6 21 i
100 297 101 27 anspråk,
221 297 26 22 de
263 297 32 22 för
309 297 140 28 uppbärande
464 297 23 22 af
501 297 71 22 denna
588 297 124 28 skyldighet
727 297 101 22 anvisade

71 330 108 23 förmoner
201 331 66 22 blifva
289 331 64 22 alltså
371 331 138 28 öfverflödiga
525 331 41 22 och
581 331 77 28 återgå
674 331 33 22 till
722 331 107 22 statskas-

72 371 45 21 san,
140 366 121 22 rusthållen
277 366 62 21 skola
354 366 47 21 åter
416 366 65 21 blifva
496 366 85 27 vanliga
596 366 105 22 hemman.
732 366 49 21 Men
797 365 33 22 för

72 400 170 28 slutledningens
265 401 103 27 riktighet
390 407 51 15 vore
457 403 32 19 ett
504 401 135 21 förhållande
655 400 22 22 af
690 401 78 25 nöden,
783 405 46 17 som

72 434 91 22 faktiskt
185 436 48 22 icke
256 442 51 20 eger
324 442 53 20 rum,
393 436 108 26 nemligen
517 438 33 19 att
566 436 151 27 skyldigheten
732 435 40 29 och
787 434 43 22 för-

72 475 108 20 monerna,
198 470 81 22 sådana
295 470 26 22 de
337 469 32 23 för
384 470 134 22 närvarande
533 470 70 26 bestå,
620 470 133 27 någorlunda
760 470 71 27 jemnt

73 504 69 22 skulle
158 506 109 20 motsvara
281 504 126 22 hvarandra.
424 504 140 22 Rusthållens
581 510 55 21 egna
651 504 41 22 och
708 505 123 26 augments-

73 540 74 20 räntor
169 540 78 26 utgöra
269 538 156 28 sammanlagdt
445 539 99 27 omkring
560 540 92 25 800,000
667 539 61 21 mark
743 544 46 16 mer
803 539 28 20 än

73 572 203 28 vakansafgifterna.
307 573 46 21 Den
377 573 104 22 skenbart
501 573 64 22 enkla
580 573 139 27 operationen
735 574 34 20 att
784 572 48 22 åter

74 606 112 23 förvandla
198 608 120 22 rusthållen
334 608 33 21 till
382 608 86 26 vanliga
483 608 99 22 hemman
597 608 40 21 har
653 606 71 23 derför
738 606 93 28 nödgats

73 642 65 28 hejda
152 642 35 27 sig
202 642 55 22 inför
272 642 40 22 den
328 642 128 22 ruinerande
471 642 81 22 verkan
566 648 46 16 som
623 641 62 23 deraf
693 641 70 22 skulle
773 640 58 28 följa.

74 676 47 22 Den
143 676 57 22 blott
212 676 107 28 juridiska
335 676 51 22 eller
401 676 111 22 kamerala
527 676 140 28 ståndpunkt,
683 676 48 21 från
745 675 87 22 hvilken

74 710 105 28 förslaget
201 712 78 26 utgått,
302 711 39 21 har
356 712 81 21 lemnat
451 712 72 26 insteg
538 711 24 21 åt
575 710 165 28 billighetsskäl.
770 709 65 22 Dock

76 745 78 22 endast
176 745 97 26 sålunda,
297 747 32 20 att
343 745 156 27 indragningen
515 745 104 22 fördelats
634 746 29 26 på
678 746 27 20 50
722 744 29 22 år.
782 744 50 22 Men

76 780 88 21 dermed
186 779 101 23 framstår
309 780 40 22 ock
368 779 75 28 sjelfva
458 780 166 27 rättsgrundens
641 779 140 26 ohållbarhet,
798 784 35 16 om

75 820 49 15 man
147 814 41 22 ock
203 814 48 22 icke
268 814 120 27 öfvergifvit
404 814 131 22 densamma.
567 815 66 21 Detta
647 814 82 27 förslag
743 813 90 22 innebär

75 850 34 20 att
130 849 133 22 rusthållens
285 848 137 23 innehafvare
438 848 47 23 från
503 849 35 22 far
552 849 33 21 till
601 855 38 15 son
656 851 37 19 äro
709 847 78 23 dömde
801 848 33 20 att

76 883 76 22 arbeta
167 883 68 22 under
249 883 154 22 medvetandet
418 885 33 20 att
466 885 72 20 staten
554 883 29 28 på
597 883 90 22 förhand
702 883 47 26 lagt
759 881 75 27 beslag

75 917 29 27 på
119 917 41 22 den
176 917 80 28 ökning
271 918 6 21 i
293 917 132 28 afkastning,
442 924 46 15 som
504 918 86 21 arbetet
605 918 12 21 å
633 918 62 21 deras
708 917 49 28 jord
769 915 64 23 efter-

75 952 57 21 hand
147 952 102 27 möjligen
263 953 43 22 kan
322 953 155 26 åstadkomma,
493 953 39 21 allt
547 952 78 23 medan
641 952 68 27 öfriga
719 951 115 28 jordegare

75 992 77 21 genom
167 987 37 27 lag
220 989 37 20 äro
273 987 104 28 tryggade
392 990 45 19 mot
453 987 58 28 dylik
527 988 97 26 stegring
639 986 22 22 af
675 987 93 21 skatten.

144 1021 44 22 Det
203 1021 81 28 förslag
303 1022 54 26 åter,
371 1027 52 21 som,
440 1022 49 21 med
505 1021 124 27 anslutning
644 1019 191 24 till'skattekomi-

76 1055 55 27 téns,
147 1055 7 22 i
169 1056 120 22 utskottets
305 1056 138 22 betänkande
458 1055 137 28 framlägges,
611 1055 79 22 saknar
702 1054 80 29 jemväl
793 1053 42 22 den

76 1089 140 28 erforderliga
229 1090 183 27 förutsättningen
427 1090 33 22 för
475 1092 34 19 att
523 1097 52 15 vara
590 1089 49 22 fullt
651 1089 130 26 rättsenligt,
793 1088 42 22 den

76 1124 156 28 förutsättning
247 1125 112 27 nemligen,
376 1126 33 20 att
418 1125 122 22 rusthållen
550 1124 131 23 fortfarande
692 1123 71 22 skulle
772 1122 64 22 hafva

76 1159 82 27 utgjort
174 1159 41 22 och
231 1159 62 22 äfven
311 1159 34 22 för
356 1159 138 22 närvarande
509 1161 78 25 utgöra
602 1159 49 22 hela
667 1159 32 21 sin
714 1157 122 27 rustnings-

77 1192 129 29 skyldighet.
229 1205 28 4 —
279 1193 143 28 Obestridligt
445 1195 31 24 är,
500 1195 34 20 att
556 1193 143 22 statsmakten.
719 1192 58 21 ända
791 1191 45 22 tills

76 1227 197 27 värnepligtslagen
296 1227 125 22 utfärdades
445 1227 71 22 skulle
538 1228 57 21 varit
612 1227 122 27 berättigad
750 1227 33 20 att
798 1225 38 28 på-

76 1261 66 27 bjuda
164 1262 163 27 uppställandet
347 1261 22 22 af
382 1262 69 22 indelt
465 1262 109 22 kavalleri.
605 1262 49 21 Men
670 1263 33 19 att
717 1266 36 20 nu,
769 1259 68 22 sedan

77 1295 140 23 förenämnda
238 1296 150 28 berättigande
410 1296 96 27 upphört
525 1296 56 22 efter
596 1297 33 20 att
648 1296 2 21 i
665 1302 46 15 mer
727 1296 27 20 än
770 1295 27 20 70
814 1293 24 21 år

77 1330 48 22 icke
148 1330 64 22 hafva
235 1331 57 21 varit
313 1331 129 27 begagnadt,
465 1330 94 22 försätta
581 1330 118 22 rusthållen
715 1328 70 22 under
799 1327 38 23 full

78 1365 212 27 rustningskostnad,
306 1366 44 21 kan
365 1365 108 27 svårligen
489 1366 53 26 göra
557 1365 108 27 intrycket
679 1364 24 22 af
711 1362 126 24 otvifvelak-

78 1399 31 27 tig
131 1399 92 22 rättvisa
246 1399 40 22 och
309 1399 164 28 följdriktighet.
507 1400 111 27 Intrycket
641 1398 40 22 blir
703 1398 26 22 så
751 1397 88 27 mycket

78 1439 88 17 snarare
189 1435 32 21 ett
243 1435 72 25 annat,
339 1440 46 16 som
409 1434 26 21 de
459 1434 101 22 roterade
583 1434 127 21 hemmanen
727 1430 111 28 samtidigt

148 1472 142 19 Statutskottets
302 1472 117 18 betänkande
432 1473 37 17 N:o
481 1474 16 16 3.
