1045 1670
318 123 24 22 U.
358 123 24 22 B.
397 134 29 4 —
440 122 66 29 Prop.
521 121 38 23 N:o
575 121 32 22 37.
797 123 11 20 3

150 189 80 22 Vidare
243 188 91 23 föresläs
350 189 7 21 i
371 188 79 27 nädiga
464 187 163 29 propositionen
641 190 38 24 att,
691 190 52 20 enär
753 188 86 28 inspek-

82 225 73 21 tionen
179 223 59 23 öfver
261 223 146 22 folkskolorna
426 222 29 27 pä
473 223 82 25 landet,
574 221 93 28 hvilken,
681 222 85 28 jemlikt
781 223 58 22 stad-

83 259 80 27 gandet
177 258 7 21 i
199 257 11 28 $
228 260 23 19 11
273 257 23 22 af
311 257 80 27 nådiga
413 256 260 27 folkskoleförordningen
692 257 41 22 den
753 259 22 20 11
796 257 42 28 Maj

85 295 62 25 1866,
163 293 34 22 för
204 292 134 22 närvarande
346 291 86 22 utöfvas
443 291 23 22 af
475 293 27 20 36
514 291 71 22 dertill
595 292 92 21 utsedde
697 292 142 27 inspektorer,

83 328 58 21 visat
163 327 33 27 sig
217 327 6 21 i
244 327 33 22 sin
298 327 124 21 nuvarande
437 325 55 22 form
507 325 90 22 förenad
611 326 50 22 med
677 326 63 22 svära
754 327 86 27 olägen-

83 363 70 24 heter,
177 361 107 22 särskilda
307 361 72 22 derför
401 361 101 22 anstälda
522 361 40 21 och
578 360 105 27 aflönade,
699 361 142 28 pedagogiskt

85 396 86 22 bildade
187 395 241 27 distriktsinspektorer,
445 397 12 19 8
473 395 32 21 till
522 395 87 26 antalet,
627 395 52 22 eller
689 401 26 16 en
726 395 32 22 för
768 395 73 28 hvarje

85 431 43 26 län,
151 430 50 22 med
223 432 64 25 4,000
309 430 60 21 mark
385 430 7 20 i
408 429 54 27 årlig
482 429 93 27 aflöning
592 429 67 27 jemte
675 430 120 28 ersättning
809 430 33 22 för

86 466 142 26 tjensteresor
243 465 41 21 och
298 464 161 26 förrättningar,
475 464 71 21 skulle
561 464 110 26 anställas,
688 463 108 23 äfvensom
811 466 32 20 ett

87 499 74 28 anslag
176 499 23 22 af
220 501 63 25 2,000
305 499 61 21 mark
388 498 75 22 ställas
487 498 33 22 till
541 494 183 32 Öfverstyrelsens
739 499 33 22 för
787 499 55 21 skol-

87 535 104 21 väsendet
214 534 132 27 disposition,
368 533 34 22 för
423 535 38 24 att,
482 532 56 23 efter
556 533 125 27 ansökning,
698 534 71 22 säsom
785 540 58 16 rese-

89 569 130 27 stipendium
234 568 93 22 tilldelas
344 568 211 27 distriktsinspektor
570 567 33 22 för
617 574 49 16 resa
681 568 32 22 till
727 568 117 22 utrikesort

88 604 8 21 i
117 603 103 22 afseende
243 603 13 21 å
275 603 137 21 inhemtande
436 602 21 22 af
475 602 123 22 erfarenhet
617 608 34 16 om
670 603 67 21 andra
756 603 87 21 länders

88 638 207 22 folkskoleväsende.

157 673 10 21 I
182 672 61 28 fråga
258 678 34 16 om
308 672 70 22 denna
393 672 123 27 föreslagna
530 678 41 21 nya
581 672 128 27 institution,
721 678 47 16 som
778 673 66 21 redan

89 708 36 21 vid
140 708 86 21 senaste
241 707 103 27 landtdag
362 706 100 28 utgjorde
480 706 91 22 föremäl
585 706 33 22 för
633 707 127 21 ständernas
777 707 68 21 öfver-

89 742 132 27 läggningar,
237 748 63 15 anser
316 742 34 26 sig
364 741 115 22 Utskottet
494 741 53 22 böra
562 741 105 27 ätergifva
677 741 27 22 de
715 742 130 21 hufvudsak-

89 777 44 27 liga
148 776 53 27 skäl,
226 782 45 16 som
295 776 21 22 af
336 772 172 32 Öfverstyrelsen
527 775 33 23 för
580 776 154 22 skolväsendet
748 776 33 22 till
797 776 49 22 stöd

89 811 34 22 för
138 811 123 22 densamma
277 810 87 23 anförts.
380 811 10 21 I
406 810 224 22 öfverensstämmelse
645 812 48 21 med
704 812 13 25 8
729 813 24 19 11
766 811 6 21 i
784 810 62 23 ofvan

90 845 121 27 åberopade
227 845 232 27 folkskoleförordning
474 844 24 22 af
512 845 41 21 den
571 847 23 19 11
611 845 42 27 Maj
673 847 52 20 1866
741 845 56 22 hade
808 840 37 27 Öf-

89 879 144 28 verstyrelsen
249 879 24 22 är
290 881 52 20 1874
358 879 112 22 förordnat
485 881 27 20 25
530 879 152 26 ,välbetrodde
698 879 40 22 och
748 879 33 22 för
791 879 54 22 folk-

90 914 180 26 undervisningen
289 913 136 22 nitälskande
445 915 63 20 män*
526 915 32 20 att
574 914 71 21 säsom
661 914 185 27 distriktsinspek-

91 951 58 19 torer
164 948 64 21 hafva
243 948 111 21 inseendet
370 947 58 22 öfver
444 947 148 22 folkskolorna
607 949 28 26 pä
649 948 79 22 landet.
744 949 10 20 I
766 954 81 16 samma

91 989 49 16 mon
164 989 47 15 som
230 982 157 22 folkskolornas
407 983 57 21 hade
484 982 62 22 äfven
568 983 125 21 distriktens
709 983 58 21 antal
782 983 63 21 ökats

91 1017 40 22 och
147 1017 100 28 utgjorde
262 1017 165 22 förnärvarande
443 1018 34 20 42.
507 1017 10 21 I
533 1017 102 21 medeltal
645 1017 117 22 omfattade
773 1017 74 27 hvarje

92 1051 88 22 distrikt
203 1053 11 20 6
237 1051 150 27 församlingar
410 1051 49 22 med
482 1051 98 27 omkring
603 1053 26 20 10
651 1051 124 27 folkskolor,
799 1057 49 16 men

93 1086 64 21 dessa
180 1085 101 23 medeltal
303 1086 63 26 hade,
386 1086 7 21 i
414 1086 109 21 anseende
543 1086 32 21 till
590 1085 158 23 folkskolornas
763 1087 86 27 mycket

93 1121 84 27 ojemna
192 1121 136 26 gruppering,
346 1120 136 27 svärigheten
498 1122 33 20 att
542 1120 81 22 erhälla
633 1121 58 21 helst
700 1121 66 27 nägot
776 1121 25 22 sä
811 1123 39 19 när

91 1154 103 28 lämpliga
209 1161 103 20 personer
327 1155 33 21 till
374 1155 137 27 inspektorer
526 1161 20 15 o.
562 1161 16 15 s.
595 1161 26 20 v.,
637 1155 47 22 icke
699 1155 83 22 kunnat
797 1155 53 22 tast-

93 1189 78 26 hållas,
183 1191 52 19 utan
247 1189 109 22 varierade
366 1189 113 28 betydligt,
492 1189 53 22 eller
555 1189 77 22 mellan
644 1191 68 20 1—15
723 1190 41 21 och
774 1191 76 20 1—20.

93 1223 80 22 Likasä
189 1223 55 22 hade
261 1224 113 21 distrikten
385 1224 55 21 varit
450 1224 161 21 underkastade
621 1224 100 27 ständiga
730 1224 120 22 förändrin-

95 1264 40 20 gar
156 1263 78 21 genom
255 1258 91 27 delning,
366 1264 42 20 nya
423 1258 85 21 skolors
524 1258 112 26 tillkomst,
651 1258 74 28 utbyte
741 1258 23 22 af
778 1258 73 22 skolor

93 1292 79 21 mellan
187 1292 161 26 närgränsande
364 1292 136 27 inspektorer
515 1298 27 16 m.
558 1299 34 20 m.,
609 1292 40 22 och
663 1295 56 19 ännu
729 1294 70 20 större
809 1291 43 22 för-

94 1326 115 27 ändringar
233 1326 56 22 hade
311 1326 96 22 inträffat
429 1327 49 21 med
499 1326 74 28 sjelfva
595 1326 256 28 inspektorspersonalen,

95 1360 91 22 emedan
209 1360 79 22 endast
309 1361 22 21 fä
353 1367 104 21 personer
473 1361 71 27 nägon
559 1361 74 27 längre
648 1362 31 21 tid
695 1362 107 26 gvarstätt
817 1360 36 22 vid

95 1395 65 21 dessa
182 1395 90 27 lönlösa,
295 1396 49 21 med
363 1396 18 27 ej
404 1396 26 21 sä
445 1396 60 26 ringa
525 1396 64 22 möda
604 1396 40 22 och
660 1396 75 22 arbete
750 1394 103 23 förenade

94 1428 153 28 befattningar.
278 1430 29 21 Af
320 1430 26 21 de
362 1430 24 21 år
404 1432 53 20 1874
474 1430 92 22 tillsatta
581 1432 26 20 25
618 1430 162 27 inspektorerne
791 1436 62 20 gvar-

165 1468 151 28 Statsutskottets
329 1469 117 18 betänkande
459 1470 36 17 N:o
508 1470 28 17 10.
