1011 1670
283 120 24 25 U.
323 121 21 24 B.
362 132 30 7 —
407 120 63 29 Prop.
486 122 35 22 N:o
537 121 39 23 35.
749 122 24 21 11

184 191 75 14 munen
275 183 64 29 hafra
361 183 97 30 derifiän
474 183 67 22 under
557 184 35 21 det
607 183 138 30 sistjörjlutna
761 185 43 19 året

183 218 121 29 bortflyttat,
320 217 51 21 skall
386 217 41 21 han
448 217 40 22 icke
505 218 141 22 destomindre
660 224 18 16 0.
695 224 16 16 s.
726 224 18 16 v.
761 218 43 21 lika

183 259 46 16 som
244 252 7 21 i
266 259 29 15 nu
309 251 98 28 gällande
421 252 130 27 förordning.

464 315 15 27 $
495 315 37 22 65.

64 371 7 5 ?
254 355 35 22 De
312 355 27 25 af
352 355 132 21 kommunens
501 355 32 20 till
549 354 81 29 utskylä
644 354 84 29 pligtige
743 355 59 21 med-

184 390 94 24 lemmar,
303 397 42 13 som
370 389 110 21 uraktlätit
504 391 32 19 att
558 389 34 20 vid
615 389 38 21 den
676 389 128 21 kommunal-

184 426 96 23 stämma,
296 424 36 20 der
346 423 137 29 debiterings-
494 423 38 21 och
542 422 197 30 uppdördslängden
749 423 56 21 varit

184 458 31 22 till
235 458 129 28 granskning
383 457 124 29 framstäld,
524 462 53 17 emot
591 458 66 28 sagde
672 458 65 28 längd
750 462 53 24 göra

184 492 147 28 anmärkning,
346 492 64 29 hafve
424 493 76 20 vidare
515 496 42 17 rätt
571 492 32 21 till
614 492 77 28 klagan
702 492 102 29 förlorat.

186 526 48 22 Har
249 528 70 27 någon
330 526 110 30 framstält
452 527 140 27 anmärkning
603 530 53 18 emot
666 527 59 27 sagde
735 526 70 28 längd,

184 568 47 14 men
246 561 40 21 den
301 562 18 26 ej
333 560 67 30 blifvit
414 561 104 28 godkänd,
534 562 34 19 mä
584 566 19 16 0.
619 567 16 16 8.
650 567 19 15 v.
685 560 65 28 enligt
764 560 42 22 för-

185 595 122 28 ordningen.

460 625 16 28 $
492 625 35 21 81.

256 658 49 27 Ätal
332 668 42 17 mot
402 665 132 28 ordförande
558 665 8 21 i
591 664 214 25 kommunalstämma,

185 703 41 17 mot
237 699 251 28 kommunaljullmäktige
498 699 38 21 och
547 699 200 21 kommunalnämnd
756 697 49 22 eller

184 733 38 22 ock
238 737 41 18 mot
293 734 25 21 de
333 734 151 28 myndigheter,
499 741 44 14 som
557 734 27 29 af
596 733 209 21 kommunalstämma

186 767 50 22 eller
258 767 250 29 kommunalfultmäktige
529 767 104 25 tillsättas,
656 767 95 22 anställes
769 767 35 21 vid

187 802 76 21 allmän
278 802 93 21 domstol.

116 927 38 23 Uti
174 927 155 27 behandlingen
351 927 22 22 af
394 927 133 23 förestående
547 928 78 22 ärende
640 927 62 23 hafva
717 927 88 27 deltagit

48 962 238 22 utskottsledamöterne
305 961 81 23 Herrar
404 968 42 16 von
461 962 94 27 Alfthan,
570 962 105 27 Järvinen,
691 961 114 27 Fabritius,

48 995 122 29 Rönnbäck,
192 996 139 28 Hegerström
348 996 41 22 och
407 996 93 22 Junnola
515 999 55 19 samt
584 996 162 28 suppleanterne
761 996 46 21 Fri-

48 1030 63 23 herre
125 1030 157 28 Langenskiöld
297 1030 40 23 och
351 1030 58 23 Herr
424 1026 66 27 Öller.

117 1093 131 29 Helsingfors
264 1094 40 21 den
321 1095 23 20 11
363 1094 42 28 Maj
424 1095 60 21 1882.

121 1492 141 18 Sammansatta
276 1494 48 21 Lag-
336 1492 33 18 och
382 1492 191 19 Ekonomiutskottets
586 1493 115 17 betänkande
712 1498 31 12 n:o
756 1493 17 17 7.
