1028 1673
84 280 2 15 |

416 119 35 21 N:o
467 120 36 21 38.
781 119 26 21 23

95 234 159 28 Förskrifning
269 234 52 21 eller
336 234 132 26 skuldsedel,
489 235 67 26 vexel,
573 236 137 26 postremiss-

124 269 66 25 vexel,
214 269 111 26 anvisning
349 269 39 21 och
407 269 134 26 assignation
561 270 23 20 af
603 270 41 21 alla
664 270 47 27 slag
833 284 2 18 |

124 303 98 21 karteras
239 303 53 21 efter
309 303 196 27 kapitalbeloppet:
833 305 2 21 |

154 344 32 20 till
202 344 39 20 och
257 344 48 20 med
320 344 41 20 200
377 344 86 20 mark
450 340 18 34 .
804 346 27 20 20

154 381 55 17 samt
231 378 123 21 derutöfver
374 378 33 21 för
425 378 74 27 hvarje
521 379 54 21 fulla
593 361 47 39 200
650 361 61 39 mark

182 413 32 20 till
231 413 38 20 och
285 413 47 21 med
350 414 61 25 1,000
429 414 61 20 mark
599 429 5 5 8
635 430 4 5 ä

154 453 83 21 utöfver
255 454 60 25 1,000
331 453 60 21 mark
403 453 33 21 för
447 454 74 27 hvarje
531 454 54 21 fulla
597 455 39 20 100
648 430 62 45 mu

183 488 23 21 af
220 487 47 21 hela
287 488 36 20 det
342 488 169 27 kapitalbelopp,
531 488 67 21 hvarä
613 488 98 22 förskrif-

184 523 77 25 ningen
277 529 26 14 m.
319 529 26 14 m.
363 523 60 26 lyder
457 539 4 4 .
493 539 4 5 .

154 557 79 20 Derest
250 557 111 26 betalning
377 557 12 20 &
406 557 106 26 kapitalet
527 539 59 39 förut
601 539 64 44 skett,
672 539 41 39 fe

126 591 79 20 räknas
221 591 193 27 stämpelbeloppet
429 592 78 21 endast
523 592 54 21 efter
592 592 71 21 hvad
653 587 14 36 i
677 592 36 21 ka-

127 626 52 26 pital
197 625 97 21 återstår.

156 665 149 26 Förskrifning
325 672 26 14 m.
371 671 34 20 m.,
423 672 46 15 som
485 666 32 21 uti
533 667 91 26 original
640 667 6 20 i
662 667 52 20 kon-

127 700 62 21 kurs-
208 700 52 21 eller
279 700 191 26 årsproklamamål
490 701 33 20 till
542 701 121 26 bevakning
683 701 31 21 fö-

127 736 65 24 retes,
209 734 96 21 karteras
322 734 70 21 såsom
409 735 78 26 bilaga.

158 775 148 26 Förskrifning
323 775 38 20 och
373 781 69 14 annan
454 775 133 22 förbindelse
598 775 13 21 å
620 775 35 21 lån
667 775 48 22 från

128 809 89 26 kronan,
237 809 101 20 Finlands
358 809 67 25 Bank,
446 809 104 22 Finlands
570 809 145 28 Statskontor,

129 844 306 26 Alexanders-Universitetet,
457 845 62 21 enke-
540 845 39 21 och
599 845 116 27 pupillkas-

130 884 71 20 sorna,
218 880 55 19 samt
289 878 66 21 andra
371 879 109 20 allmänna
495 879 77 21 fonder
583 880 38 20 och
632 880 83 25 kassor,

131 913 48 20 med
199 913 108 26 undantag
327 914 77 20 endast
420 913 23 21 af
461 914 26 20 de
504 914 149 26 förbindelser,
671 920 45 14 som

131 948 31 20 uti
178 947 12 27 $
207 948 25 20 14
248 950 116 18 momentet
379 948 12 19 5
409 948 105 20 särskildt
525 950 131 24 omnämnas,
668 948 49 21 kar-

132 983 58 19 teras
207 982 70 21 såsom
293 982 90 26 bilagor.

161 1022 49 21 Men
225 1024 39 19 när
280 1023 135 20 såbeskaftad
431 1022 149 27 förskrifning,
597 1023 6 20 i
615 1022 102 22 afseende

133 1056 12 21 å
167 1056 129 27 inteckning,
320 1057 117 26 utsökning
461 1057 53 21 eller
541 1064 70 14 annan
634 1057 83 27 åtgärd,

133 1092 47 20 med
203 1092 109 26 undantag
335 1092 23 20 af
379 1092 122 26 bevakning
524 1092 6 20 i
551 1092 95 20 konkurs
667 1092 52 20 eller

133 1126 154 26 årsproklama,
304 1126 91 26 ingifves
411 1126 54 20 eller
481 1128 78 24 upptes
577 1126 38 21 hos
626 1126 93 21 domstol

134 1160 52 21 eller
209 1161 160 20 vederbörande
392 1160 112 26 exekutor,
525 1161 56 21 skall
597 1161 123 20 densamma

134 1194 28 27 på
176 1195 141 25 gäldenärens
334 1195 120 21 bekostnad
470 1195 103 27 beläggas
585 1196 47 20 med
643 1195 78 21 sådant

135 1229 178 27 stämpelpapper,
330 1235 45 15 som
393 1229 54 21 efter
463 1230 38 20 det
516 1230 124 20 resterande
660 1230 61 26 kapi-

134 1264 133 26 talbeloppet
282 1264 41 20 kan
340 1264 117 20 erfordras.

108 1304 200 27 Försäkringsbref,
333 1304 167 27 assuranspolis,
521 1304 60 21 bevis
601 1304 59 22 öfver
679 1304 42 21 för-

135 1339 56 26 nyad
214 1339 52 21 eller
289 1338 108 22 öfverförd
420 1338 132 27 försäkring,
573 1345 44 15 som
640 1339 22 21 af
679 1339 43 20 för-

136 1373 183 27 säkringsgifvare
335 1375 58 19 utom
408 1374 92 20 Finland
512 1380 75 20 genom
599 1374 49 20 dess
659 1374 64 25 agent

137 1408 53 20 eller
205 1408 79 20 ombud
300 1408 39 20 här
355 1408 6 20 i
377 1408 74 20 landet
468 1408 100 20 utställes
585 1408 51 20 eller
647 1408 75 20 utlem-

137 1448 45 19 nas,
199 1442 91 21 rörande
306 1442 122 26 försäkring
444 1442 23 20 af
480 1441 139 21 menniskolif
628 1442 40 20 och
679 1441 44 21 lifs-

805 415 26 20 20

806 525 27 20 201
