1014 1673
393 126 39 22 N:o
448 125 35 23 36.
777 128 12 19 5

60 193 87 26 längsta
165 192 38 22 två
222 192 30 27 år,
272 194 61 20 utom
351 192 35 21 vid
404 191 101 28 förening
520 192 53 22 eller
588 192 197 28 sammanläggning
800 191 22 22 af

61 225 67 28 straff,
153 227 28 21 då
203 227 59 22 tiden
284 227 43 22 kan
350 229 96 20 utsättas
469 227 34 21 till
525 227 67 27 högst
609 229 34 20 tre
661 227 30 28 år,
710 227 29 28 på
754 226 67 22 sätt
810 221 15 39 i

62 261 11 27 8
89 263 27 20 24
131 261 143 22 omförmäles.

131 295 90 22 Straffet
235 296 109 27 undergås
360 295 22 22 af
396 295 75 22 officer
487 295 53 22 eller
555 296 49 21 civil
620 296 130 27 tjensteman
765 296 7 21 i
783 295 37 22 mi-

62 330 117 22 litärhäkte
195 332 56 20 samt
266 330 23 22 af
301 330 127 23 underbefäl
444 330 42 22 och
500 331 105 27 manskap
620 331 8 21 i
643 331 60 22 läne-
718 331 52 21 eller
782 330 39 21 hä-

63 365 118 22 radshäkte
199 365 53 22 eller
267 371 70 16 annan
353 365 71 22 dertill
440 365 105 27 upplåten
561 365 150 26 straffanstalt,
728 365 72 22 såsom
815 364 8 21 i

64 399 79 22 allmän
165 400 36 27 lag
223 399 143 22 föreskrifves.
398 399 46 22 Går
466 399 61 22 tiden
550 399 34 22 för
601 398 183 29 fängelsestraffet
803 399 19 27 ej

65 433 59 22 öfver
143 441 38 15 sex
199 434 109 27 månader,
328 434 35 21 må
382 434 128 27 detsamma,
526 433 63 23 äfven
605 434 23 21 af
641 433 129 48 EEG
783 433 41 22 och

65 469 110 27 manskap,
191 470 8 20 i
213 468 146 22 militärhäkte
374 468 117 27 undergås.

413 533 11 25 8
443 533 33 20 14.

136 572 34 21 Dä
185 571 79 28 officer,
282 571 142 22 underofficer
440 571 54 22 eller
509 571 49 22 civil
569 572 130 27 tjensteman
710 572 71 21 dömts
793 571 32 22 till

67 606 164 28 fängelsestraff,
255 607 84 27 ätnjute
360 606 43 21 han
421 605 49 22 frän
489 606 41 22 och
545 606 50 22 med
610 605 123 29 päföljande
748 605 78 22 mänad

68 641 33 22 till
116 641 39 22 och
174 641 51 22 med
243 641 40 22 den
302 641 79 21 mänad
396 641 29 21 dä
440 641 43 21 han
498 640 184 28 fängelsestraffet
695 641 79 21 utstätt
789 646 37 16 en-

69 676 49 21 dast
133 675 72 22 halfva
219 675 70 22 lönen.

136 705 31 26 Är
181 709 161 28 fängelsestraff
355 709 89 22 ådömdt
459 710 71 27 någon
546 709 24 22 af
578 710 134 27 manskapet,
724 715 50 16 vare
784 709 44 21 han

67 745 79 28 jemväl
163 744 100 28 förlustig
277 745 43 21 alla
335 745 47 21 sina
396 744 162 22 löneförmåner
572 745 70 21 under
656 745 42 21 den
712 744 8 22 i
736 746 10 19 1
764 750 62 15 mom.

69 780 92 21 nämnda
177 780 31 21 tid
223 781 56 20 samt
293 779 102 28 gefrejter
411 780 107 26 derjemte
531 778 48 23 från
590 780 32 21 sin
632 779 122 26 befattning
764 778 63 22 skild.

139 814 47 22 Den
201 814 38 27 tid,
255 820 46 16 som
317 814 33 21 till
365 814 161 22 verkställande
536 813 24 23 af
568 812 182 29 fängelsestraffet
760 812 68 28 åtgår,

71 849 54 22 skall
139 849 48 22 icke
202 849 72 22 såsom
289 849 111 27 tjenstetid
414 849 173 27 tillgodoräknas
603 849 47 26 den,
668 855 46 16 som
728 848 31 21 till
770 847 59 22 aktiv

71 884 144 27 tjenstgöring
228 884 116 27 förpligtad
360 886 30 19 är.

419 947 11 27 8
448 949 34 20 15.

139 986 62 23 Efter
216 987 114 22 utståndet
344 987 102 22 tukthus-
463 987 53 22 eller
530 987 160 28 fängelsestraff
704 985 126 23 återsändes

72 1021 118 22 bestraffad
212 1027 85 22 person,
320 1028 46 15 som
390 1022 102 27 gvarstär
509 1022 7 21 i
535 1022 101 27 tjensten,
656 1021 33 22 till
708 1021 33 22 sin
759 1022 72 25 trupp,

74 1056 55 21 dock
145 1056 19 27 ej
181 1056 7 21 i
204 1056 190 22 arrestantkläder.

422 1119 11 27 8
452 1121 33 19 16.

142 1159 125 28 Afsättning
286 1160 90 21 innebär
393 1159 81 22 förlust
493 1159 23 22 af
533 1160 41 21 den
590 1159 72 28 tjenst,
676 1158 60 22 hvari
751 1157 83 28 förbry-

75 1194 69 22 telsen
163 1194 65 27 skett,
245 1195 69 27 jemte
330 1195 42 21 alla
387 1195 97 27 tjensten
501 1194 117 28 ätföljande
632 1193 114 26 förmäner,
762 1192 72 23 sävidt

76 1229 27 21 de
122 1229 73 21 kunna
213 1228 22 22 af
252 1229 93 22 domstol
361 1229 41 22 den
418 1229 100 28 skyldige
533 1229 137 26 fränkännas,
687 1228 111 21 äfvensom
813 1225 23 23 af

75 1263 119 26 värdighet,
211 1263 78 22 ordnar
304 1263 41 22 och
356 1263 68 22 andra
435 1263 219 26 utmärkelsetecken,
665 1263 49 22 med
725 1262 111 25 undantag

75 1297 66 22 likväl
156 1297 23 22 af
192 1297 103 28 medaljer
310 1297 41 22 och
366 1297 51 22 kors
433 1297 35 22 för
483 1297 122 22 bivistande
620 1297 23 22 af
656 1297 48 27 krig
720 1296 40 22 och
775 1296 60 21 kam-

76 1333 81 27 panjer.

423 1359 11 29 8
453 1362 33 20 17.

145 1400 174 23 Förafskedande
334 1400 84 22 medför
433 1400 81 23 förlust
528 1401 79 21 endast
621 1400 23 22 af
657 1400 69 28 tjenst
736 1399 40 22 och
788 1399 48 22 der-

77 1436 48 21 med
140 1435 102 23 förenade
257 1435 165 22 löneförmäner.
