1011 1670
307 116 19 19 U.
342 115 18 20 B.
376 126 28 3 —
420 115 52 25 Prop.
488 115 27 20 N:o
531 114 31 21 86.
755 115 27 20 41

125 179 59 22 mark
204 179 59 27 tjugu
279 180 67 26 penni
360 180 51 20 eller
425 179 88 25 mindre;
531 179 70 21 dömes
616 179 65 21 första
696 180 39 20 och
750 180 63 20 andra

125 220 61 14 resan
205 214 33 20 till
257 214 93 26 fängelse
369 214 8 19 i
392 214 63 26 högst
470 220 35 14 sex
521 214 103 24 månader,
641 214 50 20 eller
705 214 108 26 ordnings-

127 248 68 25 straff;
211 254 47 14 men
273 248 49 20 sker
336 249 79 19 brottet
429 248 73 26 oftare,
517 249 51 19 eller
582 248 38 20 har
632 248 74 20 sådant
716 249 97 25 tillgrepp

126 282 101 21 föröfvats
246 282 88 20 medelst
352 283 79 20 inbrott
446 283 50 20 eller
511 290 25 13 ur
551 282 60 26 ficka,
627 283 33 20 till
674 290 81 18 ansvar,
771 289 43 14 som

127 317 8 20 i
151 318 9 20 1
176 324 60 14 mom.
252 317 23 20 af
287 316 67 21 denna
370 318 10 25 $
396 320 67 23 säges.

197 352 105 27 Tillgrepp
321 352 51 26 frän
390 352 115 26 krigsman,
521 352 67 21 under
604 352 66 22 andra
685 352 130 26 omständig-

129 386 56 22 heter
207 388 29 20 än
257 386 40 21 här
313 386 62 27 ofvan
390 388 98 24 nämnas,
504 386 85 26 straffes
604 386 63 28 enligt
683 386 77 22 allmän
775 386 40 27 lag,

129 427 47 15 men
191 421 42 26 mä,
250 420 36 21 der
301 420 75 21 endast
390 421 90 20 snatteri
495 422 32 25 egt
544 427 53 19 rum,
604 421 79 26 jemväl
692 421 71 21 kunna
771 419 46 22 med

131 455 166 27 ordningsstraff
310 455 106 27 försonas.

422 553 29 20 14
466 555 62 23 Kap.

178 609 37 23 Om
229 609 113 22 missbruk
357 609 25 22 af
395 609 128 28 myndighet
539 609 56 22 emot
610 608 161 23 underordnad.

257 667 15 28 $
286 669 45 20 123
346 667 43 20 lika
404 667 47 20 med
467 668 11 25 &
496 668 38 20 126
551 668 7 19 i
573 667 47 21 nåd.
636 675 57 19 prop.

404 731 10 26 $
429 731 43 21 124
488 731 63 25 (127).

201 771 95 24 Förman,
312 777 44 14 som
372 773 58 24 tager
445 771 33 26 sig
492 770 190 27 bestraffningsrätt
697 771 27 20 då
736 771 41 20 han
788 770 31 20 sä-

134 806 40 19 dan
190 805 18 26 ej
224 811 55 20 eger,
295 805 50 20 eller
356 805 140 20 öfverskrider
506 805 32 20 sin
549 805 7 20 i
566 805 187 26 ordningsstadgan
764 804 56 20 med-

134 840 58 26 gifna
206 839 108 25 straffrätt,
330 840 50 19 eller
395 839 105 26 tillämpar
513 839 65 25 straff,
589 846 44 14 som
644 840 17 25 ej
673 840 43 19 står
725 839 7 19 i
742 838 79 26 rimligt

134 874 129 20 förhällande
282 874 33 19 till
335 874 39 20 den
389 874 111 26 begängna
513 874 119 24 förseelsen,
648 874 70 20 dömes
733 873 32 20 till
779 872 42 20 för-

134 908 133 25 afskedande,
291 908 50 20 eller
362 908 167 26 ordningsstraff.
559 908 44 20 Har
624 909 111 26 strängare
755 906 66 25 straff,

135 946 26 18 än
183 942 74 21 sådant
280 942 166 26 ordningsstraff,
470 949 44 13 som
536 942 7 20 i
565 943 11 25 &
602 943 24 19 18
644 945 91 21 nämnes,
753 941 69 20 blifvit

134 978 80 26 ålagdt;
237 976 70 25 varde,
331 977 37 20 der
390 976 35 20 det
444 976 7 20 i
466 976 53 26 följd
534 976 61 20 häraf
607 976 120 21 verkstälda
741 974 82 22 straffet

135 1012 18 26 ej
176 1011 80 21 medför
278 1012 83 20 svärare
384 1018 74 13 ansvar
481 1011 53 20 efter
555 1011 76 20 allmän
652 1011 42 26 lag,
714 1010 61 20 dömd
790 1010 33 20 till

135 1046 87 20 tukthus
244 1046 34 20 till
299 1046 39 20 och
360 1045 48 21 med
426 1045 42 21 fem
483 1046 29 25 år,
528 1046 50 20 eller
592 1044 165 26 förafskedande,
773 1044 50 20 eller

135 1080 94 27 fängelse
245 1080 18 26 ej
279 1080 66 20 under
360 1082 30 18 ett
404 1080 29 20 är.

406 1144 10 25 8
431 1144 45 19 125
492 1143 65 26 (128).

204 1183 104 26 Belägger
322 1183 80 20 förman
412 1183 48 20 med
470 1182 162 27 ordningsstraff
639 1183 68 26 någon
717 1181 106 26 oskyldig;

138 1219 77 24 dömes,
231 1218 36 20 der
282 1218 74 20 sädant
371 1218 57 20 skett
442 1220 52 17 utan
509 1217 51 21 ondt
574 1218 76 26 uppsät
662 1217 23 20 af
692 1215 133 22 förhastande

139 1253 50 20 eller
203 1252 114 25 oförständ,
332 1252 33 20 till
380 1251 167 27 ordningsstraff.

206 1286 72 21 Visste
303 1286 121 20 förmannen
446 1286 76 20 honom
544 1286 98 26 oskyldig
662 1292 58 18 vara;
743 1282 83 22 straffes

139 1321 47 21 med
199 1320 167 26 förafskedande,
383 1320 50 20 eller
447 1320 96 26 fängelse
558 1320 18 26 ej
591 1320 66 20 under
672 1326 36 14 sex
723 1318 103 21 månader.

207 1350 30 25 Är
252 1356 113 26 strängare
380 1354 62 20 straff
454 1358 27 16 än
497 1354 73 20 sådant
586 1352 165 28 ordningsstraff,
766 1352 62 20 som
816 1346 14 40 i

140 1390 11 26 $
168 1390 25 20 18
209 1392 91 22 nämnes,
316 1389 24 21 af
352 1388 80 21 förman
448 1389 71 26 älagdt
534 1390 68 25 någon
616 1388 107 27 oskyldig;
734 1394 49 14 vare
793 1387 35 26 lag

139 1430 45 14 som
197 1424 8 19 i
221 1424 12 20 2
248 1430 61 14 mom.
325 1423 23 21 af
360 1423 125 27 föregående
501 1424 11 26 &
527 1427 68 23 säges.

139 1462 140 23 Lagutskottets
291 1462 118 18 betänkande
421 1463 37 17 N:o
470 1463 18 17 8.
