1028 1673
390 130 34 21 N:o
440 129 36 22 38.
754 131 27 20 33

135 200 54 20 26:0.
218 199 155 25 Läkarebevis;

135 234 54 20 27:0.
218 233 232 27 Förtullningsinlagor
470 233 68 27 jemte
558 233 72 21 dertill
646 233 96 22 hörande
756 233 54 22 bila-

65 274 38 21 gor
117 267 34 22 till
166 268 154 21 tullkamrarne
335 267 40 22 och
390 267 216 27 tullexpeditionerne
622 268 6 21 i
639 267 97 28 Finland,
748 267 63 22 skrif-

65 305 33 18 ter
121 303 38 20 och
182 302 134 27 handlingar,
339 308 46 15 som
403 302 33 21 till
451 302 192 27 tullexpeditionen
659 302 6 21 i
682 302 31 21 S:t
727 302 84 22 Peters-

65 337 54 26 burg
135 337 90 26 ingifvas
241 337 53 20 eller
309 336 95 21 derifrän
419 336 109 26 utfärdas;
544 336 108 21 äfvensom
668 337 144 26 ansökningar

67 378 33 15 om
116 371 123 22 erhällande
255 371 22 21 af
291 371 88 22 frisedel
394 371 33 21 till
442 371 98 27 lossning
556 371 53 22 eller
623 371 105 28 lastning;

138 407 54 20 28:0.
221 406 64 21 Bevis
301 406 58 21 öfver
374 406 149 21 hinderlöshet
538 406 34 21 till
587 406 131 27 äktenskap;

139 442 53 20 29:0.
222 441 109 21 Fullmakt
353 441 33 21 till
404 441 205 21 rekommenderade
623 441 58 21 brefs
697 441 117 27 uttagande

69 477 12 20 å
96 475 125 27 postkontor
237 477 56 20 samt
309 477 30 19 att
355 477 12 19 å
383 475 153 22 Landtränteri
548 475 52 22 eller
610 475 47 22 från
669 482 70 15 annan
749 475 65 22 kassa

68 510 53 27 lyfta
136 510 36 21 lön
188 510 51 21 eller
254 510 68 21 andra
336 510 80 25 medel;

140 545 54 20 30:0.
225 539 186 32 Öfversättningar
433 544 34 21 till
490 543 70 22 finska
582 545 94 26 spräket,
691 543 125 22 verkstälda

70 579 22 21 af
107 579 25 21 de
147 579 147 27 translatorer,
306 579 105 26 allmogen
422 585 51 20 eger
484 579 32 21 för
528 579 77 21 sådant
616 579 98 21 ändamål
726 580 90 25 antaga;

141 615 53 20 31:0.
224 613 179 22 Poliskammares
426 613 185 28 tillständsbiljett
632 613 33 22 för
686 613 56 22 finsk
763 613 53 21 infö-

71 648 50 27 ding
137 649 32 20 att
183 648 67 21 vistas
266 648 6 21 i
289 648 86 25 staden;

142 683 54 21 32:0.
225 683 223 26 Embetsskrifvelser;

143 718 53 20 33:0.
227 717 148 27 Tjenstemans
401 717 121 27 ansökning
546 723 35 16 om
602 717 163 27 handräckning
786 717 33 21 att

71 752 48 21 utfä
133 752 77 21 honom
227 752 22 21 af
263 752 109 27 menighet
387 752 163 21 tillkommande
566 752 102 27 aflöning;

145 788 53 20 34:0.
229 786 68 22 Skrift
313 786 39 22 och
367 786 79 28 bilaga,
457 793 46 15 som
514 786 104 22 inlemnas
630 786 22 21 af
661 792 84 21 person,
756 786 64 20 hvars

75 821 112 26 fattigdom
209 823 24 19 är
249 821 102 27 antingen
367 821 89 21 allmänt
470 822 59 20 känd
544 821 53 22 eller
612 820 161 27 vederbörligen
789 820 31 21 in-

74 856 73 27 tygad,
170 857 24 19 sä
216 856 40 21 ock
279 856 128 27 expedition,
431 862 45 15 som
499 856 34 21 till
549 856 66 21 sådan
631 862 77 20 person
723 855 97 21 utfärdas

75 890 39 21 och
129 890 33 21 för
177 890 85 21 hvilken
279 891 18 26 ej
313 891 68 20 heller
395 890 61 21 lösen
472 897 51 20 eger
539 897 53 20 rum,
608 890 86 21 hvarom
705 889 69 28 tydlig
785 895 36 15 an-

76 925 101 26 teckning
192 925 12 20 å
221 925 148 26 expeditionen
385 925 39 21 bör
439 925 49 26 ske;

147 959 53 21 35:0.
231 959 83 27 Utslag,
339 959 125 27 resolution,
481 959 74 21 ordres
572 961 54 19 samt
643 957 180 23 löftesförbindel-

77 1000 40 21 ser,
140 993 199 28 vederhäftighets-,
363 994 147 27 intecknings-
532 993 40 22 och
587 995 65 19 annat
667 993 66 27 bevis,
750 999 45 15 som
811 993 12 20 &

76 1028 57 21 förut
147 1027 117 28 behörigen
280 1028 102 21 karterad
397 1028 73 27 inlaga
485 1028 53 21 eller
553 1028 103 27 handling
671 1028 100 25 tecknas;

148 1063 54 20 36:0.
232 1063 48 20 Alla
299 1063 182 26 undersöknings-
498 1063 39 21 och
553 1062 270 27 besigtningsinstrument,

77 1097 192 27 kostnadsförslag,
285 1097 150 27 beräkningar,
451 1097 75 21 kartor
539 1097 39 21 och
588 1097 80 27 planer,
680 1097 92 20 rörande
784 1096 41 27 sjö-

77 1132 98 27 fällning,
191 1132 208 27 vattenuttappning,
419 1132 74 27 odling
508 1131 23 22 af
544 1132 51 20 kärr
611 1132 39 21 och
664 1138 90 20 mossar,
771 1132 56 20 samt

78 1173 33 14 om
135 1167 130 26 anläggning
285 1167 22 20 af
321 1167 71 27 kanal,
409 1167 63 27 sluss,
488 1167 80 20 allmän
583 1166 109 27 landsväg,
708 1166 46 27 bro,
768 1166 58 27 jern-

78 1203 41 25 väg
133 1201 49 21 med
197 1207 58 15 mera
271 1201 78 27 dylikt;

150 1237 54 20 37:0.
235 1236 151 27 Ansökningar
402 1242 33 15 om
450 1236 182 21 utbekommande
647 1235 23 22 af
678 1235 149 27 begrafnings-

79 1270 57 27 hjelp
153 1270 54 21 efter
223 1270 77 21 afliden
316 1271 91 20 embets-
423 1271 40 20 och
479 1271 138 26 tjensteman;

151 1306 54 20 38:0.
236 1305 142 21 Afskedsbref
398 1305 34 21 för
454 1305 63 21 civile
536 1305 128 26 tjenstemän
680 1305 39 20 och
734 1303 95 27 betjente

81 1339 108 21 äfvensom
211 1339 126 21 underbefäl
361 1339 39 21 och
423 1339 131 27 gemenskap
577 1339 36 20 vid
630 1338 69 22 finska
714 1338 115 27 militären,

82 1374 27 20 dä
125 1374 97 21 afskedet
238 1374 93 21 erhålles
347 1376 51 19 utan
414 1380 54 20 egen
485 1374 131 26 ansökning;

153 1409 54 20 39:0.
237 1408 49 21 Alla
302 1408 94 27 skrifter,
412 1408 50 21 med
477 1408 112 27 undantag
604 1408 22 20 af
634 1406 197 28 tjensteansöknin-

83 1448 38 21 gar
144 1442 40 21 och
206 1443 33 21 till
263 1443 47 21 dem
333 1442 95 22 hörande
449 1442 91 28 bilagor,
557 1449 46 15 som
618 1442 32 21 till
666 1441 167 22 kronolänsman

754 1488 10 16 3
