1023 1670
306 128 24 21 U.
347 128 22 22 B.
388 141 24 2 —
429 128 63 28 Prop.
510 129 38 22 N:o
564 128 33 23 33.
773 131 26 19 35

141 193 10 21 I
168 193 60 22 detta
248 194 112 22 uttalande
378 194 93 27 gjordes,
488 195 73 21 såsom
577 201 70 21 synes,
664 195 65 27 ingen
745 195 84 21 skilnad

73 227 89 22 emellan
182 229 84 27 rytteri-
287 229 40 21 och
346 229 108 21 infanteri-
475 231 56 20 samt
546 229 282 28 båtsmansindelningsver-

72 262 44 27 ket,
136 263 40 21 och
195 263 70 27 någon
284 264 66 21 tanke
365 263 28 28 på
410 265 31 20 ett
457 263 69 28 dylikt
543 264 142 27 särskiljande
700 264 68 27 fanns,
786 264 42 27 mig

72 297 124 27 veterligen,
219 297 47 22 icke
289 298 39 21 hos
353 299 111 20 1877—78
488 299 35 21 års
547 299 95 21 ständer.
676 299 45 21 När
743 299 84 22 derföre

73 331 116 22 ständerna
204 332 7 21 i
226 338 81 16 samma
322 333 32 20 sin
370 332 173 23 svarsskrifvelse
555 333 91 26 anhöllo,
659 335 33 20 att
701 334 127 27 regeringen

72 365 49 22 ville
141 366 33 21 till
189 367 177 22 nästkommande
381 367 104 27 landtdag
500 367 46 22 låta
563 367 142 28 ,undersöka,
721 367 106 22 huruvida

73 406 27 15 en
117 401 107 27 reglering
238 408 51 15 vore
304 401 101 27 påkallad
420 402 49 21 med
485 402 102 21 afseende
603 403 12 20 å
631 404 197 24 augmentsräntor-

72 440 39 16 nas
126 434 133 24 förhållande
275 436 31 21 till
322 436 130 22 rusthällens
468 436 152 28 skyldigheter,
636 436 33 22 för
680 437 70 21 såvidt
761 437 67 21 sådan

72 470 107 27 reglering
201 470 44 22 läte
268 471 33 26 sig
324 472 52 26 göra
399 472 52 20 utan
474 471 93 27 verkligt
587 471 86 27 intrång
688 471 7 21 i
710 471 118 22 bestående

73 503 329 29 förmögenhetsförhållanden",
423 506 24 20 så
462 505 73 22 kunde
551 506 49 21 med
616 506 70 21 denna
703 505 125 27 ,undersök-

72 538 63 28 ning"
156 539 117 27 ingalunda
291 539 57 22 afses
364 546 26 15 en
406 540 67 21 sådan
489 540 113 27 reglering,
619 540 137 27 hvarigenom
771 542 57 19 rust-

72 573 72 23 hållen
158 574 85 22 komme
259 576 33 20 att
307 574 76 27 återgå
400 574 32 22 till
449 574 78 22 krono-
539 575 40 21 och
590 575 173 21 skattehemman
774 576 56 20 samt

73 609 97 22 återfalla
186 610 67 21 under
268 610 41 21 den
326 609 106 22 allmänna
446 609 237 28 hemmansroteringen
693 610 40 21 och
744 616 26 15 en
780 609 49 22 full-

72 644 87 27 ständig
172 644 142 27 omstörtning
324 644 23 21 af
355 645 198 26 indelningsverket
563 645 90 21 sålunda
664 645 164 27 åvägabragtes,

72 678 29 27 på
116 680 44 19 sätt
175 685 29 15 nu
220 679 58 22 såväl
294 679 7 21 i
314 678 146 28 föreliggande
471 679 19 22 k.
502 679 135 27 proposition
648 686 47 15 som
705 680 7 21 i
723 679 106 22 utskotts-

72 713 153 28 betänkandet,
242 714 67 21 ehuru
323 714 8 21 i
346 714 58 21 olika
419 713 62 28 form,
499 716 24 19 är
538 713 124 28 föreslaget.

141 748 80 22 Derest
245 749 35 21 vid
303 749 158 26 värnepligtens
486 749 122 27 antagande
631 748 199 28 vakansafgifterna

72 781 115 23 förklarats
207 783 39 21 allt
264 782 132 23 fortfarande
415 783 87 22 komma
517 785 33 20 att
565 785 95 26 utgöras,
677 784 73 21 såsom
764 783 7 21 i
788 783 42 22 den

72 817 21 21 k.
116 817 161 27 propositionen
300 817 56 22 hade
378 817 130 27 föreslagits,
533 818 70 21 skulle
626 818 46 21 helt
691 819 75 21 säkert
781 817 48 22 icke

74 851 68 22 heller
162 851 70 28 någon
250 852 107 27 rubbning
372 851 23 22 af
407 852 198 28 indelningsverket
620 852 28 22 ha
663 852 165 28 ifrågakommit.

73 886 49 22 Men
145 886 37 22 det
204 893 44 20 var,
272 886 71 22 såsom
362 886 87 27 bekant,
470 887 79 21 endast
564 893 76 21 genom
655 887 174 27 förespeglingen

73 927 34 15 om
126 920 206 28 vakansafgifternas
352 922 141 26 upphörande
513 928 47 15 som
575 922 165 22 Bondeståndet
755 921 73 22 kunde

72 956 78 21 förmås
162 957 32 20 att
204 956 114 27 godkänna
329 956 208 28 Värnepligtslagen.
567 956 262 28 Jordbesittningsintres-

73 992 40 25 set,
130 990 37 22 det
181 990 102 22 förenade
298 992 56 20 rust-
371 991 39 21 och
426 992 241 26 rotehållareintresset,
679 998 37 15 var
726 991 33 22 för
769 991 61 21 mäk-

72 1025 42 27 tigt
128 1025 57 21 inom
200 1025 92 22 nämnde
308 1026 70 26 stånd,
394 1025 33 22 för
443 1027 33 20 att
492 1026 119 22 detsamma
625 1026 48 22 icke
689 1032 46 16 som
750 1026 79 22 ersätt-

71 1059 51 28 ning
147 1060 34 22 för
206 1060 40 22 den
271 1060 79 28 åtagna
372 1060 124 28 personliga
519 1060 310 28 militär-tjenstskyldigheten

72 1095 70 22 skulle
158 1095 27 21 ha
200 1095 57 28 gjort
272 1095 93 27 anspråk
380 1096 28 26 på
424 1096 41 21 den
480 1096 86 21 lättnad
576 1096 7 21 i
594 1096 161 26 skattebördan,
766 1095 64 21 hvar-

72 1129 32 22 till
127 1129 140 27 ovilkorligen
289 1129 61 22 fanns
372 1131 32 21 ett
423 1130 77 27 lagligt
519 1130 158 27 berättigande.
708 1130 47 22 Och
774 1130 56 22 först

72 1164 40 21 hos
135 1164 41 21 den
200 1165 54 20 1879
277 1164 101 21 nedsatta
398 1164 175 22 Skattekomitén
591 1164 98 22 vaknade
705 1164 81 22 tanken
801 1164 29 28 på

72 1198 42 22 den
128 1198 140 27 fullständiga
283 1198 226 26 rusthållsreduktion,
526 1204 46 16 som
587 1198 29 28 på
631 1199 66 27 något
713 1199 57 21 olika
786 1200 44 20 sätt

71 1232 70 22 funnit
156 1233 39 21 sitt
208 1233 87 27 uttryck
312 1232 3 21 i
326 1233 77 21 nämde
418 1233 92 22 komités
527 1234 144 27 betänkande,
681 1234 8 21 i
700 1234 41 21 den
751 1233 80 27 nådiga

71 1267 162 28 propositionen
252 1267 40 22 och
307 1274 29 15 nu
352 1267 7 22 i
374 1268 178 21 statsutskottets
568 1267 85 28 förslag.
684 1268 58 21 Utan
757 1267 73 22 tvifvel

71 1303 70 27 ligger
164 1303 36 21 det
222 1308 26 16 en
272 1302 105 22 lockande
396 1301 99 23 finansiel
515 1303 159 27 beqvämlighet
690 1303 31 21 uti
737 1304 33 20 att
785 1302 45 22 låta

72 1340 63 24 2,250
158 1337 91 22 rusthåll
272 1337 52 27 fylla
344 1338 40 21 den
404 1337 65 22 lucka
484 1338 8 20 i
507 1338 144 27 statskassan,
668 1344 47 15 som
729 1338 101 27 uppstått

72 1379 78 21 genom
166 1374 32 20 att
212 1372 80 22 inemot
310 1374 75 24 10,000
400 1372 142 22 knekterotar
556 1372 79 22 befrias
650 1372 47 22 från
711 1379 26 15 en
748 1372 82 22 skatte-

71 1408 75 26 börda,
169 1413 49 16 men
240 1407 32 22 för
293 1407 42 21 alla
354 1406 120 22 finansiella
494 1407 103 27 åtgärder
611 1409 78 25 utgöra
705 1407 55 22 dock
776 1408 54 20 rätt-

71 1442 47 22 visa
140 1442 40 22 och
202 1441 99 28 billighet
320 1442 42 21 den
377 1442 100 21 säkraste
493 1442 103 27 grunden,
613 1442 40 22 och
668 1441 33 23 för
715 1442 115 21 rusthålls-

140 1481 150 18 Statsutskottets
303 1480 116 19 betänkande
432 1481 36 17 N:o
481 1482 16 16 3.
