1048 1686
284 151 80 21 Ständ.
380 151 37 22 Sv.
434 164 26 3 —
477 153 70 26 Prop.
564 153 40 22 N:o
618 153 36 22 39.
805 155 12 20 3

93 213 122 22 Ständerna
229 212 74 22 kunna
318 213 55 21 dock
389 213 6 21 i
406 213 119 23 allmänhet
535 215 48 21 icke
594 216 86 21 ansluta
691 217 31 27 sig
732 217 33 20 till
775 218 72 21 denna

94 247 61 26 åsigt.
185 246 76 27 Någon
281 247 93 28 egentlig
394 249 121 27 ersättning
532 249 34 21 för
580 249 60 22 lidna
654 251 115 22 orättvisor
784 258 62 21 synes

92 281 124 22 Ständerna
229 281 48 21 icke
293 281 74 22 kunna
381 282 87 22 komma
482 284 7 20 i
505 283 67 27 fråga.
603 284 47 21 Den
666 284 68 22 skulle
748 285 47 21 icke
805 286 40 25 till,

92 314 53 22 falla
167 316 55 24 dem,
243 322 44 14 som
302 316 47 21 lidit
366 317 109 26 orättvisa,
491 318 103 28 möjligen
609 319 47 21 icke
672 326 38 14 ens
726 320 62 20 deras
804 320 41 21 arf-

93 349 82 27 vingar,
191 351 52 19 utan
259 349 45 22 ofta
319 350 44 21 helt
378 350 134 23 främmande
527 360 108 20 personer.
654 354 41 20 Det
709 353 68 22 skulle
788 354 67 22 dess-'

93 385 60 19 utom
174 384 119 26 säkerligen
313 384 33 21 för
366 385 74 28 hvarje
455 388 44 19 stat
513 394 53 14 vara
582 387 96 27 omöjligt
693 390 33 19 att
741 389 105 26 godtgöra

93 417 45 25 allt,
160 418 58 21 hvad
240 419 67 20 under
329 419 72 21 oblida
423 420 117 22 historiska
558 421 158 27 förhällanden,
732 430 45 13 som
793 424 52 20 stätt

94 453 58 20 utom
168 452 49 21 dess
232 452 97 28 förmåga
341 450 35 25 att
392 454 124 27 beherrska,
540 456 70 21 blifvit
625 456 77 22 brutet.
733 457 47 21 Den
795 458 50 26 väg-

93 493 45 13 som
160 486 83 27 Regent
266 487 39 21 och
328 488 92 22 Ständer
437 492 133 24 gemensamt
586 490 85 22 beträdt
686 491 33 21 för
734 494 32 18 att
781 492 64 21 fram-

92 520 59 22 kalla
166 522 95 20 ordnade
276 521 150 23 förhällanden
442 524 29 27 pä
486 524 203 28 donationsgodsen,
706 532 62 21 synes
782 526 63 21 Stän-

92 555 67 20 derna
174 555 49 21 fullt
238 557 107 20 motsvara
360 557 57 21 hvad
432 557 25 21 af
469 558 71 22 finska
556 561 71 19 staten
642 560 97 27 skäligen
749 560 43 21 kan
803 561 41 21 for-

92 589 56 25 dras,
170 588 77 22 liksom
269 590 121 22 Ständerna
409 592 82 27 jemväl
511 592 53 28 hysa
580 594 40 20 den
635 594 161 28 öfvertygelsen,
811 597 34 19 att

92 624 26 20 de
133 622 100 22 beslutna
247 625 140 26 ätgärdernas
402 626 67 27 lojala
484 628 170 26 genomförande
673 629 101 27 slutligen
789 629 56 21 skall

92 657 49 21 leda
156 658 33 20 till
205 660 31 19 ett
251 660 52 25 godt
317 660 96 21 resultat.

159 692 94 21 Härmed
275 694 23 20 är
319 694 54 20 dock
391 694 48 21 icke
460 696 70 25 sagdt,
546 698 32 19 att
593 696 18 27 ej
628 698 29 26 pä
672 698 26 20 de
713 698 79 21 inlösta
807 699 36 20 do-

90 726 168 27 nationsgodsen
273 727 202 23 missförhällanden
491 729 75 22 kunna
575 730 122 27 förefinnas,
713 739 45 14 som
769 732 76 22 kräfva

92 762 31 18 ett
138 760 80 22 snabbt
233 761 39 21 och
287 761 90 28 kraftigt
391 763 136 27 ingripande.
543 764 49 22 Ifall
607 766 200 27 ärsbetalningarna
816 768 29 26 pä

95 794 67 26 nägra
176 794 125 28 lägenheter
316 797 110 27 verkligen
442 799 37 20 äro
496 800 23 20 sä
534 799 63 27 höga,
613 802 33 19 att
661 801 25 20 de
701 801 18 27 ej
736 801 108 21 ensafor-

91 828 97 27 dentliga
204 830 39 20 och
259 830 136 23 sträfsamma
410 832 67 21 äboar
493 833 74 21 kunna
582 834 110 27 fullgöras,
708 837 51 19 utan
771 835 72 27 lägen-

90 862 91 21 heterna
203 863 53 22 råka
275 865 7 20 i
297 865 95 22 vanhäfd
408 866 40 21 och
464 867 101 27 slutligen
581 869 67 20 måste
664 869 32 20 till
712 871 69 20 andra
796 877 48 20 per-

90 903 63 15 soner
176 898 105 27 försäljas,
304 900 27 21 dä
354 907 61 20 synes
438 901 112 22 lättnader
572 903 52 21 böra
646 903 92 26 inträda,
753 905 90 20 emedan

89 931 63 27 eljest
174 932 121 27 syftemälet
317 935 49 20 med
387 936 93 26 godsens
500 936 84 22 inlösen
599 937 92 22 förfelas.
722 938 122 22 Ständerna

88 965 66 22 hafva
168 966 55 21 dock
237 967 47 21 icke
300 968 32 21 till
347 969 37 21 sitt
399 969 129 28 förfogande
548 972 98 21 material
662 972 32 21 för
709 973 134 21 bedömande

88 999 24 22 af
126 1001 62 20 dessa
203 1001 156 28 förhällanden,
376 1003 80 27 hvilka,
473 1005 67 27 enligt
556 1005 131 23 Ständernas
702 1007 62 27 äsigt,
776 1007 67 21 borde

88 1033 25 22 af
125 1035 126 27 regeringen
273 1038 64 25 göras
358 1038 33 21 till
413 1039 92 21 föremäl
525 1040 34 21 för
574 1047 27 14 en
616 1042 166 27 undersökning,
798 1049 45 14 som

88 1069 122 21 sedermera
224 1070 69 21 skulle
311 1073 257 22 nästsammanträdande
584 1075 91 22 Ständer
690 1072 109 36 delgifvas.

157 1103 37 21 Uti
209 1106 30 19 ett
255 1108 67 18 annat
340 1106 80 27 jemväl
444 1107 33 21 till
501 1108 162 23 Bondeständet
685 1111 90 27 ingifvet
789 1111 54 27 peti-

90 1136 168 23 tionsmemoria!
274 1138 124 23 framhälles
413 1143 33 19 att
469 1143 226 23 donationsbönderne
719 1152 78 20 genom
812 1145 31 21 af-

88 1171 117 27 skiljandet
220 1173 24 20 af
257 1173 94 28 hofläger
367 1175 39 21 och
422 1175 151 30 kronoskogar
588 1178 89 22 kommit
693 1182 32 19 att
736 1180 44 21 lida
790 1179 53 22 brist

86 1206 28 26 pä
128 1207 115 26 ängsmark
259 1208 39 21 och
318 1209 58 28 skog.
407 1211 62 20 Huru
485 1211 103 28 befogadt
604 1214 60 21 detta
678 1215 35 20 mä
727 1221 58 19 vara,
801 1213 42 22 till-

87 1239 45 22 läta
147 1241 32 26 sig
194 1241 121 22 Ständerna
325 1243 47 22 icke
383 1246 32 19 att
425 1244 100 23 bedöma.
544 1247 9 20 I
564 1249 85 19 senaste
661 1247 102 22 Ständers
775 1255 68 15 svars-

86 1273 110 23 skrifvelse
212 1276 29 26 pä
255 1277 79 27 nädiga
353 1279 164 27 propositionen
534 1288 34 13 om
583 1281 83 22 inlösen
682 1283 23 20 af
719 1283 123 21 donations-

86 1309 81 25 godsen
189 1310 108 22 uttalades
317 1313 41 20 den
375 1313 62 27 äsigt,
453 1316 34 19 att
503 1315 95 22 äboarne
614 1323 76 20 genom
706 1317 135 27 afskiljande,

84 1342 25 21 af
122 1343 41 20 den
180 1344 139 29 öfverflödiga
335 1346 82 28 skogen
432 1348 34 21 till
481 1348 156 29 kronoparker,
653 1351 33 21 för
700 1351 74 29 hvilka
788 1351 55 21 löse-

85 1382 98 17 summan
199 1378 82 22 erlades
297 1380 24 21 af
334 1382 137 25 statsverket,
488 1383 105 22 bereddes
609 1385 85 21 lättnad
707 1386 36 20 vid
753 1385 90 27 inköpet

84 1410 25 20 af
129 1411 62 21 deras
214 1412 125 27 lägenheter
376 1415 33 21 Dä
425 1417 36 20 det
477 1416 68 23 likväl
561 1419 25 19 är
601 1419 88 27 möjligt,
705 1422 34 18 att
754 1420 89 27 misstag

84 1444 36 20 vid
143 1446 142 27 utbrytandet
307 1448 24 21 af
350 1449 97 28 hofläger
467 1450 54 22 eller
536 1452 147 28 kronoparker
699 1454 71 27 nägon
785 1454 57 27 gäng

82 1480 35 25 egt
132 1486 47 14 rum
194 1480 40 21 och
249 1481 95 23 äboarne
366 1484 126 27 derigenom
514 1485 138 23 förfördelats
672 1488 7 20 i
697 1488 48 20 sina
759 1488 83 27 egoför-
