1023 1670
253 123 81 23 Ständ.
350 124 37 23 Sv.
404 136 26 3 —
445 124 73 27 Prop.
534 124 40 21 N:o
589 124 36 21 38.
763 125 28 20 43

65 187 81 24 titeter,
162 187 57 20 emot
234 185 93 28 skriftlig
341 186 131 21 förbindelse
488 188 33 19 att
535 186 112 27 betalning
662 186 34 21 för
711 187 109 21 desamma

64 221 69 20 innan
156 221 41 20 den
221 221 26 20 31
271 220 118 21 December
407 220 74 27 hvarje
497 221 25 20 är
538 220 98 27 erlägga;
652 221 55 21 dock
721 222 36 19 mä
771 223 49 26 nytt

68 253 96 22 förskott
179 254 24 21 af
223 254 119 27 stämpladt
361 261 83 21 papper
460 255 19 27 ej
498 255 97 27 beviljas,
610 255 68 21 innan
693 255 126 22 häradshöf-

65 288 52 27 ding
132 288 97 27 fullgjort
244 288 57 21 hvad
316 288 7 21 i
338 289 10 26 &
364 289 28 20 32
408 289 94 26 stadgas.
534 289 123 27 Stämpladt
672 295 89 21 papper,
774 297 46 14 som

65 321 25 22 af
109 322 170 27 häradshöfding
302 323 150 27 utregvireras,
476 323 56 21 skall
554 330 78 20 genom
654 323 166 28 länestyrelsens

64 356 84 28 försorg
163 357 152 21 kostnadsfritt
330 357 80 22 honom
425 357 120 22 tillsändas.

414 420 59 26 838.

134 459 167 21 Vederbörande
317 459 134 21 embetsverk
467 459 41 21 och
523 460 137 26 tjenstemän,
677 466 45 14 som
732 459 33 21 till
774 459 47 21 sina

66 494 149 26 expeditioner
229 493 99 27 begagna
338 493 86 28 tryckta
434 493 131 26 blanketter,
576 500 50 14 vare
637 494 133 27 berättigade
782 495 38 23 att,

66 528 29 26 pä
110 528 101 20 anmälan
227 527 39 21 hos
281 529 135 25 guvernören
431 528 7 20 i
453 528 67 25 länet,
537 528 103 27 antingen
653 528 46 21 frän
718 528 104 21 ränteriet

66 561 48 22 utfä
136 562 99 26 lämpligt
257 561 78 28 belopp
357 561 24 22 af
398 562 136 27 erforderligt
550 562 118 27 stämpladt
683 569 89 21 papper,
788 562 34 21 för

67 598 33 19 att
116 596 123 21 blanketter
254 596 122 27 pätryckas,
393 596 52 21 eller
461 596 41 21 ock
518 596 22 22 få
555 597 47 21 sina
612 596 123 22 blanketter
745 603 78 21 genom

66 631 146 26 guvernörens
237 630 82 28 försorg
344 630 34 21 till
403 630 260 28 kartasigillatakontoret
688 631 134 25 öfversända,

67 664 33 21 för
123 666 32 20 att
179 665 112 32 derstädes
306 664 105 28 stämplas
426 664 40 22 och
482 666 71 20 såsom
569 672 72 14 annan
656 665 166 27 kartasigillata-

66 699 76 21 remiss
162 699 33 21 till
216 698 165 22 landskontoret
400 700 136 24 återsändas;
559 699 109 21 hvarefter
687 700 24 20 de
731 699 92 21 sålunda

69 733 122 27 stämplade
215 732 153 22 blanketterna
391 733 32 21 till
447 733 104 21 ränteriet
567 733 102 21 aflemnas
685 733 40 21 och
741 734 81 20 derstä-

68 768 44 21 des,
127 767 45 21 lika
186 768 50 20 med
251 770 67 18 annat
333 767 118 27 stämpladt
467 774 90 20 papper,
573 767 118 22 behandlas
707 768 40 21 och
762 768 60 21 redo-

67 802 63 25 visas,
146 804 55 18 samt
217 801 55 21 efter
288 801 65 21 behof
366 801 33 21 till
415 801 162 21 vederbörande
592 802 98 27 utgifvas.

417 865 10 25 $
443 864 34 20 39.

137 904 33 21 Då
192 903 70 26 karta,
286 904 79 21 ämnad
380 903 33 21 till
429 904 124 27 expedition
569 903 38 22 hos
623 903 134 22 embetsverk
772 903 52 22 eller

69 939 138 27 tjensteman,
223 944 78 21 genom
319 937 147 27 misskrifning
483 937 126 26 förderfvas,
625 938 35 21 må
675 938 41 21 slik
731 938 70 25 karta,
817 938 7 20 i

69 973 39 21 fall
128 971 153 28 expeditionen
300 971 47 22 icke
362 972 69 21 finnes
446 979 53 14 vara
514 972 170 25 underskrifven,
704 972 39 21 hos
766 972 58 21 läne-

70 1007 111 28 styrelsen,
197 1007 29 26 på
241 1007 42 20 den
299 1006 33 21 för
347 1007 153 26 expeditionen
517 1007 112 26 ansvarige
640 1007 185 27 tjenstemannens

70 1041 102 22 anmälan
187 1040 40 22 och
243 1041 49 20 med
307 1041 54 20 hans
372 1040 99 26 reversal,
483 1041 88 27 utbytas
581 1043 57 19 emot
649 1043 46 25 nytt
707 1041 119 27 stämpladt

70 1082 84 21 papper
177 1075 24 21 af
221 1075 44 21 lika
288 1075 71 21 värde.
390 1075 50 21 Men
458 1075 24 20 är
498 1075 153 27 expeditionen
666 1076 67 21 redan
748 1076 78 20 under-

71 1109 102 26 skrifven,
197 1109 126 21 ankommer
343 1110 36 20 det
400 1110 28 26 på
447 1109 236 28 Finansexpeditionen
697 1109 8 21 i
721 1109 105 22 Senatens

72 1143 271 28 Ekonomiedepartement
359 1146 39 23 att,
413 1143 53 22 efter
483 1143 130 22 hemställan
628 1143 25 22 af
664 1143 162 28 länestyrelsen,

70 1178 8 21 i
93 1177 75 28 hvarje
183 1177 40 22 fall
238 1179 99 20 närmare
353 1178 76 27 pröfva
444 1177 41 22 och
500 1178 111 25 förordna,
627 1178 105 22 huruvida
742 1178 84 21 restitu-

70 1212 47 21 tion
142 1211 52 22 eller
216 1212 129 30 afskrifning
369 1212 24 22 af
411 1212 185 27 stämpelafgiften
611 1212 34 21 för
661 1213 25 20 de
702 1211 124 22 misskrifna

71 1246 106 22 kartorna
191 1246 39 21 bör
245 1246 96 28 beviljas,
358 1247 111 21 äfvensom
484 1246 101 22 bemälda
601 1246 129 28 Expedition
746 1246 80 25 tillhör,

72 1282 33 20 att
127 1280 108 27 medgifva
257 1280 74 28 utbyte
351 1280 24 22 af
387 1280 75 22 kartor
478 1280 34 22 till
527 1282 83 20 sådana
625 1281 154 27 expeditioner,
795 1280 33 21 för

72 1314 74 22 hvilka
160 1314 123 28 afgifterne,
298 1315 8 21 i
321 1316 108 20 anseende
444 1314 34 22 till
493 1314 115 28 fattigdom
623 1315 51 21 eller
689 1322 74 14 annan
778 1314 50 28 laga

72 1348 65 22 orsak
152 1348 19 28 ej
188 1348 85 22 kunnat
287 1348 40 22 hos
342 1349 120 27 sakegaren
478 1348 65 22 utfås.

420 1412 10 26 $
445 1411 35 21 40.

141 1449 120 23 Förefaller
284 1450 147 28 misskrifning
455 1450 37 22 vid
506 1450 75 22 kartas
596 1452 143 21 användande
755 1450 24 22 af
792 1458 36 14 en-
