1020 1673
219 124 13 20 2
524 123 35 22 N:o
575 123 36 22 34.

192 192 51 27 ning
269 192 22 21 af
310 192 81 27 ingifna
410 193 82 20 besvär.
524 187 68 26 Äfven
609 192 40 21 den
667 192 89 25 komité,
772 198 53 18 som,
841 192 27 26 på
885 191 61 22 Stän-

192 227 79 20 dernas
287 227 106 26 anhållan,
410 227 55 21 varit
480 227 80 20 tillsatt
575 227 33 20 för
624 226 141 27 uppgörande
781 226 23 21 af
818 226 80 26 förslag
914 227 32 20 rö-

193 261 68 21 rande
277 261 109 21 särskilda
401 261 231 26 beskattningsfrågor,
650 262 39 20 har
707 261 123 25 framhållit,
845 261 101 20 hurusom

193 295 129 26 taxeringen
338 296 7 20 i
362 297 102 20 städerna
479 297 108 20 föranledt
602 296 103 27 missnöje
722 296 64 20 bland
803 298 65 18 annat
879 296 5 20 i
896 295 52 27 följd

194 329 67 26 deraf,
279 331 32 20 att
326 331 124 26 taxeringen
467 331 62 26 gälde
545 331 36 20 det
596 331 93 26 löpande
705 331 58 20 ärets
774 330 100 23 inkomst,
887 330 60 20 hvar-

194 364 33 21 för
238 364 69 27 nägon
319 365 107 20 bindande
436 365 116 26 utredning
567 371 34 15 om
612 365 134 21 inkomstens
763 364 97 26 verkliga
872 365 75 26 belopp

194 399 48 20 icke
266 399 70 20 kunde
358 399 22 21 af
394 399 39 21 den
451 399 157 27 skattskyldige
624 401 110 24 presteras
752 399 38 21 och
807 399 87 20 rättelse
911 399 37 20 hos

194 433 220 27 pröfningsnämnden
437 434 92 21 allenast
548 434 46 20 med
612 434 111 26 svärighet
738 433 82 26 vinnas,
837 433 111 20 hvarutom

194 468 93 20 nämnda
310 468 80 21 komit6
414 468 69 21 såsom
507 475 25 14 en
556 469 55 20 brist
634 469 6 20 i
665 468 155 26 författningen
844 467 104 25 anmärkt,

195 504 33 19 att
243 503 119 25 stadgande
379 503 45 20 deri
441 503 112 25 saknades,
574 503 107 21 huruvida
700 503 73 20 brutto
785 503 52 20 eller
849 504 58 19 netto
918 502 31 20 in-

195 537 98 20 komsten
318 537 66 21 borde
407 537 74 27 läggas
504 537 32 21 till
559 538 67 25 grund
644 537 33 21 för
694 537 131 26 taxeringen.
856 537 41 20 För
913 543 37 14 un-

197 571 149 27 danrödjande
369 571 23 21 af
413 572 91 21 berörda
527 571 202 21 missförhällanden
754 571 39 21 och
816 571 27 26 pä
858 571 36 21 det
910 571 40 21 den

196 606 138 21 kommunala
351 607 123 26 taxeringen
491 607 69 20 blefve
577 607 55 26 bygd
648 607 29 26 pä
692 606 108 27 möjligast
811 607 90 19 rättvisa
912 605 38 21 och

193 641 74 26 jemna
282 641 113 26 principer,
412 641 38 21 har
466 641 94 21 komiten
577 641 104 26 förordat,
698 643 32 18 att
746 641 40 20 den
798 641 107 20 allmänna
916 641 35 20 be-

196 675 229 27 villtingstaxeringen
449 676 70 21 skulle
539 677 75 26 läggas
630 676 33 21 till
679 675 71 27 grund
766 675 32 21 för
815 675 25 21 de
856 675 96 21 kommu-

197 710 49 21 nala
270 710 136 21 skattörenas
428 711 123 26 päförande,
571 711 139 26 hvarigenom
727 710 124 26 taxeringen
868 710 32 21 för
918 710 34 20 be-

195 744 90 27 villning
310 744 59 22 såväl
396 745 33 21 till
453 747 70 19 staten
547 751 45 15 som
619 746 32 20 till
670 744 189 22 stadskommunen
874 744 77 26 jemväl

198 779 71 21 kunde
287 779 127 21 verkställas
431 780 38 20 och
485 779 88 27 pröfvas
590 779 22 21 af
627 785 83 15 samma
724 779 153 27 myndigheter.
909 778 43 21 Och

197 814 40 20 har
252 814 96 20 komiten
364 814 85 26 afgifvit
464 814 81 27 förslag
561 814 33 20 till
610 814 27 21 de
653 814 118 26 ändringar
782 814 5 20 i
799 814 98 25 gällande
909 813 43 21 för-

202 848 98 27 ordning,
312 848 111 27 angående
434 849 255 26 kommunalförvaltning
700 849 5 20 i
719 848 53 26 stad,
782 848 72 21 hvilka
861 847 93 22 komitön

196 883 73 20 funnit
284 889 51 14 vara
351 883 114 26 betingade
481 883 22 21 af
520 883 39 22 den
577 883 47 21 utaf
639 881 95 23 komitön
751 883 114 20 förordade
876 882 77 21 anord-

201 917 85 26 ningen.

272 951 49 21 Med
346 951 101 21 afseende
471 952 12 20 &
502 952 54 21 hvad
573 952 6 20 i
595 951 138 22 förestående
749 951 67 21 måtto
833 951 69 21 blifvit
917 957 37 14 an-

196 985 67 26 fördt,
279 985 40 21 har
335 985 59 22 Hans
410 986 120 27 Kejserliga
547 986 102 27 Majestät
665 986 73 21 funnit
753 986 91 26 ändring
854 986 23 20 af
889 986 26 20 de
927 991 28 15 nu

198 1020 95 21 rädande
316 1020 274 26 taxeringsförhällandena
609 1021 6 20 i
632 1020 50 21 stad
697 1026 52 14 vara
765 1019 23 22 af
802 1019 99 22 behofvet
917 1020 38 26 pä-

200 1054 73 21 kallad
289 1055 40 20 och
345 1055 57 20 velat
417 1055 7 20 i
441 1055 77 20 sädant
533 1054 101 21 afseende
650 1055 5 20 i
674 1054 67 21 näder
756 1054 86 25 föreslä,
858 1056 31 18 att
900 1054 56 21 före-

199 1088 118 21 skrifterne
341 1089 92 20 rörande
456 1089 143 26 bevillningen
623 1089 32 20 till
673 1090 71 19 staten
760 1088 70 21 skulle
845 1088 108 27 tillämpas

196 1123 80 26 jemväl
293 1123 35 20 vid
345 1123 98 26 taxering
460 1123 33 21 för
509 1123 137 21 kommunala
662 1122 66 21 behof
742 1123 48 20 med
805 1123 26 20 de
843 1122 114 27 iakttagel-

199 1163 41 19 ser,
257 1157 74 21 hvilka
347 1157 39 21 här
402 1158 69 20 nedan
487 1158 88 26 intagna
590 1158 82 26 förslag
688 1157 32 21 till
736 1157 92 26 ändring
839 1157 22 20 af
871 1157 82 20 förord-

200 1191 88 27 ningen,
305 1191 110 27 angäende
430 1192 265 26 kommunallförvaltning
710 1191 6 21 i
733 1191 55 26 stad,
800 1191 123 21 innehäller.
947 1191 10 20 I

200 1225 38 22 fall
255 1225 55 21 dock
328 1226 40 21 den
384 1225 101 22 behällna
499 1227 127 25 inkomsten,
644 1226 67 21 sädan
729 1225 40 22 den
780 1225 23 21 af
812 1225 97 21 bemälde
920 1225 38 21 ko-

200 1259 51 22 mité
275 1259 125 27 föreslagits
424 1262 32 19 att
480 1261 130 20 bestämmas
634 1260 7 21 i
657 1260 103 21 afseende
775 1259 13 21 å
802 1260 119 25 utgörande
937 1259 22 21 af

200 1294 126 26 bevillning,
343 1293 70 22 skulle
430 1294 126 27 obetingadt
572 1295 74 26 läggas
657 1294 34 21 till
703 1294 71 27 grund
784 1293 62 22 äfven
857 1293 33 21 för
901 1296 58 18 taxe-

200 1329 77 25 ringen
294 1329 33 20 till
344 1329 135 26 kommunen,
496 1329 71 21 kunde
582 1329 68 20 under
664 1328 114 27 betryckta
788 1328 170 26 affärskonjunk-

203 1364 62 19 turer
288 1369 25 15 en
338 1365 46 19 stor
405 1363 34 21 del
455 1364 24 20 af
492 1364 54 25 dem,
563 1370 45 14 som
624 1364 64 26 eljest
703 1363 47 21 med
767 1363 87 26 hänsigt
869 1362 32 21 till
917 1362 42 21 för-

204 1397 116 26 mögenhet
342 1398 39 20 och
397 1397 155 27 omfattningen
568 1398 23 20 af
605 1398 33 20 sin
654 1397 149 21 affärsrörelse
820 1399 71 25 syntes
907 1397 54 21 böra

204 1431 6 21 i
234 1431 136 27 betydligare
393 1432 53 26 grad
470 1432 89 26 bidraga
577 1432 33 20 till
626 1432 26 20 de
668 1432 138 20 kommunala
822 1431 114 21 behofvens
952 1431 7 21 i
