1009 1670
401 122 40 22 N:o
458 121 34 23 36.
756 123 26 20 33

54 188 70 29 kallas
146 188 116 28 beväpnad
283 188 183 27 truppafdelning,
490 194 47 16 som
555 188 7 21 i
582 187 45 27 fält,
647 188 100 27 garnison
762 187 52 22 eller

53 222 37 22 vid
106 224 58 20 möte
180 224 24 20 är
219 222 64 22 stadd
298 222 7 21 i
320 222 193 28 tjensteutöfning;
530 222 41 22 och
582 222 133 28 skyddsvakt
725 222 37 22 det
775 228 38 16 un-

56 256 95 22 derbefäl
168 257 41 21 och
223 257 111 27 manskap,
350 263 47 16 som
412 257 7 21 i
434 257 100 27 krigstid,
550 257 36 21 vid
599 258 84 21 arméns
699 256 115 29 aftågande

53 291 49 21 från
121 291 72 27 någon
213 293 40 25 ort,
274 292 38 21 der
330 292 138 26 gvarlemnas
484 291 34 22 för
533 293 33 20 att
581 292 82 28 skydda
677 292 44 22 viss
736 298 79 22 person

56 326 53 22 eller
124 326 105 22 särskildt
244 326 69 22 ställe.

395 374 14 26 S
427 374 47 20 109.

126 414 151 26 Misshandlas,
294 413 85 22 smädas
397 414 54 21 eller
467 413 130 27 förolämpas
613 414 103 26 postkaril,
727 413 89 22 militär-

58 447 53 22 eller
131 448 144 27 skyddsvakt;
291 455 50 14 vare
357 448 42 26 lag,
417 454 48 15 som
481 448 7 21 i
504 449 28 26 $$
549 450 33 25 99,
600 450 46 24 100,
664 450 38 19 101
719 448 41 21 och
777 448 40 21 102

58 484 64 25 säges
142 489 35 15 om
199 482 70 28 dylika
289 483 65 26 brott,
375 483 119 27 begängna
517 485 58 19 emot
595 482 83 22 förman
700 483 68 21 under
783 483 33 20 ut-

59 516 73 28 Ofning
148 517 23 21 af
184 517 202 27 tjensteäliggande.

399 580 14 26 $
430 582 49 20 110.

129 620 103 22 Föröfvar
247 621 70 27 någon
332 620 55 27 våld,
405 620 23 22 af
441 621 58 21 hvad
510 620 149 22 beskaffenhet
670 621 37 21 det
716 626 52 15 vara
778 619 40 25 mä,

60 657 60 19 emot
141 655 106 27 postkarl,
272 655 89 22 militär-
385 655 52 22 eller
461 656 140 26 skyddsvakt,
625 655 28 21 dä
670 655 68 21 denne
755 655 65 25 utgör

60 690 70 27 skydd
145 690 33 21 för
194 690 104 27 Kejsaren
315 690 40 22 och
371 690 136 22 Storfursten
524 690 52 22 eller
591 690 90 21 medlem
697 689 22 21 af
733 689 87 27 Kejser-

61 724 43 27 liga
119 724 74 26 huset;
214 724 65 22 varde
295 724 64 22 dömd
375 724 32 21 till
423 725 94 21 tukthus
532 724 29 28 pä
576 724 72 26 lifstid,
665 724 52 22 eller
732 723 32 21 till
780 723 40 21 och

62 760 48 20 med
125 758 40 22 tolf
181 759 29 21 är.

401 788 14 26 8
433 790 47 19 111.

132 828 72 26 Begäs
227 828 137 26 misshandel,
388 828 110 21 smädelse
522 828 51 21 eller
591 828 156 27 förolämpning
765 828 57 20 emot

64 861 73 22 officer
152 862 53 21 eller
221 861 148 27 underofficer,
389 868 46 15 som
453 864 25 19 är
494 863 41 21 den
550 863 141 26 angripandes
706 861 116 26 vederlike,

65 897 52 22 eller
132 899 59 19 emot
207 897 46 21 civil
271 897 128 27 tjensteman
416 897 37 21 vid
469 897 154 27 krigsmakten,
639 897 7 21 i
661 897 52 21 eller
726 895 33 22 för
769 895 54 28 tjen-

64 934 55 24 sten,
144 932 53 21 eller
221 934 57 19 emot
300 932 76 27 dejour
399 932 54 21 eller
473 932 8 21 i
498 932 103 21 likartadt
619 931 128 28 tjenstevärf
761 930 63 21 stadd

64 972 88 21 person;
169 965 86 22 straffes
271 966 41 20 den
328 966 104 27 skyldige,
445 967 39 20 der
494 966 142 28 förbrytelsen
647 971 62 16 anses
721 965 18 27 ej
751 965 73 21 kunna

65 1000 49 22 med
130 1000 166 26 ordningsstraff
309 1000 105 27 försonas,
433 1000 29 28 pä
478 1002 45 20 sätt
533 1001 6 21 i
550 1001 79 21 allmän
639 1001 36 26 lag
684 1000 68 21 finnes
766 999 58 21 stad-

66 1035 52 27 gadt
137 1034 33 22 för
191 1034 110 22 enahanda
321 1035 64 26 brott,
403 1034 115 22 föröfvade
534 1037 57 19 emot
607 1035 127 27 tjensteman
750 1034 7 20 i
774 1033 51 22 eller

66 1070 33 21 för
113 1070 103 27 tjensten.

394 1146 27 19 12
437 1146 64 24 Kap.

69 1196 37 22 Om
121 1195 170 23 uraktlätenhet
310 1196 34 22 att
359 1196 105 28 iakttaga
482 1196 217 28 tjensteäligganden
713 1194 37 23 vid
765 1194 62 22 vakt-

291 1231 80 28 göring
387 1230 57 22 eller
460 1230 151 29 dejourering.

409 1289 13 26 8
440 1290 48 19 112.

139 1328 45 21 Har
207 1328 104 27 postkarl,
335 1334 45 15 som
400 1328 74 21 blifvit
493 1328 82 21 utstäld
593 1328 32 21 för
640 1330 31 19 att
688 1328 57 21 emot
761 1325 68 22 öfver-

70 1362 107 27 rumpling
202 1362 23 21 af
244 1362 85 22 fienden
351 1363 53 21 eller
427 1369 75 14 annan
520 1362 106 27 krigsfara
643 1364 76 25 trygga
734 1360 96 28 truppaf-

72 1397 91 26 delning,
186 1396 101 27 fästning,
307 1397 70 27 fartyg
392 1397 56 22 eller
463 1397 232 27 krigsförnödenheter,
712 1395 120 27 öfvergifvit

72 1431 32 20 sin
118 1433 50 24 post
183 1431 64 21 innan
263 1431 106 27 aflösning
385 1432 66 25 skett,
470 1431 55 22 eller
535 1433 52 19 utan
597 1431 108 26 nödtväng
715 1430 53 21 eller
779 1429 53 22 olof-

71 1464 57 27 ligen
144 1465 83 21 lemnat
242 1466 41 21 den
299 1465 23 21 ät
337 1472 76 20 annan,
433 1465 55 22 eller
502 1466 57 21 visat
569 1464 48 28 grof
624 1464 149 22 försummelse
783 1464 50 21 med

753 1507 10 16 3
