1050 1686
310 131 19 19 U.
346 131 19 20 B.
381 141 27 4 —
423 132 55 24 Prop.
494 133 29 19 N:o
537 133 24 20 41
577 139 23 15 m.
616 135 19 20 fl.
795 138 27 20 21

162 191 156 24 Walkeakoski
332 194 68 22 kanal
413 202 65 21 synes
492 197 78 23 hittills
584 198 49 23 icke
647 200 29 21 ha
688 200 81 23 lemnat
778 198 73 36 någon

92 225 132 30 behållning,
247 228 88 22 hvarför
350 229 125 23 densamma
495 232 58 22 helst
575 232 39 22 bör
635 233 50 23 från
701 231 149 37 beräkningen

92 260 112 23 uteslutas.

160 295 12 22 I
186 295 65 29 fråga
266 303 33 16 om
317 298 287 26 kommunikationsfondens
627 303 91 28 utgifter
739 305 45 27 bör,
806 305 43 22 för-

91 330 59 21 utom
164 331 151 22 annuiteterna
329 333 14 21 å
359 333 27 22 de
400 334 142 23 härförinnan
556 338 112 27 upptagna
680 334 169 37 jernvägslånen

91 363 75 23 hvilka
181 366 74 27 uppgå
268 366 34 21 till
325 369 113 26 2,076,000
454 370 68 27 mark,
546 371 126 23 observeras
690 373 126 23 annuiteten
834 375 14 22 &

91 398 37 22 det
142 399 37 22 lån
202 406 34 15 om
259 403 133 27 10,000,000,
415 410 45 15 som
482 405 57 22 skall
561 406 61 27 gifva
644 407 84 23 medlen
745 409 34 22 till
796 416 51 21 nyss

90 433 93 22 berörda
207 434 68 27 liqvid
297 436 33 21 till
352 438 67 26 ryska
440 438 242 26 Riksskattkammaren
703 443 40 22 och
764 443 84 23 hvilket

90 467 102 29 möjligen
210 469 69 22 redan
293 470 147 25 innevarande
458 474 26 21 år
502 475 148 24 kontraheras.
680 477 75 28 Högre
771 481 27 19 än
812 479 35 22 till

90 504 92 26 550,000
197 505 62 21 mark
278 505 62 22 torde
355 506 71 23 denna
444 509 100 22 annuitet
558 510 48 23 icke
622 511 92 24 behöfva
732 513 113 22 beräknas.

158 537 51 23 Med
224 539 49 22 stöd
288 540 25 22 af
333 540 37 22 det
392 542 92 22 anförda
498 544 76 22 ställer
588 545 35 28 sig
644 546 202 23 kommunikations-

88 570 91 24 fondens
194 573 119 28 årsbudget
327 575 34 22 för
376 578 109 21 närmaste
501 578 76 27 period
591 579 8 22 i
609 580 101 22 medeltal
720 587 45 16 som
768 577 76 37 följer:

397 645 132 24 Inkomster:

86 680 33 22 Af
131 681 191 25 bränvinsskatten
338 701 1 4 .
371 701 5 5 .
407 702 4 5 .
443 703 5 5 .
478 689 121 27 2,605,000:
615 702 29 3 —

98 731 10 11 »
132 715 319 28 H:fors—T:hus—Riihimäki

141 751 124 33 ,—Piburg
277 753 95 29 jernväg
406 771 4 5 .
442 773 4 4 .
478 758 120 27 1,300,000:
616 771 24 4 —

98 801 9 11 »
131 785 320 32 Abo—T:fors—T:hus
380 781 75 40 jernv.
498 793 99 26 350,000:
614 806 25 3 —
661 801 129 27 4,255,000:
806 814 29 3 —

408 864 108 29 Utgifter:

85 900 104 23 Annuitet
210 902 30 27 pä
262 903 26 22 de
310 904 60 22 äldre
390 904 58 28 jern-

153 936 120 28 vägslänen
298 954 4 5 .
333 955 5 5 .
370 956 4 4 .
405 956 4 5 .
442 957 4 5 .
477 943 119 27 2,076,000:
615 956 23 4 —

83 969 107 23 Annuitet
203 972 31 26 pä
244 972 36 22 det
295 973 100 22 beslutna
404 981 44 21 nya

152 1004 78 23 länet
233 1000 14 38 .
265 1023 1 4 .
297 1023 4 5 .
332 1024 4 5 .
368 1008 40 23 s,
431 1025 29 16 +
497 1013 141 32 550,000:
624 1008 19 43 —
669 1021 119 26 2,626,000:
804 1033 28 3 —

432 1056 68 28 årligt
515 1057 121 24 öfverskott
665 1059 123 28 1,629,000;
804 1073 26 4 —

150 1090 51 23 Men
216 1092 86 23 utöfver
317 1094 61 22 detta
394 1095 71 29 ärliga
484 1097 122 24 öfverskott
620 1099 40 22 har
677 1099 79 23 fonden
771 1101 68 22 andra

80 1123 121 29 tillgängar
216 1128 34 20 att
265 1128 68 22 under
354 1128 170 29 ifrägavarande
546 1133 76 27 period
642 1134 34 22 för
696 1134 142 29 jernvägsan-

80 1158 132 29 läggningar
228 1161 118 29 disponera,
362 1164 109 28 nemligen
485 1166 9 21 i
508 1166 91 23 främsta
614 1170 91 21 rummet
719 1169 119 22 behällnin-

79 1192 82 28 ningen
175 1194 37 22 vid
234 1196 113 27 periodens
369 1198 90 29 ingång,
482 1200 90 24 hvilken
594 1202 8 22 i
617 1202 124 24 Utskottets
763 1204 74 22 betän-

78 1227 72 23 kande
164 1228 41 23 N:o
222 1232 12 19 9
249 1230 119 24 beräknats
382 1232 35 23 til
452 1251 4 5 .
488 1252 4 4 .
525 1252 4 5 .
560 1253 5 5 .
596 1253 4 5 .
631 1254 5 5 .
666 1239 120 27 2,470,782:
802 1240 34 20 81.

79 1261 88 23 dernäst
181 1262 51 24 från
250 1264 102 24 Bankens
366 1267 66 29 vinst,
456 1275 33 15 om
511 1270 125 23 Utskottets

146 1296 84 30 förslag
244 1300 137 27 godkännes.
484 1320 42 6 sr
593 1322 5 5 a
664 1308 121 26 4,000,000:
801 1319 27 3 —

76 1330 88 29 Lägges
180 1332 74 24 härtill
269 1334 145 24 öfverskottet
429 1337 35 22 för
478 1340 34 20 tre
528 1340 30 27 år,
582 1340 53 22 eller

148 1368 12 20 3
176 1366 22 24 X
215 1370 112 26 1,629,000
377 1387 5 5 =.
414 1387 77 7 sv.
665 1377 120 26 4,887,000:
800 1388 28 4 —

76 1405 94 23 erhålles
185 1413 27 16 en
227 1409 138 22 totalsumma
380 1411 36 22 af.
448 1429 4 4 .
484 1429 4 4 .
521 1429 5 5 .
559 1430 2 5 .
592 1431 5 4 .
628 1431 4 4 .
648 1415 135 27 11,357,782:
798 1415 35 23 81.

74 1439 35 21 till
124 1442 140 28 användning
279 1443 34 22 för
325 1440 128 37 jernvägar.

144 1480 151 20 Statsutskottets
307 1483 117 19 betänkande
436 1486 37 18 N:o
485 1487 29 18 14.
