1059 1686
350 127 22 18 U.
385 127 23 18 B.
421 137 23 4 —
455 127 63 24 Prop.
531 128 38 19 N:o
582 128 33 19 42.
824 132 9 17 7

100 171 70 28 -—m
184 171 66 28 mm.
261 171 94 28 m—
481 171 38 28 rn
751 171 70 28 oo

541 215 37 9 Ane
635 219 2 5 |
651 210 85 18 Befriade

538 216 85 43 Öfnings-
650 232 41 18 från
703 233 27 18 öf-
746 228 10 32 |
761 233 79 18 Summa.

537 243 89 23 skyldige.
669 256 44 23 ning.

109 309 58 21 inom
182 309 95 27 Nylands
293 310 34 21 län
361 326 4 5 .
390 326 5 6 .
419 326 3 4 .
448 326 62 6 ...|
570 312 40 21 745
631 299 17 43 |
677 313 29 20 40
743 304 2 34 |
788 313 42 21 185

180 338 47 26 Åbo
243 344 39 21 och
297 344 144 28 Björneborgs
457 346 53 20 län
498 334 14 42 .
522 334 11 42 |
548 346 63 26 1,624
678 346 28 21 92
743 357 2 4 |
766 348 63 26 1,716

132 360 8 10 ”
743 366 2 6 i

132 394 9 10 »
182 378 132 22 Tavastehus
330 379 34 21 län
390 395 4 4 .
419 395 5 4 .
448 395 4 4 .
464 395 46 5 0...
569 380 41 21 883
678 392 28 3 —
787 382 42 21 883

132 428 10 10 n»
181 412 100 26 Wiborgs
340 430 8 10 m
390 409 34 35 mos
448 429 62 5 sms
548 414 61 26 1,029
680 416 26 20 14
766 416 63 26 1,043

134 462 9 11 »
184 446 31 21 S:t
230 446 88 22 Michels
339 464 9 10 ,
390 463 5 5 .
419 463 5 5 .
448 460 58 8 ..-
568 448 42 21 538
678 461 27 3 —
787 450 42 21 538

132 495 9 10 »
180 480 84 26 Kuopio
340 498 8 10 »
392 497 33 5 ss
449 497 61 6 sec
548 482 62 26 1,138
694 485 10 19 1
766 484 63 26 1,139

132 530 10 11 n»
182 514 65 22 Wasa
338 532 9 11 oe
388 531 121 6 kai
549 517 61 26 1,437
678 518 28 21 24
766 518 60 27 1,461

133 564 9 10 »
181 548 121 28 Uleåborgs
339 566 9 11 »
390 566 4 4 +
419 565 4 5 «
448 566 4 4 .
476 555 34 15 .*.]|
549 552 62 25 1,052
679 553 27 20 13
768 553 62 25 1,065

101 594 1 16 |
422 590 87 22 Summa
520 586 12 36 |
549 591 63 27 8,446
666 592 41 21 184
766 592 63 26 8,630

99 633 48 15 men
170 630 32 19 att
227 629 209 27 reservmanskapets
460 630 122 28 fördelning
600 631 28 27 pä
646 632 26 21 de
688 632 70 21 skilda
774 638 82 16 reserv-

98 661 154 27 kompanierna
266 664 56 20 ännu
336 663 47 21 icke
399 664 136 22 medhunnits
551 665 23 21 af
588 666 120 26 anledning,
724 668 32 20 att
770 667 86 21 landets

98 695 110 27 indelning
222 696 7 20 i
244 697 262 27 reservkompanidistrikt
520 698 56 22 först
591 705 76 21 genom
683 700 77 27 nädiga
774 701 82 25 kungö-

100 730 70 20 relsen
186 730 23 20 af
223 730 41 21 den
279 731 28 21 22
321 731 104 21 Februari
443 732 55 21 1882
513 733 72 21 blifvit
600 733 107 21 faststäld.

168 763 117 27 Angäende
300 764 136 28 lämpligaste
456 768 66 19 sättet
538 766 33 21 för
587 768 198 26 resevmanskapets
802 774 55 15 sam-

100 798 158 26 mandragande
280 799 34 21 till
337 799 157 27 öfningsmöten
510 801 68 21 under
593 802 191 21 nästinstundande
801 808 55 16 som-

100 838 46 14 mar
162 832 60 20 anför
240 832 257 28 Befälhafvarestyrelsen
516 835 32 20 uti
567 835 49 21 dess
632 836 68 21 under
714 836 33 21 3:o
763 836 93 21 berörda

100 865 116 26 utlätande,
232 868 38 24 att,
279 867 27 20 dä
321 867 49 26 inga
385 867 105 22 baracker
506 868 34 21 för
555 875 112 15 reservens
678 870 90 27 räkning
779 870 76 21 funnes

100 899 112 26 uppförda,
231 900 36 21 det
282 901 55 20 enda
352 901 88 27 möjliga
458 904 66 19 sättet
545 903 89 21 bestode
653 904 52 26 deri,
720 905 32 20 att
767 905 27 20 de
809 904 47 27 fyra

100 933 131 27 kompanier,
248 940 45 15 som
316 935 53 20 höra
387 935 34 21 till
436 935 75 28 hvarje
527 937 167 26 reservdistrikt,
710 939 146 20 sammandra-

99 973 39 21 gas
153 968 68 21 under
237 968 106 27 förloppet
358 969 24 21 af
396 975 26 15 en
438 970 78 21 mänad
532 971 34 20 till
582 971 26 21 de
624 973 149 20 motsvarande
784 972 73 21 aktiva

99 1001 155 27 bataljonerna.
284 1003 42 20 För
342 1005 31 19 att
388 1004 80 21 bereda
483 1005 117 26 tillräcklig
616 1006 90 27 tillgång
720 1007 28 26 pä
763 1006 94 22 instruk-

98 1037 65 24 törer,
179 1042 63 15 anser
264 1036 257 29 Befälhafvarestyrelsen
546 1039 164 26 öfningskursen
728 1040 34 21 för
778 1041 26 20 de
820 1041 37 20 ak-

98 1069 44 20 tiva
164 1069 148 27 bataljonerna
335 1071 53 21 böra
407 1072 24 20 sä
450 1072 105 27 afpassas,
571 1075 32 19 att
622 1074 122 21 densamma
759 1081 51 14 vore
826 1074 31 21 af-

98 1103 72 21 slutad
185 1104 7 20 i
208 1104 80 21 medlet
302 1105 23 20 af
338 1105 51 26 Juli,
405 1106 110 21 hvarefter
534 1107 134 27 manskapet,
683 1109 48 20 med
746 1109 110 26 undantag

98 1136 24 21 af
136 1138 30 20 ett
189 1138 74 26 nödigt
286 1139 57 21 antal
366 1139 151 27 instruktörer,
534 1141 70 21 skulle
625 1141 185 28 hempermitteras
829 1142 29 27 pä

98 1177 27 15 en
147 1171 84 27 mänad,
247 1173 67 20 under
337 1173 86 22 hvilken
446 1177 166 19 reservmännen
632 1175 68 22 skulle
716 1176 92 21 inkallas
823 1176 34 21 till

98 1206 63 20 möte.
192 1206 62 21 Hvad
277 1208 211 27 reservmanskapets
511 1209 110 27 placering
643 1210 123 27 beträffade,
786 1211 71 21 skulle

98 1239 40 21 den
162 1240 67 27 enligt
244 1241 268 28 Befälhafvarestyrelsens
536 1244 92 26 mening,
647 1244 47 21 icke
716 1246 58 19 möta
792 1243 65 22 allför

97 1275 59 19 stora
178 1274 134 27 svärigheter
334 1275 27 27 pä
377 1276 26 21 de
419 1278 64 25 orter,
500 1277 40 21 der
562 1278 138 21 träkaserner
722 1278 66 21 redan
813 1279 45 26 äro,

97 1307 54 21 eller
174 1307 34 22 till
230 1309 41 20 den
295 1309 26 21 15
336 1310 178 22 nästkommande
529 1311 45 21 Juli
594 1312 60 21 torde
678 1312 66 21 blifva
767 1312 91 27 färdiga,

96 1342 107 27 nemligen
226 1343 7 20 i
255 1343 142 28 Nikolaistad,
420 1344 117 29 Uleåborg,
561 1346 91 27 Kuopio,
672 1346 32 21 S:t
722 1347 79 21 Michel
818 1347 40 21 och

97 1375 99 28 Wiborg;
212 1377 39 21 och
266 1377 70 22 skulle
351 1379 127 26 manskapet
498 1380 112 21 derstädes
625 1380 107 26 inlogeras
748 1381 28 26 pä
790 1381 66 25 halm,

96 1414 34 16 om
146 1410 40 20 ock
208 1410 66 27 nägot
296 1411 78 27 trängt,
390 1412 8 20 i
413 1412 47 27 fyra
483 1413 185 27 kompanilokaler
690 1414 38 21 och
744 1414 114 21 matsalen.

170 1449 196 23 Värnepligtsutskottets
378 1452 105 17 betänkande
496 1453 35 17 N:o
544 1454 16 16 1.
