1009 1673
223 133 28 20 68
527 129 38 23 N:o
582 129 34 23 36:

217 298 108 29 Förslag
339 299 42 22 till
397 298 218 29 Ordningsstadga
630 298 42 23 för
686 298 98 23 Finska
798 297 141 24 Militären.

529 341 9 19 1
554 341 62 24 Kap.

437 379 116 23 Allmänna
568 379 146 29 stadganden.

549 421 12 26 8
580 423 17 19 1.

265 455 192 27 Krigsdisciplinen
472 455 74 22 bestär
561 456 32 21 uti
608 457 121 25 noggrannt
745 455 140 26 iakttagande
896 453 22 22 af
927 455 27 21 de

196 489 142 27 föreskrifter,
362 495 45 16 som
426 489 109 22 meddelas
550 490 6 21 i
572 490 154 27 krigslagarne.
756 490 48 21 Den
819 489 135 28 upprätthäl-

195 524 33 22 les
251 524 41 22 och
314 524 111 22 befordras
449 531 75 21 genom
548 526 74 25 sträng
645 525 170 26 subordination,
835 525 119 26 noggrannt

195 559 140 28 uppfyllande
350 559 23 22 af
386 559 93 22 förmans
496 559 145 28 befallningar,
658 559 109 28 punktligt
783 558 139 28 iakttagande
934 558 22 22 af

197 593 97 28 ordning,
311 596 172 25 samvetsgrannt
497 594 135 27 fullgörande
648 593 22 22 af
679 594 208 27 tjensteäligganden
898 595 56 20 samt

196 628 77 22 rättvis
289 627 82 23 beifran
387 628 23 22 af
423 629 175 22 underordnades
613 629 28 21 fel
657 629 40 21 och
713 628 122 22 förseelser.

551 681 12 26 8
579 682 18 19 2.

267 714 167 22 Subordination
449 714 113 28 förpligtar
577 715 158 27 militärperson
752 717 33 19 att
793 715 45 21 visa
845 715 47 22 icke
901 715 52 21 alle-

197 751 50 20 nast
263 749 32 21 sin
310 748 89 27 förman,
415 751 52 19 utan
483 749 60 22 äfven
560 756 77 20 annan,
654 756 46 15 som
716 752 24 19 är
756 750 66 26 högre
837 750 7 21 i
859 756 53 20 rang
923 750 29 21 el-

197 784 31 22 ler
247 784 60 21 äldre
323 784 7 21 i
345 784 53 27 grad
415 786 26 19 än
457 784 42 21 han
515 784 53 27 sjelf,
585 784 103 27 tillbörlig
705 784 89 27 aktning
810 784 59 22 såväl
884 784 7 22 i
907 790 46 16 som

197 820 60 20 utom
273 818 99 28 tjensten.

551 860 13 26 $
580 862 19 19 3.

266 893 34 22 Då
321 893 151 22 underordnad
495 896 51 19 utan
569 895 131 26 invändniug
715 894 78 27 fullgör
808 894 93 22 förmans
916 894 38 22 be-

196 927 97 27 fallning,
309 930 24 19 är
349 928 41 21 den
400 928 133 23 sistnämnde
544 935 74 15 ensam
627 929 100 27 ansvarig
734 929 33 22 för
775 929 105 27 följderna
887 928 65 27 deraf,

196 963 61 20 utom
280 962 7 21 i
310 963 27 21 de
359 962 42 24 fall,
421 963 91 22 rörande
527 963 72 22 hvilka
616 964 7 20 i
639 965 14 25 $
669 965 26 20 35
712 963 23 22 af
748 963 206 28 militärstrafflagen

197 996 135 22 annorlunda
347 997 95 27 stadgas.

551 1039 13 26 8
580 1041 19 19 4.

267 1077 44 21 Det
326 1077 82 27 äligger
423 1077 144 23 befälhafvare
581 1081 33 20 att
625 1079 148 28 upprätthälla
783 1079 113 22 militärisk
906 1079 48 22 ord-

196 1111 51 27 ning
263 1111 41 22 och
320 1111 98 28 disciplin
434 1113 57 21 inom
506 1113 32 21 sin
554 1115 71 26 trupp,
641 1113 74 22 utöfva
730 1114 91 21 rättvisa
836 1115 58 20 emot
908 1114 48 21 sina

196 1145 173 27 underordnade,
392 1146 117 28 faderligen
525 1147 66 22 värda
607 1149 33 26 sig
655 1154 36 15 om
707 1148 63 22 deras
786 1147 168 26 välbefinnande,

196 1181 53 26 taga
271 1180 124 22 kännedom
417 1187 34 16 om
475 1182 61 21 deras
556 1183 67 21 behof
636 1184 57 20 samt
707 1183 7 20 i
729 1183 175 22 förekommande
918 1183 37 22 fall

196 1220 53 15 vara
259 1214 63 21 deras
333 1215 121 26 rädgifvare
465 1216 39 21 och
512 1217 137 26 handledare,
659 1217 94 22 undvika
761 1217 102 28 obehörig
872 1220 82 25 sträng-

196 1247 39 21 het
259 1247 53 22 eller
334 1248 99 27 hårdhet,
457 1256 46 15 som
525 1250 48 22 icke
596 1251 42 21 kan
658 1251 140 26 rättfärdigas
815 1251 22 22 af
850 1252 104 27 tjenstens

197 1281 128 28 fordringar,
349 1282 109 23 äfvensom
481 1286 32 19 att
535 1285 40 21 hos
598 1285 56 22 befäl
675 1286 40 21 och
735 1286 104 27 manskap
855 1286 101 27 inskärpa

197 1315 40 22 och
261 1316 128 22 underhålla
409 1317 141 23 medvetande
569 1325 34 16 om
619 1327 26 14 en
662 1320 31 21 till
709 1320 104 21 thronens
829 1320 39 22 och
884 1320 70 23 fäder-

196 1350 125 22 neslandets
340 1350 83 23 försvar
439 1354 58 20 emot
511 1355 56 25 yttre
583 1354 40 21 och
639 1354 46 21 inre
700 1353 83 23 fiender
797 1355 73 21 kallad
884 1355 70 28 kriga-

196 1390 35 15 res
247 1384 58 28 höga
320 1385 158 23 bestämmelse.

550 1435 13 25 8
573 1435 26 25 5.

265 1470 34 21 Dä
314 1470 58 22 inom
388 1472 146 28 krigsmakten
551 1475 106 22 allmänna
673 1476 74 26 lugnet
758 1478 77 26 störes,
847 1478 53 22 eller
910 1486 43 20 my-
