1028 1673
382 132 35 20 N:o
433 131 36 21 33.
761 130 12 20 5

253 303 130 33 Förslag
410 302 43 26 till
480 302 147 34 förordning
649 309 39 19 om
711 302 90 33 upphö-

185 344 75 26 rande
280 343 28 26 af
326 344 26 25 de
371 342 57 27 från
447 342 143 27 rusthållen
610 344 65 25 samt
690 342 112 26 roterade

185 384 115 26 hemman
311 383 43 27 och
364 383 186 27 båtsmanshåll
560 383 123 33 utgående
693 384 108 25 vakans-

186 424 110 33 afgifter,
316 424 129 26 äfvensom
468 424 154 33 indragning
647 423 27 27 af
692 424 27 25 de
738 423 65 26 rust-

185 465 85 26 hållen
289 464 38 27 för
345 465 162 32 rustningens
523 463 223 34 upprätthållande
760 470 42 19 an-

185 505 86 26 visade
292 506 140 32 augments-
452 505 44 26 och
516 504 82 34 öfriga
616 505 93 26 räntor.

400 574 46 27 81.

120 615 57 20 Frän
202 615 39 20 och
256 615 49 21 med
321 615 24 20 är
362 615 54 21 1883
432 614 99 21 frikallas
548 614 100 27 samtliga
663 613 93 22 rusthäll
773 613 30 20 äf-

48 655 88 15 vensom
152 649 100 21 roterade
267 649 99 21 hemman
386 649 38 21 och
445 649 158 21 bätsmanshäll
619 649 48 20 frän
683 647 120 28 utgörande

49 683 23 21 af
86 684 25 20 de
128 690 77 20 genom
220 683 79 27 nädiga
314 683 124 21 manifestet
454 683 23 21 af
491 683 41 21 den
550 685 9 19 1
577 683 92 26 Augusti
682 683 54 21 1810
747 683 56 20 samt

49 718 170 27 kungörelserna
235 718 23 21 af
272 719 41 20 den
329 719 27 20 20
370 718 120 21 December
507 719 53 20 1811
581 718 39 21 och
637 717 41 21 den
695 718 25 20 13
737 716 65 21 Okto-

48 753 39 20 ber
112 753 53 20 1812
191 753 104 26 stadgade
319 753 92 20 vakans-
426 753 40 20 och
481 752 236 27 passevolansafgifter,
734 752 71 20 säsom

49 787 39 21 ock
104 787 127 21 hemmanen
247 787 6 21 i
269 787 84 27 Kajana
368 787 68 20 härad
451 787 49 20 frän
516 787 131 26 erläggande
662 786 23 21 af
699 786 28 21 de
741 785 62 27 afgif-

49 824 40 25 ter,
105 828 46 15 som
167 822 67 27 enligt
248 822 94 21 nämnda
357 821 102 22 manifest
475 822 39 21 och
530 821 80 28 nädiga
623 821 144 27 kungörelsen
783 819 24 22 af

49 856 41 21 den
107 857 26 20 20
149 856 92 27 Augusti
259 858 55 20 1830
330 857 47 21 dem
393 856 33 21 för
442 857 136 21 närvarande
594 856 79 27 äligga.

403 920 11 27 8
430 921 20 20 2.

121 959 58 21 Frän
195 966 82 14 samma
293 960 32 21 tid
340 960 102 27 indragas
459 960 27 21 de
502 960 120 21 rusthällen
638 960 105 26 anslagna
753 964 52 21 aug-

50 996 80 19 ments-
147 994 39 21 och
202 1000 54 21 egna
272 996 82 26 räntor,
370 994 92 21 sälunda
478 996 42 19 att:

121 1027 69 22 första
209 1029 47 21 äret
278 1028 48 22 frän
349 1029 73 26 hvarje
438 1028 94 22 rusthäll
548 1029 34 20 till
597 1029 83 21 kronan
696 1028 63 26 ingär
775 1028 32 20 ett

50 1064 40 20 den
110 1064 124 20 nuvarande
254 1064 173 26 vakansafgiften
451 1064 152 20 motsvarande
622 1062 140 26 räntebelopp
785 1061 24 21 af

50 1099 27 20 42
93 1098 147 20 rubelskatter
256 1098 68 26 enligt
339 1099 87 20 senaste
442 1098 36 20 ärs
495 1098 209 26 medelmarkegäng,
722 1098 57 20 samt

121 1132 74 28 hvarje
218 1132 23 21 af
259 1133 26 21 de
304 1132 94 27 följande
414 1132 75 22 femtio
506 1134 52 20 ären
574 1139 26 15 en
615 1131 154 23 femtiondedel
785 1130 23 22 af

50 1166 104 22 rusthälls
179 1167 138 21 äterstäende
340 1169 123 25 augments-
480 1167 39 21 och
538 1174 55 20 egna
608 1169 81 25 räntor,
704 1166 34 21 till
757 1166 50 21 dess

51 1201 92 21 sälunda
158 1201 57 21 inom
231 1201 74 27 loppet
320 1202 23 20 af
356 1202 109 21 femtioett
481 1202 25 20 är
521 1202 49 21 hela
585 1202 101 26 beloppet
701 1200 24 22 af
739 1200 68 27 sagda

51 1238 74 20 räntor
140 1236 34 21 till
190 1236 83 21 kronan
288 1236 114 27 indragits.

121 1270 83 21 Härvid
226 1271 102 26 indragas
352 1271 55 21 först
430 1273 195 25 augmentsräntor,
646 1273 56 19 samt
718 1270 89 21 dernäst

51 1305 132 21 rusthällens
199 1311 55 21 egna
270 1307 80 19 räntor.

121 1373 58 21 Frän
195 1374 39 21 och
250 1374 49 21 med
315 1374 36 21 det
367 1375 31 26 är,
414 1374 159 27 indragningen
583 1374 105 26 vidtager,
698 1372 110 27 uppbäras

51 1408 101 26 samtliga
163 1410 189 24 augmentsräntor
360 1408 24 21 af
392 1408 156 27 kronofogden,
559 1408 177 27 hvilkenderest
744 1407 65 21 dessa

49 1444 76 18 räntor
147 1442 117 27 öfverstiga
284 1442 37 21 det
340 1442 84 27 belopp,
445 1448 46 15 som
507 1442 23 21 af
544 1442 48 21 dem
607 1442 39 21 bör
661 1442 34 21 för
711 1442 48 20 året
774 1440 35 22 till
