1045 1686
242 148 12 20 2
536 133 43 32 "N:o
595 141 36 23 40.

213 214 131 28 understigit
359 214 57 21 hvad
432 213 72 21 derför
519 212 23 22 af
556 212 121 21 Ständerna
692 210 126 25 beräknats,
835 210 32 19 att
883 208 17 27 ej
918 207 50 21 alle-

213 252 52 19 nast
287 249 146 21 kostnaderna
455 247 109 21 härintills
587 247 83 20 kunnat
693 244 51 22 med
759 244 108 20 allmänna
883 241 86 22 militie-

213 285 91 20 kassans
329 289 55 20 egna
408 282 117 27 tillgångar
548 280 109 26 betäckas,
673 281 53 19 utan
743 278 40 21 ock
799 283 26 15 en
840 276 126 25 behållning

214 318 47 21 deri
277 318 36 21 vid
340 318 53 21 1881
418 318 34 19 års
476 317 81 26 utgång
578 314 130 22 förefunnits
724 313 35 20 till
774 312 77 26 belopp
869 311 23 20 af
904 311 67 26 något

213 359 60 15 mera
298 355 26 18 än
340 352 113 27 5,800,000
468 351 68 20 mark.
566 349 51 22 Med
636 349 71 20 denna
722 346 126 27 behållning
862 346 66 26 jemte
944 345 26 20 de

214 387 110 22 ordinarie
347 387 125 24 inkomster,
496 391 46 15 som
565 384 68 21 under
657 384 55 20 1882
736 381 34 22 till
792 381 80 20 kassan
888 379 81 26 inflyta,

214 423 74 20 kunna
304 421 135 22 sistnämnda
454 421 36 20 års
506 419 90 27 utgifter
611 418 117 25 bestridas,
744 415 146 22 hvarförutom
899 415 71 25 någon

215 457 83 21 mindre
313 455 126 26 behållning
454 455 7 20 i
476 454 158 22 militiekassan
645 455 58 18 ännu
712 451 95 21 derefter
816 450 61 21 torde
886 449 86 20 komma

215 493 33 20 att
264 491 82 21 återstå
362 490 50 27 (Bil.
428 490 36 27 ID.
496 488 95 22 Sålunda
606 488 96 20 kommer
719 486 36 21 det
772 485 23 20 af
809 484 120 21 Ständerna
937 482 33 21 för

215 525 184 27 femårsperioden
423 524 140 21 1878—1882
586 522 106 26 beviljade
716 520 94 21 tillskott
833 519 33 20 till
885 517 86 21 militie-

216 560 118 27 utgifterna
357 559 23 21 af
401 560 12 19 6
432 558 108 21 millioner
561 557 62 20 mark
638 556 47 21 icke
701 556 33 19 att
750 554 68 21 under
833 552 93 21 nämnda
940 551 32 20 tid

217 597 62 24 tagas
296 594 5 21 i
318 593 95 26 anspråk
428 593 33 20 för
476 591 164 27 ifrågavarande
657 589 108 21 ändamål.

290 629 41 20 För
348 629 51 20 åren
416 627 138 21 1883—1887
572 628 36 18 äro
624 624 120 27 utgifterna
759 623 33 20 för
807 621 94 22 militära
909 619 65 22 behof

217 663 125 22 beräknade
358 662 34 21 till
407 662 127 27 29,675,212
553 660 61 21 mark
633 659 27 21 85
676 657 72 28 penni,
765 658 28 25 på
808 658 44 19 sätt
860 655 113 21 närslutna

218 698 74 27 kalkyl
308 697 85 27 (Bilaga
408 697 19 26 I)
444 696 58 21 öfver
518 695 109 21 allmänna
641 693 171 21 militiekassans
821 689 151 28 presumerade

218 733 90 26 utgifter
332 732 39 21 och
395 731 119 21 inkomster
536 730 68 21 under
627 728 68 27 sagda
718 727 33 20 tid
769 728 100 19 närmare
884 719 88 36 utvisar.

218 767 38 21 Uti
273 767 69 20 denna
364 765 161 28 utgiftssumma
548 764 57 27 ingå,
628 763 94 21 förutom
738 760 146 22 kostnaderna
899 758 33 21 för
947 757 26 21 de

219 796 74 26 aktiva
314 801 156 26 bataljonerna,
493 799 95 21 militära
611 796 137 23 embetsverk
771 795 38 21 och
825 793 149 28 myndigheter

220 838 56 19 samt
298 835 70 27 öfriga
391 836 12 19 &
426 835 108 20 allmänna
557 832 158 22 militiekassan
739 830 32 20 för
786 828 135 22 närvarande
936 833 38 14 an-

220 870 127 21 kommande
362 868 96 27 utgifter,
474 868 94 26 följande
584 868 81 25 poster:

295 905 38 19 1:0.
358 901 275 23 Underhällskostnaderna
648 900 33 20 för
691 898 72 21 finska
771 897 119 21 militärens
901 901 73 15 reserv

220 939 50 21 med
285 938 113 27 4,825,520
413 937 69 27 mark,
498 936 66 26 enligt
580 934 150 28 specifikation
745 932 32 21 uti
792 932 87 26 bilagan
893 930 38 21 ITIL

293 974 40 20 2:0.
356 972 42 21 Till
414 971 122 21 afslutande
552 970 22 20 af
587 968 217 28 byggnadsarbetena
819 967 13 19 å
842 966 132 20 kasernerna

221 1007 34 21 för
277 1007 103 26 Nylands,
403 1000 56 27 Åbo-
478 1005 39 21 och
536 1003 131 22 Tavastehus
685 999 261 29 skarpskyttebataljoner
963 999 9 20 1

222 1041 83 22 million
327 1041 69 20 mark.
426 1040 109 21 Kaserner
557 1039 33 20 för
612 1037 97 28 Nylands
732 1035 97 27 bataljon
843 1035 85 20 komma
944 1034 32 19 att

222 1076 102 27 uppföras
340 1075 7 21 i
363 1075 136 26 Helsingfors
516 1073 22 21 af
552 1075 54 24 sten,
623 1072 39 21 och
677 1071 129 25 kostnaden,
822 1068 102 21 ehuruväl
940 1067 36 21 de-

223 1110 83 21 finitiva
328 1109 107 27 ritningar
458 1109 40 21 och
519 1106 187 26 kostnadsförslag
729 1107 57 19 ännu
809 1104 47 20 icke
872 1105 36 18 äro
924 1107 52 21 upp-

224 1145 82 27 gjorda,
329 1144 40 21 har
392 1143 95 27 antagits
509 1143 71 26 uppgå
602 1141 33 21 till
651 1140 100 26 omkring
775 1138 111 27 1,800,000
908 1136 68 21 mark.

224 1178 148 22 Träkaserner
388 1178 33 21 för
437 1172 55 26 Åbo-
508 1177 39 21 och
565 1175 133 22 Tavastehus
718 1173 121 27 bataljoner
854 1172 72 20 kunna
940 1170 37 21 be-

224 1213 80 21 räknas
334 1212 34 21 till
398 1211 158 27 sammanlagdt
584 1210 110 27 1,700,000
720 1208 69 27 mark,
814 1206 77 21 inalles
913 1205 65 21 alltså

225 1248 113 26 3,500,000
354 1246 68 21 mark.
452 1246 38 21 Uti
506 1244 159 26 statsförslaget
680 1243 34 21 för
732 1243 53 20 1882
796 1241 64 21 hafva
868 1235 109 35 upptagits

225 1282 34 20 för
273 1279 310 29 kasernbyggnadskostnader
594 1280 11 19 3
620 1278 110 21 millioner
740 1276 67 26 mark,
819 1274 62 22 deraf
887 1274 91 26 500,000

226 1316 62 21 mark
310 1318 38 19 äro
370 1315 125 21 beräknade
517 1313 34 21 till
566 1312 133 22 slutförande
716 1311 23 21 af
753 1308 226 28 kasernbyggnadsar-

225 1348 79 23 betena
320 1350 7 21 i
342 1349 144 27 Nikolaistad,
501 1348 115 26 Uleåborg,
631 1346 93 26 Kuopio,
741 1345 32 21 S:t
787 1343 79 22 Michel
881 1342 39 22 och
935 1342 43 21 Wi-

226 1385 60 27 borg,
310 1386 56 20 samt
389 1383 113 28 2,500,000
525 1382 61 22 mark
606 1381 34 21 till
655 1380 152 22 förstnämnda
821 1380 34 19 tre
869 1378 111 26 kaserner,

227 1418 33 21 för
275 1419 84 20 hvilkas
375 1417 151 22 fullbordande
542 1416 55 21 efter
614 1416 53 21 1882
683 1413 111 22 erfordras
813 1412 63 21 ofvan
891 1411 89 21 anförda

227 1453 84 27 belopp,
329 1454 9 20 1
355 1452 83 21 million
452 1451 68 21 mark.
