1011 1670
221 119 27 20 24
525 118 38 22 N:o
579 117 34 23 36.

523 197 15 19 8
553 197 63 24 Kap.

216 240 38 22 Om
269 240 78 28 myteri
362 241 41 22 och
417 247 84 23 uppror
516 241 57 22 samt
588 240 132 30 uppvigling
736 240 85 29 dertill;
841 241 25 23 sä
882 242 41 22 ock

496 282 33 16 om
543 276 104 28 upplopp.

537 329 13 25 8
566 330 33 20 74.

261 368 89 22 Besluta
372 369 108 27 krigsmän
498 369 7 21 i
525 369 84 21 samråd
630 370 32 20 att
680 371 66 25 vägra
765 369 72 27 ätlyda
852 368 95 23 förmans

190 402 117 27 befallning
327 403 52 21 eller
398 404 92 21 medelst
511 404 48 21 väld
575 403 53 22 cller
643 404 38 20 hot
697 405 58 19 sätta
770 403 33 26 sig
819 404 57 20 emot
891 403 55 22 utfö-

192 437 67 22 rande
282 437 65 26 deraf,
371 437 52 22 eller
445 439 32 20 att
499 437 72 28 tvinga
594 437 83 22 förman
696 439 32 20 att
747 437 66 28 nägot
827 439 52 25 göra
895 438 53 21 eller

192 471 123 26 underläta;
340 471 27 22 dä
389 472 62 21 skola
474 472 26 21 de
523 472 113 27 brottslige
654 471 86 22 straffas
759 471 33 22 för
807 472 75 27 myteri
898 473 48 21 med

192 506 91 21 tukthus
299 506 31 21 till
346 506 40 21 och
402 507 50 21 med
466 506 45 28 fyra
527 507 30 25 är,
575 507 51 21 eller
642 505 123 28 afsättning,
783 507 52 21 eller
849 506 98 27 fängelse

192 540 19 28 ej
228 540 69 22 under
312 543 32 19 tre
360 541 107 21 mänader.

537 593 13 26 8
566 594 33 20 75.

261 633 46 21 Har
325 633 69 27 någon
414 640 34 15 om
463 634 80 27 myteri,
561 639 45 15 som
622 633 8 21 i
645 632 130 27 föregående
791 634 12 25 $
820 635 70 25 säges,
905 633 41 22 fått

192 667 65 22 säker
279 668 97 26 kunskap
400 668 40 22 och
462 668 81 21 kunnat
563 668 73 21 derom
656 668 8 20 i
682 667 31 21 tid
729 667 14 21 å
756 668 88 26 behörig
860 670 34 20 ort
909 674 36 15 an-

192 702 63 26 mäla,
276 708 48 16 men
344 702 76 22 sådant
437 703 120 26 uraktlåtit;
578 703 81 25 dömes,
675 702 45 21 ifall
737 702 41 21 den
794 702 94 22 aftalade
903 702 42 22 för-

191 736 111 28 brytelsen
325 737 65 21 sedan
413 737 68 22 blifvit
498 737 103 26 föröfvad,
623 737 32 21 till
670 736 97 27 fängelse
781 736 46 22 från
843 737 40 21 och
898 738 48 21 med

191 770 38 22 två
243 771 102 21 månader
360 771 32 21 till
408 772 40 21 och
464 772 47 22 med
527 774 32 19 ett
575 773 29 25 år,
622 772 53 22 eller
691 771 169 27 ordningsstraff.

537 835 13 26 8
566 837 33 19 76.

262 873 71 22 Samla
349 875 33 26 sig
396 875 108 27 krigsmän
519 875 90 28 tillhopa
625 877 40 20 och
679 879 66 24 vägra
755 878 133 25 gemensamt
898 876 50 27 lyda

191 907 94 22 förmans
302 908 114 28 befallning
432 909 51 22 eller
499 911 57 20 sätta
572 911 33 26 sig
620 911 49 21 med
685 911 38 21 hot
739 917 33 16 om
787 911 99 22 förenadt
896 911 50 21 våld

192 944 59 20 emot
265 942 114 23 utförande
398 943 65 28 deraf,
484 945 52 21 eller
551 945 54 21 söka
620 945 49 22 med
685 945 68 28 dylikt
768 946 38 21 hot
821 946 72 27 tvinga
907 945 38 22 ho-

191 983 50 15 nom
265 979 32 19 att
319 977 65 27 något
407 979 52 25 göra
482 979 53 21 eller
552 979 123 27 underlåta;
695 979 28 21 då
743 980 66 26 skola,
827 986 33 15 om
876 980 26 21 de
918 980 28 26 på

190 1010 95 22 förmans
307 1012 131 27 uppmaning
460 1013 116 21 återvända
600 1014 32 20 till
651 1014 96 26 ordning,
767 1014 139 22 anstiftarene
925 1013 23 22 af

190 1047 105 25 upproret
310 1046 39 21 och
366 1046 125 23 anförarene
507 1048 72 22 dervid
596 1050 56 19 samt
668 1048 23 22 af
700 1049 26 21 de
737 1049 66 21 andre
815 1049 41 21 den
868 1048 77 27 högste

189 1080 8 20 i
212 1080 113 27 värdighet
339 1080 73 22 dömas
429 1082 32 20 till
476 1082 90 22 tukthus
582 1082 46 22 från
644 1083 40 21 och
701 1083 48 21 med
760 1084 32 20 ett
802 1083 32 21 till
845 1083 40 21 och
896 1082 49 22 med

188 1114 47 27 fyra
255 1114 30 27 år,
306 1114 52 22 eller
376 1115 96 27 fängelse
492 1117 17 27 ej
533 1117 68 21 under
617 1119 32 19 ett
665 1117 29 26 år,
711 1117 41 21 och
768 1117 66 27 öfrige
850 1117 95 27 deltaga-

189 1154 52 16 rene
256 1148 8 22 i
279 1151 103 25 upproret
398 1150 78 22 enhvar
492 1151 32 21 till
539 1150 97 28 fängelse
652 1151 32 21 till
700 1152 39 21 och
756 1152 49 22 med
821 1153 31 21 ett
867 1152 29 21 år.

259 1178 79 33 Åtlyda
353 1188 183 24 upprorsmännen
553 1186 18 28 ej
583 1186 94 22 förmans
688 1187 131 27 uppmaning
829 1188 32 20 att
871 1187 75 27 återgå

189 1217 32 21 till
237 1218 100 27 ordning;
358 1219 84 22 straffes
462 1220 111 22 anstiftare
595 1221 40 21 och
655 1220 98 23 anförare
772 1223 56 20 samt
843 1220 22 22 af
879 1220 66 28 öfrige

190 1251 112 28 deltagare
318 1253 41 21 den
374 1253 77 28 högste
466 1255 7 20 i
488 1255 114 26 värdighet
617 1256 49 21 med
682 1255 91 22 tukthus
788 1255 45 22 från
846 1255 40 22 och
896 1255 49 21 med

189 1287 33 20 tre
238 1286 33 22 till
287 1287 39 22 och
342 1288 49 21 med
406 1288 47 21 åtta
468 1289 24 21 år
508 1289 40 22 och
564 1295 70 16 annan
646 1289 110 28 deltagare
767 1290 6 21 i
784 1291 103 26 upproret
897 1289 48 22 med

189 1321 91 22 tukthus
295 1321 47 22 från
358 1322 40 21 och
413 1323 49 21 med
477 1325 30 20 ett
524 1324 33 21 till
572 1324 41 21 och
629 1324 48 21 med
694 1326 32 19 tre
742 1325 30 24 år,
787 1324 52 21 eller
848 1323 97 28 fängelse

190 1355 18 26 ej
225 1356 69 21 under
309 1357 31 20 ett
356 1356 30 21 år.

301 1387 5 4 N
536 1387 13 26 8
565 1389 33 19 17.

260 1423 69 23 Hafva
344 1428 142 24 upprorsmän
501 1427 94 21 väldfört
610 1427 34 27 sig
656 1427 12 21 &
678 1433 79 21 person
768 1427 52 21 eller
831 1427 113 27 egendom;

189 1458 66 21 varde
275 1458 84 28 dömde,
380 1460 112 22 anstiftare
512 1462 40 21 och
571 1461 99 22 anförare
689 1463 55 20 samt
759 1461 23 21 af
796 1461 66 22 andre
878 1462 67 21 delta-
