1034 1673
247 135 13 20 4
554 135 35 22 N:o
606 136 34 21 37.

481 204 119 27 Transport
617 205 118 27 1,569,977:
752 205 33 20 50.

218 243 39 20 och
274 243 27 20 då
317 243 72 22 dertill
405 244 73 27 lägges
493 244 103 27 hyresan-

218 277 49 27 slag
281 277 34 21 för
329 278 213 27 trädgårdsmästare
561 279 36 20 vid

217 312 140 21 seminarium
373 313 7 20 i
396 313 92 27 Ekenäs,
506 313 89 21 hvarom

217 353 60 14 mera
293 347 104 21 nedanför
417 363 1 5 .
448 363 5 5 .
484 363 4 5 .
521 363 5 5 .
557 364 4 4 .
592 363 5 5 .
686 348 48 21 400:
751 360 27 3 —

217 387 84 21 komme
327 387 49 21 hela
401 388 92 26 utgiften
518 387 33 22 för
576 388 94 21 nämnda
691 388 33 21 tid
748 390 38 25 att,

218 422 174 27 approximativt,
409 422 56 27 stiga
480 422 34 21 till
535 438 1 5 .
566 439 5 4 .
602 438 5 5 .
638 439 5 4 .
675 439 4 4 .
711 439 4 4 .
747 439 4 4 .
783 423 138 26 .1,570,377:
938 423 33 20 50.

218 456 68 27 enligt
301 456 87 21 hvilken
404 457 120 26 beräkning
542 457 36 20 vid
598 458 110 26 utgången
725 457 23 20 af
761 458 25 20 år

218 491 55 20 1882
296 491 7 20 i
319 491 323 27 folkskolebevillningsmedlen
658 491 125 27 antagligen

216 531 51 14 vore
283 527 32 19 att
331 528 82 19 emotse
429 532 26 15 en
471 526 55 21 brist
541 525 23 22 af
599 542 4 4 .
636 542 4 4 .
672 542 5 4 .
708 542 4 4 .
745 542 4 3 .
781 542 3 4 .
837 526 83 27 27,939:
937 527 33 19 21.

289 651 69 22 Sedan
375 652 102 22 Finlands
493 652 99 28 Ständer,
612 653 7 21 i
635 653 118 27 anledning
773 653 22 21 af
808 652 59 22 Hans
883 652 86 27 Kejser-

215 686 44 27 liga
275 686 113 27 Majestäts
404 687 79 27 nådiga
498 688 134 26 proposition
648 688 113 26 angående
777 687 75 27 anslag
867 686 32 22 för
915 686 53 22 folk-

215 721 166 21 skoleväsendet
395 722 49 20 med
459 728 66 20 mera,
546 722 35 20 vid
603 723 52 20 1877
673 723 35 19 års
725 722 109 26 landtdag,
851 721 65 21 bland
932 728 36 14 an-

215 757 44 25 nat,
275 755 90 21 beslutit
380 756 33 20 till
429 756 123 21 inrättande
567 756 23 21 af
604 759 32 18 ett
646 756 139 26 fullständigt
795 756 172 20 folkskollärare-

214 790 40 20 och
277 790 250 22 lärarinneseminarium
550 791 48 21 med
622 790 66 22 finskt
707 790 232 26 undervisningsspråk
955 791 12 19 å

214 824 37 21 det
267 824 23 21 af
303 824 207 27 Kollegiiassessorn
526 825 96 21 Herman
633 824 133 22 Hallonblad
777 824 39 22 och
826 824 54 21 hans
891 824 76 21 hustru

214 859 112 21 Elisabeth
350 859 129 21 Hallonblad
499 859 33 22 för
552 860 78 21 sådant
650 859 101 22 ändamål
768 859 103 27 erbjudna
887 859 80 21 skatte-

213 893 124 21 hemmanet
355 893 40 21 N:o
418 895 12 19 2
449 894 6 20 i
480 894 91 26 Kymölä
590 894 27 27 by
637 894 59 21 invid
717 893 116 22 Sordavala
848 893 49 21 stad
912 895 55 19 samt

213 927 61 22 Hans
290 928 122 27 Kejserliga
427 928 102 27 Majestät
544 929 6 20 i
567 929 67 21 nåder
650 929 97 26 godkänt
763 929 60 20 detta
833 928 76 27 beslut,
920 928 45 27 har,

213 961 56 22 efter
293 963 36 20 det
351 963 104 20 makarna
477 962 129 21 Hallonblad
627 963 93 20 medelst
735 962 112 27 gåfvobref
861 962 22 21 af
897 963 40 20 den
954 963 10 20 7

212 996 59 22 Mars
290 998 53 20 1879
358 997 34 21 till
407 997 69 21 finska
492 997 88 21 Kronan
591 997 109 21 öfverlåtit
715 997 141 21 omförmälda
866 997 100 26 lägenhet

210 1031 67 26 jemte
293 1031 68 21 andra
377 1031 108 22 förmåner
501 1032 109 21 äfvensom
629 1032 73 21 halfva
718 1032 193 21 skattehemmanet
926 1031 39 21 N:o

213 1067 9 19 1
244 1065 6 21 i
270 1066 65 26 sagde
358 1066 34 27 by,
416 1066 164 27 ifrågavarande
599 1066 136 27 läroanstalt,
759 1066 67 27 enligt
844 1065 122 22 meddeladt

211 1099 153 28 förordnande,
388 1107 34 14 om
444 1101 77 20 hösten
544 1102 24 19 år
590 1102 55 20 1880
665 1101 93 26 vidtagit
774 1101 33 20 sin
822 1100 143 26 verksamhet,

211 1134 50 21 med
277 1141 26 14 en
318 1135 60 20 klass
395 1135 12 20 å
422 1135 106 21 hvardera
544 1135 146 27 afdelningen,
702 1135 7 20 i
721 1135 45 20 före
777 1135 59 20 detta
849 1134 116 21 Siitoinska

211 1168 134 21 folkskolans
369 1169 88 26 lokaler,
477 1169 73 20 hvilka
569 1169 69 20 blifvit
659 1169 34 20 för
713 1169 124 20 ändamålet
856 1168 108 27 iordning-

211 1203 78 21 stälda.
319 1203 41 21 Väl
375 1203 56 21 hade
446 1203 166 27 ursprungligen
628 1203 145 21 föreskrifvits
789 1205 38 25 att,
842 1203 3 21 i
857 1203 107 21 anseende

210 1237 34 21 till
260 1237 139 26 svärigheten
416 1240 32 18 att
464 1238 7 20 i
486 1238 90 26 behörig
591 1238 32 21 tid
638 1238 97 21 anskaffa
752 1238 25 21 de
788 1238 33 20 för
829 1237 134 21 seminariets

209 1272 76 20 vidare
307 1272 125 26 utveckling
454 1272 106 27 behöfliga
583 1272 89 27 lokaler,
695 1273 72 26 någon
789 1278 28 21 ny
839 1272 59 20 klass
917 1272 46 20 icke

210 1306 70 21 skulle
303 1306 36 21 vid
361 1306 76 27 början
461 1306 22 21 af
503 1306 95 21 läseäret
618 1307 140 21 1881—1882
777 1308 119 25 uppsättas,
912 1308 51 18 utan

210 1341 78 21 endast
303 1341 27 21 de
347 1340 122 22 dävarande
480 1340 68 22 första
558 1340 113 22 klasserna
681 1340 37 21 vid
728 1341 106 20 hvardera
845 1340 118 21 seminarii-

208 1374 140 28 afdelningen
365 1376 70 20 säsom
451 1375 68 21 andra
534 1375 84 21 klasser
632 1375 70 21 under
718 1375 93 21 nämnda
823 1375 72 21 läseär
905 1374 57 22 bibe-

208 1408 79 22 hållas:
304 1416 49 14 men
369 1410 28 26 pä
413 1409 36 21 det
465 1411 32 19 att
513 1409 124 21 seminariet
653 1409 71 21 skulle
739 1409 73 21 kunna
827 1409 92 21 normalt
929 1412 33 18 ut-

207 1443 76 21 veckla
306 1444 33 26 sig
362 1444 40 20 och
425 1450 42 20 nya
485 1444 85 21 klasser
585 1444 36 20 vid
637 1444 60 21 såväl
713 1444 97 26 änsagda
826 1450 45 14 som
887 1444 82 27 derpä--
