1011 1673
381 123 38 22 N:o
434 123 36 23 36.
748 125 27 20 45

47 190 36 22 må
103 189 71 22 dertill
196 190 17 27 ej
235 192 60 19 utses
311 196 70 15 annan
398 192 27 19 än
441 190 49 26 den,
506 190 87 21 hvilken
608 190 36 21 vid
659 190 83 22 landets
758 189 46 21 uni-

47 225 90 22 versitet
153 224 66 27 aflagt
234 224 67 22 sådan
317 230 95 20 examen,
430 230 53 21 som,
499 224 34 22 för
547 226 34 20 att
600 225 2 21 i
619 224 185 23 domareembeten

48 259 22 22 få
89 259 87 28 nyttjas,
195 258 69 22 finnes
284 258 148 28 föreskrifven,
454 260 57 20 samt
527 258 94 22 derefter
636 259 7 21 i
657 260 66 27 något
737 260 67 20 rätte-

49 294 120 27 gångsverk
184 294 57 27 gjort
256 293 32 27 sig
303 294 57 20 känd
375 293 33 22 för
424 294 132 26 skicklighet
571 294 41 21 och
627 294 177 25 välförhållande;

49 328 41 22 och
106 328 55 22 skall
176 327 166 26 befälhafvaren,
358 330 40 19 när
413 327 203 28 tjenstförrättande
631 328 85 22 auditör
731 328 23 21 af
767 328 38 21 ho-

49 369 50 15 nom
113 362 151 26 tillförordnas,
284 362 78 22 sådant
373 362 69 27 jemte
458 362 66 26 tiden,
542 362 28 22 då
584 362 153 22 förordnandet
752 368 53 21 upp-

49 397 46 27 hör,
110 397 41 22 hos
166 392 247 32 Öfverkrigsdomstolen
429 397 92 21 anmäla.

387 461 13 25 $
418 462 48 19 150.

119 496 251 31 Öfverkrigsdomstolen,
392 507 47 15 som
459 501 40 21 har
517 501 40 21 sitt
576 503 47 19 säte
643 501 6 20 i
664 500 140 27 Helsingfors,

51 537 86 26 utgöres
159 535 23 22 af
199 535 159 22 befälhafvaren
377 535 34 22 för
430 535 72 22 finska
519 535 114 26 militären,
649 536 71 21 såsom
735 534 70 23 ordfö-

50 570 73 27 rande,
147 571 57 21 samt
225 570 37 21 två
282 569 174 22 stabsofficerare
476 570 40 22 och
537 576 25 15 en
581 571 86 26 kapten,
684 570 72 21 hvilka
770 569 36 22 vid

49 605 74 27 hvarje
144 605 103 21 särskildt
266 604 83 22 tillfälle
367 604 23 21 af
408 605 230 26 Generalguvernören
657 605 97 26 inkallas,
775 603 31 22 äf-

50 646 87 16 vensom
153 639 23 22 af
190 646 25 15 en
231 639 150 26 öfverauditör,
399 639 74 22 såsom
488 639 126 22 ledamöter.

119 670 177 26 Öfverauditören
315 676 113 19 utnämnes
448 674 24 21 af
489 674 106 27 Kejsaren
611 674 39 21 och
667 673 138 26 Storfursten,

50 709 28 27 på
93 708 157 27 framställning
265 708 22 21 af
300 708 106 22 Senatens
422 709 247 26 Justitiedepartement.

120 743 40 21 Vid
180 743 128 21 inträffande
328 743 70 21 förfall
418 743 54 22 eller
487 743 33 28 jäf
537 743 34 22 för
586 743 147 26 ordföranden,
749 742 57 22 föres

51 777 62 22 ordet
127 777 8 22 i
151 773 244 31 Öfverkrigsdomstolen
412 777 23 22 af
450 778 41 21 den
503 778 70 21 äldste
584 777 170 26 stabsofficeren;
766 777 40 21 och

50 811 90 22 inkallas
155 812 8 21 i
178 812 26 21 så
218 811 43 27 fall,
277 811 109 22 äfvensom
403 813 6 20 i
425 813 106 21 händelse
547 812 22 21 af
580 812 34 28 jäf
628 813 51 21 eller
694 811 69 22 förfall
774 811 32 22 för

51 847 69 26 någon
137 846 22 22 af
174 847 153 26 ledamöterna,
346 847 127 27 ytterligare
490 854 25 15 en
531 848 80 26 kapten
626 847 32 21 till
674 846 131 22 domstolens

51 880 65 23 femte
131 881 101 22 ledamot.

389 911 13 26 8
420 912 48 20 151.

119 950 42 21 Vid
180 950 130 27 behandling
330 950 21 22 af
369 951 42 21 mäl
428 952 92 20 rörande
537 951 158 27 sjökrigstjenst
711 950 61 22 skola
786 949 22 22 af

51 984 226 22 militärledamöterna
292 985 7 21 i
314 985 105 27 krigsrätt
432 988 59 19 samt
501 986 6 20 i
519 981 244 31 Öfverkrigsdomstolen
774 984 33 21 ät-

51 1019 106 22 minstone
173 1026 27 15 en
215 1020 85 21 tillhöra
316 1020 113 27 sjöstaten.

390 1084 12 26 8
421 1085 48 20 152.

121 1122 133 22 Ordförande
278 1123 39 22 och
340 1123 97 22 ledamot
457 1124 7 20 i
484 1124 109 27 Krigsrätt
616 1124 39 21 och
674 1119 134 30 Öfverkrigs-

52 1157 93 21 domstol
160 1157 62 27 skall,
238 1158 63 21 innan
317 1158 41 21 han
373 1158 188 22 domareembetet
576 1158 112 26 tillträder,
703 1158 7 20 i
725 1158 36 26 lag
776 1156 32 22 fö-

51 1191 118 22 reskrifven
186 1192 114 22 domareed
316 1192 89 27 aflägga.

379 1291 26 19 17
421 1292 64 23 Kap.

53 1339 38 22 Om
106 1339 27 23 de
149 1339 50 29 mål,
216 1345 45 17 som
276 1340 36 22 till
326 1340 163 28 krigsdomstol
504 1341 64 27 höra;
585 1340 24 23 sä
624 1342 41 21 ock
681 1347 33 15 om
725 1340 27 22 de
763 1340 45 22 sär-

197 1374 75 22 skilda
286 1375 229 29 krigsdomstolarnes
530 1376 137 28 behörighet.

390 1428 14 26 8
423 1430 48 19 153.

121 1466 40 21 Till
176 1466 153 28 krigsdomstol
343 1468 54 21 höra
413 1468 94 28 följande
523 1468 52 22 mål:
