1050 1686
326 129 25 22 U.
366 129 24 22 B.
406 142 28 3 —
449 130 67 29 Prop.
531 131 39 22 N:o
585 131 33 22 39.
812 135 12 19 7

91 192 25 22 af
128 192 130 28 regeringen
274 194 55 21 efter
344 195 214 28 omständigheterna
576 197 111 22 anordnad
701 198 29 27 pä
748 198 37 22 det
799 199 51 27 sätt,

89 233 45 15 som
149 228 50 22 bäst
213 228 73 22 kunde
300 228 49 22 föra
371 229 34 22 till
419 230 73 22 mälet.
522 231 45 22 Det
581 238 51 16 vore
652 234 53 20 utan
727 232 78 24 tvifvel
820 234 32 21 ett

90 262 119 27 missgrepp
225 269 33 15 om
274 263 75 27 dylika
364 264 188 29 undersökningar
562 266 57 28 finge
630 273 26 15 en
668 267 69 22 sådan
747 268 105 22 karakter

90 297 34 20 att
139 296 26 22 de
181 297 39 22 hos
234 297 156 29 befolkningen
405 299 13 22 &
433 299 15 22 f.
460 299 20 22 d.
497 300 197 29 donationsgodsen
709 301 142 23 framkallade

90 330 170 29 förhoppningar
275 339 33 15 om
323 333 130 30 eftergifter,
469 335 76 22 hvilka
560 336 67 22 sedan
642 336 49 23 icke
700 337 72 22 kunde
783 337 69 23 blifva

90 365 172 24 tillfredsstälda.

158 401 39 22 Uti
213 401 37 22 det
264 408 77 16 senare
356 402 25 22 af
394 402 65 23 ofvan
473 403 77 29 intaga
565 405 212 27 petitionsmemoria!
787 406 63 23 fram-

88 435 74 28 hälles,
178 437 34 20 att
227 436 223 23 donationsbönderne
464 445 78 21 genom
557 439 141 28 afskiljandet
716 440 25 23 af
752 440 96 29 hofläger

90 470 39 21 och
143 470 151 29 kronoskogar
308 472 90 22 kommit
408 474 34 20 att
452 473 45 22 lida
507 473 56 23 brist
572 475 30 27 pä
612 476 117 27 ängsmark
739 476 39 22 och
788 477 62 27 skog.

88 504 62 23 Huru
164 505 105 28 befogadt
285 506 62 22 detta
360 507 35 22 mä
406 514 60 22 vara,
482 509 84 22 tilläter
581 509 34 28 sig
625 510 115 23 Utskottet
754 511 48 22 icke
816 512 34 21 att

88 539 96 22 bedöma.
214 540 12 22 I
240 543 86 20 senaste
341 543 100 21 ständers
456 544 178 22 svarsskrifvelse
649 546 29 26 pä
692 545 62 23 Hans
763 546 87 28 Kejser-

87 573 46 28 liga
147 574 115 28 Majestäts
284 576 83 28 nådiga
388 577 134 27 proposition
537 585 33 15 om
585 578 83 23 inlösen
683 580 25 22 af
728 580 122 22 donations-

88 608 81 28 godsen
184 610 110 22 uttalades
309 610 43 23 den
366 611 65 28 äsigt,
453 614 34 20 att
502 613 94 23 äboarne
616 620 76 22 genom
707 614 142 29 afskiljandet

89 643 25 22 af
126 644 42 22 den
183 644 143 29 öfverflödiga
341 646 82 28 skogen
439 647 34 22 till
487 648 153 29 kronoparker,
656 649 34 22 för
705 650 75 22 hvilka
795 650 53 22 löse-

87 684 97 16 summan
199 679 84 23 erlades
298 680 26 22 af
336 682 140 28 statsverket,
492 682 105 23 bereddes
612 684 85 22 lättnad
711 684 38 23 vid
759 684 90 28 inköpet

88 713 24 21 af
131 713 63 23 deras
215 714 133 28 lägenheter.
378 716 62 22 Dock
454 718 25 20 är
495 717 37 22 det
551 718 25 28 ju
590 718 90 28 möjligt,
704 720 34 21 att
759 719 92 29 misstag

86 747 38 23 vid
139 748 143 28 utbrytandet
303 750 26 21 af
340 750 98 28 hofläger
460 752 52 22 eller
533 752 147 28 kronoparker
701 754 73 28 nägon
788 754 61 28 gäng

87 784 38 26 egt
139 789 47 16 rum
201 784 39 22 och
264 784 94 23 äboarne
381 785 124 29 derigenom
527 787 139 23 förfördelats
680 788 8 22 i
703 788 48 22 sina
765 788 84 28 egoför-

87 823 79 16 moner.
191 818 71 22 Bland
279 819 68 22 andra
362 819 75 28 frägor
451 827 51 16 vore
519 822 61 22 detta
589 822 135 23 förhällande
734 823 64 23 värdt
813 825 34 20 att

86 852 95 22 utredas.

155 887 73 22 Skulle
244 887 158 24 ofvanberörda
416 890 188 29 undersökningar
626 891 60 28 gifva
700 892 38 23 vid
759 892 86 22 handen

86 922 39 27 att,
142 927 32 16 om
190 922 40 22 ock
244 922 56 22 blott
315 923 29 27 pä
358 923 60 23 vissa
432 926 64 27 orter,
512 925 86 22 lättnad
608 926 8 21 i
625 926 221 29 betalningsskyldig-

86 955 64 22 heten
164 956 67 22 borde
246 957 95 22 äboarne
356 958 87 29 lemnas,
466 960 26 21 sä
506 959 51 28 läge
580 960 36 22 det
639 961 68 28 enligt
721 961 125 23 Utskottets

85 991 67 21 tanke
166 993 96 20 närmast
277 992 34 22 till
325 993 69 22 hands
410 995 34 20 att
459 994 77 23 dervid
551 995 81 22 beakta
646 995 97 28 följande
753 998 93 21 omstän-

86 1024 105 29 digheter.

153 1060 35 22 Då
202 1060 85 23 kronan
297 1061 117 23 öfyerläter
424 1063 214 23 donationshemman
651 1065 35 22 till
696 1065 62 28 äbon,
769 1066 75 22 ställes

84 1094 34 22 för
132 1095 137 23 närvarande
283 1096 184 29 köpeskillingens
489 1098 117 23 betalande
622 1100 32 27 sä,
677 1101 34 21 att
726 1100 53 22 derä
794 1100 8 22 i
817 1102 26 21 39

84 1128 36 22 års
135 1129 33 22 tid
182 1130 57 22 skall
254 1130 102 29 erläggas
371 1132 39 26 6%/
425 1132 92 29 årligen,
533 1134 80 22 hvaraf
626 1134 13 22 å
655 1134 94 28 oguldna
758 1135 86 28 kapita-

83 1163 31 22 let
136 1164 107 22 beräknas
264 1165 38 26 5%
323 1167 65 20 ränta
410 1167 39 21 och
471 1168 126 21 äterstoden
618 1170 65 26 utgör
705 1170 138 27 amortering.

82 1197 51 22 Men
148 1198 49 22 med
212 1199 72 22 denna
306 1200 100 23 annuitet
426 1201 43 22 blir
483 1202 154 28 köpesumman
651 1203 8 22 i
674 1203 79 28 sjelfva
767 1204 77 23 verket

83 1233 33 21 till
130 1233 52 22 fullo
197 1233 122 28 ligviderad
333 1235 29 28 pä
378 1237 54 26 36%,
450 1237 31 21 år.
506 1237 84 28 Hvarje
600 1238 84 28 landbo,
699 1245 45 16 som
759 1239 85 22 ordent-

82 1267 58 28 ligen
155 1268 79 28 fullgör
249 1269 174 29 betalningarna,
442 1271 97 22 kommer
556 1272 91 23 sälunda
662 1274 34 21 att
709 1273 74 22 betala
798 1279 46 16 mer

82 1304 28 20 än
131 1303 95 22 kronans
248 1303 89 24 fordran
359 1305 34 22 för
414 1306 182 29 köpeskillingen.
625 1308 67 22 Detta
715 1307 126 28 öfverskott,

81 1337 39 22 och
134 1338 109 22 måhända
257 1345 46 16 mer
317 1342 28 20 än
361 1340 67 28 detta,
451 1341 45 22 kan
510 1341 129 29 visserligen
654 1343 54 28 ätgä
722 1343 35 22 till
771 1343 72 22 betäc-

80 1371 72 23 kande
167 1373 25 22 af
212 1373 132 23 förlusterna
365 1375 29 28 pä
410 1375 27 22 de
456 1376 133 29 lägenheter,
612 1377 84 23 hvilkas
719 1377 123 22 annuiteter

80 1405 48 22 icke
142 1406 34 22 till
191 1407 52 23 fullo
258 1408 83 28 inflyta.
364 1410 51 22 Men
424 1410 75 28 någon
509 1411 121 23 solidaritet
639 1412 79 22 mellan
728 1412 27 22 de
769 1412 72 22 skilda

79 1440 109 28 köparene
210 1444 24 20 är
256 1443 56 23 dock
333 1445 88 27 strängt
442 1446 64 27 taget
528 1446 48 22 icke
590 1446 26 22 af
628 1446 214 28 omständigheterna

102 1480 150 22 Statsutskottets
265 1484 117 19 betänkande
394 1486 36 16 N:o
443 1486 15 16 4.
