1025 1673
217 152 28 20 44
521 153 37 21 N:o
573 151 35 25 38.

188 219 127 27 bibehållas,
336 220 67 27 jemte
426 222 36 21 det
481 222 112 21 enahanda
611 222 85 21 förmån
715 222 141 21 tillerkännes
876 222 70 20 lånsö-

188 254 71 20 kande
274 254 6 21 i
297 254 102 23 Finlands
419 256 60 22 Bank
499 257 39 21 och
558 257 104 21 Finlands
683 257 141 21 Statskontor
840 259 55 19 samt
911 262 36 15 an-

189 288 39 21 dra
243 288 109 22 allmänna
367 290 82 27 kassor,
467 292 27 20 då
509 292 36 20 det
561 292 42 24 lån,
621 292 67 20 hvarå
703 291 124 21 skuldsedel
837 292 66 26 jemte
915 291 31 21 in-

189 322 101 28 teckning
307 324 71 21 blifvit
392 326 132 26 meddelade,
541 326 124 21 sedermera
681 326 23 20 af
718 332 25 14 en
761 326 52 20 eller
829 332 69 14 annan
910 332 36 14 an-

189 357 88 27 ledning
293 359 65 21 likväl
378 360 47 20 icke
444 360 103 26 beviljas;
568 360 95 21 börande
680 360 55 21 dock
751 360 144 20 förhållandet
911 360 36 20 vid

189 392 74 26 hvarje
279 393 85 21 tillfälle
380 400 50 14 vara
446 394 116 27 bekörigen
579 395 100 26 bestyrkt
695 396 57 19 samt
766 395 91 20 ärendet
868 394 31 21 till
912 400 35 16 ve-

190 426 135 22 derbörande
341 428 125 22 Guvernörs
482 428 117 27 afgörande
615 429 149 21 öfverlemnas.

537 515 11 28 8
564 516 33 20 41.

264 566 175 22 Landskontoret
455 567 6 20 i
477 567 72 26 hvarje
566 567 33 21 län
617 573 50 21 eger
684 573 33 14 om
734 566 95 21 kronans
849 568 44 19 rätt
908 566 39 21 och

192 600 63 20 bästa
278 600 129 22 härutinnan
431 602 63 20 hafva
517 608 110 20 noggrann
651 602 39 20 och
710 601 153 27 uppmärksam
884 601 62 26 vård;

190 634 38 20 och
245 634 82 27 åligger
343 635 101 21 kontoret
459 636 56 26 förty
532 638 32 18 att
580 636 47 20 föra
643 636 108 25 ordentlig
762 635 185 27 anteckningsbok

190 668 18 26 ej
225 669 84 21 mindre
324 670 47 20 med
388 670 176 21 Landtränteriet
581 670 59 20 öfver
656 670 39 20 der
712 669 108 27 befintligt
831 670 117 26 stämpladt

189 710 82 20 papper
287 703 40 21 och
344 704 186 27 stämpelmärken,
552 707 26 18 än
599 704 48 21 med
668 704 232 26 försäljningsmännen
916 704 32 20 öf-

189 744 38 14 ver
243 738 55 20 hvad
321 738 26 21 de
373 739 32 20 till
425 739 126 26 försäljning
572 739 66 21 utfått
657 739 39 21 och
717 738 49 21 med
782 738 54 25 dem,
853 745 44 14 som
914 739 33 20 så-

190 772 56 21 dana
269 772 28 27 på
316 772 72 22 kredit
406 774 92 24 erhållit,
519 776 56 18 samt
594 774 55 20 hvad
666 773 24 21 af
704 773 46 21 dem
767 773 7 20 i
791 773 110 25 betalning
916 773 32 20 in-

189 806 66 26 flutit,
279 808 71 20 såsom
374 808 39 20 ock
437 810 33 19 att
488 810 108 24 emottaga
616 808 39 20 och
671 808 88 20 förvara
775 808 172 20 vederbörandes

191 840 119 23 aflemnade
327 843 168 26 borgesskrifter
511 843 39 20 och
566 843 154 25 förbindelser;
737 842 39 21 och
793 842 54 20 skall
867 842 81 21 Lands-

190 876 138 21 kamreraren
344 883 92 15 ansvara
457 878 33 20 för
509 878 40 21 den
566 877 79 21 förlust
661 877 82 21 kronan
761 877 41 20 kan
819 877 129 26 tillskyndas

191 911 122 26 derigenom
331 914 32 18 att
379 912 48 25 han,
444 913 5 20 i
467 913 102 20 händelse
579 912 23 21 af
611 911 177 22 vederbörandes
799 911 149 20 försummelse

190 947 33 18 att
239 945 111 27 betalning
369 947 7 20 i
395 947 89 26 behörig
503 947 32 20 tid
554 947 125 24 inleverera,
701 946 136 25 inventering
857 945 92 21 anställa

190 979 53 21 eller
259 981 138 26 redovisning
420 981 86 26 atgifva,
525 981 47 21 icke
593 982 76 25 genast
690 980 123 25 skriftligen
830 979 118 21 handräck-

190 1014 51 26 ning
265 1015 38 20 hos
327 1015 166 27 Länestyrelsen
513 1015 55 25 sökt,
589 1015 53 20 eller
663 1021 36 14 om
715 1015 41 20 han
772 1014 118 21 anförtrott
906 1013 42 21 för-

191 1048 154 27 säljningsman
362 1052 70 18 större
449 1050 76 26 belopp
546 1052 33 23 än,
601 1049 67 26 enligt
685 1049 54 20 hvad
757 1048 39 21 här
812 1048 62 20 ofvan
891 1048 57 20 stad-

190 1083 53 25 gadt
259 1085 30 23 är,
306 1083 32 21 till
359 1084 69 20 denne
450 1084 49 20 bort
518 1084 112 20 utlemnas.
660 1084 11 20 I
692 1083 66 25 öfrigt
778 1082 39 21 och
831 1082 66 26 jemte
913 1082 36 21 det

192 1116 176 22 Landskontoret
384 1124 50 20 eger
451 1118 64 21 ställa
529 1119 33 25 sig
578 1118 32 20 till
627 1117 148 21 efterrättelse
791 1117 56 20 hvad
862 1116 86 21 författ-

190 1152 105 26 ningarne
311 1152 95 27 påbjuda
426 1159 34 14 om
479 1152 164 26 halfårsförslag
663 1153 57 19 samt
736 1151 166 26 årsräkningars
917 1150 32 22 af-

190 1185 107 27 gifvande,
314 1186 82 27 åligger
412 1187 210 21 Landskamreraren
639 1186 49 21 föra
707 1186 141 20 förenämnda
863 1185 86 21 anteck-

189 1220 108 26 ningsbok
323 1223 55 19 samt
401 1224 102 24 upprätta
525 1222 43 20 alla
588 1221 123 26 räkningar,
731 1220 107 26 förslager
859 1220 38 20 och
913 1226 37 14 an-

190 1255 119 27 ordningar
325 1256 48 20 med
389 1262 59 15 mera
463 1256 59 21 öfver
537 1256 7 20 i
561 1255 177 21 Landtränteriet
754 1254 109 26 befintligt
878 1254 72 21 karta-

190 1289 79 21 förråd.
302 1290 45 21 Och
370 1290 41 26 må,
436 1291 27 20 då
486 1290 77 21 sådant
581 1290 40 21 allt
641 1290 73 21 blifvit
728 1289 157 25 vederbörigen
901 1288 48 21 full-

190 1324 73 26 gjordt
279 1327 56 18 samt
351 1324 94 22 kronans
461 1327 44 19 rätt
524 1325 116 26 behörigen
661 1324 98 21 bevakad
776 1323 39 21 och
831 1323 118 27 iakttagen,

191 1358 6 20 i
213 1358 188 22 Landskontorets
418 1359 131 27 årsräkning
568 1360 22 20 få
605 1359 80 21 afföras
701 1358 37 20 två
753 1359 90 25 procent
859 1357 22 21 af
895 1357 56 21 hvad

191 1392 57 21 inom
265 1393 48 21 året
328 1394 34 20 för
381 1394 190 26 kartaförsäljning
591 1392 82 22 influtit
692 1392 39 21 och
752 1392 83 20 kronan
850 1391 101 27 tillgodo-

193 1426 97 28 kommit,
307 1428 39 20 och
362 1428 87 21 hvilken
465 1430 89 25 procent
569 1428 97 21 tillfaller
682 1426 213 22 Landskamreraren
911 1426 40 22 och

193 1460 231 23 Landträntmästaren
442 1462 32 21 till
490 1462 81 22 hälften
587 1462 113 21 hvardera.
