1034 1673
419 129 34 21 N:o
469 129 36 22 38.
790 129 13 20 5

79 198 85 25 värden,
181 197 115 26 nämligen:
316 197 13 20 å
346 197 106 26 tjugufem
472 197 39 21 och
532 197 73 22 femtio
627 198 63 26 penni
707 199 56 20 samt
777 197 13 21 å
805 203 26 15 en

81 232 67 24 mark,
172 238 25 15 en
214 231 59 21 mark
298 231 74 21 femtio
392 232 71 25 penni,
484 233 43 22 två,
543 234 39 23 tre,
599 231 52 27 fyra,
668 232 48 26 fem,
733 238 42 17 sex,
791 232 40 26 sju,

79 266 51 26 åtta,
154 267 36 25 tio,
214 267 86 24 femton,
324 266 68 27 tjugu,
413 266 112 27 tjugufem,
545 267 82 25 trettio,
645 266 85 27 fyratio,
751 266 80 24 femtio,

80 301 74 25 sextio,
178 301 84 26 åttatio,
286 301 121 25 etthundra,
432 301 199 25 etthundrafemtio,
650 301 122 21 tvåhundra
792 301 39 21 och

80 335 126 21 femhundra
221 335 68 21 mark.

151 364 19 26 Å
186 370 110 21 enahanda
315 370 83 20 valörer
419 371 55 19 samt
497 370 110 20 dessutom
628 369 12 21 å
659 370 37 24 tio,
715 370 62 26 tjugu
792 369 39 21 och

80 403 77 26 fyratio
181 405 75 26 pennis
279 405 78 20 värden
377 404 62 21 skola
458 404 180 27 stämpelmärken
659 405 102 26 derjemte
779 410 52 15 vara

81 439 88 20 allmänt
184 439 140 26 tillgängliga.

434 473 10 28 $
461 475 18 19 3.

152 514 30 20 På
197 514 73 26 hvarje
286 514 37 20 ark
340 514 118 26 stämpladt
472 520 83 20 papper
570 513 115 26 anbringas
701 514 12 20 å
729 514 48 20 dess
788 513 43 20 för-

82 549 33 20 sta
131 549 49 25 sida;
195 555 25 14 en
236 549 71 26 tryckt
326 549 98 26 stämpel,
442 549 60 20 hvari
523 548 68 21 finnes
611 548 27 26 på
653 550 32 18 ett
699 548 79 27 tydligt
793 547 38 21 och

82 582 40 21 lätt
138 583 6 20 i
161 585 80 24 ögonen
258 583 93 20 fallande
372 585 43 18 sätt
434 584 70 19 utsatt
524 583 86 20 valören
627 583 47 20 med
691 582 70 21 siffror
777 583 55 19 samt

82 617 77 20 svensk
175 617 38 20 och
229 617 55 20 finsk
300 619 50 18 text.
382 617 116 21 Dessutom
515 617 70 20 förses
601 617 76 26 hvarje
692 617 38 20 ark
742 616 12 21 å
764 616 69 21 första

82 652 60 20 sidan
152 652 48 20 med
210 651 192 27 kontrollstämpel,
418 651 85 21 hvilken
513 651 79 27 jemväl
603 651 115 26 anbringas
730 651 12 20 ä
752 650 79 24 vexlar,

82 685 122 22 fullmakter
220 686 38 21 och
274 687 66 19 andra
356 686 134 25 handlingar,
507 692 46 14 som
569 686 27 26 pä
615 685 216 26 Kartasigillatakon-

81 721 57 20 toret
154 721 94 25 undergä
264 721 121 26 stämpling.
415 720 50 21 Med
477 720 112 21 enahanda
600 720 90 26 stämpel
701 719 68 21 förses
778 719 53 27 jem-

82 756 34 19 väl
132 755 198 27 stämpelmärkena.

397 830 19 22 2?
433 830 84 27 Kap.

112 893 105 28 Angående
233 894 93 27 beloppet
342 894 19 21 af
377 894 34 21 det
427 894 116 26 stämplade
559 899 82 22 papper,
656 899 43 16 som
717 894 4 21 i
737 893 69 26 hvarje

344 929 34 20 fall
394 929 51 20 skall
462 929 111 26 begagnas.

436 986 11 27 8
464 987 19 19 4.

154 1026 93 21 Landets
267 1026 123 25 domstolar,
410 1026 137 21 embetsverk
567 1026 38 21 och
625 1025 152 27 myndigheter,
797 1024 36 21 vid

82 1060 72 21 hvilka
177 1061 172 26 stämpelpapper
376 1060 53 21 skall
450 1061 117 25 begagnas,
588 1060 100 21 hänföras
706 1060 6 20 i
729 1060 59 20 detta
803 1058 30 21 af-

83 1095 77 21 seende
176 1095 32 21 till
225 1095 47 26 fyra
287 1095 107 20 särskilda
409 1095 142 26 afdelningar,
567 1095 116 25 nämligen:

153 1129 80 21 Första
256 1129 150 28 afdelningen:
430 1129 94 21 Senaten
549 1130 38 20 och
605 1130 49 20 dess
673 1129 159 26 Expeditioner,

82 1163 320 22 Minister-Statssekreteraren
418 1164 39 21 och
472 1164 61 21 Hans
544 1164 103 26 Majestät
657 1164 115 27 Kejsarens
783 1163 51 20 kan-

83 1198 26 21 sli
125 1198 124 21 förFinland
268 1201 56 18 samt
343 1199 40 20 den
403 1199 35 20 vid
455 1198 214 21 Statssekretariatet
684 1199 91 20 tillsatta
790 1197 43 21 Ko-

83 1232 50 22 mité
149 1233 33 20 för
198 1233 69 21 finska
282 1233 99 21 ärenden.

154 1267 78 21 Andra
254 1267 151 28 afdelningen:
436 1267 120 26 Hofrätter,
580 1263 253 30 Öfverkrigsdomstolen,

83 1301 226 27 Generalguvernören
334 1302 58 21 öfver
410 1303 92 20 Finland
523 1302 39 21 och
581 1302 49 21 dess
650 1301 75 26 kansli,
743 1300 91 21 Alexan-

83 1337 225 20 ders-Universitetets
325 1337 92 21 Kansler
434 1338 38 20 och
488 1337 147 24 Vicekansler,
647 1336 188 21 Prokuratorsem-

83 1371 59 21 betet
157 1372 7 20 i
180 1371 91 21 Senaten
288 1374 55 18 samt
359 1372 132 21 Ständernas
507 1371 196 26 Bankfullmäktige

157 1405 77 27 Tredje
256 1405 151 28 afdelningen:
432 1406 192 26 Länestyrelserna
647 1407 55 19 samt
727 1404 108 21 ordinarie

82 1439 40 21 och
139 1440 44 21 vice
199 1440 208 21 Landssekreterare
423 1440 39 21 och
478 1440 203 25 Landskamrerare,
693 1438 69 22 finska
773 1438 63 22 Pass-
