1011 1670
230 128 26 21 12
459 127 23 23 U.
498 127 22 23 B.
536 139 30 6 —
582 127 61 28 Prop.
660 127 34 22 N:o
711 126 38 23 35.

493 430 167 27 Reservation.

271 494 32 21 Då
315 494 35 22 det
360 494 134 22 kommunala
505 494 58 21 lifvet
574 494 6 21 i
590 495 48 20 vårt
650 494 56 26 land,
717 493 139 28 synnerligast
871 493 7 22 i
888 493 70 24 lands-

200 529 159 26 kommunerna,
382 531 56 19 ännu
458 531 24 19 är
504 535 45 15 mer
566 529 52 21 eller
632 528 82 22 mindre
729 527 141 27 outveckladt,
889 531 24 19 är
928 529 30 22 in-

200 565 78 20 tresset
293 563 32 22 för
340 563 126 27 deltagande
481 563 7 22 i
503 563 105 22 allmänna
623 563 103 22 ärendens
741 562 128 28 behandling
883 563 76 22 ätmin-

201 598 86 21 stoneä
302 597 55 22 vissa
372 599 64 26 orter,
451 598 80 27 ganska
545 597 67 28 ringa,
628 597 145 27 väsendtligen
788 597 32 21 till
831 597 50 28 följd
892 597 66 28 deraf,

201 633 32 20 att
255 632 54 21 intet
331 633 64 26 tvång
410 632 32 21 till
457 632 60 22 dessa
532 632 87 27 pligters
634 631 132 27 fullgörande
783 633 23 20 är
821 630 32 23 för
868 631 89 23 handen.

200 665 31 22 På
247 666 69 27 grund
331 666 62 22 häraf
409 666 63 28 hyser
484 667 36 27 jag
536 666 99 27 farhågor
650 666 7 21 i
673 666 36 21 det
723 665 106 27 afseende,
841 667 31 20 att
880 666 79 27 jemväl

200 700 140 22 kommunens
363 700 111 28 vigtigaste
499 701 184 27 angelägenheter,
706 700 76 22 liksom
807 700 83 22 härtills
904 700 55 22 varit

200 734 67 27 fallet,
287 734 62 23 äfven
368 735 112 22 framdeles
495 735 85 22 komma
595 737 32 20 att
642 734 131 22 handhafvas
789 734 103 22 värdslöst
907 734 53 23 eller

201 769 39 21 ock
257 769 45 22 helt
317 769 39 22 och
371 769 67 22 hället
452 769 130 22 försummas.

272 803 45 22 Och
333 804 27 21 dä
375 810 26 15 en
416 804 58 27 hvar,
491 810 44 16 som
551 810 49 21 eger
615 805 71 26 nägon
701 803 120 22 kännedom
837 809 33 15 om
880 803 78 22 förhäl-

200 837 93 22 landena
307 838 12 21 å
334 838 130 27 landsorten,
476 838 79 28 jemvä!
570 838 103 27 klarligen
691 837 62 27 inser,
769 836 79 22 hvilket
863 838 94 26 magtpä-

199 871 100 27 liggande
313 872 47 22 värf
372 872 116 28 taxerings-
503 872 39 22 och
557 872 225 28 pröfningsnämderna
797 870 80 28 äligger
887 871 39 22 och
936 872 24 22 af

199 905 57 22 huru
270 908 46 20 stor
331 906 44 28 vigt
390 907 52 21 allas
457 909 89 19 närvaro
561 907 35 21 vid
613 907 72 21 dessas
701 905 170 23 sammanträden
886 906 6 20 i
902 906 55 27 glest

199 939 115 23 befolkade
329 941 82 21 trakter
426 943 23 20 är
464 941 32 22 för
510 941 166 22 verkställandet
690 940 21 22 af
724 946 26 16 en
760 939 132 28 nägorlunda
898 940 59 27 jemn

175 994 3 2 .
199 974 99 28 taxering
314 975 39 21 och
368 975 27 22 dä
411 976 36 21 det
459 976 78 27 jemväl
552 978 24 20 är
591 982 26 16 en
632 976 58 22 känd
705 975 38 22 sak
759 976 32 20 att
805 974 69 28 hogen
884 976 33 20 att
927 975 31 21 in-

199 1007 59 23 finna
283 1008 32 28 sig
329 1010 13 21 &
358 1010 61 22 dessa
441 1010 170 22 sammanträden
626 1009 121 28 ingalunda
761 1011 24 20 är
800 1008 159 28 anmärknings-

200 1043 59 27 värd,
275 1044 61 21 torde
352 1044 36 22 det
403 1050 51 16 vara
468 1044 56 22 klart
540 1046 31 20 att
584 1044 133 22 beträffande
727 1043 186 23 landskommuner
922 1044 37 21 nä-

199 1083 38 21 gra
261 1077 159 29 bestämningar
435 1079 109 27 angäende
558 1079 62 21 böter
634 1078 34 22 för
683 1078 144 27 ofvanantydd
841 1077 118 27 försumlig-

199 1110 38 22 het
256 1111 67 22 borde
337 1112 7 21 i
360 1112 68 22 denna
450 1112 123 28 författning
590 1113 90 27 intagas,
696 1112 123 28 isynnerhet
834 1111 27 22 dä
876 1110 60 23 äfven
951 1111 8 22 i

199 1145 275 28 kommunalförfattningen
489 1147 32 22 för
536 1148 48 21 stad
599 1147 66 22 sädan
680 1146 135 27 bestämning
829 1145 33 22 för
876 1145 83 22 uteblif-

199 1179 69 22 vande
284 1179 46 22 från
346 1181 105 22 ännämda
466 1176 171 27 sammanträden
652 1181 77 26 ingått,
745 1180 67 22 ehuru
827 1179 89 22 hindren
926 1181 33 21 att

199 1212 81 23 infinna
295 1214 31 27 sig
347 1215 7 20 å
372 1215 137 22 merberörda
524 1215 171 22 sammanträden
711 1214 66 27 enligt
793 1213 43 22 min
845 1214 66 21 tanke
921 1216 37 20 äro

198 1247 7 21 i
220 1248 50 20 stad
285 1248 83 27 mycket
383 1249 82 21 mindre
480 1251 26 19 än
521 1249 8 21 i
543 1249 193 25 landskommuner,
753 1248 39 22 der
807 1247 43 22 ofta
865 1248 33 21 till
907 1247 52 28 följd

199 1280 23 22 af
235 1281 64 28 långa
314 1282 90 27 afstånd,
421 1282 26 22 de
461 1282 69 28 längst
545 1283 82 22 boende
642 1283 47 21 icke
704 1282 81 22 infinna
800 1282 37 27 sig,
851 1282 55 22 huru
916 1282 44 27 vig-

199 1314 32 28 tig
245 1316 129 28 förrättning
389 1319 27 19 än
431 1318 35 21 må
480 1317 108 27 föreligga.
610 1318 35 21 Då
660 1317 105 22 utskottet
780 1318 55 20 trots
846 1316 42 22 alla
898 1316 62 22 dessa

199 1350 183 28 omständigheter
403 1351 47 22 icke
472 1351 107 28 föreslagit
600 1352 72 27 någon
689 1350 142 28 bestämning,
850 1350 109 27 angående

198 1384 153 23 utevaroböter
366 1385 43 22 kan
421 1386 37 27 jag
472 1386 7 21 i
495 1386 58 22 detta
568 1385 99 23 afseende
682 1385 47 22 icke
742 1384 74 22 förena
826 1384 42 28 mig
878 1390 36 16 om
924 1384 36 22 det

198 1417 24 22 af
242 1418 107 23 utskottet
370 1420 76 27 gjorda
467 1420 107 28 förslaget,
597 1420 31 28 ity
648 1421 32 21 att
693 1420 37 27 jag
745 1425 62 16 anser
822 1425 26 15 en
862 1418 98 23 bötesbe-

198 1452 109 28 stämning
328 1460 51 16 vara
402 1454 22 22 af
442 1454 118 26 väsendtlig
574 1454 51 28 vigt,
641 1453 88 23 såframt
745 1452 121 23 ändamålet
880 1454 32 21 att
927 1452 33 23 för

273 1492 145 20 Bammansatta
430 1494 53 23 Lag-
496 1494 32 18 och
540 1494 192 18 Ekonomiutskottets
745 1493 118 17 betänkande
873 1498 32 13 n:o
918 1493 17 18 7.
