1009 1673
229 116 27 20 88
532 116 38 22 N:o
586 115 34 23 36.

549 182 11 28 S
577 184 33 20 83.

271 215 119 28 Klagomål,
414 216 72 22 hvilka
507 216 23 22 få
553 216 85 22 anföras
662 217 78 21 endast
758 217 36 21 vid
813 217 144 27 generalmön-

202 250 76 26 string,
296 250 52 22 böra
364 251 94 21 anmälas
475 252 35 21 vid
526 252 41 21 den
578 252 127 26 mönstring,
714 257 46 16 som
768 251 54 22 först
832 252 82 21 infaller
924 258 34 15 se-

202 284 41 21 dan
260 285 42 26 det,
318 285 112 23 hvaröfver
445 286 79 28 klagan
539 286 65 27 föres,
621 287 33 27 sig
669 286 111 28 tilldragit,
798 287 73 21 derest
885 286 73 27 klago-

201 319 67 21 målet
290 320 18 27 ej
333 321 66 27 angår
420 321 69 27 någon
514 321 22 21 af
556 321 175 21 mönsterherren
748 321 50 27 sjelf
812 322 98 26 vidtagen
926 321 33 21 åt-

201 354 61 27 gärd.
292 355 118 27 Klagomål,
434 362 46 16 som
502 356 49 22 icke
574 356 12 21 å
610 356 91 22 sålunda
723 358 72 19 utsatt
810 356 31 21 tid
857 356 101 26 anmäles,

202 389 56 22 skall
274 390 82 22 lemnas
371 392 52 19 utan
438 390 109 26 afseende,
564 391 73 21 derest
652 391 123 27 klaganden
791 391 35 21 vid
842 390 118 27 mönstring

202 424 116 22 framdeles
342 425 18 27 ej
377 425 65 27 gitter
457 426 48 21 med
522 426 75 26 giltiga
613 426 47 21 skäl
676 426 48 21 visa
738 427 34 20 att
786 426 42 21 han
844 426 47 21 icke
906 426 52 20 kun-

202 461 38 19 nat
255 460 33 20 sin
302 460 78 27 klagan
394 460 58 22 förut
468 460 78 22 anföra.

550 502 10 26 8
578 503 32 19 84.

272 535 45 21 Har
339 536 70 26 någon
427 536 35 21 vid
478 536 120 27 mönstring
612 536 48 22 icke
676 536 101 26 närvarit,
794 542 50 21 eger
859 535 41 21 han
916 536 44 20 rätt

204 572 32 19 att
251 570 57 21 inom
324 572 33 20 tre
372 570 102 22 månader
490 570 94 22 derefter
595 570 33 22 till
639 570 175 22 mönsterherren
823 570 55 22 stäld
887 570 72 26 klago-

204 604 62 22 skrift
281 605 98 21 inlemna.

552 634 11 28 $
580 636 32 20 85.

274 668 77 22 Officer
374 668 40 22 och
437 668 49 22 civil
510 669 137 27 tjensteman,
663 675 46 15 som
725 668 48 22 icke
788 668 40 22 hör
843 668 31 22 till
889 670 71 25 trupp,

204 705 53 19 utan
279 703 90 22 innehar
388 703 66 27 tjenst
470 704 34 20 vid
520 704 178 27 militärstyrelse,
714 703 34 22 för
763 703 85 21 hvilken
864 702 96 28 general-

206 738 120 27 mönstring
342 738 18 28 ej
378 740 23 20 är
416 737 147 27 föreskrifven,
578 739 43 21 kan
636 738 58 22 inom
710 740 33 20 tre
759 738 101 21 månader
870 737 46 22 från
925 737 37 22 det

205 772 115 27 anledning
336 772 32 22 till
384 773 78 27 klagan
478 773 106 27 uppstått,
600 773 40 21 hos
652 773 229 27 Generalguvernören
890 772 71 22 skrift-

204 807 58 27 ligen
285 807 73 22 anföra
380 808 107 26 klagomål
510 808 23 21 af
554 808 40 21 den
618 807 156 27 beskaffenhet,
799 813 46 15 som
864 807 8 21 i
887 813 75 15 senare

204 849 63 15 mom.
285 842 22 21 af
320 842 11 28 $
347 844 26 20 76
390 845 94 19 nämnes.

274 877 113 27 Klagomäl
402 877 23 22 af
438 877 104 22 skrifvare
556 877 34 22 fär
605 877 57 22 inom
679 883 83 15 samma
776 876 33 21 tid
824 876 83 22 anföras
922 876 40 21 hos

205 911 163 22 vederbörande
384 911 115 23 stabschef.

554 953 11 25 8
582 955 33 19 86.

273 994 41 21 Vid
334 993 72 28 hvarje
424 994 102 27 kompani
542 994 53 21 skall
612 993 69 22 finnas
698 999 27 15 en
740 993 43 22 bok
798 993 33 22 för
845 993 117 26 klagomäls

205 1028 123 26 införande;
352 1029 40 21 och
415 1029 81 26 åligger
518 1027 181 28 kompanichefen
722 1029 33 19 att
776 1028 8 20 i
805 1027 41 21 den
860 1027 68 21 införa
944 1027 18 27 ej

206 1062 93 22 allenast
314 1062 42 22 alla
372 1062 26 22 de
414 1063 114 27 klagomål,
544 1063 72 21 hvilka
632 1062 93 22 lemnats
736 1064 52 19 utan
800 1061 106 27 afseende,
915 1061 49 21 med

206 1097 130 27 anteckning
358 1103 34 15 om
412 1098 92 20 orsaken
520 1097 78 27 dertill,
615 1099 53 19 utan
684 1096 62 22 äfven
762 1096 40 21 den
818 1095 145 27 bestraffning,

206 1137 46 15 som
263 1132 71 26 någon
345 1132 76 26 ålagts,
433 1134 39 19 när
480 1132 53 22 hans
542 1132 108 26 klagomål
658 1130 110 23 befunnits
778 1130 68 22 sakna
854 1130 28 22 all
890 1130 73 28 grund.

262 1184 8 9 .
558 1178 11 28 $
586 1180 34 20 87.

276 1212 118 28 Klagomäl,
411 1219 46 15 som
474 1213 91 21 anmälts
580 1213 40 21 hos
636 1212 68 27 högre
714 1211 146 22 befälhafvare
870 1213 27 19 än
905 1211 60 21 kom-

206 1247 106 27 panichef,
336 1247 80 22 införes
439 1248 6 20 i
464 1248 41 21 den
521 1248 32 21 uti
572 1241 13 37 &
594 1249 26 19 86
636 1246 94 22 nämnda
745 1246 50 26 bok,
812 1245 66 22 sedan
892 1245 74 26 slutlig

208 1282 77 27 åtgärd
300 1282 8 21 i
323 1282 115 27 anledning
453 1282 23 22 af
488 1282 130 28 klagorälet
634 1281 110 27 vidtagits.

560 1328 10 28 g
587 1330 33 20 88.

277 1364 85 22 Böcker
384 1363 33 22 för
439 1364 119 27 klagomäls
580 1362 112 23 införande
710 1362 108 21 utlemnas
832 1360 32 22 till
879 1360 87 27 kompa-

208 1397 76 22 nierna
299 1398 23 22 af
334 1398 282 27 regimentskommendörer
632 1397 53 22 eller
700 1396 50 22 med
761 1396 48 21 dem
819 1394 102 22 likstälde
929 1394 37 22 be-

208 1431 118 23 fälhafvare
350 1434 56 20 samt
427 1432 54 22 böra
502 1439 52 15 vara
576 1431 102 23 försedda
693 1430 49 22 med
758 1430 63 22 deras
836 1428 131 23 underskrift

209 1466 40 22 och
266 1467 148 27 embetssigill.
