1017 1670
294 117 23 23 U.
333 117 22 23 B.
371 129 29 5 —
417 117 61 30 Prop.
495 118 37 22 N:o
548 118 39 22 34.
775 119 12 19 5

60 178 32 19 att
118 175 77 26 skatta,
221 176 87 26 uppstär
333 175 118 27 naturligen
476 181 26 16 en
525 175 103 21 orättvisa
649 177 46 19 mot
710 175 25 21 de
750 175 69 26 lägsta

61 209 179 27 samhällslagren,
267 209 84 22 hvilken
376 209 90 22 hämnar
490 209 31 27 sig
544 209 46 22 icke
615 209 56 21 blott
693 215 74 20 genom
783 209 38 21 det

61 244 104 27 missnöje,
183 244 35 21 det
233 244 52 21 knot
301 243 39 22 och
357 244 40 21 den
412 244 99 27 afvoghet
526 246 45 19 mot
586 244 26 21 de
622 243 139 28 förmögnare,
773 249 46 15 som

62 278 60 21 deraf
142 278 83 26 alstras,
246 280 50 19 utan
313 278 60 21 äfven
388 285 76 20 genom
480 279 26 21 de
522 278 219 27 oregelbundenheter
755 278 6 21 i
777 279 44 20 stä-

62 313 75 21 dernas
156 312 105 24 ekonomi,
286 319 44 14 som
348 312 65 22 vällas
428 312 22 22 af
464 313 131 26 svärigheter
610 315 31 18 att
656 312 89 21 indrifva
760 312 61 21 kom-

62 347 187 26 munalskatterna,
273 346 23 21 af
309 347 95 27 ständigt
418 347 94 21 vexande
528 347 132 27 restlängder
676 347 39 21 och
731 346 90 21 oberäk-

63 381 68 27 neliga
147 381 153 27 afkortningar,
324 393 23 4 —
364 383 32 19 att
410 381 46 22 icke
472 381 43 21 tala
530 387 35 15 om
582 381 34 21 det
631 381 133 27 upprörande
779 380 40 21 och

63 415 112 27 förhatliga
200 415 6 21 i
232 418 37 23 att,
285 415 32 21 för
333 415 72 27 lagens
420 415 125 21 efterlefnad
561 416 39 20 och
616 415 32 21 för
663 417 32 19 att
710 415 17 27 ej
744 420 77 22 genom

64 450 97 27 slapphet
180 450 109 21 föranleda
304 449 31 21 till
352 451 31 20 ett
398 450 93 26 ständigt
507 450 123 26 nedgäende
646 449 22 21 af
681 450 141 20 kommunens

64 484 122 26 inkomster,
203 484 78 26 nödgas
298 484 66 21 anlita
379 484 199 21 exekutionsverket
593 484 46 21 icke
654 484 55 21 blott
724 486 44 19 mot
780 483 41 22 den

64 519 135 27 tredskande,
208 520 51 20 utan
275 518 60 22 äfven
355 521 44 19 mot
415 519 47 26 den,
477 518 46 22 frän
539 518 85 22 hvilken
639 525 48 15 man
703 518 48 22 med
765 518 58 22 skat-

65 554 35 20 ten
116 556 60 24 tager
191 559 26 15 en
233 552 34 22 del
283 552 22 22 af
319 553 40 26 det,
376 559 44 15 som
436 553 42 21 han
495 553 106 27 verkligen
616 552 47 22 icke
678 553 81 21 kunnat
769 552 53 21 und-

65 594 51 15 vara
137 587 32 21 för
185 587 26 21 de
227 587 164 27 nödvändigaste
408 586 196 22 lefnadsbehofvens
620 586 199 22 tillfredsställande.

136 622 37 21 Att
197 622 28 26 pä
249 624 31 19 ett
302 621 106 27 praktiskt
429 623 55 20 samt
500 622 101 26 derjemte
616 622 48 21 med
679 622 88 21 rättvisa
782 621 40 21 och

65 656 97 27 billighet
187 656 227 21 öfverensstämmande
428 658 43 19 sätt
486 656 93 27 afhjelpa
596 662 27 15 nu
639 656 92 27 antydda
746 655 55 21 brist
815 655 7 21 i

67 690 158 27 Förordningen
249 690 22 21 af
291 690 40 21 den
348 691 12 21 8
376 690 49 21 Dec.
444 691 54 21 1873
514 690 38 21 har
567 691 105 21 utskottet
687 692 70 20 ansett
772 696 51 15 vara

67 732 25 14 en
117 724 22 22 af
163 725 47 21 dess
236 724 111 27 vigtigaste
372 724 106 28 uppgifter
503 724 6 21 i
535 732 28 14 nu
578 724 143 28 föreliggande
737 724 84 22 ärende.

67 759 72 27 Enligt
162 759 115 21 utskottets
292 759 65 21 tanke
372 759 68 21 blefve
456 759 104 27 nemligen
577 759 120 21 ändamälet
711 759 47 21 icke
773 764 51 15 vun-

67 796 36 19 net
119 800 75 20 genom
218 793 126 27 stadgandet
359 793 5 21 i
381 794 39 20 den
437 793 77 27 nådiga
529 793 167 27 propositionen:
714 795 46 25 ,,att
775 793 48 26 den,

67 828 62 21 hvars
154 828 92 21 inkomst
271 828 32 20 för
327 828 46 21 året
398 828 46 21 icke
470 828 80 26 utgjort
573 834 59 15 mera
654 830 26 19 än
695 827 130 28 fyrahundra

68 862 59 21 mark
143 864 24 19 är
181 861 46 22 från
243 861 179 22 kommunalskatt
436 861 112 28 fritagen.'*
578 862 30 27 Ty
628 861 52 22 först
696 862 39 21 och
750 861 75 22 främst

68 896 67 22 skulle
161 896 59 21 detta
234 896 46 21 icke
296 896 94 21 medföra
405 897 70 26 nägon
490 896 92 27 lindring
597 896 32 21 för
645 897 26 20 de
686 896 138 21 obemedlade

68 931 6 21 i
90 931 25 21 de
131 931 78 26 städer,
225 931 38 20 der
277 930 225 21 lefnadskostnaderna
518 933 36 18 äro
571 931 64 26 högre
655 931 38 21 och
709 931 116 20 skattörets

68 965 77 27 belopp
170 964 68 22 blifvit
263 965 106 21 bestämdt
394 965 30 20 till
444 971 58 15 mera
518 967 26 19 än
560 965 126 27 fyrahundra
704 965 65 26 mark,
786 964 39 21 och

68 999 33 22 för
126 999 35 21 det
185 999 67 21 andra
276 999 68 21 skulle
359 999 120 26 derigenom
496 1000 75 21 endast
586 999 97 22 befrielse
698 999 46 21 frän
760 999 66 21 skatt-

69 1033 119 28 skyldighet
204 1033 139 22 tillerkännas
359 1033 25 22 de
399 1035 55 20 mest
470 1033 144 27 obemedlade,
630 1033 110 22 hvaremot
756 1034 69 25 nägon

70 1068 90 26 lindring
185 1068 6 21 i
217 1067 152 22 skattebördan
394 1067 46 22 icke
466 1067 104 22 tillfördes
594 1068 53 26 dem,
671 1074 44 15 som
732 1067 33 22 väl
781 1067 46 22 icke

70 1102 52 21 böra
147 1102 44 21 helt
214 1102 38 21 och
275 1101 67 22 hället
367 1101 45 22 frän
429 1102 58 21 skatt
502 1101 84 27 befrias,
603 1109 47 14 men
665 1101 100 28 billigtvis
781 1101 47 22 icke

70 1137 66 21 borde
160 1136 85 27 erlägga
270 1137 85 20 skatten
380 1136 6 21 i
412 1143 80 14 samma
516 1136 131 22 förhällande
672 1143 45 14 som
741 1136 26 21 de
787 1135 42 22 för-

70 1173 106 24 mögnare.

140 1204 135 22 Beträffande
301 1205 40 21 den
356 1204 58 22 förra
429 1205 167 27 anmärkningen
613 1205 42 21 kan
671 1205 34 22 väl
720 1205 109 26 invändas,

72 1242 32 19 att
128 1240 27 26 pä
180 1241 58 19 orter
263 1239 37 21 der
323 1239 94 27 antydda
432 1239 133 21 förhällande
580 1246 50 20 eger
645 1246 52 20 rum,
714 1239 115 21 skattörets

72 1274 63 21 värde
155 1273 42 21 kan
213 1273 59 27 höjas
288 1273 53 21 efter
356 1273 70 25 behof,
442 1273 39 21 och
497 1274 105 21 utskottet
618 1274 39 21 har
673 1274 31 26 sig
719 1272 61 22 äfven
795 1272 36 21 be-

72 1308 52 21 kant
148 1310 38 24 att,
212 1307 32 21 för
268 1307 110 21 befriande
393 1308 23 21 af
430 1307 157 22 arbetsklassen
602 1308 46 21 frän
664 1307 73 27 obillig
752 1307 79 21 skatte-

71 1342 68 21 börda
163 1342 39 21 och
219 1341 209 27 uppbördsväsendet
443 1342 47 21 frän
506 1342 57 22 förut
577 1342 127 22 framhällna
719 1340 113 28 olägenhe-

72 1379 39 23 ter,
130 1377 28 26 pä
173 1376 66 27 nägra
255 1378 58 19 orter
329 1375 78 28 förslag
423 1376 73 22 väckts
513 1383 33 15 om
562 1376 101 28 höjandet
678 1376 21 22 af
714 1376 117 21 skattörets

72 1411 64 21 värde
161 1410 56 22 ända
242 1410 32 21 till
301 1411 62 25 1,000
379 1410 41 21 mk.
453 1410 51 22 Men
520 1413 32 19 ett
567 1411 76 21 sådant
658 1410 69 22 medel
742 1410 42 21 kan
799 1411 34 19 ut-

72 1444 81 22 skottet
177 1444 32 22 för
224 1444 32 22 sin
273 1444 32 21 del
322 1445 27 26 pä
364 1444 54 22 intet
433 1447 43 19 sätt
492 1445 118 27 godkänna.
641 1445 46 21 Den
704 1442 128 24 demokrati-

142 1486 140 15 sammansatta
296 1484 51 22 Lag-
360 1484 32 17 och
405 1484 194 18 Ekonomiutskoitets
612 1484 116 18 betänkande
742 1488 31 12 n:o
787 1483 16 16 6.
