1025 1673
228 119 12 19 2
535 119 34 21 N:o
586 120 36 20 33.

198 186 23 21 af
236 186 122 22 Ständerna
373 188 95 26 antydda
484 188 102 20 ändamål
601 188 101 20 nedsätta
724 194 26 14 en
766 188 86 27 komité,
867 188 87 21 hvilken

197 222 107 26 uppgjort,
320 222 66 21 bland
401 224 73 25 annat,
490 222 82 27 förslag
588 222 33 21 till
630 222 135 27 författning,
781 223 110 26 angående
902 229 51 20 upp-

196 256 97 20 hörande
316 256 23 21 af
353 256 25 22 de
398 257 48 21 från
464 258 121 20 rusthållen
605 257 108 27 utgående
729 257 170 27 vakansafgifter
915 257 38 21 och

197 290 131 27 indragning
344 291 22 21 af
380 292 26 20 de
425 292 122 21 rusthållen
567 292 102 21 anvisade
690 294 122 24 augments-
829 292 38 20 och
884 292 69 26 öfriga

197 326 81 26 räntor,
295 328 56 18 samt
366 326 32 20 uti
413 326 110 27 förslaget,
545 332 46 15 som
611 327 97 20 kommer
724 328 33 18 att
773 326 120 21 Ständerna
909 326 44 21 del-

197 359 76 27 gifvas,
296 360 117 27 åtföljande
438 361 91 21 motiver
552 361 110 27 redogjort
687 360 33 21 för
744 361 26 20 de
795 360 73 21 dervid
887 360 66 27 följda

197 394 148 27 grundsatser,
364 395 109 21 äfvensom
489 395 33 21 för
538 396 26 20 de
579 395 54 21 flera
653 395 48 21 från
717 394 105 27 förslaget
837 395 116 21 väsendtli-

197 434 41 21 gen
261 429 114 21 afvikande
399 430 118 27 meningar,
538 436 46 14 som
603 430 57 20 inom
676 429 96 22 komitén
789 430 49 20 sökt
853 431 51 25 göra
920 429 33 26 sig

197 462 7 21 i
219 462 77 27 frågan
312 463 99 26 gällande
428 464 39 21 och
484 464 22 21 af
521 464 108 21 särskilda
645 465 49 20 dess
706 464 140 21 medlemmar
856 470 96 15 reserva-

196 497 90 21 tionsvis
310 498 97 21 uttalats.
438 499 10 21 I
464 499 66 26 sagde
545 499 92 21 motiver
657 501 24 18 är
697 499 131 26 framhållet,
843 499 108 26 hurusom,

196 531 62 22 äfven
275 532 6 21 i
304 533 103 21 händelse
430 533 24 21 af
467 535 32 19 ett
514 533 102 21 framtida
635 533 133 26 återgående
784 533 33 20 till
833 533 119 26 krigsmak-

196 568 48 19 tens
260 567 151 26 uppställande
427 569 28 25 på
470 568 69 20 indelt
554 568 37 26 fot,
608 568 66 20 likväl
690 567 216 27 rytteriindelningen
918 569 33 19 så-

197 607 45 15 som
258 601 111 22 föråldrad
384 602 40 21 och
440 602 117 27 otidsenlig
568 602 48 21 icke
627 603 63 20 torde
699 602 74 21 vidare
784 603 73 20 kunna
867 603 85 20 komma

195 635 34 21 till
252 636 144 27 användning,
412 637 100 20 hvarföre
531 637 39 20 och
586 637 27 20 då
633 638 219 25 augmentsräntorna
867 637 34 20 till
917 637 33 20 sin

195 671 65 20 natur
276 670 47 21 icke
345 671 73 21 kunde
441 671 112 27 särskiljas
571 672 48 20 från
640 671 132 21 rusthållens
789 671 68 26 öfriga
873 671 78 20 förmå-

195 711 45 20 ner,
257 705 7 20 i
281 705 36 20 det
339 705 110 22 desamma
472 706 77 21 endast
572 706 98 27 utgjorde
692 707 32 19 ett
739 705 105 27 tillfälligt
859 705 93 21 tillskott

197 739 53 21 eller
265 739 83 26 fyllnad
363 740 33 20 till
412 740 132 21 rusthållens
561 747 54 20 egna
631 741 72 20 såsom
720 740 122 26 ersättning
853 740 32 21 för
895 741 56 19 rust-

196 773 81 27 ningen
300 773 149 24 efterskänkta
472 777 81 25 räntor,
569 775 106 20 komiténs
696 774 70 21 flertal
787 776 71 19 ansett
874 775 40 20 den
930 774 23 21 af

195 807 85 22 landets
297 808 92 21 Ständer
404 809 115 21 förordade
535 809 93 21 revision
639 809 24 21 af
671 811 218 24 augmentsräntorna
900 809 51 20 ovil-

195 842 98 27 korligen
317 843 104 21 innebära
444 850 26 14 en
495 844 93 21 revision
612 844 23 21 af
652 844 50 21 hela
726 844 150 21 institutionen
893 844 6 20 i
915 844 36 20 det

195 877 62 27 syfte,
274 879 32 19 att
322 878 40 20 den
379 878 103 21 abnorma
498 878 109 28 ställning,
624 878 122 21 rusthållen
761 878 7 20 i
784 878 73 21 landet
871 878 80 27 intaga,

196 911 71 21 blefve
283 912 55 21 efter
354 918 26 15 en
396 913 70 26 skälig
482 914 39 19 och
537 913 61 26 billig
606 913 158 26 uppskattning
775 913 23 20 af
806 912 146 27 skyldigheter

196 946 39 20 och
251 946 110 21 förmåner
376 947 102 27 upphäfd,
495 949 56 19 samt
566 947 55 27 förty
641 949 55 19 trott
714 947 34 26 sig
762 947 53 21 böra
831 947 78 21 föreslå
925 953 26 14 en

195 981 25 20 så
235 980 112 21 beskaffad
362 981 115 28 reglering,
494 984 32 18 att
542 982 41 21 den
599 982 53 26 egde
673 981 132 21 karakteren
821 981 23 21 af
857 988 26 14 en
899 981 52 21 defi-

194 1014 54 21 nitiv
273 1015 130 27 upplösning
426 1016 29 21 af.
470 1016 251 26 rusthållsindelningen.
752 1015 81 21 Dervid
852 1015 38 21 har
906 1021 44 14 om-

193 1049 77 21 fattats
287 1050 41 21 den
344 1050 63 27 åsigt,
424 1052 32 19 att
471 1051 37 20 vid
522 1050 200 27 ifrågakommande
737 1049 115 21 reduktion
863 1049 22 21 af
894 1051 56 19 rust-

193 1083 163 22 hållsräntorna
378 1084 83 27 hänsyn
481 1085 66 20 borde
567 1087 62 24 tagas
645 1084 139 21 uteslutande
800 1083 34 21 till
850 1084 26 21 de
892 1084 59 20 kost-

194 1118 74 27 nader,
292 1125 45 14 som
356 1119 223 26 rustningsbesvärets
595 1119 137 26 fullgörande
751 1119 21 20 in
788 1120 77 19 natura
881 1118 70 21 skulle

194 1152 34 21 för
243 1153 122 21 rusthållen
380 1153 104 28 medföra,
500 1154 39 21 och
555 1154 7 20 i
577 1154 52 27 följd
649 1153 65 21 häraf
728 1153 222 26 rustningsräntorna,

196 1187 114 21 efterhand
325 1187 69 21 under
410 1194 26 15 en
452 1188 94 27 tidrymd
561 1188 23 21 af
598 1188 55 21 elfva
669 1189 31 26 år,
712 1187 34 21 till
759 1188 83 20 kronan
850 1187 101 26 indragas

194 1220 49 21 från
268 1221 73 27 hvarje
365 1222 92 21 rusthåll
481 1222 33 21 till
530 1224 31 19 ett
579 1222 84 27 belopp,
684 1228 47 15 som
747 1222 69 26 enligt
830 1221 120 27 beräkning

194 1256 137 21 motsvarade
348 1256 59 26 dylik
422 1259 79 18 natura
515 1257 128 26 prestation.

267 1290 90 21 Oafsedt
372 1291 139 26 svårigheten
526 1293 32 18 att
577 1291 49 20 med
645 1291 57 20 helst
718 1291 134 26 någorlunda
867 1291 83 20 visshet

193 1325 118 26 uppskatta
327 1325 41 21 den
384 1325 98 27 verkliga
496 1326 121 21 kostnaden
627 1325 36 21 för
673 1325 276 27 rustningsskyldighetens

193 1358 135 27 fullgörande
345 1361 55 19 samt
416 1360 42 20 den
474 1360 82 21 mindre
573 1360 64 21 säkra
658 1360 77 26 grund,
752 1360 95 20 komitén
862 1359 36 21 vid
913 1359 36 21 be-

193 1393 120 26 räkningen
329 1393 64 21 häraf
406 1394 48 21 haft
470 1396 32 19 att
517 1394 62 21 stöda
595 1394 33 26 sig
643 1395 34 25 på,
694 1394 69 26 torde,
780 1394 62 21 äfven
857 1393 46 21 ifall
914 1393 35 22 be-

193 1427 65 21 rörda
273 1428 93 21 kostnad
382 1428 72 22 kunde
470 1428 89 21 alldeles
576 1431 106 24 noggrant
698 1428 34 21 till
748 1428 100 26 beloppet
855 1428 94 21 bestäm-
