1025 1673
220 118 27 20 10
419 116 25 23 U.
459 116 24 23 B.
499 129 27 4 —
542 117 66 29 Prop.
623 117 38 23 N:o
677 116 35 23 33.

189 181 145 23 förhällandet
356 183 91 22 sälunda
469 182 93 23 faktiskt
582 183 126 28 upphäfves.
738 183 86 27 Frägan
842 190 35 15 om
896 189 53 22 upp-

189 216 108 22 hörandet
319 216 23 22 af
362 217 130 23 rusthällens
512 218 91 22 vakans-
624 218 40 22 och
683 217 228 28 passevolansafgifter
926 220 24 19 är

190 250 86 23 derföre
297 251 109 23 beroende
426 252 22 22 af
467 252 75 28 frägan
561 258 34 16 om
611 252 268 22 rusthällsinstitutionens
895 258 53 21 upp-

190 285 97 22 hörande
310 286 40 22 och
373 287 42 21 kan
434 287 48 22 icke
502 286 86 28 afgöras
604 287 67 21 skildt
686 286 46 22 frän
749 287 131 26 densamma,
897 289 53 19 enär

190 320 120 22 rusthällen
325 321 7 21 i
348 324 66 19 annat
428 322 37 22 fall
481 322 50 22 med
546 322 152 22 bibehällande
713 321 23 22 af
750 322 43 21 alla
808 322 48 22 sina
871 322 78 22 förmo-

189 360 40 16 ner
251 354 70 23 blefve
339 356 97 22 befriade
455 356 47 22 frän
522 357 42 21 alla
579 356 98 22 deremot
692 356 106 22 svarande
815 356 133 28 äligganden,

189 389 89 27 hvilket,
294 390 93 22 förutom
402 391 139 28 obilligheten
557 391 62 22 deraf
632 393 33 20 att
679 390 270 23 rusthällsinnehafvarene

189 424 30 27 pä
233 424 122 23 bekostnad
370 425 22 22 af
401 425 66 28 öfrige
478 426 250 27 samhällsmedlemmar,
741 432 47 16 som
798 426 69 22 mäste
878 425 73 22 ikläda

190 459 34 27 sig
239 465 28 16 en
282 460 62 22 desto
360 461 90 28 drygare
465 461 146 28 beskattning,
623 461 81 22 erhölle
716 467 26 16 en
753 461 64 28 högst
828 461 121 27 betydande

191 493 40 22 och
247 493 103 29 oförtjent
366 495 100 28 eftergift,
480 496 19 27 ej
511 496 67 22 heller
589 495 204 23 öfverensstämmer
802 495 50 22 med
863 497 86 20 senaste

190 529 101 22 ständers
306 530 78 27 beslut,
400 531 58 22 helst
473 531 62 22 äfven
551 531 26 22 de
593 531 71 27 stånd,
681 537 47 16 som
744 531 81 27 ansägo
836 529 113 23 vakansaf-

190 563 93 27 gifterna
302 565 53 21 böra
373 565 125 27 bibehållas,
519 565 124 22 derutöfver
661 565 81 28 yrkade
758 565 28 28 pä
802 572 26 15 en
843 565 107 28 reglering

190 597 24 22 af
227 601 228 24 augmentsräntornas
465 600 134 23 förhållande
611 601 32 21 till
654 600 131 22 rusthållens
796 600 153 28 skyldigheter.

191 632 76 23 Skulle
290 633 85 23 derföre
398 635 117 22 ständerna
537 635 18 28 ej
579 641 29 16 nu
631 635 73 22 kunna
724 641 51 16 enas
796 641 35 15 om
847 636 32 21 ett
894 641 55 15 sam-

190 668 111 27 stämmigt
317 669 73 22 beslut
405 671 32 20 att
452 669 109 28 upphäfva
576 669 263 27 rusthållsinstitutionen,
856 669 39 22 har
910 669 39 22 Ut-

191 701 84 22 skottet
290 705 73 20 ansett
378 704 26 21 de
419 703 47 22 från
481 704 121 21 rusthållen
618 704 108 27 utgående
741 704 92 21 vakans-
849 704 40 21 och
899 709 50 22 pas-

191 737 187 28 sevolansafgifter
394 739 18 27 ej
428 739 68 21 heller
507 739 74 21 kunna
591 739 104 27 upphöra,
707 741 52 18 utan
770 738 117 22 ständerna
896 738 53 21 fast-

190 777 47 16 mer
256 771 54 22 böra
329 773 51 26 taga
395 773 7 21 i
418 773 163 26 öfvervägande,
599 773 108 22 huruvida
721 773 49 21 icke
786 773 64 22 dessa
865 771 85 28 afgifter

190 805 34 22 för
238 805 115 23 framtiden
369 807 67 22 borde
452 807 52 28 utgå
519 808 50 21 med
585 809 32 20 ett
631 807 87 28 belopp,
730 813 46 16 som
786 809 99 20 närmare
895 809 55 19 mot-

191 846 76 16 svarar
283 842 26 21 de
325 842 135 27 åligganden,
476 843 26 21 de
519 844 36 20 äro
570 842 89 22 afsedda
669 844 33 20 att
712 844 88 20 ersätta.
826 841 123 29 Upphäfves

191 875 48 22 åter
258 876 263 28 rusthållsinstitutionen,
538 883 63 22 synes
617 877 97 22 beslutet
729 877 74 21 derom
818 877 53 21 böra
886 876 64 22 blifva

191 910 112 26 definitivt,
320 913 53 20 utan
388 912 28 21 all
432 912 64 22 tanke
512 912 29 28 på
556 918 27 16 en
597 912 102 22 framtida
716 912 104 26 återgång
835 912 32 21 till
883 912 67 26 sagda

189 944 130 23 institution.
350 946 32 27 Ty
402 946 41 22 den
458 946 149 28 ifrågakomna
622 946 143 27 regleringen,
782 946 41 22 den
838 946 35 22 må
888 946 62 22 verk-

190 979 77 22 ställas
283 979 56 22 efter
354 980 42 22 den
411 987 41 15 ena
468 981 53 21 eller
536 981 41 22 den
593 981 67 21 andra
675 980 105 28 grunden,
797 981 40 21 den
853 980 36 22 må
899 986 52 16 vara

190 1015 76 26 sträng
286 1014 52 22 eller
357 1014 86 28 lindrig,
464 1017 23 19 är
505 1016 66 21 likväl
586 1016 61 21 alltid
663 1021 26 15 en
706 1015 84 27 åtgärd,
807 1020 46 16 som
869 1014 82 22 lemnar

190 1048 66 28 djupa
279 1049 50 27 spår
352 1049 54 22 efter
429 1050 33 27 sig
481 1050 41 22 och
541 1050 47 22 icke
604 1050 47 21 åter
668 1050 43 21 kan
727 1051 63 25 göras
806 1049 83 27 ogjord.
920 1049 31 21 På

189 1084 70 26 grund
275 1083 22 21 af
311 1090 26 15 en
352 1084 68 22 sådan
436 1085 106 27 reglering
557 1087 98 25 uppväxa
671 1090 42 22 nya
722 1084 156 26 förhållanden,
889 1084 61 26 ingås

189 1117 146 27 mångfaldiga
350 1118 58 27 aftal,
425 1118 99 22 hvarföre
540 1125 26 15 en
582 1119 105 27 återgång
703 1118 33 22 till
750 1118 37 22 det
798 1118 70 27 gamla
879 1118 71 22 kunde

189 1152 98 22 medföra
309 1153 44 21 lika
376 1155 60 20 stora
456 1154 40 21 och
517 1156 57 19 ännu
594 1155 70 20 större
684 1152 134 28 svårigheter
834 1155 26 19 än
877 1152 74 28 sjelfva

189 1186 142 28 regleringen.
367 1188 46 22 Och
438 1194 34 16 om
495 1188 62 22 äfven
580 1188 137 27 regleringen
740 1187 145 27 uttryckligen
907 1187 43 22 för-

188 1221 103 22 klarades
314 1228 51 15 vara
388 1224 114 26 temporär,
524 1223 25 21 så
567 1222 70 22 skulle
655 1222 66 22 likväl
740 1222 63 27 ingen
824 1224 33 19 tro
874 1222 76 26 derpå;

190 1256 37 21 det
247 1256 72 22 skulle
339 1256 47 22 icke
406 1257 73 27 lyckas
500 1259 33 19 att
554 1257 111 27 öfvertyga
680 1257 78 26 någon,
775 1258 33 20 att
825 1256 27 22 de
867 1256 83 27 lagstif-

189 1290 66 22 tande
278 1291 113 22 makterna
412 1292 50 21 med
482 1292 38 21 vår
539 1292 43 21 tids
602 1291 180 27 åskådningssätt
797 1290 71 22 skulle
883 1290 68 22 förmå

189 1324 34 27 sig
246 1327 33 19 att
302 1325 23 21 åt
348 1326 98 22 enskilde
463 1326 116 28 jordegare
599 1326 47 22 åter
665 1325 133 23 öfverlemna
814 1325 26 21 de
856 1325 94 21 kronans

189 1360 81 26 räntor,
294 1366 47 15 som
362 1366 27 15 en
408 1360 57 28 gång
484 1361 83 21 kunnat
582 1360 33 22 till
631 1360 135 22 statsverket
780 1360 107 26 indragas.
918 1360 33 20 En

188 1392 119 29 förklaring
322 1394 75 22 härom
414 1395 69 21 skulle
499 1396 78 20 endast
591 1394 113 22 framkalla
720 1394 71 27 någon
806 1394 44 21 tids
862 1394 88 21 osäker-

188 1426 45 28 het,
250 1428 45 21 tills
311 1428 41 22 den
366 1428 81 22 råkade
458 1430 5 20 i
475 1430 104 26 glömska.
610 1430 76 21 Denna
697 1428 253 27 rustbållsindelningens

259 1468 150 18 Statsutskottets
422 1468 117 18 betänkande
552 1470 35 17 N:o
599 1470 16 16 3.
