1009 1673
394 113 38 23 N:o
448 113 35 23 36.
761 115 25 20 87

60 180 51 27 ning
133 181 101 26 upptaga.
265 179 60 22 Dock
348 185 52 21 eger
415 179 48 26 den,
479 185 47 16 som
541 179 37 21 vill
593 179 64 27 klaga
673 179 98 22 deröfver
784 180 33 20 att

60 215 43 21 han
118 214 32 21 sin
165 214 54 21 fulla
233 216 44 19 rätt
292 214 22 21 af
327 213 57 22 hvad
399 213 82 22 kronan
497 213 76 22 består
587 213 48 22 icke
650 214 65 27 njutit
725 214 52 21 eller
785 215 32 20 att

61 249 69 26 någon
154 249 94 27 tjensten
267 248 117 28 åtföljande
399 247 84 22 förmån
499 249 52 21 eller
566 248 105 27 rättighet
686 249 78 21 honom
779 254 38 15 un-

62 283 122 26 danhållits,
201 283 76 22 endast
292 283 34 22 vid
342 283 209 27 generalmönstring
567 283 57 27 dylik
639 283 78 27 klagan
733 283 84 22 anmäla

61 320 60 19 utom
137 318 7 21 i
159 317 43 27 fall,
219 324 45 15 som
280 318 6 21 i
301 317 11 26 &
329 319 26 20 85
372 319 70 25 säges.

407 364 11 27 &
435 367 33 19 17.

131 400 111 27 Klagomål
264 399 21 22 få
305 400 18 27 ej
341 399 86 22 anföras
442 401 70 20 under
527 400 130 27 gudstjenst,
673 400 51 21 eller
739 400 7 21 i
761 399 56 21 fron-

62 436 36 19 ten
122 434 51 22 eller
195 435 7 21 i
225 434 115 21 allmänhet
362 435 68 21 under
449 434 99 27 utöfning
562 434 22 21 af
597 435 104 27 tjensten;
717 435 18 27 ej
751 433 68 22 heller

62 469 35 21 må
111 469 164 28 militärperson,
287 469 33 22 för
336 471 33 20 att
380 469 85 22 anmäla
480 469 115 28 klagomål,
612 469 95 28 aflägsna
725 469 32 27 sig
772 469 47 21 från

62 504 33 21 sin
111 504 180 27 kommendering.

410 533 11 26 &
437 535 35 19 78.

131 568 112 27 Klagomål
262 569 72 21 kunna
347 568 57 22 inom
420 568 80 27 fjorton
517 569 68 26 dagar
599 568 86 22 anföras
701 567 117 26 muntligen

63 602 52 22 eller
138 603 126 27 skriftligen,
283 603 56 22 blott
353 603 40 21 hos
409 605 110 20 närmaste
535 603 146 22 befälhafvare
697 602 58 22 öfver
771 603 47 25 den,

64 639 45 20 mot
123 637 86 22 hvilken
222 637 78 27 klagan
315 637 64 22 föres.

131 672 118 22 Innefattar
270 673 107 26 klagomål
400 672 119 27 angifvelse
542 673 33 22 för
597 673 70 27 någon
685 672 133 27 förbrytelse,

62 707 88 21 hvarom
173 707 152 27 krigsdomstol
342 713 51 21 eger
409 708 70 26 döma,
495 707 34 22 får
544 707 78 22 sådant
637 707 107 28 klagomål
760 705 59 23 anfö-

63 748 35 16 ras
121 742 68 22 under
211 742 49 22 hela
283 742 40 22 den
339 742 6 21 i
361 742 129 27 strafflagen
506 742 33 22 för
553 743 82 21 brottet
650 742 105 28 stadgade
772 748 48 21 pre-

64 777 155 27 skriptionstid.

410 818 11 27 8
436 820 34 19 79.

132 853 64 22 Utom
211 853 34 21 vid
261 853 207 27 generalmönstring
483 853 74 21 kunna
572 853 106 27 klagomål
695 853 57 21 emot
764 852 55 27 regi-

64 887 210 22 mentskommendör
290 887 52 22 eller
357 888 48 21 med
422 888 48 21 dem
485 887 102 22 likstälde
604 888 52 21 eller
671 887 66 27 högre
753 885 66 23 befäl-

63 921 88 22 hafvare
166 922 48 21 icke
229 922 95 21 anmälas
341 922 134 21 annorlunda
491 924 28 19 än
535 921 126 28 skriftligen.

411 974 10 28 $
438 977 35 19 80.

132 1009 46 22 Har
199 1009 76 28 nägon,
299 1016 46 15 som
365 1009 71 22 anfört
450 1009 115 28 klagomäl,
581 1009 47 22 icke
643 1009 56 22 inom
714 1008 107 27 förloppet

64 1044 23 21 af
105 1046 32 19 tre
152 1044 103 21 mänader
269 1045 13 20 ä
297 1045 32 20 sin
345 1045 79 26 klagan
439 1044 88 22 undfätt
541 1044 118 22 resolution
675 1043 53 22 eller
743 1043 78 21 under-

64 1078 89 22 rättelse
177 1085 33 15 om
225 1079 56 21 hvad
295 1080 8 20 i
318 1079 66 22 saken
401 1079 110 28 tillgjorts,
528 1086 50 15 vare
593 1078 124 28 berättigad
733 1080 33 19 att
780 1077 41 22 hos

64 1115 96 20 närmast
175 1113 66 28 högre
256 1113 56 23 befäl
328 1114 64 27 klaga
408 1113 60 23 öfver
484 1114 80 27 vägrad
580 1114 95 21 rättvisa.

412 1165 11 27 &
439 1167 35 20 81.
744 1181 6 8 .

133 1199 100 23 Befinnes
248 1200 107 27 klagomäl
371 1207 52 14 vara
439 1200 130 27 ogrundadt,
585 1200 53 21 eller
652 1200 40 22 har
706 1200 71 27 nägon
787 1199 35 21 vid

64 1235 118 26 klagomäls
198 1234 115 22 anförande
328 1235 49 21 icke
391 1235 104 27 iakttagit
511 1235 92 26 stadgad
619 1235 90 26 ordning
719 1234 52 21 eller
779 1233 42 21 till-

64 1269 70 27 börlig
150 1269 157 26 anständighet,
318 1269 73 26 varde,
403 1267 55 24 eftet
467 1269 79 21 sakens
555 1269 50 27 vigt,
615 1268 88 22 straffad
713 1269 7 20 i
729 1267 93 28 discipli-

64 1306 39 19 när
119 1305 90 26 ordning
225 1304 52 21 eller
293 1303 57 22 stäld
365 1305 69 20 under
450 1304 66 21 tillta]
532 1304 35 21 vid
583 1303 98 22 domstol.

412 1361 11 28 $
440 1363 34 20 82.

132 1396 114 28 Klagomål
268 1396 54 22 skall
345 1396 33 22 till
401 1396 101 28 pröfning
525 1398 113 26 upptagas,
655 1395 62 22 äfven
732 1401 35 15 om
782 1395 42 21 den

65 1431 106 27 klagande
194 1431 68 22 blifvit
281 1430 89 23 straffad
387 1431 72 22 derför
474 1433 33 19 att
522 1432 42 20 han
580 1431 35 21 vid
630 1430 117 28 klagomåls
763 1429 60 22 anfö-

64 1466 67 21 rande
146 1466 68 21 brutit
229 1468 58 20 emot
301 1466 91 27 ordning
409 1466 52 22 eller
477 1466 80 21 brustit
572 1466 7 21 i
595 1464 158 28 anständighet.
