1017 1673
282 127 66 25 Ständ.
363 127 29 24 Sv.
410 140 25 3 —
452 127 54 31 Prop.
522 127 30 24 N:o
568 126 30 25 36.
781 127 12 20 7

128 197 10 21 I
163 196 12 28 $
202 197 26 21 18
252 196 64 22 hafva
332 196 121 22 Ständerna
467 196 69 22 under
550 202 63 15 mom.
629 196 23 26 b)
668 196 34 21 4:o
717 195 65 21 infört
798 200 26 16 cn

60 233 36 20 art
111 231 23 21 af
147 230 163 28 ordningsstraff
323 230 33 22 för
370 230 188 27 underofficerare,
575 236 45 16 som
636 230 143 22 förekommer
791 229 6 21 i
810 228 12 29 S

62 266 14 22 8
95 266 23 21 af
130 266 198 26 ordningsstadgan,
344 272 48 14 men
408 265 7 21 i
431 264 130 28 strafflagen,
577 264 109 22 sannolikt
701 264 23 22 af
736 264 88 22 förbise-

62 300 60 26 ende,
138 300 133 22 utelemnats.
301 300 11 21 1
328 299 10 27 $
355 300 26 21 19
397 299 40 21 har
452 299 70 22 likasä
537 306 26 14 en
576 299 134 27 bestämning
720 298 46 22 frän
777 298 48 22 ord-

62 334 152 27 ningsstadgan
229 334 93 27 intagits,
338 334 106 26 nemligen
461 334 47 21 dess
524 335 13 26 $
553 335 34 25 66,
603 334 91 21 rörande
710 334 35 20 det
760 332 64 22 förfa-

62 369 108 27 ringssätt,
187 375 45 15 som
247 368 49 22 med
310 368 122 22 arresterad
448 368 73 22 officer
536 368 55 22 skall
601 369 67 21 under
678 368 83 22 marsch
771 367 54 21 iakt-

63 405 67 25 tagas.
724 418 2 2 :

134 438 150 27 Stadgandena
299 443 34 16 om
349 437 75 27 skärpt
440 439 75 25 arrest,
531 438 8 21 i
555 438 13 28 &
582 439 34 26 20,
633 437 63 22 hafva
706 437 120 22 Ständerna

64 474 71 20 ansett
150 472 52 21 böra
216 472 120 21 förmildras
352 472 88 27 derhän,
456 474 34 19 att
504 473 103 26 mistning
617 472 21 21 af
645 472 127 27 sängkläder
780 471 47 22 icke

65 507 141 27 ovilkorligen
221 507 54 21 skall
290 507 49 26 ingä
353 507 8 20 i
376 507 66 26 sagde
458 507 62 21 straff
534 509 56 19 samt
605 509 32 19 att
651 507 148 26 minskningen
819 506 7 20 i

65 541 50 22 kost
129 541 115 21 fastställes
258 541 33 21 till
306 541 46 21 half
365 541 93 26 portion.

135 575 43 22 För
194 575 10 28 $
221 576 33 26 61,
270 582 45 15 som
331 575 90 22 handlar
436 582 36 15 om
487 575 77 22 förlust
580 576 23 21 af
611 576 49 21 fana
670 576 52 21 eller
732 575 94 23 standar,

66 609 64 22 hafva
146 610 124 26 Ständerna,
286 610 48 21 med
350 609 100 22 afseende
455 605 12 36 ä
484 611 36 20 det
530 610 139 27 förhållande,
686 611 32 20 att
728 610 35 21 vid
773 609 55 22 strid

67 646 45 20 mot
127 644 84 22 fienden
226 644 63 22 fanan
303 644 75 27 plägar
393 645 109 21 anförtros
517 645 23 21 åt
555 647 31 19 ett
601 645 106 27 kompani,
723 644 28 27 pä
764 644 64 21 hvars

67 679 145 22 befälhafvare
227 681 98 19 ansvaret
340 679 32 21 för
388 679 49 21 dess
451 679 121 22 bevarande
582 679 101 22 särskildt
698 679 130 25 ankommer,

67 714 84 26 antagit
166 719 26 15 en
207 713 114 22 förändrad
336 713 86 27 lydelse,
447 713 87 22 hvilken
552 714 79 27 jemväl
646 714 80 27 åsyftar
741 715 31 20 ett
787 713 42 21 för-

68 748 122 27 tydligande
206 747 86 27 derhän,
315 749 32 20 att
370 748 76 21 endast
469 748 27 21 de
510 755 102 20 personer
627 749 57 20 inom
699 747 131 28 truppafdel-

67 782 85 27 ningen,
168 782 72 21 hvilka
255 782 64 27 något
333 783 8 20 i
356 782 66 21 saken
438 784 89 20 stannar
541 783 33 21 till
589 783 48 26 last,
653 785 37 19 äro
706 783 32 20 till
754 788 76 15 ansvar

68 816 105 22 förfallna.
204 817 108 27 Derjemte
334 817 64 21 hafva
413 817 123 22 Ständerna
559 819 70 19 ansett
649 819 38 25 att,
710 817 62 21 äfven
795 822 34 16 om

69 851 103 27 tillbörlig
194 851 81 27 hänsyn
290 853 60 25 tages
365 852 33 20 till
414 852 37 21 det
470 852 94 21 militära
579 852 195 22 betraktelsesättet
790 850 40 22 och

70 885 41 22 den
121 885 115 27 betydelse,
252 892 45 15 som
312 886 66 27 enligt
392 886 119 22 detsamma
526 888 24 20 är
560 886 127 28 förknippad
697 886 49 21 med
756 886 74 20 fanans

70 919 127 27 bevarande,
213 920 159 22 uraktlåtenhet
388 921 130 21 derutinnan
535 922 60 26 dock,
616 922 33 20 till
664 921 40 21 och
718 920 49 22 med
782 920 8 21 i
805 920 26 21 de

70 954 96 21 svåraste
188 954 44 27 fall,
254 954 41 22 blir
315 955 125 27 tillräckligt
455 956 117 21 bestraffad
594 962 76 20 genom
692 955 90 21 tukthus
803 954 29 27 på

71 988 67 21 lifstid
153 988 40 22 och
208 989 7 21 i
230 989 123 27 lindrigaste
368 989 37 22 fall
428 990 41 21 bör
492 990 72 21 kunna
586 990 95 21 försonas
704 989 62 22 äfven
783 988 49 22 med

71 1022 105 28 fängelse;
211 1023 98 22 hvarföre
334 1024 138 21 dödsstraffet
498 1031 25 15 ur
547 1024 162 28 ifrågavarande
732 1022 102 28 paragraf

72 1057 109 21 uteslutits
204 1058 39 21 och
265 1058 94 27 fängelse
380 1058 7 21 i
413 1058 67 22 minst
499 1065 37 15 sex
551 1059 101 21 månader
667 1059 80 27 tillagts
762 1058 70 21 såsom

73 1091 114 21 alternativ
202 1092 194 27 straffbestämning
418 1092 34 22 för
476 1093 54 27 dem,
554 1094 72 20 hvilka
643 1093 47 21 icke
705 1095 36 19 äro
757 1092 76 22 under-

72 1125 90 22 kastade
177 1126 154 22 befälhafvares
348 1133 85 15 ansvar.

144 1160 11 27 &
172 1161 26 20 72
214 1161 7 20 i
235 1162 166 26 propositionen,
427 1162 66 21 hvars
515 1162 159 27 bestämningar
696 1162 68 21 skulle
786 1161 48 21 leda

74 1194 81 21 derhän
170 1196 33 20 att
218 1196 38 20 rån
271 1196 7 20 i
293 1196 39 21 fält
346 1196 72 21 kunde
429 1195 113 23 bestraffas
553 1196 115 28 lindrigare
682 1198 28 20 än
725 1196 66 27 enligt
805 1202 30 14 nu

74 1228 98 27 gällande
188 1230 77 21 allmän
280 1230 41 27 lag,
337 1230 39 22 har
392 1230 22 22 af
424 1230 122 22 Ständerna
560 1231 116 26 uteslutits;
701 1230 39 22 och
750 1230 85 21 komme

75 1262 89 22 sålunda
189 1264 33 21 för
248 1264 58 22 detta
328 1264 59 22 brott
410 1264 111 22 äfvensom
543 1265 33 21 för
599 1265 67 27 öfriga
688 1265 8 21 i
718 1270 81 16 samma
822 1264 13 28 8

76 1298 92 21 nämnda
183 1298 137 28 förbrytelser
335 1299 109 21 allmänna
458 1300 75 26 lagens
544 1299 246 27 ansvarsbestämningar
805 1300 31 20 att

75 1328 122 36 tillämpas..
853 1334 2 2 |

144 1367 11 21 I
170 1367 60 27 fråga
245 1374 34 15 om
301 1368 98 27 rymning
421 1368 41 22 har
485 1368 47 22 från
556 1370 55 21 1877
627 1369 34 21 års
676 1367 95 27 strafflag
786 1373 52 21 upp-

76 1400 66 28 tagits
156 1401 8 21 i
179 1401 11 28 $
206 1402 25 22 81
249 1409 32 20 en,
298 1403 65 27 enligt
378 1402 134 22 Ständernas
528 1404 61 26 åsigt,
613 1403 23 21 af
648 1402 98 28 billighet
766 1402 74 26 påkal-
