1014 1670
237 123 28 21 14

406 123 82 23 Ständ.
503 124 37 22 Sv.
556 136 27 3 —
598 124 72 28 Prop.
686 124 40 22 N:o
740 124 36 22 34.

474 186 127 25 Uppkommer
623 188 49 19 bråk
693 188 25 24 af
730 188 91 23 skattöre,
838 188 34 20 bör
886 188 32 20 det
933 188 29 19 be-

414 227 37 18 opp
466 221 26 24 af
503 221 88 24 inkomst,
608 228 41 14 som
664 222 60 20 skulle
737 222 54 25 gälla
799 222 35 24 för
847 222 75 20 mindre
936 224 26 18 än

414 257 26 17 ett
454 255 90 23 skattöre,
560 256 48 23 frän
623 256 126 24 beräkningen
762 257 100 19 uteslutas.

657 303 17 23 $
688 302 33 19 56.

472 340 64 20 Sedan
558 342 88 25 taxering
664 342 65 24 blifvit
742 342 104 23 verkstälä,
862 342 51 19 skall
927 342 36 19 den

416 373 90 26 deröfver
522 376 119 24 upprättade
664 376 123 25 längdunder
803 377 75 23 fjorton
892 376 73 24 dagars

416 410 27 18 tid
457 410 64 22 finnas
537 410 104 25 tillgänglig
658 411 6 18 å
673 411 94 19 rådhuset
776 411 45 18 eller
831 412 61 18 annat
902 411 60 24 lämp-

414 443 35 24 ligt
462 444 62 23 ställe,
540 444 34 24 för
588 446 30 18 att
632 445 142 19 vederbörande
783 444 138 25 skattskyldige
929 444 33 20 må

414 477 64 20 kunna
500 479 26 23 af
543 479 111 19 densamma
675 481 45 22 taga
740 479 117 23 kännedom;
876 479 34 18 och
925 479 38 19 låte

415 512 131 23 ordföranden
560 513 8 18 i
583 513 193 24 taxeringsnämnden
797 513 68 19 härom
888 513 75 19 tillkän-

415 546 79 24 nagifva
514 553 66 18 genom
602 547 93 25 offentligt
713 547 69 24 anslag
804 547 32 19 och
856 546 30 26 pä
903 548 60 18 annat

415 580 87 25 lämpligt
522 582 45 21 sätt,
590 582 80 18 hvarom
689 581 55 23 förut
758 581 33 19 vid
805 581 158 19 rädhusstämma

415 614 65 24 blifvit
501 615 99 23 bestämdt,
623 616 99 23 äfvensom
744 621 66 19 genom
828 615 112 25 kungörelse
957 615 8 18 i

416 649 78 19 stadens
510 649 77 25 tidning,
604 649 34 20 der
652 650 63 20 sådan
729 649 112 20 utkommer.

473 684 59 19 Hvar
542 690 40 12 som
593 684 21 18 åt
625 684 88 27 taxering
723 684 39 19 icke
772 684 58 24 nöjes,
843 690 42 18 eger
896 683 67 23 skrift-

416 718 25 24 lig
456 718 126 24 anmärkning
597 718 85 19 deremot
695 718 52 19 inom
762 724 22 13 en
798 718 57 19 vecka
870 718 48 23 efter
932 719 29 17 ut-

414 752 73 24 gången
502 752 26 24 af
539 752 125 23 förenämnde
678 752 74 24 fjorton
767 752 67 24 dagar,
849 752 33 19 vid
891 752 74 23 förlust

416 786 26 27 af
454 786 74 19 vidare
543 786 51 20 talan
604 782 112 35 ,ingifvatill
725 786 134 24 magistraten,
872 792 44 13 som
932 786 29 23 öf-

416 820 108 19 verlemnar
538 820 79 19 ärendet
632 820 30 19 till
672 820 206 24 pröfningsnämnden,
888 820 75 19 hvilken

416 854 32 19 det
463 854 64 19 tillhör
545 856 29 17 att
595 856 145 23 samvetsgrant
763 861 45 14 iaaa
823 854 23 19 de
860 853 104 20 anmärkta

417 888 184 25 omständigheterna
616 889 33 18 och
660 888 66 25 öfriga
735 889 34 23 för
779 888 111 19 densamma
900 887 65 20 kända

416 923 135 23 förhållanden
566 923 8 18 i
588 923 142 24 öfvervägande
752 924 51 17 samt
824 922 88 24 slutligen
934 922 30 23 af-

415 958 55 22 göra,
485 957 50 19 huru
556 957 71 24 mänga
648 957 98 20 skattören
765 957 54 19 skola
834 956 131 19 besväranden

413 990 92 24 påföras.

476 1024 36 20 Vid
523 1024 211 25 pröfningsnämndens
743 1024 157 19 sammanträden
910 1024 55 23 föres

417 1058 55 20 ordet
486 1058 26 24 af
524 1059 144 24 borgmästaren
684 1058 45 20 eller
744 1058 35 19 den
789 1058 48 19 hans
848 1058 55 19 ställe
912 1057 52 24 före-

415 1093 69 23 räder
498 1093 34 19 och
546 1093 88 24 förfares
649 1092 33 20 vid
696 1092 130 25 skiljaktighet
842 1092 6 19 i
857 1092 105 24 meningar,

416 1127 65 19 såsom
503 1128 8 18 i
528 1127 26 19 55
569 1128 17 24 $
607 1126 33 24 för
663 1126 194 25 taxeringsnämnden
878 1126 86 24 stadgas.

416 1161 128 24 Beträffande
563 1161 113 24 förfallolös
697 1162 79 18 utevaro
792 1160 48 24 frän
851 1160 114 24 pröfnings-

416 1196 82 19 sämnds
520 1195 163 23 sammanträden,
699 1201 47 13 vare
761 1195 31 24 lag
807 1194 65 20 såsom
886 1195 8 18 i
908 1196 17 22 8
939 1194 27 19 37

416 1236 31 13 om
462 1230 176 23 stadsfullmäktige
652 1230 62 23 säges.

658 1275 18 24 $
690 1274 34 19 57.

474 1314 101 20 Skattören
585 1314 87 25 påföras
686 1313 61 20 under
762 1313 86 24 följande
862 1314 29 18 tre
900 1313 65 19 titlar:

476 1350 36 24 1:0)
526 1349 88 19 Inkomst
628 1348 26 24 af
666 1348 42 23 hus,
725 1349 49 18 tomt
788 1347 33 19 och
831 1346 59 25 jord;

474 1384 42 24 2:0)
531 1383 88 19 Inkomst
633 1383 26 23 af
671 1382 70 24 näring
756 1381 34 20 och
804 1381 58 24 yrke;
877 1382 51 18 samt

474 1417 40 24 3:0)
528 1416 160 24 Löneförmåner,
700 1416 83 24 pension
798 1415 44 19 eller
853 1421 64 13 annan
927 1415 39 19 icke

416 1451 61 19 redan
493 1451 70 19 nämnd
576 1450 89 19 inkomst.
