1011 1673
236 122 26 20 22
541 121 38 22 N:o
595 120 34 23 36.

206 186 68 27 något
292 185 23 22 af
330 187 101 22 invånare
449 187 7 21 i
471 186 106 28 fiendtligt
592 187 57 26 land,
665 186 86 23 hvilken
766 187 33 22 till
814 187 147 28 krigsmakten

206 221 20 27 ej
242 221 46 26 hör,
308 221 84 22 straffes
407 221 33 22 för
454 221 114 28 plundring
583 222 49 21 med
648 221 89 22 tukthus
752 222 33 21 till
800 222 41 22 och
855 223 50 22 med
919 221 42 23 fem

206 255 30 27 år,
253 255 53 22 eller
319 255 97 28 fängelse
432 257 18 27 ej
466 257 69 21 under
550 263 37 15 sex
603 257 108 21 månader.

276 289 75 23 Såsom
373 291 116 27 plundring
511 297 64 16 anses
599 291 56 22 dock
678 291 26 28 ej,
729 297 34 16 om
786 291 49 22 med
857 292 104 22 vederbö-

206 325 68 21 rande
296 325 156 22 befälhafvares
475 326 97 21 tillstånd
592 328 62 25 tages
673 325 33 23 för
726 328 94 25 truppen
834 327 75 27 nödigt
924 327 36 22 be-

205 359 39 22 hof
262 359 23 22 af
301 359 111 27 lifsmedel,
432 360 126 27 läkemedel,
579 361 194 26 klädespersedlar,
793 361 91 25 bränsle,
901 361 60 23 foder

207 394 52 22 eller
275 394 88 28 dragare
380 395 41 22 och
436 395 82 22 fordon.

551 465 14 26 8
581 466 34 20 66.

274 504 54 27 Den,
352 511 46 16 som
422 506 146 27 egenmäktigt
583 505 41 22 och
639 505 33 22 för
687 511 54 21 egen
756 505 87 27 vinning
857 505 103 28 pälägger

205 538 130 23 invänarene
353 540 8 21 i
381 546 26 15 en
426 540 23 22 af
461 541 147 26 krigsmakten
624 541 73 20 besatt
712 541 34 20 ort
761 540 71 27 nägon
847 540 113 27 krigsgärd

205 573 53 22 eller
280 573 94 28 förhöjer
396 575 66 21 sädan
485 575 7 21 i
514 575 136 26 vederbörlig
669 575 91 26 ordning
778 573 101 23 faststäld
899 575 59 26 gärd,

204 607 86 22 straffes
309 609 48 21 med
378 609 90 22 tukthus
488 609 32 22 till
540 609 40 22 och
599 609 49 22 med
668 609 30 22 tio
714 609 30 30 är,
762 609 52 22 eller
829 609 94 26 fängelse
940 609 18 27 ej

204 642 70 21 under
290 649 38 15 sex
342 643 108 22 mänader.

273 677 45 21 Har
334 677 50 22 slikt
395 678 112 27 obehörigt
517 678 136 27 päläggande
665 678 51 21 eller
727 677 121 28 förhöjning
858 677 23 22 af
890 677 68 28 krigs-

203 711 55 27 gärd
274 711 58 22 skett
348 714 50 20 utan
414 715 33 19 att
462 719 53 21 egen
530 713 69 22 fördel
615 713 87 22 dermed
718 712 101 28 äsyftats;
839 713 72 21 dömes
927 712 32 21 till

202 745 166 36 förafskedande
384 748 52 21 eller
450 747 96 28 fängelse
561 748 7 21 i
584 748 65 27 högst
663 754 37 15 sex
716 748 107 21 mänader.

549 823 13 26 8
579 825 32 20 67.

272 862 64 27 Hvar,
353 869 47 15 som
416 863 7 21 i
438 863 40 22 fält
493 863 74 28 skiljer
581 864 34 27 sig
629 863 46 22 frän
691 864 33 21 sin
740 865 64 25 trupp
820 863 40 22 och
875 862 84 22 fordrar

204 896 53 21 eller
272 897 100 26 tillegnar
388 897 32 28 sig
436 898 65 27 nägot
516 897 23 22 af
552 898 129 22 invänarene
692 898 6 21 i
709 897 108 28 fiendtligt
827 897 56 26 land,
895 897 63 22 straf-

202 929 33 23 fes
255 930 34 22 för
306 932 136 27 marodering
459 933 48 21 med
525 933 91 21 tukthus
635 932 46 21 frän
704 932 40 22 och
760 932 48 21 med
824 933 31 20 ett
870 931 33 22 till
919 931 38 22 och

202 965 50 22 med
268 971 38 16 sex
321 966 29 26 är,
367 967 53 21 eller
434 967 96 27 fängelse
546 967 19 28 ej
581 967 70 22 under
666 973 37 16 sex
718 967 108 21 mänader.

548 1037 13 26 8
577 1038 34 19 68.

270 1074 46 21 Har
335 1075 65 26 brott,
420 1081 47 16 som
485 1076 7 21 i
508 1077 27 26 $$
552 1078 25 19 65
595 1076 39 22 och
652 1077 26 20 67
695 1075 143 26 omförmäles,
853 1074 104 22 föröfvats

202 1107 24 22 af
239 1108 36 22 hel
290 1109 176 28 kommendering
481 1111 52 21 eller
548 1111 63 27 eljest
627 1110 23 22 af
663 1110 51 21 flere
730 1110 7 21 i
752 1109 92 26 samråd,
856 1109 52 22 eller
919 1109 40 22 har

201 1142 79 27 nägon,
296 1149 47 16 som
357 1145 52 20 utan
424 1145 85 21 biträde
525 1145 23 21 af
561 1151 70 15 annan
647 1145 76 26 begätt
738 1144 78 21 sädant
831 1144 66 25 brott,
910 1144 47 21 der-

200 1177 37 21 vid
252 1177 80 22 brukat
346 1184 70 21 vapen
432 1179 52 21 eller
498 1179 29 28 pä
541 1182 66 19 annat
623 1181 45 19 sätt
682 1178 86 22 utöfvat
782 1178 55 26 väld,
854 1177 28 22 dä
897 1177 62 22 skola

201 1211 7 21 i
230 1211 135 22 sistnämnda
387 1213 105 22 händelse
513 1214 199 27 gerningsmannen,
736 1219 49 15 men
800 1213 7 21 i
822 1212 57 22 förra
894 1212 64 21 fallen

200 1246 113 22 anstiftare
336 1247 40 21 och
400 1247 98 22 anförare
521 1248 74 21 dömas
616 1248 32 21 till
666 1247 91 22 tukthus
772 1247 29 28 pä
816 1246 73 27 lifstid,
906 1247 53 21 eller

200 1279 48 22 från
264 1281 40 22 och
319 1281 50 22 med
384 1282 34 27 sju
433 1282 32 21 till
482 1283 39 21 och
537 1283 48 21 med
601 1282 41 22 tolf
656 1283 30 25 år,
703 1283 56 20 samt
775 1281 67 27 öfrige
857 1281 8 21 i
875 1281 83 21 brottet

200 1314 110 28 delaktige
325 1315 33 22 till
373 1316 91 21 tukthus
479 1316 46 22 frän
541 1317 40 22 och
596 1317 50 22 med
661 1316 47 28 fyra
723 1316 33 21 till
771 1315 41 22 och
826 1315 50 22 med
886 1315 30 21 tio
927 1315 30 21 är.

546 1392 13 26 8
575 1394 33 20 69.

268 1430 65 26 Hvar,
354 1436 47 16 som
419 1432 7 20 i
444 1431 40 21 fält
499 1432 135 26 bemäktigar
650 1432 33 26 sig
699 1431 68 21 sädan
784 1430 111 28 egendom,
911 1436 46 16 som

198 1463 33 21 till
246 1464 111 28 krigsbyte
373 1467 64 25 göras
453 1466 39 27 får,
507 1466 65 22 innan
587 1466 32 22 lof
629 1465 72 23 dertill
712 1465 79 27 gifvits,
804 1464 52 22 eller
866 1464 23 22 af
898 1467 59 25 taget
