1009 1670
309 102 19 19 U.
345 102 20 20 B.
380 112 29 4 —
424 102 54 24 Prop.
495 102 30 20 N:o
540 101 32 21 36.
780 102 12 19 7

60 172 35 16 ser
110 166 38 22 det
163 166 97 28 önskligt
281 167 34 21 att
330 172 27 16 en
379 166 70 22 sådan
471 166 138 28 bestämning
630 166 70 22 skulle
714 166 84 22 kunnat
813 165 8 22 i

59 201 66 27 lagen
139 200 84 28 inflyta.
251 201 52 21 Men
318 200 29 22 dä
361 200 63 22 Hans
438 200 125 28 Kejserliga
577 201 105 27 Majestät
698 200 48 22 icke
761 200 60 23 velat

59 235 35 21 till
108 235 129 22 ständernas
252 235 125 27 antagande
392 234 122 23 framställa
523 235 106 21 komitens
640 234 82 28 förslag
732 234 8 22 i
750 235 71 22 denna

59 269 76 27 punkt,
158 270 41 21 har
213 269 114 22 Utskottet
349 270 74 21 ansett
437 269 36 28 sig
487 270 54 21 böra
555 269 81 22 föreslä
653 269 119 23 ständerna
786 268 42 23 att

60 304 117 27 godkänna
195 304 133 28 paragrafen
342 304 9 22 i
361 304 49 22 dess
425 304 126 22 nuvarande
566 304 82 28 lydelse
663 310 48 16 men
726 304 72 22 tillika
812 304 8 22 i

60 338 175 28 underdänighet
243 339 71 22 uttala
322 339 42 22 den
372 339 89 27 önskan,
471 340 34 21 att
512 339 57 22 finsk
575 339 112 27 krigsman
694 339 49 22 icke
750 340 69 20 mätte

61 374 57 21 emot
132 373 34 22 sin
181 374 54 28 vilja
250 374 103 22 beordras
367 374 8 22 i
389 374 183 28 tjensteuppdrag
586 376 59 20 utom
659 374 75 22 landet
743 380 77 15 annor-

59 408 67 21 lunda
140 410 30 19 än
184 409 50 21 med
247 408 57 22 finsk
318 410 66 26 trupp
400 409 53 21 eller
475 408 182 28 kommendering,
680 409 29 26 pä
732 408 37 22 det
786 409 34 20 att

60 441 42 22 den
116 443 49 21 med
187 443 80 22 sädant
289 443 100 28 uppdrag
411 443 145 28 förknippade
575 443 90 28 päföljä,
689 444 33 21 att
743 442 77 23 ställas

59 476 69 22 under
142 479 33 20 ett
189 479 68 20 annat
272 477 62 22 lands
349 478 70 27 lagar,
436 477 55 22 dock
501 477 48 22 icke
559 478 36 21 mä
604 477 66 22 träffa
679 478 72 27 nägon
766 478 54 21 utan

59 511 54 22 hans
129 513 51 26 eget
195 511 138 28 begifvande.

128 546 12 21 I
154 546 156 27 sammanhang
324 546 50 22 med
389 546 38 22 det
441 546 67 22 ofvan
523 546 92 22 anförda
632 546 61 22 torde
708 546 54 21 böra
777 551 42 16 om-

59 581 89 21 nämnas
164 580 42 22 den
221 581 137 27 bestämning
368 581 116 22 Utskottet
498 581 75 28 tillagt
586 581 8 22 i
608 581 68 22 slutet
690 580 25 22 af
723 580 12 29 &
747 582 19 25 9,
782 585 36 16 an-

58 615 86 26 gäende
160 615 27 22 de
196 621 108 21 personer,
319 615 77 22 hvilka
406 615 25 22 af
443 615 164 22 vederbörande
621 615 59 23 befäl
694 615 80 27 kunna,
788 614 30 27 pä

58 650 46 31 sätt
118 649 199 28 ordningsstadgan
336 649 127 28 innehåller,
487 650 144 22 underkastas
646 648 171 29 ordningsstraff.

58 683 73 22 Afven
145 683 33 22 uti
193 684 42 21 den
257 684 82 27 nädiga
361 684 161 27 propositionen
543 684 142 22 förekommer
706 685 33 21 ett
760 683 58 22 stad-

59 718 72 27 gande
145 718 81 27 härom,
249 724 49 16 men
314 719 62 21 detta
390 719 41 21 har
452 719 46 22 fätt
513 719 58 27 plats
593 719 77 22 endast
684 719 8 21 i
707 718 111 27 ordnings-

58 752 101 27 stadgan,
175 752 12 29 &
203 755 20 25 6,
247 753 69 27 enligt
330 753 89 22 hvilken
434 753 70 22 sådan
519 753 108 22 straffrätt
640 753 130 22 tillkommer
784 753 35 21 be-

59 786 123 23 fälhafvare
204 789 111 26 gentemot
331 788 27 21 de
373 794 109 21 personer,
504 795 46 15 som
567 788 51 27 lyda
640 788 68 22 under
729 787 90 22 militär-

59 821 135 28 strafflagen.
224 823 35 21 Då
275 823 126 26 emellertid,
418 823 69 27 enligt
500 823 125 21 Utskottets
635 823 73 27 tanke,
724 825 95 25 gränsen

58 855 35 21 för
107 855 161 29 befälhafvares
283 856 140 28 disciplinära
436 858 129 27 myndighet
586 857 65 22 äfven
669 857 8 21 i
692 856 62 22 detta
768 856 52 22 hän-

58 890 85 27 seende,
159 890 47 22 lika
220 897 45 15 som
280 892 49 21 med
344 892 103 22 afseende
462 892 14 21 å
487 892 27 22 de
528 892 65 22 straff
605 892 43 22 han
658 894 25 20 är
692 890 127 28 berättigad

59 924 87 28 ålägga,
163 925 40 21 bör
217 925 8 22 i
240 926 79 27 sjelfva
334 926 130 28 strafflagen
479 927 127 27 fastställas,
628 927 40 21 har
682 926 114 22 Utskottet
811 925 8 21 i

59 958 159 23 ofvanberörda
228 959 13 29 $
251 960 26 22 af
290 960 71 22 denna
375 962 38 26 lag
427 961 84 28 intagit
525 968 27 15 en
567 961 136 27 bestämning
717 960 9 22 i
740 960 79 27 antydt

58 993 65 27 syfte.
146 994 43 21 Till
203 994 174 23 förekommande
393 995 25 21 af
431 995 38 22 det
486 995 157 28 missförstånd,
661 997 33 20 att
710 1000 108 22 personer,

59 1034 45 15 som
108 1028 78 22 endast
190 1028 38 22 vid
232 1028 59 22 vissa
295 1029 59 27 tids-,
363 1031 53 20 orts-
424 1030 54 22 eller
482 1030 69 22 andra
556 1029 183 28 omständigheter
743 1028 77 22 under-

58 1062 52 27 lyda
117 1062 216 29 militärstrafflagen,
345 1064 127 22 dockunder
480 1065 45 21 alla
531 1064 150 22 förhållanden
685 1070 52 16 vore
744 1062 76 22 under-

58 1097 92 21 kastade
166 1097 125 27 disciplinär
301 1098 207 29 bestraffningsrätt,
523 1100 41 21 har
573 1099 113 23 Utskottet
695 1098 34 22 uti
738 1098 82 27 ifräga-

58 1131 97 22 varande
169 1132 122 28 stadgande
306 1133 102 22 hänvisat
422 1133 36 22 till
470 1134 210 28 bestämningarna
669 1127 13 41 i
691 1135 12 20 1
718 1132 100 28 kapitlet.

128 1199 72 22 Sedan
215 1200 27 22 de
257 1201 193 28 ändringsförslag,
474 1208 46 16 som
534 1203 77 21 beröra
626 1202 111 27 omfånget
751 1201 26 22 af
789 1201 30 21 la-

59 1240 53 21 gens
127 1234 159 28 tillämplighet,
302 1236 135 22 beträffande
453 1237 63 22 såväl
533 1237 140 27 förbrytelser
687 1242 46 16 som
748 1242 71 21 perso-

58 1274 44 22 ner,
118 1268 8 22 i
141 1269 38 21 det
193 1269 133 28 föregående
341 1270 74 22 blifvit
429 1272 135 27 omnämnda,
579 1271 63 28 följer
656 1271 35 22 för
705 1271 114 22 Utskottet

58 1304 34 20 att
106 1304 61 26 yttra
181 1303 36 28 sig
231 1310 34 15 om
281 1304 26 22 de
321 1304 36 22 till
371 1304 211 30 militärstraffagen
596 1306 8 22 i
619 1306 98 28 egentlig
730 1304 89 28 mening

58 1337 96 23 hörande
169 1338 198 30 bestämningarna,
383 1340 76 22 hvilka
474 1340 119 22 innefattas
609 1341 7 21 i
627 1341 98 27 kapitlen
740 1341 78 25 2—15,

58 1372 92 21 sålunda
165 1374 34 20 att
214 1372 8 22 i
236 1373 99 27 kapitlen
351 1376 55 20 2—5
417 1374 92 28 stadgas
520 1382 34 15 om
564 1375 26 22 de
601 1375 57 22 olika
667 1373 152 24 straffarterna

58 1406 39 21 och
119 1406 64 22 deras
205 1408 174 28 verkställighet,
407 1415 33 15 om
465 1409 148 23 modifikation
635 1409 25 22 af
679 1409 49 21 dem
749 1408 70 22 under

127 1446 140 22 Lagutskottets
280 1448 118 18 betänkande
407 1448 36 18 N:o
455 1449 18 18 8.
