1048 1689
234 137 11 19 6
421 134 19 19 U.
456 133 19 20 B.
492 143 27 3 —
535 133 53 22 Prop.
604 131 30 20 N:o
649 130 25 20 41
690 134 22 14 m.
728 128 18 19 fl.

202 201 46 22 För
267 199 135 28 jemförelses
418 198 55 22 skull
494 198 37 20 mä
553 196 119 21 antecknas
691 195 34 20 att
742 189 221 30 fängvärdsanslaget

203 235 9 22 i
227 234 92 27 Sverige
333 233 8 22 i
355 230 281 29 statsverkspropositionen
655 228 34 23 till
705 229 54 20 1882
776 227 36 20 ärs
834 224 90 27 riksdag
938 225 25 19 är

203 270 108 27 upptaget
325 268 35 22 till
375 268 112 27 1,786,300
502 267 80 20 kronor
596 264 52 22 eller
663 261 92 29 ungefär
766 261 113 27 2,490,000
894 257 69 23 mark.

274 304 41 22 Om
328 303 51 22 från
393 303 190 21 inkomstsumman
606 315 5 6 .
642 315 5 5 .
678 315 5 4 .
715 313 4 5 -
750 313 5 4 .
778 295 134 28 20,813,850:
929 294 27 19 53

205 339 104 27 afdrages
325 337 155 23 ofvanstäende
496 341 82 16 summa
592 333 92 28 utgifter
715 348 4 4 -
750 347 4 4 -
779 329 133 27 18,549,653:
930 329 26 19 12

204 379 71 23 skulle
291 379 37 22 det
343 378 71 27 ärliga
428 377 144 22 öfverskottet
586 376 97 26 utgöra.
715 389 4 4 .
750 388 5 5 .
793 370 119 27 2264227:
929 369 35 20 41.

276 430 94 23 Dermed
384 430 62 22 skola
461 428 114 27 åtskilliga
588 433 44 21 nya
641 425 93 29 utgifter
750 424 39 21 och
803 421 142 27 tillökningar
957 420 8 21 i

206 466 96 28 tidigare
317 465 82 27 anslag,
415 466 113 26 upptagna
542 462 9 22 i
565 460 138 24 merberörda
724 458 76 28 kalkyl
815 464 20 21 p.
851 458 62 25 5—9,
929 456 36 20 be-

206 501 88 23 stridas.

277 541 52 22 Med
343 540 103 22 afseende
461 540 13 21 &
488 545 62 15 mom.
567 538 27 27 a),
611 536 121 28 utgifterna
747 534 34 22 för
796 531 171 27 vaccinationen,

206 577 41 21 bör
263 576 89 26 erinras,
368 576 35 20 att
418 574 36 22 det
468 573 77 27 beslut,
561 571 62 23 hvari
638 570 118 23 ständerna
772 569 90 21 stannat
875 567 8 21 i
896 566 72 22 anled-

206 611 55 27 ning
277 610 25 22 af
314 610 82 27 nådiga
410 608 160 28 propositionen
586 607 41 21 N:o
638 608 12 19 2
667 604 113 28 angående
798 601 169 26 vaccinationen,

208 645 84 23 medför
307 651 27 15 en
352 644 57 28 årlig
428 643 99 28 stegring
547 642 26 22 af
593 640 93 28 ungefär
706 640 76 26 12,000
798 638 62 21 mark
874 636 8 21 i
898 636 71 22 denna

209 680 75 28 utgift,
299 680 89 22 hvilken
403 679 65 21 alltsä
482 678 34 22 för
531 679 34 20 tre
576 677 25 21 är
611 676 34 22 fär
660 674 108 22 beräknas
783 672 35 22 till
833 672 96 25 110,520:
941 682 28 3 —

208 715 9 23 i
231 716 27 21 st.
274 715 15 21 f.
307 716 82 25 74,520.

279 761 43 22 Vid
338 761 26 21 de
378 760 97 28 följande
490 758 182 28 utgiftsposterna
686 756 41 22 har
737 754 114 22 Utskottet
866 753 56 21 intet
936 753 35 20 att

211 796 110 27 anmärka,
337 795 49 21 med
401 794 112 27 undantag
529 792 24 23 af
567 792 40 22 den
623 791 53 22 sista
690 790 9 22 i
715 789 125 27 ordningen,
860 794 45 15 som
918 793 53 21 upp-

209 833 66 25 tager
290 831 113 27 1,500,000
416 829 62 21 mark
496 828 35 21 för
552 825 238 27 kanaliseringsarbeten
805 830 50 14 norr
870 829 33 14 om
918 817 52 35 Päi-

203 867 71 26 jänne
289 866 38 26 sjö.
357 864 12 22 I
383 863 82 28 nådiga
475 862 159 28 propositionen
649 860 40 22 N:o
705 860 27 20 41
745 858 29 28 (p.
792 856 63 28 7—9)
871 858 24 20 är
910 856 62 21 detta

210 898 243 28 kanaliseringsförslag
482 897 117 22 ständerna
630 895 34 21 till
690 892 123 24 kännedom
841 890 130 22 meddeladt.

209 935 77 21 Ehuru
301 934 68 27 nägot
383 932 102 28 yttrande
508 931 25 22 af
548 930 117 22 ständerna
684 928 62 22 öfver
764 927 106 26 förslaget
884 925 48 21 icke
947 926 25 19 är

210 968 149 28 uttryckligen
375 967 85 27 äskadt,
476 966 62 22 torde
552 963 152 24 meddelandet
720 962 54 21 dock
791 961 49 22 haft
858 960 34 21 till
907 959 66 22 ända-

211 1003 44 22 mäl
271 1004 34 20 att
320 1002 80 22 bereda
415 1001 118 22 ständerna
552 999 86 23 tillfälle
653 1000 40 25 att,
717 997 7 21 i
740 997 39 21 fall
794 994 117 27 anledning
927 994 46 21 der-

210 1037 37 22 till
262 1037 93 28 ansäges
371 1036 137 26 förekomma,
531 1034 121 22 framställa
672 1033 48 22 sina
740 1031 122 26 erinringar
880 1028 93 22 rörande

211 1072 64 21 detta
289 1071 124 28 betydande
428 1071 39 21 och
480 1071 132 20 kostsamma
629 1064 289 27 kommunikationsföretag,
942 1062 31 21 in-

212 1113 44 15 nan
272 1106 108 22 definitivt
398 1105 70 22 beslut
484 1104 113 28 angående
612 1103 48 22 dess
675 1101 115 22 utförande
806 1099 71 22 blefve
892 1097 25 22 af
930 1099 44 25 sty-

211 1141 72 22 relsen
297 1141 107 27 vidtaget.
434 1140 115 21 Utskottet
563 1139 40 20 har
618 1137 72 22 derför
706 1137 72 20 ansett
798 1134 35 28 sig
849 1134 53 21 böra
919 1134 55 25 taga

213 1176 108 27 förslaget
335 1175 8 21 i
358 1174 171 23 skärskädande.
560 1173 71 22 Sedan
645 1171 116 22 Utskottet
782 1170 29 27 pä
831 1169 97 26 begäran
943 1173 32 16 er-

214 1210 65 22 hällit
294 1210 27 21 de
335 1209 35 22 för
384 1209 124 22 ändamälet
523 1207 121 28 uppgjorda
659 1207 81 25 kartor,
762 1203 86 28 projekt
864 1202 38 22 och
916 1202 59 21 kost-

212 1243 208 28 nadsberäkningar,
436 1244 41 21 har
491 1249 27 15 en
528 1241 93 23 särskild
631 1239 124 28 delegation
766 1238 25 22 af
804 1237 113 22 Utskottet
926 1231 49 36 haft

211 1279 36 28 sig
262 1279 129 28 uppdraget,
408 1279 34 20 att
456 1278 96 27 granska
562 1277 63 21 dessa
639 1274 137 27 handlingar.
807 1267 168 36 Delegationens

214 1314 115 21 utlatande
343 1314 40 21 har
398 1313 48 21 icke
461 1312 82 21 utfallit
561 1311 46 22 helt
621 1311 40 21 och
676 1309 68 22 hället
759 1308 107 27 gynsamt.
891 1306 44 21 Det
951 1307 25 20 är

214 1348 186 27 hufvudsakligen
414 1347 26 22 af
452 1347 96 27 följande
563 1345 105 22 innehäll:

284 1395 38 18 Det
331 1395 72 22 förslag
415 1394 29 17 till
452 1393 129 22 kanalisering
589 1391 22 18 af
620 1391 102 24 Päijännes
734 1395 58 12 norra
798 1387 92 19 tillflöden
903 1392 40 12 som
956 1386 22 18 af

215 1419 155 27 Öfverstyrelsen
383 1423 30 17 för
425 1424 46 22 väg-
484 1422 36 18 och
532 1419 278 20 vattenkommunikationerna
826 1416 95 19 förordats
938 1421 38 13 om-

215 1452 59 18 fattar
283 1452 83 23 följande
379 1451 97 18 särskilda
487 1450 138 22 kanalsystem:

285 1486 151 18 Statsutskottets
449 1484 116 19 betänkande
577 1484 36 18 N:o
626 1484 27 16 14.
