1025 1673
295 123 64 24 Ständ.
374 123 30 24 Sv.
422 135 24 4 —
463 123 54 30 Prop.
532 122 30 24 N:o
577 121 30 25 36.
774 121 27 21 53

482 193 16 24 $
512 189 53 23 119.

282 231 69 28 Hvar,
361 239 44 13 som
411 231 124 29 förfalskar
541 231 39 28 för
593 230 137 28 krigsmakten
741 229 89 28 afsedda

213 266 43 27 lifs-
271 265 48 22 eller
333 265 111 22 läkemedel
460 267 23 19 sä
498 269 32 17 att
552 265 25 21 de
597 265 36 27 för
658 264 30 29 lif
708 263 46 22 eller
776 263 54 22 helsa

213 300 95 28 skadliga
323 300 75 28 blifva,
415 299 47 22 eller
478 300 47 20 med
539 299 82 26 vetskap
637 306 34 13 om
685 298 41 21 slik
732 297 98 29 förjalsk-

215 335 49 27 ning
280 335 47 20 dem
346 336 13 19 &
376 335 94 27 tjenstens
493 337 82 24 vägnar
597 336 110 24 emottager
730 331 50 22 eller
801 331 31 21 till

215 369 133 28 begagnande
363 368 117 26 utlemnar;
501 368 83 28 sirafes
605 368 48 20 med
675 367 81 20 tukthus
774 366 56 29 från

215 403 37 21 och
267 404 46 20 med
329 405 35 19 två
378 403 32 20 till
424 403 37 21 och
484 403 47 21 med
546 403 28 20 tio
590 403 36 24 är;
648 401 38 22 och
707 408 33 13 om
762 402 68 26 någon

215 438 66 28 deraf
292 439 37 26 får
343 439 49 19 svår
408 437 147 28 kroppsskada,
570 437 48 20 med
632 436 84 21 tukthus
726 435 56 29 från
792 434 38 21 och

214 473 47 20 med
276 479 33 14 sex
325 472 32 21 till
372 472 35 21 och
422 473 48 20 med
484 471 42 29 tolf
539 473 32 19 år.
596 471 77 28 Ljuter
688 471 69 28 någon
772 469 62 28 deraf

215 507 77 26 döden;
308 507 68 20 dömes
390 506 32 21 till
437 505 82 22 tukthus
531 507 33 27 på
579 505 71 28 lifstid,
666 505 46 21 eller
725 505 55 28 från
796 502 34 22 och

215 541 46 21 med
277 542 43 19 åtta
334 541 32 20 till
382 541 36 21 och
433 541 48 21 med
497 540 39 29 tolf
549 541 32 20 år.

483 612 17 24 $
515 609 54 22 120.

283 650 49 21 Har
356 651 32 20 uti
414 650 90 28 gvittans
526 649 46 21 eller
593 653 95 24 rapport,
708 650 30 27 på
758 648 72 28 grund

215 684 80 29 hvaraf
305 685 121 28 penningar
431 685 39 28 för
480 684 115 21 levererade
604 683 162 26 förnödenheter
775 682 56 21 skola

215 719 105 25 utbetalas,
335 719 28 26 af
374 719 47 25 den,
438 719 80 21 hvilken
529 718 205 29 förnödenheternas
744 719 86 19 emotta-

213 754 69 28 gande
297 753 85 28 åligger,
397 754 9 20 i
420 753 108 28 bedräglig
544 753 63 29 afsigt
623 752 115 30 uppgifvits
753 755 31 17 att
798 752 34 20 så-

215 788 56 20 dana
286 788 110 21 levererats
412 787 30 21 till
456 791 67 18 större
545 788 85 27 mängd,
653 788 24 28 af
697 790 63 18 annat
782 786 50 28 slag,

215 822 50 21 eller
279 822 24 28 af
318 822 67 21 bättre
407 822 137 29 beskafenhet
566 825 29 18 än
616 820 162 29 sanningsenligt
800 824 33 24 är,

217 857 48 22 eller
279 860 30 17 att
325 857 116 21 leveransen
456 857 49 21 skett
521 857 56 21 inom
593 857 74 28 derför
681 855 93 22 bestämd
794 855 38 27 tid,

216 893 86 20 änskönt
318 893 40 21 den
373 900 72 14 senare
468 893 112 24 verkstälts,
603 893 38 20 och
657 893 41 29 får
721 892 113 21 leverantö-

216 933 41 20 ren,
273 927 8 20 i
289 927 59 28 följd
362 927 28 28 af
400 927 41 21 slik
461 927 54 23 falsk
537 927 94 28 uppgift,
653 927 98 28 uppbära
772 925 62 22 betal-

217 961 49 28 ning
277 961 40 28 för
331 961 56 21 hvad
400 961 28 29 af
440 961 76 21 honom
531 962 48 24 icke,
595 961 48 22 eller
665 963 35 19 ock
722 964 67 18 sämre
805 963 29 17 än

217 995 108 21 vederbort
340 995 115 26 levererats,
475 996 51 21 eller
541 999 50 18 utan
613 999 29 18 att
665 994 169 28 kontraktsenligt

217 1030 79 28 afdrag
309 1031 35 25 för
359 1031 102 28 dröjsmål
482 1035 31 23 egt
535 1037 59 20 rum;
617 1031 83 28 strafes
722 1031 47 23 den,
790 1036 45 13 som

217 1065 110 27 qvittanset
349 1065 99 28 utfärdat
470 1065 47 21 eller
539 1069 114 24 rapporten
675 1064 89 29 afgifvit,
788 1063 48 21 med

219 1098 82 21 tukthus
315 1099 32 20 till
362 1098 35 21 och
412 1100 48 20 med
474 1100 49 27 fyra
538 1100 33 25 år,
592 1099 45 22 eller
657 1098 91 29 fängelse
764 1098 18 27 ej
796 1105 40 13 un-

218 1133 35 20 der
268 1140 35 14 sex
313 1133 109 21 månader.

488 1187 16 24 $
519 1185 51 21 121.

288 1223 48 21 Har
350 1225 94 28 postkarl
468 1225 47 21 eller
530 1233 74 13 annan
618 1225 112 28 krigsman,
752 1223 83 22 hvilken

220 1257 32 21 till
266 1258 114 29 bevakning
396 1259 28 28 af
436 1259 90 21 kronans
541 1259 46 22 eller
602 1267 69 14 annan
690 1259 97 28 egendom
802 1258 33 21 be-

221 1293 88 26 ordrats,
323 1293 74 21 dervid
413 1293 103 30 tillgripit,
533 1294 48 21 eller
595 1295 46 20 med
661 1295 76 28 uppsåt
746 1293 92 29 förstört

222 1326 49 22 eller
285 1327 81 26 skadat,
381 1327 49 22 eller
444 1328 131 29 uppsåtligen
591 1328 48 21 låtit
654 1335 72 14 annan
737 1326 100 28 tillgripa,

219 1361 90 27 förstöra
324 1361 48 22 eller
386 1362 66 21 skada
470 1370 45 14 mer
534 1362 48 22 eller
596 1364 82 20 mindre
694 1362 28 28 af
733 1364 33 19 det
779 1362 58 28 gods,

222 1394 29 22 till
267 1396 63 20 hvars
345 1396 67 28 skydd
427 1396 43 21 han
485 1397 70 28 blifvit
568 1397 63 27 stäld;
646 1398 70 24 varde,
732 1398 38 20 der
785 1396 54 21 brot-

221 1432 26 18 tet
263 1430 50 27 efter
328 1434 65 17 annat
408 1431 84 27 lagrum
513 1432 19 28 ej
553 1433 86 20 svårare
661 1432 65 28 straf
746 1431 96 27 medför,
