1009 1673
207 138 15 20 4
426 139 20 19 U.
462 138 20 19 B.
497 149 28 3 —
541 138 53 24 Prop.
610 137 31 21 N:o
657 137 33 20 36.

178 203 91 28 gångna
292 202 146 28 förbrytelser,
461 202 8 22 i
483 202 76 22 hvilka
581 203 69 27 något
671 200 111 29 tjenstefel
804 201 48 22 icke
870 199 70 28 ingår.

179 236 96 23 Straffen
290 236 34 21 för
339 236 63 22 dessa
416 236 144 28 förbrytelser
568 238 96 21 utsättas
675 236 29 21 då
719 235 69 28 enligt
803 235 79 22 allmän
897 235 43 27 lag,

179 272 69 21 ehuru
263 271 27 22 de
306 271 87 22 ådömas
408 271 26 22 af
446 271 205 28 specialdomstolar.

248 311 46 22 Det
308 317 51 22 nyss
374 312 69 27 sagda
458 312 68 27 gäller
540 311 166 22 förhållandena
721 310 8 22 i
743 310 99 22 fredstid.
872 309 12 22 I
900 309 41 22 fält

181 346 91 28 påkalla
287 346 27 22 de
322 345 97 23 faktiska
430 346 213 28 omständigheterna
653 345 129 28 oafvisligen
793 351 27 16 en
833 345 109 21 ntsträck-

178 381 54 28 ning
253 380 25 23 af
298 381 237 22 militärdomstolarnas
557 381 127 27 kompetens
706 379 34 22 till
762 379 132 22 åtminstone
913 379 28 21 de

180 415 64 22 flesta
258 415 66 28 brott,
340 415 117 28 begångna
467 415 25 22 af
499 421 107 22 personer,
623 421 45 16 som
678 415 54 21 höra
745 414 35 21 till
789 412 151 29 krigsmakten

178 450 54 22 eller
247 450 67 22 också
330 450 56 21 blott
401 450 78 28 åtfölja
494 450 130 22 densamma.

249 496 86 22 Jemväl
353 496 37 22 det
403 503 29 14 nu
454 495 152 29 föreliggande
622 495 106 28 förslaget
742 495 35 22 till
791 493 100 28 strafflag
906 493 34 22 för

180 531 72 22 finska
266 531 108 22 militären
390 533 24 20 är
428 531 8 22 i
451 531 123 22 hufvudsak
583 531 71 27 bygdt
668 531 29 26 på
712 529 65 22 ofvan
790 529 98 27 antydda
903 529 37 21 all-

179 568 81 19 männa
274 565 101 28 grunder.
405 565 33 22 De
460 566 59 21 brott
534 566 39 21 och
587 565 121 26 förseelser,
731 570 45 15 som
791 563 8 22 i
822 563 119 22 detsamma

180 600 107 28 beläggas
302 600 49 22 med
366 607 84 20 ansvar,
474 602 37 20 äro
527 600 46 21 dels
588 606 52 15 rena
655 598 117 29 tjenstefel,
796 598 46 21 dels
857 597 84 22 sådana

179 634 120 23 straffbara
314 635 136 27 handlingar,
466 641 44 15 som
524 634 129 27 visserligen
668 633 34 22 till
717 633 32 22 sin
765 632 123 28 väsentliga
903 632 38 21 ka-

179 669 77 22 rakter
271 671 37 20 äro
323 669 60 22 brott
396 671 45 20 mot
456 669 78 22 allmän
549 669 43 28 lag,
608 669 71 21 såsom
690 668 26 21 de
726 667 73 22 skilda
814 668 88 21 arterna
917 665 25 22 af

180 703 139 28 misshandel,
342 704 162 27 ärekränkning
519 710 27 15 m.
562 710 34 20 m.,
619 709 49 16 men
691 709 45 16 som
758 708 77 21 genom
858 701 26 22 de
899 707 42 16 om-

182 738 158 28 ständigheter,
356 738 68 22 under
438 738 74 23 hvilka
528 738 26 22 de
569 738 113 26 föröfvats,
698 738 30 26 på
738 743 81 15 samma
834 736 60 28 gång
909 735 32 22 in-

181 772 87 22 nefatta
278 780 27 15 en
320 773 124 28 kränkning
454 773 24 21 af
490 773 100 28 reglerna
600 772 34 22 för
649 772 38 22 det
696 771 95 22 militära
806 770 68 22 lifvet.
895 770 47 22 Och

179 808 8 21 i
201 807 95 23 fredstid
310 810 26 19 är
350 808 43 27 det,
410 808 68 27 enligt
492 808 149 27 lagförslaget,
658 806 78 22 endast
750 806 34 21 till
799 805 141 27 förbrytelser

182 842 26 21 af
221 842 67 22 ofvan
298 842 96 27 antydda
404 842 154 27 beskaffenhet,
574 848 45 15 som
630 840 239 23 militärdomstolarnas
883 840 58 21 kom-

179 878 78 26 petens
273 876 143 23 öfverhufvud
431 877 97 21 sträcker
542 876 42 28 sig.

248 923 50 22 Den
313 922 125 29 föreslagna
448 923 208 27 militärstrafflagen
671 921 70 28 gifver
752 921 93 22 sålunda
859 920 9 22 i
878 920 63 22 dessa

178 957 140 22 hänseenden
340 957 48 22 icke
412 957 48 22 skäl
482 957 34 22 till
538 958 70 27 några
622 956 125 27 väsentliga
764 955 176 27 anmärkningar.

179 991 117 22 Utskottet
317 991 41 22 har
370 991 78 22 endast
470 993 72 20 ansett
557 991 34 28 sig
606 991 54 22 böra
678 990 113 22 utsträcka
808 989 76 28 lagens
899 995 43 15 om-

179 1025 105 28 fattning,
300 1025 8 22 i
324 1025 102 22 afseende
442 1026 14 21 å
471 1026 149 21 misshandels-
634 1025 40 22 och
684 1023 257 28 ärekränkningsförbry-

178 1060 68 22 telser
261 1062 57 20 samt
331 1061 60 21 brott
405 1063 45 19 mot
465 1061 162 27 eganderätten,
652 1060 83 21 derhän
750 1060 35 21 att
799 1058 45 22 alla
858 1057 83 23 sådana

177 1095 150 27 förbrytelser,
339 1095 29 21 då
378 1095 27 22 de
415 1095 106 22 föröfvats
532 1095 78 22 mellan
617 1094 113 28 krigsmän
739 1093 107 27 inbördes,
858 1093 84 21 komme

181 1131 35 20 att
230 1130 116 21 betraktas
360 1130 72 21 såsom
446 1129 94 22 militära
549 1130 70 26 brott;
635 1129 41 22 och
690 1129 40 21 har
738 1128 115 22 Utskottet
862 1127 8 22 i
880 1127 62 22 detta

180 1164 59 27 syfte
255 1164 145 27 omredigerat
422 1164 13 29 &
452 1166 40 20 109
507 1166 56 20 samt
578 1164 62 27 fogat
655 1164 34 21 ett
703 1163 79 27 tillägg
799 1161 35 22 till
856 1161 4 29 $
877 1163 41 20 122
934 1161 8 22 i

179 1199 158 22 betänkandet.

248 1239 12 21 I
283 1239 65 27 fråga
371 1245 34 16 om
428 1239 27 22 de
477 1245 107 21 personer,
608 1239 13 21 å
638 1238 77 22 hvilka
732 1236 210 28 militärstrafflagen

179 1273 58 22 skall
260 1273 116 27 tillämpas,
399 1273 41 22 har
454 1273 114 22 Utskottet
588 1273 96 22 deremot
706 1271 114 28 föreslagit
839 1277 27 16 en
883 1266 60 26 mera

177 1307 126 28 betydande
328 1307 135 28 förändring,
492 1308 135 22 hänförande
650 1307 36 28 sig
711 1307 34 21 till
770 1306 27 22 de
816 1305 38 22 vid
873 1305 70 28 krigs-

178 1342 91 22 makten
291 1342 101 22 anstälda
416 1342 66 23 civila
502 1343 141 27 tjenstemäns
666 1341 112 27 ställning.
815 1339 77 29 Enligt
914 1345 29 16 nu

178 1376 104 28 gällande
297 1377 109 27 straffllag
417 1377 25 21 af
455 1377 41 22 den
512 1379 11 19 7
534 1377 56 27 april
606 1378 62 26 1877,
685 1378 37 20 äro
733 1376 62 21 desse
805 1375 137 27 tjenstemän,

177 1410 47 22 lika
238 1411 51 22 med
305 1412 115 27 militären,
444 1412 160 22 underkastade
619 1411 69 28 sagde
710 1410 48 28 lags
773 1408 169 28 bestämningar.

178 1445 52 22 Men
246 1445 42 22 den
303 1446 87 27 komité,
406 1452 46 16 som
462 1446 58 22 varit
530 1446 80 22 tillsatt
625 1445 34 22 för
668 1443 143 29 uppgörande
822 1443 25 22 af
860 1443 82 28 förslag

247 1485 143 23 Lagutskottets
402 1486 117 18 betänkande
528 1486 36 18 N:o
576 1486 16 17 8.
