1048 1689
237 142 13 19 4
440 140 25 22 U.
480 140 24 22 B.
520 152 27 3 —
562 139 66 29 Prop.
643 138 38 23 N:o
696 136 37 23 40.

277 206 167 23 Militiefondens
461 205 107 23 ordinarie
583 205 119 22 inkomster
717 203 73 28 uppgå
805 203 65 21 alltså

208 241 33 22 för
256 242 25 21 år
297 242 54 21 1883
367 241 33 22 till
424 259 4 4 .
459 257 5 5 .
495 258 4 4 .
531 257 4 5 .
603 257 41 4 «<
676 257 4 4 -
710 255 6 5 -
746 255 6 4 +
782 255 5 4 +
803 238 120 25 2,880,000:
939 247 27 4 —

220 294 9 9 »
264 293 10 10 »
296 278 55 19 1884
366 276 34 21 till
422 293 5 4 .
458 293 4 4 <
493 293 5 4 .
531 292 4 5 so
566 292 5 4 so
638 291 5 5 os
674 291 5 5 so
710 289 4 4 +
746 290 5 4 +
783 289 5 5 +
804 273 120 26 2,025,000:
939 282 28 3 —

220 327 10 11 »
263 326 11 9 »
297 313 54 19 1885
366 311 33 22 till
425 328 2 4 .
458 327 5 5 .
494 327 5 4 .
532 327 4 4 .
675 324 40 5 <.
747 324 5 5 +
776 303 15 36 +
804 307 120 26 2,080,000:
939 316 28 4 —

414 314 132 36 niit
579 314 162 36 isäni
801 314 171 36 Ta

210 351 53 22 eller
283 351 157 28 sammanlagdt
458 351 34 22 för
506 350 176 27 treärsperioden
696 348 33 22 till
745 347 43 27 m
804 348 120 26 6,985,000:
939 357 28 4 —

280 392 76 22 Såsom
377 392 106 22 ordinarie
503 391 91 28 tillgång
614 393 24 19 är
655 390 74 21 vidare
744 390 33 20 att
791 388 79 21 räknas
886 386 81 22 behäll-

210 427 79 27 ningen
311 426 7 22 i
340 426 155 22 militiefonden
517 426 36 21 vid
575 425 111 27 utgängen
702 423 23 22 af
740 424 61 20 1882.
831 422 44 22 Det
889 420 78 28 belopp

212 463 84 25 65,355:
320 463 33 25 89,
377 461 85 22 hvartill
486 460 70 23 denna
579 459 123 27 behållning
724 457 70 23 blifvit
812 457 7 21 i
834 457 42 21 den
890 451 79 35 nädiga

210 496 162 27 propositionen
395 496 116 26 beräknad,
534 495 58 22 visar
615 494 32 28 sig
670 493 36 22 vid
724 494 99 20 närmare
839 490 130 28 granskning

211 537 52 15 vara
283 530 32 22 för
333 530 52 28 lågt.
416 530 76 22 Såsom
512 530 23 22 af
551 530 76 26 Bilaga
644 529 20 21 II
680 528 32 22 till
727 533 61 22 prop.
803 532 35 16 n:o
854 527 28 20 40
898 530 71 22 synes,

211 566 66 26 utgör
292 566 61 21 detta
368 565 78 27 belopp
462 565 112 21 skilnaden
589 564 80 21 mellan
684 562 124 26 behållning
824 560 39 22 och
877 560 94 21 inkomst

211 600 8 21 i
237 599 156 22 militiefonden
416 601 60 25 1882,
496 600 13 21 å
525 606 41 15 ena
581 598 69 27 sidan,
667 597 40 23 och
723 596 91 22 fondens
829 594 89 28 utgifter
933 600 37 16 en-

212 634 40 27 ligt
275 633 167 29 statsförslaget,
466 634 13 22 å
498 634 67 22 andra
583 633 68 22 sidan.
681 632 51 22 Men
746 631 8 21 i
770 629 162 27 statsförslaget
947 630 24 20 är

213 668 100 28 anslaget
327 668 33 22 för
374 675 102 15 reserven
490 670 107 26 upptaget
612 668 33 21 till
662 666 120 28 1,500,000,
799 665 68 22 ehuru
882 664 37 22 det
935 669 36 16 en-

213 703 40 27 ligt
269 703 42 21 den
325 705 98 20 närmare
438 703 147 27 beräkningen
599 702 8 21 i
622 701 91 27 Bilagan
728 700 31 22 III
774 699 77 23 endast
866 699 39 21 bör
915 698 57 26 stiga

213 738 34 21 till
271 739 119 25 1,067,481.
421 737 71 21 Alltså
514 737 45 26 bör,
584 736 62 22 äfven
664 742 35 15 om
714 740 101 16 reserven
832 734 54 21 1882
901 732 71 22 blefve

213 772 102 27 inkallad,
332 772 112 22 skilnaden
459 772 79 22 mellan
550 772 64 21 dessa
623 771 70 27 begge
704 775 95 16 summor
809 769 91 25 432,519
911 766 61 22 mark

214 807 66 21 blifva
295 807 7 21 i
317 807 72 22 behåll
405 807 40 22 och
460 806 167 22 militiefondens
643 804 121 23 öfverskott
778 803 84 22 derföre
872 802 99 22 utbalan-

215 848 60 15 seras
286 842 50 21 med
347 843 91 25 432,519
449 844 23 23 +
484 843 83 25 65,355:
577 842 26 20 89
615 840 53 22 eller
678 839 140 23 tillsammans
830 839 99 25 497,874:
939 838 32 20 89.

283 882 86 27 Lägges
384 888 29 15 nu
429 882 60 22 detta
505 881 120 23 öfverskott
647 898 1 4 .
680 897 4 5 .
716 896 5 5 .
752 896 4 5 .
788 896 4 4 .
829 879 100 26 497,874:
946 878 26 20 89

214 917 33 21 till
263 916 154 22 ofvanstäende
432 916 119 21 inkomster
575 931 4 4 .
609 931 5 5 .
645 931 4 4 .
680 930 5 5 .
716 931 5 4 .
751 929 5 5 .
788 930 4 4 .
810 914 119 25 6,985,000:
945 923 28 3 —

215 958 26 21 så
255 957 92 28 uppstår
362 957 38 22 det
414 957 78 27 belopp
508 956 33 23 af.
573 974 4 4 .
609 973 4 4 .
645 973 4 4 .
681 973 4 4 .
717 972 5 4 .
753 955 43 26 my
811 950 118 31 1,482,874:
947 954 26 19 89

216 1004 48 15 som
282 997 156 22 militiefonden
458 997 40 22 har
516 998 34 20 att
569 996 115 27 disponera
703 995 33 22 för
756 993 140 23 bestridande
912 992 22 22 af
948 993 26 21 de

216 1032 94 21 militära
325 1031 117 28 utgifterna
457 1032 68 21 under
540 1030 175 28 treårsperioden
732 1029 147 22 1883—1885.

287 1067 40 21 Om
341 1067 55 21 ifrån
412 1067 26 21 de
453 1066 124 22 beräknade
592 1064 118 29 utgifterna
740 1081 4 4 .
776 1063 155 26 .18,511,765:
948 1063 25 20 71

217 1101 100 28 afdragas
334 1102 27 21 de
376 1101 139 28 kalkylerade
529 1101 143 26 tillgångarne
704 1116 4 4 .
739 1115 5 4 .
775 1114 5 5 .
811 1098 119 25 7,482,874:
947 1097 27 21 89

217 1143 26 21 sä
258 1143 91 26 uppstår
365 1149 25 14 en
406 1142 55 21 brist
476 1141 22 22 af
525 1158 2 5 .
559 1158 4 4 .
594 1158 4 4 .
630 1157 5 4 .
665 1156 5 5 .
702 1156 5 5 .
738 1139 43 26 Jag
798 1139 133 26 11,028,890:
948 1138 27 21 82

217 1189 48 16 som
279 1183 41 22 bör
334 1183 23 22 af
370 1183 68 22 andra
453 1182 121 28 disponibla
588 1181 70 22 medel
673 1180 70 28 fyllas.

287 1218 62 21 Huru
367 1218 71 22 medel
457 1217 33 22 för
510 1218 61 21 detta
590 1215 100 23 ändamål
709 1215 62 21 skola
786 1212 114 27 anskaffas,
917 1212 62 23 deraf

217 1253 63 27 ingär
302 1253 114 22 Utskottet
437 1253 7 20 i
463 1251 100 29 pröfning
583 1251 32 22 uti
634 1251 40 21 sitt
693 1249 137 22 betänkande
846 1254 34 15 n:o
897 1249 27 20 14
939 1253 37 15 an-

219 1288 85 27 gäende
323 1287 101 27 samtliga
442 1287 27 22 de
489 1287 36 22 vid
543 1285 131 28 landtdagen
694 1285 24 21 är
735 1285 53 20 1882
806 1283 80 22 äskade
902 1282 75 27 anslag

219 1329 26 14 m.
267 1329 28 15 m.
325 1322 46 21 Här
389 1321 33 22 fär
442 1321 114 22 Utskottet
575 1320 29 28 pä
623 1319 69 28 grund
709 1318 23 22 af
744 1318 57 22 hvad
817 1317 63 22 ofvan
895 1317 82 22 anförts

219 1357 78 22 endast
312 1357 111 22 vördsamt
437 1355 81 23 föreslä

394 1422 31 19 att
444 1419 118 22 ständerna
579 1420 72 20 säsom
667 1417 89 23 tillskott
771 1416 31 22 till
816 1415 163 27 militiefondens

325 1455 106 22 ordinarie
445 1454 113 22 inkomster
572 1454 34 26 för
621 1452 134 22 bestridande
771 1451 27 27 af
807 1450 25 22 de
841 1450 94 22 militära
945 1451 33 20 ut-

291 1494 149 19 Statsutskottets
452 1494 117 18 betänkande
581 1494 36 18 N:o
629 1494 28 17 11.
