1039 1673
208 104 12 19 8
406 102 24 22 U.
446 102 25 22 B.
486 115 28 2 —
530 102 65 29 Prop.
610 102 39 23 N:o
665 100 32 25 37.

180 167 40 22 och
236 168 7 21 i
257 167 58 22 hvad
330 174 49 16 mon
398 168 149 27 ansökningen
562 168 73 22 kunde
650 168 95 27 bhifallas;
763 169 40 21 och
819 168 69 23 skulle
903 168 35 22 vid

179 202 70 22 sädan
271 201 100 29 pröfning
388 203 83 28 hänsyn
491 204 63 26 tagas
575 203 18 27 ej
609 203 84 22 mindre
708 203 33 21 till
757 203 40 22 den
813 203 50 28 plan
878 203 60 22 kom-

178 243 80 15 munen
281 237 83 27 antagit
384 237 33 22 för
436 238 39 21 sitt
495 236 214 23 folkskoleväsendes
729 237 173 28 genomförande,
917 235 24 24 af

178 271 89 22 hvilken
281 271 50 27 plan
347 272 147 27 ansökningen
515 271 85 23 derföre
615 272 68 22 borde
697 272 93 27 åtföljas,
806 274 27 20 än
849 272 41 22 ock
906 271 32 22 till

179 306 142 21 kommunens
336 305 152 29 folkmängds-,
505 307 68 22 areal-
590 307 41 21 ock
647 306 220 28 spräkförhällanden.

249 340 114 23 Utskottet
384 341 43 22 kan
449 341 48 22 icke
521 341 58 27 dölja
598 341 33 22 för
647 341 40 27 sig,
703 343 33 20 att
752 341 140 22 omförmälda
906 341 32 21 in-

180 375 137 22 skränkande
332 375 120 28 stadgande
467 376 48 22 icke
530 376 56 21 varit
601 378 53 19 utan
670 376 40 21 allt
724 376 116 28 inflytande
855 376 28 27 pä
895 375 43 22 till-

179 410 101 21 komsten
295 409 23 22 af
335 417 42 20 nya
398 410 125 27 folkskolor,
543 411 7 21 i
566 411 37 21 det
627 411 46 22 dels
689 411 109 26 ätskilliga
813 411 126 21 kommuner

180 444 87 21 erhällit
282 444 68 27 afslag
366 445 12 22 &
394 445 46 22 sina
456 445 145 28 ansökningar
617 451 35 16 om
667 445 77 27 bidrag
759 445 32 22 till
806 451 41 22 nya
858 444 79 27 skolor,

180 479 46 22 dels
242 479 41 22 och
298 479 82 22 kanske
395 480 6 21 i
418 482 55 19 ännu
489 479 52 23 flere
556 479 37 22 fall
609 480 127 22 kommuner
747 480 52 21 eller
809 479 77 28 byalag
897 479 41 22 och

180 514 98 21 enskilda
301 520 108 21 personer,
433 521 46 16 som
501 515 59 22 velat
579 515 81 22 inrätta
675 514 124 27 folkskolor,
816 513 121 23 afskräckts

180 550 33 20 att
226 549 34 21 till
283 549 105 27 styrelsen
410 549 51 27 ingä
479 549 50 22 med
549 550 121 27 ansökning
690 555 34 16 om
739 549 77 27 bidrag
831 549 71 22 dertill
917 548 23 22 af

180 583 108 22 allmänna
302 583 77 22 medel.
409 584 156 22 Erfarenheten
582 584 39 22 har
637 584 66 22 ocksä
719 584 65 21 redan
799 583 91 28 bevisat,
905 585 33 19 att

180 618 71 27 nägon
266 617 47 22 fara
333 618 48 22 icke
402 621 24 19 är
440 618 89 23 förenad
548 619 50 22 med
613 620 34 20 att
661 619 80 27 bevilja
756 618 91 22 ansökta
861 618 77 26 bidrag

181 653 32 21 till
228 652 126 27 folkskolor,
374 653 55 22 blott
449 653 36 22 det
500 653 68 22 vakas
588 653 59 22 öfver
663 655 33 20 att
711 652 226 23 folkskoleförordnin-

179 693 53 21 gens
248 686 132 23 föreskrifter
395 687 23 22 af
431 688 124 22 sökandene
570 694 57 21 noga
642 688 116 27 iakttagas.
788 687 47 22 Den
851 687 87 27 knappa

179 721 91 28 tillgång
284 722 28 27 pä
326 722 77 27 medel,
420 728 46 16 som
482 723 24 21 år
523 724 54 20 1872
593 723 72 21 kunde
681 721 74 23 fordra
770 728 25 16 en
806 722 44 22 viss
860 721 77 27 försig-

180 756 76 28 tighet,
273 758 39 25 gör
327 757 33 27 sig
375 757 47 22 icke
439 757 68 22 heller
525 764 89 15 numera
629 757 7 21 i
651 757 45 21 lika
711 757 43 27 hög
769 757 53 26 grad
831 756 105 28 gällande.

179 791 118 22 Dessutom
313 793 24 19 är
351 791 122 22 införandet
488 791 23 22 af
524 792 79 21 allmän
618 791 122 27 värnepligt
756 792 32 20 ett
801 790 78 28 vigtigt
890 790 47 22 skäl

180 827 33 21 att
227 826 7 21 i
250 826 122 27 möjligaste
387 826 68 22 mätto
470 826 81 23 bereda
566 826 53 22 hvar
634 833 50 15 man
699 826 83 22 tillfälle
793 827 33 20 att
834 824 104 23 förskaffa

180 861 33 26 sig
229 861 42 21 den
290 860 68 23 fördel
373 861 7 21 i
396 861 101 22 afseende
517 861 14 22 ä
545 861 147 28 tjenstetiden,
713 867 46 15 som
775 859 93 23 afslutad
882 859 55 22 folk-

180 895 115 22 skolekurs
310 895 88 22 medför.
429 896 30 21 På
472 896 68 27 grund
558 895 63 22 häraf
634 895 40 22 har
689 895 113 22 Utskottet
818 896 72 20 ansett
905 894 33 27 sig

180 929 54 22 böra
248 929 82 22 föreslä
344 929 118 23 ständerna
476 932 33 19 att
523 930 8 21 i
547 930 62 22 deras
625 929 148 28 underdäniga
785 935 49 16 svar
844 929 28 27 pä
882 928 55 22 före-

180 965 95 21 varande
290 964 78 27 nädiga
383 965 133 27 proposition
532 965 86 22 anhälla
634 966 33 20 att
683 963 62 23 ofvan
757 963 89 22 anförda
855 964 83 26 kungö-

180 999 56 21 relse
253 998 23 22 af
290 999 40 22 den
349 1001 25 19 13
395 999 58 22 Mars
475 1001 54 20 1873
545 999 70 22 blefve
631 998 96 28 upphäfd
743 1000 55 20 samt
812 997 12 28 $
841 999 39 20 119
897 997 41 22 och

181 1033 90 22 dermed
286 1033 210 28 sammanhängande
512 1033 135 28 stadganden
662 1034 7 21 i
679 1032 259 27 folkskoleförordningen

180 1067 22 22 af
217 1067 43 22 den
277 1069 24 20 11
319 1068 41 27 Maj
373 1069 55 20 1866
439 1068 133 22 förklarades
583 1068 48 22 åter
641 1068 100 27 gällande
752 1067 7 21 i
769 1067 34 22 sin
812 1066 52 22 fulla
875 1065 63 22 kraft.

249 1102 64 22 Hvad
327 1102 103 22 beträffar
444 1102 75 28 sjelfva
535 1103 98 26 anslaget
648 1102 34 22 för
692 1101 118 22 folkskolor
820 1101 28 27 på
858 1100 80 27 landet,

181 1137 24 21 så
221 1137 39 21 har
280 1136 120 23 detsamma
418 1137 131 28 kalkylerats
569 1139 33 20 att
620 1137 34 22 för
668 1135 145 23 innevarande
829 1135 24 22 år
868 1135 72 28 uppgå

181 1171 31 21 till
228 1173 94 24 283,800
342 1171 124 27 markloch,
483 1171 55 22 efter
553 1171 120 27 beräkning
688 1170 23 23 af
723 1172 27 20 40
766 1176 41 22 nya
822 1169 118 22 folkskolor

180 1205 34 22 för
229 1206 54 25 året,
304 1207 83 21 ansetts
407 1206 73 22 fordra
494 1206 34 22 för
543 1206 42 23 fem
601 1206 24 21 år
641 1212 26 15 en
683 1205 113 27 tillökning
811 1204 24 22 af
848 1205 92 25 300,000

180 1240 61 22 mark
257 1240 52 22 eller
324 1240 7 21 i
346 1241 102 21 medeltal
467 1242 77 25 60,000
565 1240 59 22 mark
640 1240 33 22 för
689 1240 53 21 året.
773 1239 113 22 Utskottet
902 1238 38 21 har

179 1277 46 19 mot
241 1275 71 22 denna
327 1275 119 28 beräkning
461 1275 55 22 intet
531 1277 32 20 att
579 1275 109 22 anmärka.
718 1274 62 21 Dock
796 1273 68 28 gäller
878 1272 62 23 äfven

178 1309 47 25 här,
248 1309 78 22 liksom
345 1309 36 22 vid
399 1309 27 22 de
442 1310 37 21 två
496 1309 181 28 nästföregående
693 1309 198 26 anslagsposterna,
908 1309 32 20 att

179 1343 150 28 förhöjningen
352 1343 34 23 för
406 1345 34 21 tre
460 1344 23 22 år
498 1344 8 22 i
520 1343 103 23 medeltal
642 1343 34 23 för
691 1343 25 21 år
730 1342 70 23 blefve
815 1342 83 22 mindre
914 1343 26 20 än

178 1378 34 22 för
226 1378 44 22 fem
286 1378 30 26 år,
331 1384 50 15 men
396 1378 50 22 med
463 1378 102 22 afseende
584 1378 58 26 derå,
659 1380 34 20 att
707 1377 7 22 i
729 1377 52 27 följd
796 1376 23 22 af
832 1376 38 22 det
884 1375 56 23 före-

182 1412 76 27 slagna
281 1411 161 29 upphäfvandet
461 1412 22 22 af
495 1412 146 28 kungörelsen
657 1412 41 22 den
716 1413 25 19 13
757 1411 58 22 Mars
832 1412 54 20 1873
903 1416 37 16 an-

250 1450 150 19 Statsutskottets
414 1451 116 19 betänkande
542 1452 36 20 N:o
591 1452 28 17 10.
