1039 1673
213 130 11 20 6
406 128 24 22 U.
447 128 23 22 B.
486 141 26 3 —
529 129 66 28 Prop.
610 128 39 23 N:o
665 127 33 23 37.

184 194 118 28 derdäniga
316 194 128 22 hemställan
460 195 6 21 i
482 196 73 20 ämnet
570 194 39 22 hos
625 194 61 22 Hans
701 194 121 28 Kejserliga
836 194 104 28 Majestät

183 229 32 21 till
232 228 83 22 förmon
331 228 33 22 för
378 228 162 28 ifrågavarande
556 229 119 27 anordning
691 228 76 28 anfört,
778 229 49 21 med
838 227 101 23 afseende

181 263 81 27 jemväl
278 263 13 21 &
306 263 27 22 de
351 264 121 27 betydande
492 264 82 27 anslag,
593 270 47 15 som
657 264 35 21 vid
708 264 67 26 sagde
789 263 104 27 landtdag
908 262 33 22 för

183 297 213 23 folkskoleväsendet
410 298 132 28 päkallades,
563 300 72 20 ansett
650 298 33 27 sig
697 297 65 22 hafva
777 297 47 22 skäl
840 299 31 20 att
886 296 54 22 afslä

185 332 37 21 det
238 331 34 22 för
286 331 256 29 folkskoleinspektionen
557 332 128 28 ifrägasatta
700 332 80 28 anslag.

254 366 42 22 Vid
311 367 155 27 behandlingen
477 367 7 21 i
495 367 170 22 Statsutskottet
675 366 23 22 af
707 366 66 22 dessa
780 366 161 27 anslagsposter

184 400 65 22 hafva
269 403 45 19 mot
335 402 40 21 den
395 402 123 27 föreslagna
536 402 151 21 institutionen
715 401 109 27 ätskilliga
849 400 91 22 betänk-

184 435 94 28 ligheter
294 435 88 28 anförts,
399 437 71 21 säsom
488 438 33 20 att
536 436 85 27 dugliga
636 435 243 28 folkskoleinspektorer
893 435 48 21 icke

185 470 73 22 kunde
274 471 92 21 erhällas
385 471 33 22 för
433 477 26 16 en
474 471 94 28 aflöning
587 471 22 22 af
623 473 64 24 4,000
702 471 67 26 mark,
785 469 99 23 hvarföre
900 469 41 22 den

185 511 42 21 nya
242 505 150 28 inspektionen
412 506 109 22 sannolikt
539 507 48 21 icke
605 506 70 22 blefve
691 506 71 21 bättre
778 507 26 20 än
819 505 41 21 den
876 510 65 16 nuva-

185 540 75 26 rande,
276 542 34 20 att
324 541 42 21 den
380 540 120 29 föreslagna
515 541 149 22 institutionen
680 547 50 15 vore
747 540 69 27 egnad
830 541 34 20 att
873 539 69 22 införa

187 579 27 16 en
230 575 84 26 ensidig
332 575 116 22 formalism
464 576 6 21 i
486 576 41 21 den
547 581 56 21 unga
621 575 128 25 folkskolan,
766 574 86 22 hvilken
868 573 74 22 heldre

186 609 70 21 under
271 609 41 22 den
327 611 108 20 närmaste
450 609 114 22 framtiden
578 610 67 21 borde
661 609 22 22 få
698 609 77 27 stadga
786 609 32 26 sig
828 608 41 22 och
879 608 63 21 vinna

187 649 27 16 en
229 643 29 28 på
274 643 71 22 lokala
360 643 147 23 förhållanden
523 645 97 26 grundad
631 643 179 28 sjelfständighet,
822 645 56 20 samt
889 643 53 21 slut-

187 678 58 27 ligen
261 680 33 20 att
309 679 149 22 institutionen
473 680 85 21 komme
574 681 33 20 att
621 679 65 27 vidga
701 678 80 28 klyftan
798 678 78 21 mellan
888 677 54 22 folk-

188 712 77 22 skolan
281 713 39 22 och
340 713 88 28 kyrkan,
455 716 50 20 enär
530 712 412 29 folkskoleinspektorsbefattningarna,

188 753 46 15 som
250 747 77 22 hittills
347 749 116 21 mestadels
483 748 107 22 innehafts
606 748 23 21 af
642 750 90 25 prester,
748 747 95 22 härefter
858 747 85 21 komme

190 783 34 20 att
238 781 134 23 handhafvas
388 783 22 22 af
422 789 109 21 personer,
548 789 46 16 som
605 783 47 21 icke
663 782 100 22 tillhörde
774 781 169 28 presterskapet.

187 815 116 23 Utskottet
325 817 39 22 har
387 818 55 22 dock
462 819 72 21 ansett
553 818 64 22 dessa
633 817 40 22 och
689 817 67 21 andra
771 815 173 27 betänkligheter

188 850 49 22 icke
263 852 53 21 böra
342 854 111 25 gentemot
480 853 27 21 de
534 853 81 27 vigtiga
639 852 55 26 skäl,
722 858 45 14 som
790 850 24 22 af
834 846 110 30 Öfversty-

188 886 73 22 relsen
282 886 34 22 för
335 887 152 22 skolväsendet
507 887 32 22 till
559 887 50 21 stöd
627 886 34 22 för
682 886 41 22 den
738 892 41 21 nya
794 885 150 22 institutionen

190 920 90 27 anförts,
296 921 112 22 föranleda
423 924 33 20 ett
469 922 138 28 afstyrkande
617 921 24 22 af
649 922 42 21 den
701 920 121 28 föreslagna
831 920 113 21 reformen.

188 954 63 22 Dock
266 956 40 21 har
320 956 113 22 Utskottet
449 958 53 20 trott
520 957 33 26 sig
567 956 53 22 böra
634 955 108 26 fasthålla,
757 954 57 22 hvad
830 954 62 21 äfven
908 949 37 26 Öf-

189 990 147 27 verstyrelsen
353 990 118 28 föreslagit,
491 993 31 20 att
540 990 163 28 ifrågavarande
717 988 228 28 folkskoleinspektors-

190 1024 88 27 tjenster
300 1025 42 21 icke
357 1026 62 21 borde
438 1026 91 21 inrättas
542 1026 31 26 på
589 1025 106 21 ordinarie
709 1024 38 27 fot,
763 1026 53 19 utan
831 1022 115 22 tillsvidare

190 1058 37 22 och
234 1059 57 21 intill
298 1060 48 21 dess
354 1060 61 22 säker
422 1060 115 27 erfarenhet
544 1066 85 20 vunnes,
639 1058 104 22 huruvida
747 1059 34 26 på
789 1058 69 21 denna
865 1058 41 26 väg
912 1057 35 21 det

190 1093 90 27 afsedda
296 1094 122 22 ändamålet
432 1095 68 21 kunde
515 1095 69 25 ernås,
601 1094 93 21 besättas
709 1092 75 22 endast
798 1094 44 19 mot
851 1091 97 22 arvoden.

261 1128 104 28 Anslaget
387 1129 33 21 till
442 1129 167 22 resekostnader
628 1129 7 21 i
655 1128 39 22 och
713 1127 33 22 för
761 1126 149 27 inspektionen
926 1124 24 23 af

190 1162 149 23 folkskolorna
354 1170 27 15 m.
397 1170 27 15 m.
441 1166 24 19 är
478 1164 117 26 föreslaget
610 1164 33 20 att
657 1162 96 27 förhöjas
769 1160 46 22 från
828 1162 77 24 12,000
917 1160 32 21 till

190 1198 80 26 20,000
285 1198 61 21 mark
362 1204 35 16 om
412 1198 53 22 året.
488 1198 73 27 Enligt
576 1193 184 31 Öfverstyrelsens
776 1196 32 21 för
824 1194 125 22 skolväsen-

190 1232 38 22 det
251 1232 86 28 uppgift
359 1232 64 23 hafva
444 1232 195 23 resekostnaderna
661 1231 33 22 för
712 1231 27 21 de
755 1229 124 23 nuvarande
894 1228 55 22 folk-

190 1266 230 28 skoleinspektorerne
440 1268 24 21 år
481 1269 54 20 1880
555 1266 92 28 uppgått
662 1266 33 21 till
711 1266 77 26 14,000
804 1264 66 26 mark,
887 1263 63 21 hvar-

190 1301 35 21 till
246 1302 88 22 komma
356 1302 196 28 öfverinspektorns
571 1301 34 22 för
621 1300 148 22 folkskolorna
788 1298 41 22 och
848 1298 54 21 hans
918 1297 32 21 bi-

191 1336 75 22 trädes
282 1336 173 22 resekostnader.
485 1336 50 22 Med
551 1335 101 22 afseende
668 1335 13 21 å
697 1334 36 22 det
748 1332 105 23 förökade
869 1332 82 21 antalet

190 1370 75 22 skolor
280 1370 40 22 och
336 1370 43 22 den
393 1370 124 22 tillämnade
531 1376 42 21 nya
583 1368 174 28 organisationen
769 1367 22 22 af
799 1366 151 28 inspektionen

191 1406 25 20 är
232 1405 38 21 det
285 1405 99 27 förhöjda
398 1405 99 27 anslaget
512 1404 122 27 säkerligen
650 1402 138 28 nödvändigt.

260 1440 48 21 Den
323 1439 33 22 för
371 1440 160 26 seminarierna,
542 1440 7 20 i
559 1438 153 26 hufvudsaklig
722 1435 226 23 öfverensstämmelse

262 1479 152 18 Statsutskottets
426 1478 116 19 betänkande
555 1479 36 17 N:o
605 1478 27 18 10.
