1056 1689
301 128 80 22 Ständ.
397 130 37 22 Sv.
450 143 25 4 —
494 133 67 27 Prop.
579 134 39 21 N:o
633 135 35 21 43.
815 138 12 19 3

314 193 31 19 sin
366 194 218 27 krigstjenstskyldighet,
600 199 73 20 räknas
687 200 126 24 fortfarande
827 202 30 19 till

313 227 23 20 de
356 228 114 27 kommuner,
491 231 63 20 hvilka
574 233 22 18 de
611 233 33 19 vid
657 234 85 20 inträdet
755 236 9 19 i
778 232 77 34 tjensten

313 261 92 21 tillhörde.

384 297 114 26 Underbefäl
520 301 33 18 och
567 303 93 24 manskap
676 303 32 20 vid
722 304 65 20 aktiva
803 301 51 33 trup-

308 337 68 18 perna,
393 333 97 23 äfvensom
504 339 100 20 personer,
622 337 85 20 hörande
722 339 29 18 till
764 339 90 20 underbe-

311 365 48 23 fälet
373 367 32 18 vid
419 373 92 19 reserven,
528 371 35 18 äro
578 371 60 19 under
648 372 118 23 tjenstetiden
774 373 33 25 för
814 375 41 18 sine

307 406 93 17 personer
422 402 86 23 befriade
529 404 48 23 från
597 407 104 22 utgörande
720 407 26 24 af
758 408 39 19 alla
807 415 46 17 per-

311 435 63 19 sonela
395 436 98 24 utskylder
516 438 32 19 och
570 439 74 20 besvär.
673 440 94 21 Deremot
780 444 35 18 äro
831 443 23 19 de

306 469 79 25 Pligtige
407 472 29 18 att
457 472 33 23 för
504 473 30 19 sin
548 474 82 19 inkomst
644 475 33 19 och
692 476 88 24 egendom
794 478 8 18 i
816 478 38 19 löst

310 503 32 19 och
363 504 42 24 fast
425 506 78 25 erlägga
517 507 52 20 skatt
583 508 33 19 och
630 509 63 20 andra
704 510 85 25 pålagor
802 514 52 18 samt

309 537 84 25 fullgöra
408 539 22 19 de
445 540 130 26 skyldigheter,
592 543 31 24 lag
638 540 72 32 bjuder.

517 609 67 23 Kap.
597 609 45 20 VI.

454 648 38 22 Om
507 650 203 27 uppbådsområden.

546 692 17 24 $
577 692 33 19 38.

374 730 36 18 Ett
432 731 167 24 uppbådsområde
619 733 38 19 kan
672 734 83 24 omfatta
770 742 21 12 en
806 736 45 20 eller

305 763 48 23 flera
375 764 64 19 lands-
461 765 45 19 eller
521 766 170 26 stadskommuner,
708 775 41 13 men
763 770 34 24 får
811 771 40 19 icke

305 797 60 24 hafva
383 798 74 20 mindre
472 800 25 19 än
512 800 64 24 5,000
591 802 45 19 eller
650 808 53 14 mera
718 804 25 19 än
757 804 33 19 vid
800 800 50 33 pass

305 831 78 23 50,000
399 833 99 20 invånare.

503 902 67 23 Kap.
584 902 69 20 VIII.

325 941 38 21 Om
377 944 143 25 upprättande
536 944 28 27 af
575 945 186 28 uppbådslängder
775 949 56 19 samt

351 977 147 27 ansökningar
513 986 32 13 om
560 979 108 22 särskilda
683 981 118 27 eftergifter

420 1012 9 20 i
443 1014 157 27 värnepligtens
614 1015 122 27 utgörande.

544 1056 17 23 $
576 1055 32 19 53.

371 1093 64 19 Innan
457 1094 35 19 den
510 1095 13 18 5
538 1095 86 20 Januari
636 1096 67 25 hvarje
718 1097 24 19 är
756 1097 51 19 skall
820 1103 29 13 ve-

303 1127 118 20 derbörande
441 1129 124 25 presterskap
581 1130 29 19 till
624 1131 181 24 uppbädsnämnden
819 1132 30 23 af-

303 1161 62 20 sända
389 1162 121 25 specificerad
530 1163 119 26 förteckning
663 1165 55 24 öfver
733 1165 39 20 alla
786 1166 9 19 i
809 1165 40 24 för-

303 1196 103 25 samlingen
427 1197 97 24 inskrifne
541 1205 94 18 personer
656 1199 26 24 af
700 1200 88 23 mankön,
809 1206 41 13 som

301 1231 51 18 inom
374 1231 115 24 föregående
511 1233 24 19 är
544 1233 87 25 uppnått
646 1234 78 24 tjuguett
739 1235 34 19 års
788 1234 60 23 ålder,

302 1265 99 23 äfvensom
423 1265 55 24 öfver
501 1267 39 19 alla
560 1267 22 20 de
596 1268 100 25 ynglingar
711 1269 23 24 af
748 1268 58 25 sagde
821 1269 27 19 ål-

302 1299 39 23 der,
364 1299 65 20 hvilka
451 1300 43 20 året
515 1301 56 24 förut
585 1302 47 24 från
646 1302 138 26 församlingen
799 1303 50 20 bort-

301 1334 69 24 flyttat,
382 1334 60 24 jemte
456 1336 78 24 uppgift
544 1337 29 24 på
584 1337 34 19 den
628 1337 120 25 församling,
760 1338 30 19 dit
797 1338 52 24 flytt-

301 1369 67 24 ningen
385 1369 54 19 skett.
471 1370 155 25 Förteckningen,
642 1372 80 19 hvartill
736 1373 65 24 nödigt
816 1379 33 13 an-

302 1403 27 19 tal
344 1403 109 23 blanketter,
470 1405 116 24 upprättade
600 1406 8 19 i
622 1406 79 25 enlighet
718 1407 54 19 medi
784 1407 67 19 sådant

301 1437 89 24 afseende
412 1438 106 24 faststälät
539 1440 102 23 formulär,
658 1441 50 19 skall
721 1448 67 18 genom
802 1448 47 18 upp-

301 1471 154 21 bädsnämndens
470 1473 79 25 försorg
560 1475 145 24 presterskapet
715 1476 135 19 tillhandahäl-
