<?xml version="1.0" encoding="UTF-8"?>
<alto xmlns="http://www.loc.gov/standards/alto/ns-v3#" xmlns:xlink="http://www.w3.org/1999/xlink" xmlns:xsi="http://www.w3.org/2001/XMLSchema-instance" xsi:schemaLocation="http://www.loc.gov/standards/alto/ns-v3# http://www.loc.gov/alto/v3/alto-3-0.xsd">
	<Description>
		<MeasurementUnit>pixel</MeasurementUnit>
		<sourceImageInformation>
			<fileName>/tmp/tess_hgmlvg8o_input.PNG</fileName>
		</sourceImageInformation>
		<OCRProcessing ID="OCR_0">
			<ocrProcessingStep>
				<processingSoftware>
					<softwareName>tesseract 5.3.4</softwareName>
				</processingSoftware>
			</ocrProcessingStep>
		</OCRProcessing>
	</Description>
	<Layout>
		<Page WIDTH="1014" HEIGHT="1670" PHYSICAL_IMG_NR="0" ID="page_0">
			<PrintSpace HPOS="0" VPOS="0" WIDTH="1014" HEIGHT="1670">
				<ComposedBlock ID="cblock_0" HPOS="258" VPOS="128" WIDTH="529" HEIGHT="29">
					<TextBlock ID="block_0" HPOS="258" VPOS="128" WIDTH="529" HEIGHT="29">
						<TextLine ID="line_0" HPOS="258" VPOS="128" WIDTH="529" HEIGHT="29">
							<String ID="string_0" HPOS="258" VPOS="129" WIDTH="22" HEIGHT="22" WC="0.92" CONTENT="U."/><SP WIDTH="17" VPOS="129" HPOS="280"/>
							<String ID="string_1" HPOS="297" VPOS="128" WIDTH="23" HEIGHT="24" WC="0.88" CONTENT="B."/><SP WIDTH="16" VPOS="128" HPOS="320"/>
							<String ID="string_2" HPOS="336" VPOS="140" WIDTH="29" HEIGHT="6" WC="0.92" CONTENT="—"/><SP WIDTH="16" VPOS="140" HPOS="365"/>
							<String ID="string_3" HPOS="381" VPOS="128" WIDTH="61" HEIGHT="29" WC="0.96" CONTENT="Prop."/><SP WIDTH="18" VPOS="128" HPOS="442"/>
							<String ID="string_4" HPOS="460" VPOS="129" WIDTH="36" HEIGHT="22" WC="0.96" CONTENT="N:o"/><SP WIDTH="17" VPOS="129" HPOS="496"/>
							<String ID="string_5" HPOS="513" VPOS="129" WIDTH="38" HEIGHT="23" WC="0.96" CONTENT="35."/><SP WIDTH="224" VPOS="129" HPOS="551"/>
							<String ID="string_6" HPOS="775" VPOS="129" WIDTH="12" HEIGHT="22" WC="0.96" CONTENT="3"/>
						</TextLine>
					</TextBlock>
				</ComposedBlock>
				<ComposedBlock ID="cblock_1" HPOS="56" VPOS="185" WIDTH="774" HEIGHT="1325">
					<TextBlock ID="block_1" HPOS="56" VPOS="185" WIDTH="763" HEIGHT="337">
						<TextLine ID="line_1" HPOS="56" VPOS="185" WIDTH="762" HEIGHT="27">
							<String ID="string_7" HPOS="56" VPOS="185" WIDTH="62" HEIGHT="27" WC="0.95" CONTENT="skild,"/><SP WIDTH="24" VPOS="185" HPOS="118"/>
							<String ID="string_8" HPOS="142" VPOS="185" WIDTH="32" HEIGHT="22" WC="0.93" CONTENT="för"/><SP WIDTH="22" VPOS="185" HPOS="174"/>
							<String ID="string_9" HPOS="196" VPOS="186" WIDTH="122" HEIGHT="21" WC="0.96" CONTENT="ändamålet"/><SP WIDTH="21" VPOS="186" HPOS="318"/>
							<String ID="string_10" HPOS="339" VPOS="186" WIDTH="77" HEIGHT="21" WC="0.93" CONTENT="utsedd"/><SP WIDTH="22" VPOS="186" HPOS="416"/>
							<String ID="string_11" HPOS="438" VPOS="186" WIDTH="81" HEIGHT="22" WC="0.86" CONTENT="komit6"/><SP WIDTH="14" VPOS="186" HPOS="519"/>
							<String ID="string_12" HPOS="533" VPOS="186" WIDTH="53" HEIGHT="22" WC="0.96" CONTENT="eller"/><SP WIDTH="14" VPOS="186" HPOS="586"/>
							<String ID="string_13" HPOS="600" VPOS="187" WIDTH="23" HEIGHT="21" WC="0.94" CONTENT="ät"/><SP WIDTH="16" VPOS="187" HPOS="623"/>
							<String ID="string_14" HPOS="639" VPOS="187" WIDTH="39" HEIGHT="22" WC="0.93" CONTENT="den"/><SP WIDTH="16" VPOS="187" HPOS="678"/>
							<String ID="string_15" HPOS="694" VPOS="187" WIDTH="124" HEIGHT="21" WC="0.93" CONTENT="förstärkta-"/>
						</TextLine>
						<TextLine ID="line_2" HPOS="57" VPOS="220" WIDTH="760" HEIGHT="27">
							<String ID="string_16" HPOS="57" VPOS="220" WIDTH="121" HEIGHT="21" WC="0.93" CONTENT="kommunal"/><SP WIDTH="9" VPOS="220" HPOS="178"/>
							<String ID="string_17" HPOS="187" VPOS="220" WIDTH="112" HEIGHT="27" WC="0.96" CONTENT="nämnden,"/><SP WIDTH="9" VPOS="220" HPOS="299"/>
							<String ID="string_18" HPOS="308" VPOS="220" WIDTH="39" HEIGHT="22" WC="0.96" CONTENT="och"/><SP WIDTH="9" VPOS="220" HPOS="347"/>
							<String ID="string_19" HPOS="356" VPOS="220" WIDTH="7" HEIGHT="21" WC="0.96" CONTENT="i"/><SP WIDTH="11" VPOS="220" HPOS="363"/>
							<String ID="string_20" HPOS="374" VPOS="221" WIDTH="26" HEIGHT="21" WC="0.96" CONTENT="de"/><SP WIDTH="10" VPOS="221" HPOS="400"/>
							<String ID="string_21" HPOS="410" VPOS="220" WIDTH="61" HEIGHT="22" WC="0.96" CONTENT="flesta"/><SP WIDTH="9" VPOS="220" HPOS="471"/>
							<String ID="string_22" HPOS="480" VPOS="221" WIDTH="127" HEIGHT="21" WC="0.96" CONTENT="kommuner"/><SP WIDTH="7" VPOS="221" HPOS="607"/>
							<String ID="string_23" HPOS="614" VPOS="221" WIDTH="62" HEIGHT="22" WC="0.93" CONTENT="torde"/><SP WIDTH="10" VPOS="221" HPOS="676"/>
							<String ID="string_24" HPOS="686" VPOS="220" WIDTH="131" HEIGHT="23" WC="0.96" CONTENT="sistnämnda"/>
						</TextLine>
						<TextLine ID="line_3" HPOS="57" VPOS="254" WIDTH="761" HEIGHT="28">
							<String ID="string_25" HPOS="57" VPOS="254" WIDTH="123" HEIGHT="27" WC="0.96" CONTENT="myndighet"/><SP WIDTH="22" VPOS="254" HPOS="180"/>
							<String ID="string_26" HPOS="202" VPOS="254" WIDTH="62" HEIGHT="22" WC="0.96" CONTENT="hafva"/><SP WIDTH="22" VPOS="254" HPOS="264"/>
							<String ID="string_27" HPOS="286" VPOS="255" WIDTH="46" HEIGHT="21" WC="0.96" CONTENT="haft"/><SP WIDTH="15" VPOS="255" HPOS="332"/>
							<String ID="string_28" HPOS="347" VPOS="255" WIDTH="59" HEIGHT="21" WC="0.93" CONTENT="detta"/><SP WIDTH="15" VPOS="255" HPOS="406"/>
							<String ID="string_29" HPOS="421" VPOS="255" WIDTH="103" HEIGHT="27" WC="0.96" CONTENT="uppdrag."/><SP WIDTH="31" VPOS="255" HPOS="524"/>
							<String ID="string_30" HPOS="555" VPOS="255" WIDTH="34" HEIGHT="21" WC="0.94" CONTENT="Då"/><SP WIDTH="14" VPOS="255" HPOS="589"/>
							<String ID="string_31" HPOS="603" VPOS="255" WIDTH="105" HEIGHT="22" WC="0.93" CONTENT="utskottet"/><SP WIDTH="16" VPOS="255" HPOS="708"/>
							<String ID="string_32" HPOS="724" VPOS="255" WIDTH="94" HEIGHT="22" WC="0.34" CONTENT="emeller:"/>
						</TextLine>
						<TextLine ID="line_4" HPOS="57" VPOS="289" WIDTH="761" HEIGHT="25">
							<String ID="string_33" HPOS="57" VPOS="289" WIDTH="38" HEIGHT="25" WC="0.95" CONTENT="tid,"/><SP WIDTH="24" VPOS="289" HPOS="95"/>
							<String ID="string_34" HPOS="119" VPOS="289" WIDTH="7" HEIGHT="21" WC="0.95" CONTENT="i"/><SP WIDTH="23" VPOS="289" HPOS="126"/>
							<String ID="string_35" HPOS="149" VPOS="291" WIDTH="107" HEIGHT="19" WC="0.93" CONTENT="närmaste"/><SP WIDTH="22" VPOS="291" HPOS="256"/>
							<String ID="string_36" HPOS="278" VPOS="289" WIDTH="218" HEIGHT="22" WC="0.91" CONTENT="öfverensstämmelse"/><SP WIDTH="23" VPOS="289" HPOS="496"/>
							<String ID="string_37" HPOS="519" VPOS="289" WIDTH="48" HEIGHT="22" WC="0.96" CONTENT="med"/><SP WIDTH="22" VPOS="289" HPOS="567"/>
							<String ID="string_38" HPOS="589" VPOS="289" WIDTH="55" HEIGHT="22" WC="0.96" CONTENT="hvad"/><SP WIDTH="23" VPOS="289" HPOS="644"/>
							<String ID="string_39" HPOS="667" VPOS="289" WIDTH="33" HEIGHT="22" WC="0.93" CONTENT="för"/><SP WIDTH="22" VPOS="289" HPOS="700"/>
							<String ID="string_40" HPOS="722" VPOS="289" WIDTH="96" HEIGHT="23" WC="0.91" CONTENT="stadsko-"/>
						</TextLine>
						<TextLine ID="line_5" HPOS="58" VPOS="322" WIDTH="760" HEIGHT="29">
							<String ID="string_41" HPOS="58" VPOS="329" WIDTH="76" HEIGHT="15" WC="0.95" CONTENT="munen"/><SP WIDTH="15" VPOS="329" HPOS="134"/>
							<String ID="string_42" HPOS="149" VPOS="322" WIDTH="126" HEIGHT="28" WC="0.95" CONTENT="föreslagits."/><SP WIDTH="16" VPOS="322" HPOS="275"/>
							<String ID="string_43" HPOS="291" VPOS="323" WIDTH="39" HEIGHT="22" WC="0.96" CONTENT="och"/><SP WIDTH="16" VPOS="323" HPOS="330"/>
							<String ID="string_44" HPOS="346" VPOS="323" WIDTH="23" HEIGHT="21" WC="0.96" CONTENT="af"/><SP WIDTH="13" VPOS="323" HPOS="369"/>
							<String ID="string_45" HPOS="382" VPOS="323" WIDTH="110" HEIGHT="22" WC="0.96" CONTENT="enahanda"/><SP WIDTH="16" VPOS="323" HPOS="492"/>
							<String ID="string_46" HPOS="508" VPOS="324" WIDTH="93" HEIGHT="25" WC="0.96" CONTENT="orsaker,"/><SP WIDTH="12" VPOS="324" HPOS="601"/>
							<String ID="string_47" HPOS="613" VPOS="325" WIDTH="69" HEIGHT="20" WC="0.92" CONTENT="såsom"/><SP WIDTH="10" VPOS="325" HPOS="682"/>
							<String ID="string_48" HPOS="692" VPOS="323" WIDTH="126" HEIGHT="28" WC="0.92" CONTENT="sjelfskrifne"/>
						</TextLine>
						<TextLine ID="line_6" HPOS="58" VPOS="357" WIDTH="760" HEIGHT="28">
							<String ID="string_49" HPOS="58" VPOS="357" WIDTH="138" HEIGHT="22" WC="0.96" CONTENT="medlemmar"/><SP WIDTH="14" VPOS="357" HPOS="196"/>
							<String ID="string_50" HPOS="210" VPOS="357" WIDTH="8" HEIGHT="21" WC="0.93" CONTENT="i"/><SP WIDTH="14" VPOS="357" HPOS="218"/>
							<String ID="string_51" HPOS="232" VPOS="357" WIDTH="215" HEIGHT="28" WC="0.91" CONTENT="pröfningsnämnden"/><SP WIDTH="15" VPOS="357" HPOS="447"/>
							<String ID="string_52" HPOS="462" VPOS="357" WIDTH="109" HEIGHT="28" WC="0.93" CONTENT="föreslagit"/><SP WIDTH="15" VPOS="357" HPOS="571"/>
							<String ID="string_53" HPOS="586" VPOS="357" WIDTH="145" HEIGHT="23" WC="0.91" CONTENT="ledamöterne"/><SP WIDTH="12" VPOS="357" HPOS="731"/>
							<String ID="string_54" HPOS="743" VPOS="357" WIDTH="7" HEIGHT="22" WC="0.93" CONTENT="i"/><SP WIDTH="9" VPOS="357" HPOS="750"/>
							<String ID="string_55" HPOS="759" VPOS="357" WIDTH="59" HEIGHT="22" WC="0.92" CONTENT="kom-"/>
						</TextLine>
						<TextLine ID="line_7" HPOS="58" VPOS="391" WIDTH="761" HEIGHT="28">
							<String ID="string_56" HPOS="58" VPOS="391" WIDTH="184" HEIGHT="25" WC="0.91" CONTENT="munalnämnden,"/><SP WIDTH="20" VPOS="391" HPOS="242"/>
							<String ID="string_57" HPOS="262" VPOS="391" WIDTH="39" HEIGHT="22" WC="0.96" CONTENT="har"/><SP WIDTH="15" VPOS="391" HPOS="301"/>
							<String ID="string_58" HPOS="316" VPOS="392" WIDTH="105" HEIGHT="21" WC="0.96" CONTENT="utskottet"/><SP WIDTH="14" VPOS="392" HPOS="421"/>
							<String ID="string_59" HPOS="435" VPOS="394" WIDTH="55" HEIGHT="19" WC="0.93" CONTENT="trott"/><SP WIDTH="14" VPOS="394" HPOS="490"/>
							<String ID="string_60" HPOS="504" VPOS="392" WIDTH="123" HEIGHT="27" WC="0.92" CONTENT="taxeringen"/><SP WIDTH="15" VPOS="392" HPOS="627"/>
							<String ID="string_61" HPOS="642" VPOS="392" WIDTH="54" HEIGHT="21" WC="0.93" CONTENT="böra"/><SP WIDTH="14" VPOS="392" HPOS="696"/>
							<String ID="string_62" HPOS="710" VPOS="391" WIDTH="109" HEIGHT="23" WC="0.92" CONTENT="öfverlem-"/>
						</TextLine>
						<TextLine ID="line_8" HPOS="59" VPOS="425" WIDTH="759" HEIGHT="29">
							<String ID="string_63" HPOS="59" VPOS="432" WIDTH="38" HEIGHT="15" WC="0.95" CONTENT="nas"/><SP WIDTH="14" VPOS="432" HPOS="97"/>
							<String ID="string_64" HPOS="111" VPOS="426" WIDTH="24" HEIGHT="21" WC="0.96" CONTENT="åt"/><SP WIDTH="15" VPOS="426" HPOS="135"/>
							<String ID="string_65" HPOS="150" VPOS="432" WIDTH="25" HEIGHT="15" WC="0.96" CONTENT="en"/><SP WIDTH="16" VPOS="432" HPOS="175"/>
							<String ID="string_66" HPOS="191" VPOS="425" WIDTH="90" HEIGHT="22" WC="0.96" CONTENT="särskild"/><SP WIDTH="16" VPOS="425" HPOS="281"/>
							<String ID="string_67" HPOS="297" VPOS="426" WIDTH="77" HEIGHT="21" WC="0.96" CONTENT="nämnd"/><SP WIDTH="16" VPOS="426" HPOS="374"/>
							<String ID="string_68" HPOS="390" VPOS="426" WIDTH="39" HEIGHT="21" WC="0.96" CONTENT="och"/><SP WIDTH="16" VPOS="426" HPOS="429"/>
							<String ID="string_69" HPOS="445" VPOS="426" WIDTH="39" HEIGHT="21" WC="0.96" CONTENT="har"/><SP WIDTH="15" VPOS="426" HPOS="484"/>
							<String ID="string_70" HPOS="499" VPOS="426" WIDTH="36" HEIGHT="22" WC="0.93" CONTENT="det"/><SP WIDTH="16" VPOS="426" HPOS="535"/>
							<String ID="string_71" HPOS="551" VPOS="426" WIDTH="73" HEIGHT="22" WC="0.92" CONTENT="dervid"/><SP WIDTH="15" VPOS="426" HPOS="624"/>
							<String ID="string_72" HPOS="639" VPOS="428" WIDTH="59" HEIGHT="26" WC="0.96" CONTENT="synts"/><SP WIDTH="15" VPOS="428" HPOS="698"/>
							<String ID="string_73" HPOS="713" VPOS="426" WIDTH="105" HEIGHT="22" WC="0.96" CONTENT="utskottet"/>
						</TextLine>
						<TextLine ID="line_9" HPOS="59" VPOS="459" WIDTH="759" HEIGHT="23">
							<String ID="string_74" HPOS="59" VPOS="460" WIDTH="124" HEIGHT="22" WC="0.92" CONTENT="välbetänkt"/><SP WIDTH="22" VPOS="460" HPOS="183"/>
							<String ID="string_75" HPOS="205" VPOS="462" WIDTH="32" HEIGHT="19" WC="0.96" CONTENT="att"/><SP WIDTH="20" VPOS="462" HPOS="237"/>
							<String ID="string_76" HPOS="257" VPOS="460" WIDTH="29" HEIGHT="21" WC="0.95" CONTENT="uti"/><SP WIDTH="24" VPOS="460" HPOS="286"/>
							<String ID="string_77" HPOS="310" VPOS="460" WIDTH="122" HEIGHT="22" WC="0.96" CONTENT="densamma"/><SP WIDTH="18" VPOS="460" HPOS="432"/>
							<String ID="string_78" HPOS="450" VPOS="460" WIDTH="71" HEIGHT="22" WC="0.96" CONTENT="lemna"/><SP WIDTH="15" VPOS="460" HPOS="521"/>
							<String ID="string_79" HPOS="536" VPOS="462" WIDTH="46" HEIGHT="20" WC="0.96" CONTENT="säte"/><SP WIDTH="16" VPOS="462" HPOS="582"/>
							<String ID="string_80" HPOS="598" VPOS="460" WIDTH="38" HEIGHT="22" WC="0.96" CONTENT="och"/><SP WIDTH="16" VPOS="460" HPOS="636"/>
							<String ID="string_81" HPOS="652" VPOS="462" WIDTH="90" HEIGHT="20" WC="0.96" CONTENT="stämma"/><SP WIDTH="15" VPOS="462" HPOS="742"/>
							<String ID="string_82" HPOS="757" VPOS="459" WIDTH="61" HEIGHT="23" WC="0.95" CONTENT="äfven"/>
						</TextLine>
						<TextLine ID="line_10" HPOS="59" VPOS="494" WIDTH="665" HEIGHT="28">
							<String ID="string_83" HPOS="59" VPOS="495" WIDTH="23" HEIGHT="21" WC="0.95" CONTENT="åt"/><SP WIDTH="15" VPOS="495" HPOS="82"/>
							<String ID="string_84" HPOS="97" VPOS="494" WIDTH="65" HEIGHT="22" WC="0.96" CONTENT="andre"/><SP WIDTH="16" VPOS="494" HPOS="162"/>
							<String ID="string_85" HPOS="178" VPOS="496" WIDTH="26" HEIGHT="20" WC="0.96" CONTENT="än"/><SP WIDTH="15" VPOS="496" HPOS="204"/>
							<String ID="string_86" HPOS="219" VPOS="496" WIDTH="171" HEIGHT="25" WC="0.96" CONTENT="representanter"/><SP WIDTH="15" VPOS="496" HPOS="390"/>
							<String ID="string_87" HPOS="405" VPOS="494" WIDTH="34" HEIGHT="22" WC="0.96" CONTENT="för"/><SP WIDTH="14" VPOS="494" HPOS="439"/>
							<String ID="string_88" HPOS="453" VPOS="495" WIDTH="140" HEIGHT="21" WC="0.93" CONTENT="kommunens"/><SP WIDTH="12" VPOS="495" HPOS="593"/>
							<String ID="string_89" HPOS="605" VPOS="495" WIDTH="119" HEIGHT="27" WC="0.92" CONTENT="jordegare."/>
						</TextLine>
					</TextBlock>
					<TextBlock ID="block_2" HPOS="60" VPOS="528" WIDTH="762" HEIGHT="336">
						<TextLine ID="line_11" HPOS="128" VPOS="528" WIDTH="692" HEIGHT="28">
							<String ID="string_90" HPOS="128" VPOS="528" WIDTH="218" HEIGHT="27" WC="0.92" CONTENT="Pröfningsnämnden"/><SP WIDTH="15" VPOS="528" HPOS="346"/>
							<String ID="string_91" HPOS="361" VPOS="528" WIDTH="67" HEIGHT="22" WC="0.96" CONTENT="borde"/><SP WIDTH="15" VPOS="528" HPOS="428"/>
							<String ID="string_92" HPOS="443" VPOS="528" WIDTH="66" HEIGHT="28" WC="0.95" CONTENT="enligt"/><SP WIDTH="14" VPOS="528" HPOS="509"/>
							<String ID="string_93" HPOS="523" VPOS="529" WIDTH="116" HEIGHT="21" WC="0.96" CONTENT="utskottets"/><SP WIDTH="14" VPOS="529" HPOS="639"/>
							<String ID="string_94" HPOS="653" VPOS="529" WIDTH="65" HEIGHT="21" WC="0.96" CONTENT="tanke"/><SP WIDTH="15" VPOS="529" HPOS="718"/>
							<String ID="string_95" HPOS="733" VPOS="530" WIDTH="87" HEIGHT="26" WC="0.96" CONTENT="utgöras"/>
						</TextLine>
						<TextLine ID="line_12" HPOS="60" VPOS="562" WIDTH="759" HEIGHT="28">
							<String ID="string_96" HPOS="60" VPOS="562" WIDTH="23" HEIGHT="22" WC="0.91" CONTENT="af"/><SP WIDTH="19" VPOS="562" HPOS="83"/>
							<String ID="string_97" HPOS="102" VPOS="562" WIDTH="164" HEIGHT="22" WC="0.91" CONTENT="medlemmarne"/><SP WIDTH="16" VPOS="562" HPOS="266"/>
							<String ID="string_98" HPOS="282" VPOS="563" WIDTH="7" HEIGHT="21" WC="0.93" CONTENT="i"/><SP WIDTH="15" VPOS="563" HPOS="289"/>
							<String ID="string_99" HPOS="304" VPOS="563" WIDTH="228" HEIGHT="22" WC="0.90" CONTENT="kommunalnämnden"/><SP WIDTH="19" VPOS="563" HPOS="532"/>
							<String ID="string_100" HPOS="551" VPOS="563" WIDTH="39" HEIGHT="22" WC="0.96" CONTENT="och"/><SP WIDTH="15" VPOS="563" HPOS="590"/>
							<String ID="string_101" HPOS="605" VPOS="563" WIDTH="44" HEIGHT="21" WC="0.96" CONTENT="lika"/><SP WIDTH="14" VPOS="563" HPOS="649"/>
							<String ID="string_102" HPOS="663" VPOS="564" WIDTH="77" HEIGHT="26" WC="0.95" CONTENT="många"/><SP WIDTH="14" VPOS="564" HPOS="740"/>
							<String ID="string_103" HPOS="754" VPOS="562" WIDTH="65" HEIGHT="22" WC="0.96" CONTENT="andre"/>
						</TextLine>
						<TextLine ID="line_13" HPOS="60" VPOS="596" WIDTH="760" HEIGHT="29">
							<String ID="string_104" HPOS="60" VPOS="596" WIDTH="160" HEIGHT="28" WC="0.93" CONTENT="skattskyldige,"/><SP WIDTH="23" VPOS="596" HPOS="220"/>
							<String ID="string_105" HPOS="243" VPOS="597" WIDTH="109" HEIGHT="27" WC="0.91" CONTENT="åsyftande"/><SP WIDTH="23" VPOS="597" HPOS="352"/>
							<String ID="string_106" HPOS="375" VPOS="598" WIDTH="106" HEIGHT="21" WC="0.96" CONTENT="utskottet"/><SP WIDTH="22" VPOS="598" HPOS="481"/>
							<String ID="string_107" HPOS="503" VPOS="604" WIDTH="75" HEIGHT="21" WC="0.96" CONTENT="genom"/><SP WIDTH="16" VPOS="604" HPOS="578"/>
							<String ID="string_108" HPOS="594" VPOS="604" WIDTH="26" HEIGHT="15" WC="0.96" CONTENT="en"/><SP WIDTH="15" VPOS="604" HPOS="620"/>
							<String ID="string_109" HPOS="635" VPOS="598" WIDTH="66" HEIGHT="21" WC="0.93" CONTENT="sådan"/><SP WIDTH="15" VPOS="598" HPOS="701"/>
							<String ID="string_110" HPOS="716" VPOS="603" WIDTH="104" HEIGHT="16" WC="0.92" CONTENT="samman-"/>
						</TextLine>
						<TextLine ID="line_14" HPOS="61" VPOS="631" WIDTH="759" HEIGHT="28">
							<String ID="string_111" HPOS="61" VPOS="631" WIDTH="94" HEIGHT="27" WC="0.95" CONTENT="sättning"/><SP WIDTH="24" VPOS="631" HPOS="155"/>
							<String ID="string_112" HPOS="179" VPOS="637" WIDTH="26" HEIGHT="16" WC="0.92" CONTENT="en"/><SP WIDTH="23" VPOS="637" HPOS="205"/>
							<String ID="string_113" HPOS="228" VPOS="631" WIDTH="170" HEIGHT="27" WC="0.90" CONTENT="omsorgsfullare"/><SP WIDTH="23" VPOS="631" HPOS="398"/>
							<String ID="string_114" HPOS="421" VPOS="631" WIDTH="98" HEIGHT="28" WC="0.90" CONTENT="pröfning"/><SP WIDTH="22" VPOS="631" HPOS="519"/>
							<String ID="string_115" HPOS="541" VPOS="631" WIDTH="22" HEIGHT="23" WC="0.96" CONTENT="af"/><SP WIDTH="17" VPOS="631" HPOS="563"/>
							<String ID="string_116" HPOS="580" VPOS="632" WIDTH="149" HEIGHT="21" WC="0.96" CONTENT="inkommande"/><SP WIDTH="15" VPOS="632" HPOS="729"/>
							<String ID="string_117" HPOS="744" VPOS="631" WIDTH="76" HEIGHT="22" WC="0.96" CONTENT="besvär"/>
						</TextLine>
						<TextLine ID="line_15" HPOS="61" VPOS="665" WIDTH="759" HEIGHT="28">
							<String ID="string_118" HPOS="61" VPOS="666" WIDTH="58" HEIGHT="22" WC="0.96" CONTENT="öfver"/><SP WIDTH="19" VPOS="666" HPOS="119"/>
							<String ID="string_119" HPOS="138" VPOS="666" WIDTH="103" HEIGHT="26" WC="0.96" CONTENT="taxering,"/><SP WIDTH="20" VPOS="666" HPOS="241"/>
							<String ID="string_120" HPOS="261" VPOS="668" WIDTH="26" HEIGHT="19" WC="0.96" CONTENT="än"/><SP WIDTH="15" VPOS="668" HPOS="287"/>
							<String ID="string_121" HPOS="302" VPOS="665" WIDTH="104" HEIGHT="27" WC="0.71" CONTENT="hitintills,"/><SP WIDTH="17" VPOS="665" HPOS="406"/>
							<String ID="string_122" HPOS="423" VPOS="666" WIDTH="27" HEIGHT="22" WC="0.96" CONTENT="då"/><SP WIDTH="15" VPOS="666" HPOS="450"/>
							<String ID="string_123" HPOS="465" VPOS="666" WIDTH="164" HEIGHT="27" WC="0.96" CONTENT="anmärkningar"/><SP WIDTH="16" VPOS="666" HPOS="629"/>
							<String ID="string_124" HPOS="645" VPOS="668" WIDTH="45" HEIGHT="20" WC="0.93" CONTENT="mot"/><SP WIDTH="14" VPOS="668" HPOS="690"/>
							<String ID="string_125" HPOS="704" VPOS="665" WIDTH="116" HEIGHT="27" WC="0.90" CONTENT="taxerings-"/>
						</TextLine>
						<TextLine ID="line_16" HPOS="60" VPOS="699" WIDTH="760" HEIGHT="28">
							<String ID="string_126" HPOS="60" VPOS="700" WIDTH="92" HEIGHT="27" WC="0.96" CONTENT="längden"/><SP WIDTH="12" VPOS="700" HPOS="152"/>
							<String ID="string_127" HPOS="164" VPOS="699" WIDTH="91" HEIGHT="23" WC="0.96" CONTENT="anmälts"/><SP WIDTH="10" VPOS="699" HPOS="255"/>
							<String ID="string_128" HPOS="265" VPOS="700" WIDTH="34" HEIGHT="21" WC="0.93" CONTENT="vid"/><SP WIDTH="10" VPOS="700" HPOS="299"/>
							<String ID="string_129" HPOS="309" VPOS="700" WIDTH="221" HEIGHT="27" WC="0.90" CONTENT="kommunalstämma,"/><SP WIDTH="11" VPOS="700" HPOS="530"/>
							<String ID="string_130" HPOS="541" VPOS="700" WIDTH="80" HEIGHT="22" WC="0.92" CONTENT="kunnat"/><SP WIDTH="10" VPOS="700" HPOS="621"/>
							<String ID="string_131" HPOS="631" VPOS="706" WIDTH="65" HEIGHT="21" WC="0.92" CONTENT="egnas"/><SP WIDTH="10" VPOS="706" HPOS="696"/>
							<String ID="string_132" HPOS="706" VPOS="700" WIDTH="114" HEIGHT="22" WC="0.96" CONTENT="desamma."/>
						</TextLine>
						<TextLine ID="line_17" HPOS="61" VPOS="733" WIDTH="760" HEIGHT="29">
							<String ID="string_133" HPOS="61" VPOS="735" WIDTH="11" HEIGHT="25" WC="0.91" CONTENT="8"/><SP WIDTH="15" VPOS="735" HPOS="72"/>
							<String ID="string_134" HPOS="87" VPOS="735" WIDTH="27" HEIGHT="21" WC="0.96" CONTENT="56"/><SP WIDTH="22" VPOS="735" HPOS="114"/>
							<String ID="string_135" HPOS="136" VPOS="734" WIDTH="118" HEIGHT="22" WC="0.96" CONTENT="innehåller"/><SP WIDTH="22" VPOS="734" HPOS="254"/>
							<String ID="string_136" HPOS="276" VPOS="734" WIDTH="71" HEIGHT="22" WC="0.96" CONTENT="vidare"/><SP WIDTH="22" VPOS="734" HPOS="347"/>
							<String ID="string_137" HPOS="369" VPOS="734" WIDTH="132" HEIGHT="28" WC="0.96" CONTENT="stadganden"/><SP WIDTH="24" VPOS="734" HPOS="501"/>
							<String ID="string_138" HPOS="525" VPOS="735" WIDTH="108" HEIGHT="27" WC="0.95" CONTENT="angående"/><SP WIDTH="17" VPOS="735" HPOS="633"/>
							<String ID="string_139" HPOS="650" VPOS="734" WIDTH="56" HEIGHT="22" WC="0.96" CONTENT="hvad"/><SP WIDTH="14" VPOS="734" HPOS="706"/>
							<String ID="string_140" HPOS="720" VPOS="740" WIDTH="46" HEIGHT="16" WC="0.96" CONTENT="som"/><SP WIDTH="15" VPOS="740" HPOS="766"/>
							<String ID="string_141" HPOS="781" VPOS="733" WIDTH="40" HEIGHT="22" WC="0.96" CONTENT="bör"/>
						</TextLine>
						<TextLine ID="line_18" HPOS="61" VPOS="768" WIDTH="761" HEIGHT="27">
							<String ID="string_142" HPOS="61" VPOS="769" WIDTH="70" HEIGHT="21" WC="0.93" CONTENT="såsom"/><SP WIDTH="22" VPOS="769" HPOS="131"/>
							<String ID="string_143" HPOS="153" VPOS="768" WIDTH="97" HEIGHT="22" WC="0.91" CONTENT="skattbar"/><SP WIDTH="22" VPOS="768" HPOS="250"/>
							<String ID="string_144" HPOS="272" VPOS="768" WIDTH="93" HEIGHT="22" WC="0.96" CONTENT="inkomst"/><SP WIDTH="22" VPOS="768" HPOS="365"/>
							<String ID="string_145" HPOS="387" VPOS="771" WIDTH="72" HEIGHT="24" WC="0.74" CONTENT="anses,"/><SP WIDTH="16" VPOS="771" HPOS="459"/>
							<String ID="string_146" HPOS="475" VPOS="768" WIDTH="106" HEIGHT="22" WC="0.96" CONTENT="äfvensom"/><SP WIDTH="20" VPOS="768" HPOS="581"/>
							<String ID="string_147" HPOS="601" VPOS="769" WIDTH="66" HEIGHT="26" WC="0.96" CONTENT="några"/><SP WIDTH="19" VPOS="769" HPOS="667"/>
							<String ID="string_148" HPOS="686" VPOS="768" WIDTH="67" HEIGHT="22" WC="0.93" CONTENT="andra"/><SP WIDTH="14" VPOS="768" HPOS="753"/>
							<String ID="string_149" HPOS="767" VPOS="768" WIDTH="55" HEIGHT="21" WC="0.89" CONTENT="före-"/>
						</TextLine>
						<TextLine ID="line_19" HPOS="61" VPOS="802" WIDTH="761" HEIGHT="28">
							<String ID="string_150" HPOS="61" VPOS="802" WIDTH="85" HEIGHT="22" WC="0.93" CONTENT="skrifter"/><SP WIDTH="22" VPOS="802" HPOS="146"/>
							<String ID="string_151" HPOS="168" VPOS="802" WIDTH="102" HEIGHT="22" WC="0.90" CONTENT="affattade"/><SP WIDTH="14" VPOS="802" HPOS="270"/>
							<String ID="string_152" HPOS="284" VPOS="803" WIDTH="7" HEIGHT="21" WC="0.96" CONTENT="i"/><SP WIDTH="15" VPOS="803" HPOS="291"/>
							<String ID="string_153" HPOS="306" VPOS="802" WIDTH="94" HEIGHT="28" WC="0.94" CONTENT="enlighet"/><SP WIDTH="21" VPOS="802" HPOS="400"/>
							<String ID="string_154" HPOS="421" VPOS="803" WIDTH="49" HEIGHT="21" WC="0.95" CONTENT="med"/><SP WIDTH="23" VPOS="803" HPOS="470"/>
							<String ID="string_155" HPOS="493" VPOS="803" WIDTH="26" HEIGHT="22" WC="0.95" CONTENT="de"/><SP WIDTH="22" VPOS="803" HPOS="519"/>
							<String ID="string_156" HPOS="541" VPOS="802" WIDTH="32" HEIGHT="22" WC="0.96" CONTENT="för"/><SP WIDTH="20" VPOS="802" HPOS="573"/>
							<String ID="string_157" HPOS="593" VPOS="803" WIDTH="160" HEIGHT="21" WC="0.91" CONTENT="stadskommun"/><SP WIDTH="15" VPOS="803" HPOS="753"/>
							<String ID="string_158" HPOS="768" VPOS="802" WIDTH="54" HEIGHT="22" WC="0.92" CONTENT="före-"/>
						</TextLine>
						<TextLine ID="line_20" HPOS="62" VPOS="837" WIDTH="79" HEIGHT="27">
							<String ID="string_159" HPOS="62" VPOS="837" WIDTH="79" HEIGHT="27" WC="0.95" CONTENT="slagna."/>
						</TextLine>
					</TextBlock>
					<TextBlock ID="block_3" HPOS="62" VPOS="871" WIDTH="762" HEIGHT="222">
						<TextLine ID="line_21" HPOS="130" VPOS="871" WIDTH="693" HEIGHT="28">
							<String ID="string_160" HPOS="130" VPOS="871" WIDTH="38" HEIGHT="22" WC="0.93" CONTENT="Uti"/><SP WIDTH="15" VPOS="871" HPOS="168"/>
							<String ID="string_161" HPOS="183" VPOS="871" WIDTH="11" HEIGHT="28" WC="0.91" CONTENT="$"/><SP WIDTH="16" VPOS="871" HPOS="194"/>
							<String ID="string_162" HPOS="210" VPOS="872" WIDTH="34" HEIGHT="25" WC="0.96" CONTENT="57,"/><SP WIDTH="15" VPOS="872" HPOS="244"/>
							<String ID="string_163" HPOS="259" VPOS="871" WIDTH="63" HEIGHT="22" WC="0.96" CONTENT="hvars"/><SP WIDTH="15" VPOS="871" HPOS="322"/>
							<String ID="string_164" HPOS="337" VPOS="871" WIDTH="66" HEIGHT="22" WC="0.96" CONTENT="första"/><SP WIDTH="15" VPOS="871" HPOS="403"/>
							<String ID="string_165" HPOS="418" VPOS="871" WIDTH="39" HEIGHT="22" WC="0.96" CONTENT="och"/><SP WIDTH="16" VPOS="871" HPOS="457"/>
							<String ID="string_166" HPOS="473" VPOS="871" WIDTH="52" HEIGHT="22" WC="0.96" CONTENT="sista"/><SP WIDTH="15" VPOS="871" HPOS="525"/>
							<String ID="string_167" HPOS="540" VPOS="873" WIDTH="94" HEIGHT="20" WC="0.96" CONTENT="moment"/><SP WIDTH="15" VPOS="873" HPOS="634"/>
							<String ID="string_168" HPOS="649" VPOS="873" WIDTH="36" HEIGHT="19" WC="0.96" CONTENT="äro"/><SP WIDTH="16" VPOS="873" HPOS="685"/>
							<String ID="string_169" HPOS="701" VPOS="871" WIDTH="7" HEIGHT="20" WC="0.96" CONTENT="i"/><SP WIDTH="16" VPOS="871" HPOS="708"/>
							<String ID="string_170" HPOS="724" VPOS="871" WIDTH="36" HEIGHT="21" WC="0.93" CONTENT="det"/><SP WIDTH="15" VPOS="871" HPOS="760"/>
							<String ID="string_171" HPOS="775" VPOS="872" WIDTH="48" HEIGHT="19" WC="0.92" CONTENT="när-"/>
						</TextLine>
						<TextLine ID="line_22" HPOS="62" VPOS="904" WIDTH="760" HEIGHT="28">
							<String ID="string_172" HPOS="62" VPOS="907" WIDTH="68" HEIGHT="20" WC="0.96" CONTENT="maste"/><SP WIDTH="22" VPOS="907" HPOS="130"/>
							<String ID="string_173" HPOS="152" VPOS="905" WIDTH="44" HEIGHT="22" WC="0.96" CONTENT="lika"/><SP WIDTH="21" VPOS="905" HPOS="196"/>
							<String ID="string_174" HPOS="217" VPOS="905" WIDTH="49" HEIGHT="22" WC="0.96" CONTENT="med"/><SP WIDTH="22" VPOS="905" HPOS="266"/>
							<String ID="string_175" HPOS="288" VPOS="905" WIDTH="148" HEIGHT="22" WC="0.93" CONTENT="motsvarande"/><SP WIDTH="19" VPOS="905" HPOS="436"/>
							<String ID="string_176" HPOS="455" VPOS="907" WIDTH="12" HEIGHT="24" WC="0.91" CONTENT="$"/><SP WIDTH="20" VPOS="907" HPOS="467"/>
							<String ID="string_177" HPOS="487" VPOS="905" WIDTH="30" HEIGHT="22" WC="0.96" CONTENT="uti"/><SP WIDTH="20" VPOS="905" HPOS="517"/>
							<String ID="string_178" HPOS="537" VPOS="912" WIDTH="28" HEIGHT="15" WC="0.96" CONTENT="nu"/><SP WIDTH="15" VPOS="912" HPOS="565"/>
							<String ID="string_179" HPOS="580" VPOS="905" WIDTH="97" HEIGHT="27" WC="0.96" CONTENT="gällande"/><SP WIDTH="14" VPOS="905" HPOS="677"/>
							<String ID="string_180" HPOS="691" VPOS="904" WIDTH="131" HEIGHT="27" WC="0.96" CONTENT="förordning,"/>
						</TextLine>
						<TextLine ID="line_23" HPOS="62" VPOS="938" WIDTH="762" HEIGHT="29">
							<String ID="string_181" HPOS="62" VPOS="939" WIDTH="39" HEIGHT="22" WC="0.78" CONTENT="bar"/><SP WIDTH="16" VPOS="939" HPOS="101"/>
							<String ID="string_182" HPOS="117" VPOS="939" WIDTH="22" HEIGHT="22" WC="0.96" CONTENT="af"/><SP WIDTH="13" VPOS="939" HPOS="139"/>
							<String ID="string_183" HPOS="152" VPOS="939" WIDTH="105" HEIGHT="22" WC="0.96" CONTENT="utskottet"/><SP WIDTH="21" VPOS="939" HPOS="257"/>
							<String ID="string_184" HPOS="278" VPOS="939" WIDTH="76" HEIGHT="22" WC="0.96" CONTENT="införts"/><SP WIDTH="22" VPOS="939" HPOS="354"/>
							<String ID="string_185" HPOS="376" VPOS="939" WIDTH="132" HEIGHT="28" WC="0.96" CONTENT="stadganden"/><SP WIDTH="21" VPOS="939" HPOS="508"/>
							<String ID="string_186" HPOS="529" VPOS="946" WIDTH="34" HEIGHT="15" WC="0.96" CONTENT="om"/><SP WIDTH="20" VPOS="946" HPOS="563"/>
							<String ID="string_187" HPOS="583" VPOS="941" WIDTH="64" HEIGHT="20" WC="0.96" CONTENT="sättet"/><SP WIDTH="16" VPOS="941" HPOS="647"/>
							<String ID="string_188" HPOS="663" VPOS="939" WIDTH="38" HEIGHT="22" WC="0.96" CONTENT="och"/><SP WIDTH="16" VPOS="939" HPOS="701"/>
							<String ID="string_189" HPOS="717" VPOS="939" WIDTH="59" HEIGHT="22" WC="0.97" CONTENT="tiden"/><SP WIDTH="14" VPOS="939" HPOS="776"/>
							<String ID="string_190" HPOS="790" VPOS="938" WIDTH="34" HEIGHT="22" WC="0.97" CONTENT="för"/>
						</TextLine>
						<TextLine ID="line_24" HPOS="62" VPOS="973" WIDTH="761" HEIGHT="28">
							<String ID="string_191" HPOS="62" VPOS="973" WIDTH="88" HEIGHT="22" WC="0.92" CONTENT="besvärs"/><SP WIDTH="22" VPOS="973" HPOS="150"/>
							<String ID="string_192" HPOS="172" VPOS="973" WIDTH="115" HEIGHT="23" WC="0.96" CONTENT="anförande"/><SP WIDTH="19" VPOS="973" HPOS="287"/>
							<String ID="string_193" HPOS="306" VPOS="973" WIDTH="58" HEIGHT="22" WC="0.93" CONTENT="öfver"/><SP WIDTH="14" VPOS="973" HPOS="364"/>
							<String ID="string_194" HPOS="378" VPOS="973" WIDTH="124" HEIGHT="28" WC="0.92" CONTENT="taxeringen"/><SP WIDTH="16" VPOS="973" HPOS="502"/>
							<String ID="string_195" HPOS="518" VPOS="973" WIDTH="39" HEIGHT="22" WC="0.93" CONTENT="och"/><SP WIDTH="16" VPOS="973" HPOS="557"/>
							<String ID="string_196" HPOS="573" VPOS="973" WIDTH="12" HEIGHT="28" WC="0.85" CONTENT="$"/><SP WIDTH="14" VPOS="973" HPOS="585"/>
							<String ID="string_197" HPOS="599" VPOS="974" WIDTH="28" HEIGHT="21" WC="0.96" CONTENT="58"/><SP WIDTH="14" VPOS="974" HPOS="627"/>
							<String ID="string_198" HPOS="641" VPOS="973" WIDTH="40" HEIGHT="22" WC="0.93" CONTENT="har"/><SP WIDTH="15" VPOS="973" HPOS="681"/>
							<String ID="string_199" HPOS="696" VPOS="973" WIDTH="68" HEIGHT="22" WC="0.93" CONTENT="blifvit"/><SP WIDTH="15" VPOS="973" HPOS="764"/>
							<String ID="string_200" HPOS="779" VPOS="979" WIDTH="44" HEIGHT="16" WC="0.92" CONTENT="om-"/>
						</TextLine>
						<TextLine ID="line_25" HPOS="63" VPOS="1007" WIDTH="761" HEIGHT="28">
							<String ID="string_201" HPOS="63" VPOS="1007" WIDTH="112" HEIGHT="23" WC="0.90" CONTENT="redizerad"/><SP WIDTH="14" VPOS="1007" HPOS="175"/>
							<String ID="string_202" HPOS="189" VPOS="1007" WIDTH="8" HEIGHT="22" WC="0.96" CONTENT="i"/><SP WIDTH="15" VPOS="1007" HPOS="197"/>
							<String ID="string_203" HPOS="212" VPOS="1008" WIDTH="53" HEIGHT="27" WC="0.96" CONTENT="syfte"/><SP WIDTH="15" VPOS="1008" HPOS="265"/>
							<String ID="string_204" HPOS="280" VPOS="1010" WIDTH="32" HEIGHT="20" WC="0.96" CONTENT="att"/><SP WIDTH="15" VPOS="1010" HPOS="312"/>
							<String ID="string_205" HPOS="327" VPOS="1008" WIDTH="79" HEIGHT="27" WC="0.96" CONTENT="antyda"/><SP WIDTH="15" VPOS="1008" HPOS="406"/>
							<String ID="string_206" HPOS="421" VPOS="1008" WIDTH="36" HEIGHT="22" WC="0.93" CONTENT="det"/><SP WIDTH="22" VPOS="1008" HPOS="457"/>
							<String ID="string_207" HPOS="479" VPOS="1008" WIDTH="79" HEIGHT="21" WC="0.91" CONTENT="enhvar"/><SP WIDTH="17" VPOS="1008" HPOS="558"/>
							<String ID="string_208" HPOS="575" VPOS="1014" WIDTH="50" HEIGHT="20" WC="0.96" CONTENT="eger"/><SP WIDTH="18" VPOS="1014" HPOS="625"/>
							<String ID="string_209" HPOS="643" VPOS="1009" WIDTH="90" HEIGHT="20" WC="0.96" CONTENT="rösträtt"/><SP WIDTH="15" VPOS="1009" HPOS="733"/>
							<String ID="string_210" HPOS="748" VPOS="1007" WIDTH="76" HEIGHT="22" WC="0.96" CONTENT="endast"/>
						</TextLine>
						<TextLine ID="line_26" HPOS="63" VPOS="1036" WIDTH="761" HEIGHT="28">
							<String ID="string_211" HPOS="63" VPOS="1036" WIDTH="8" HEIGHT="21" WC="0.96" CONTENT="i"/><SP WIDTH="14" VPOS="1036" HPOS="71"/>
							<String ID="string_212" HPOS="85" VPOS="1036" WIDTH="131" HEIGHT="23" WC="0.96" CONTENT="förhållande"/><SP WIDTH="20" VPOS="1036" HPOS="216"/>
							<String ID="string_213" HPOS="236" VPOS="1037" WIDTH="32" HEIGHT="21" WC="0.95" CONTENT="till"/><SP WIDTH="20" VPOS="1037" HPOS="268"/>
							<String ID="string_214" HPOS="288" VPOS="1037" WIDTH="26" HEIGHT="22" WC="0.96" CONTENT="de"/><SP WIDTH="18" VPOS="1037" HPOS="314"/>
							<String ID="string_215" HPOS="332" VPOS="1037" WIDTH="85" HEIGHT="27" WC="0.94" CONTENT="belopp,"/><SP WIDTH="14" VPOS="1037" HPOS="417"/>
							<String ID="string_216" HPOS="431" VPOS="1037" WIDTH="34" HEIGHT="21" WC="0.96" CONTENT="för"/><SP WIDTH="14" VPOS="1037" HPOS="465"/>
							<String ID="string_217" HPOS="479" VPOS="1037" WIDTH="72" HEIGHT="21" WC="0.96" CONTENT="hvilka"/><SP WIDTH="15" VPOS="1037" HPOS="551"/>
							<String ID="string_218" HPOS="566" VPOS="1037" WIDTH="39" HEIGHT="21" WC="0.96" CONTENT="han"/><SP WIDTH="16" VPOS="1037" HPOS="605"/>
							<String ID="string_219" HPOS="621" VPOS="1037" WIDTH="83" HEIGHT="21" WC="0.95" CONTENT="skattar"/><SP WIDTH="14" VPOS="1037" HPOS="704"/>
							<String ID="string_220" HPOS="718" VPOS="1036" WIDTH="32" HEIGHT="21" WC="0.92" CONTENT="till"/><SP WIDTH="15" VPOS="1036" HPOS="750"/>
							<String ID="string_221" HPOS="765" VPOS="1036" WIDTH="59" HEIGHT="21" WC="0.91" CONTENT="kom-"/>
						</TextLine>
						<TextLine ID="line_27" HPOS="64" VPOS="1077" WIDTH="83" HEIGHT="16">
							<String ID="string_222" HPOS="64" VPOS="1077" WIDTH="83" HEIGHT="16" WC="0.92" CONTENT="munen."/>
						</TextLine>
					</TextBlock>
					<TextBlock ID="block_4" HPOS="64" VPOS="1103" WIDTH="762" HEIGHT="235">
						<TextLine ID="line_28" HPOS="133" VPOS="1103" WIDTH="692" HEIGHT="30">
							<String ID="string_223" HPOS="133" VPOS="1105" WIDTH="11" HEIGHT="22" WC="0.95" CONTENT="I"/><SP WIDTH="15" VPOS="1105" HPOS="144"/>
							<String ID="string_224" HPOS="159" VPOS="1105" WIDTH="52" HEIGHT="28" WC="0.96" CONTENT="följd"/><SP WIDTH="15" VPOS="1105" HPOS="211"/>
							<String ID="string_225" HPOS="226" VPOS="1105" WIDTH="22" HEIGHT="22" WC="0.96" CONTENT="af"/><SP WIDTH="13" VPOS="1105" HPOS="248"/>
							<String ID="string_226" HPOS="261" VPOS="1105" WIDTH="56" HEIGHT="28" WC="0.96" CONTENT="hvad"/><SP WIDTH="15" VPOS="1105" HPOS="317"/>
							<String ID="string_227" HPOS="332" VPOS="1105" WIDTH="105" HEIGHT="22" WC="0.96" CONTENT="utskottet"/><SP WIDTH="14" VPOS="1105" HPOS="437"/>
							<String ID="string_228" HPOS="451" VPOS="1105" WIDTH="110" HEIGHT="27" WC="0.96" CONTENT="föreslagit"/><SP WIDTH="14" VPOS="1105" HPOS="561"/>
							<String ID="string_229" HPOS="575" VPOS="1105" WIDTH="130" HEIGHT="22" WC="0.96" CONTENT="beträffande"/><SP WIDTH="11" VPOS="1105" HPOS="705"/>
							<String ID="string_230" HPOS="716" VPOS="1105" WIDTH="65" HEIGHT="25" WC="0.96" CONTENT="tiden,"/><SP WIDTH="11" VPOS="1105" HPOS="781"/>
							<String ID="string_231" HPOS="792" VPOS="1103" WIDTH="33" HEIGHT="22" WC="0.96" CONTENT="för"/>
						</TextLine>
						<TextLine ID="line_29" HPOS="64" VPOS="1137" WIDTH="761" HEIGHT="30">
							<String ID="string_232" HPOS="64" VPOS="1139" WIDTH="86" HEIGHT="22" WC="0.92" CONTENT="hvilken"/><SP WIDTH="22" VPOS="1139" HPOS="150"/>
							<String ID="string_233" HPOS="172" VPOS="1139" WIDTH="233" HEIGHT="28" WC="0.92" CONTENT="kommunalutskylder"/><SP WIDTH="22" VPOS="1139" HPOS="405"/>
							<String ID="string_234" HPOS="427" VPOS="1139" WIDTH="61" HEIGHT="22" WC="0.96" CONTENT="skola"/><SP WIDTH="21" VPOS="1139" HPOS="488"/>
							<String ID="string_235" HPOS="509" VPOS="1141" WIDTH="94" HEIGHT="26" WC="0.96" CONTENT="utgöras,"/><SP WIDTH="20" VPOS="1141" HPOS="603"/>
							<String ID="string_236" HPOS="623" VPOS="1139" WIDTH="39" HEIGHT="22" WC="0.93" CONTENT="har"/><SP WIDTH="12" VPOS="1139" HPOS="662"/>
							<String ID="string_237" HPOS="674" VPOS="1138" WIDTH="78" HEIGHT="29" WC="0.90" CONTENT="jemväl"/><SP WIDTH="16" VPOS="1138" HPOS="752"/>
							<String ID="string_238" HPOS="768" VPOS="1137" WIDTH="13" HEIGHT="30" WC="0.88" CONTENT="&amp;"/><SP WIDTH="17" VPOS="1137" HPOS="781"/>
							<String ID="string_239" HPOS="798" VPOS="1138" WIDTH="27" HEIGHT="21" WC="0.97" CONTENT="18"/>
						</TextLine>
						<TextLine ID="line_30" HPOS="66" VPOS="1173" WIDTH="760" HEIGHT="28">
							<String ID="string_240" HPOS="66" VPOS="1173" WIDTH="113" HEIGHT="28" WC="0.92" CONTENT="undergått"/><SP WIDTH="15" VPOS="1173" HPOS="179"/>
							<String ID="string_241" HPOS="194" VPOS="1173" WIDTH="123" HEIGHT="28" WC="0.96" CONTENT="förändring"/><SP WIDTH="14" VPOS="1173" HPOS="317"/>
							<String ID="string_242" HPOS="331" VPOS="1173" WIDTH="7" HEIGHT="22" WC="0.96" CONTENT="i"/><SP WIDTH="16" VPOS="1173" HPOS="338"/>
							<String ID="string_243" HPOS="354" VPOS="1174" WIDTH="35" HEIGHT="21" WC="0.96" CONTENT="det"/><SP WIDTH="15" VPOS="1174" HPOS="389"/>
							<String ID="string_244" HPOS="404" VPOS="1173" WIDTH="157" HEIGHT="28" WC="0.96" CONTENT="granskningen"/><SP WIDTH="16" VPOS="1173" HPOS="561"/>
							<String ID="string_245" HPOS="577" VPOS="1173" WIDTH="22" HEIGHT="22" WC="0.96" CONTENT="af"/><SP WIDTH="14" VPOS="1173" HPOS="599"/>
							<String ID="string_246" HPOS="613" VPOS="1174" WIDTH="39" HEIGHT="21" WC="0.96" CONTENT="den"/><SP WIDTH="16" VPOS="1174" HPOS="652"/>
							<String ID="string_247" HPOS="668" VPOS="1173" WIDTH="33" HEIGHT="22" WC="0.96" CONTENT="för"/><SP WIDTH="15" VPOS="1173" HPOS="701"/>
							<String ID="string_248" HPOS="716" VPOS="1173" WIDTH="47" HEIGHT="22" WC="0.92" CONTENT="året"/><SP WIDTH="10" VPOS="1173" HPOS="763"/>
							<String ID="string_249" HPOS="773" VPOS="1179" WIDTH="53" HEIGHT="20" WC="0.92" CONTENT="upp-"/>
						</TextLine>
						<TextLine ID="line_31" HPOS="64" VPOS="1205" WIDTH="761" HEIGHT="31">
							<String ID="string_250" HPOS="64" VPOS="1208" WIDTH="76" HEIGHT="28" WC="0.93" CONTENT="gjorda"/><SP WIDTH="15" VPOS="1208" HPOS="140"/>
							<String ID="string_251" HPOS="155" VPOS="1207" WIDTH="138" HEIGHT="28" WC="0.88" CONTENT="debiterings-"/><SP WIDTH="15" VPOS="1207" HPOS="293"/>
							<String ID="string_252" HPOS="308" VPOS="1208" WIDTH="39" HEIGHT="21" WC="0.93" CONTENT="och"/><SP WIDTH="14" VPOS="1208" HPOS="347"/>
							<String ID="string_253" HPOS="361" VPOS="1207" WIDTH="174" HEIGHT="28" WC="0.92" CONTENT="uppbördslängd"/><SP WIDTH="16" VPOS="1207" HPOS="535"/>
							<String ID="string_254" HPOS="551" VPOS="1207" WIDTH="68" HEIGHT="22" WC="0.96" CONTENT="blifvit"/><SP WIDTH="14" VPOS="1207" HPOS="619"/>
							<String ID="string_255" HPOS="633" VPOS="1207" WIDTH="130" HEIGHT="28" WC="0.96" CONTENT="framflyttad"/><SP WIDTH="15" VPOS="1207" HPOS="763"/>
							<String ID="string_256" HPOS="778" VPOS="1205" WIDTH="47" HEIGHT="23" WC="0.96" CONTENT="från"/>
						</TextLine>
						<TextLine ID="line_32" HPOS="64" VPOS="1241" WIDTH="762" HEIGHT="23">
							<String ID="string_257" HPOS="64" VPOS="1242" WIDTH="229" HEIGHT="22" WC="0.90" CONTENT="kommunalstämman"/><SP WIDTH="15" VPOS="1242" HPOS="293"/>
							<String ID="string_258" HPOS="308" VPOS="1242" WIDTH="8" HEIGHT="21" WC="0.96" CONTENT="i"/><SP WIDTH="14" VPOS="1242" HPOS="316"/>
							<String ID="string_259" HPOS="330" VPOS="1242" WIDTH="119" HEIGHT="22" WC="0.95" CONTENT="December"/><SP WIDTH="17" VPOS="1242" HPOS="449"/>
							<String ID="string_260" HPOS="466" VPOS="1242" WIDTH="33" HEIGHT="21" WC="0.95" CONTENT="till"/><SP WIDTH="16" VPOS="1242" HPOS="499"/>
							<String ID="string_261" HPOS="515" VPOS="1242" WIDTH="39" HEIGHT="22" WC="0.96" CONTENT="den"/><SP WIDTH="16" VPOS="1242" HPOS="554"/>
							<String ID="string_262" HPOS="570" VPOS="1242" WIDTH="7" HEIGHT="21" WC="0.96" CONTENT="i"/><SP WIDTH="16" VPOS="1242" HPOS="577"/>
							<String ID="string_263" HPOS="593" VPOS="1242" WIDTH="57" HEIGHT="22" WC="0.96" CONTENT="Mars"/><SP WIDTH="15" VPOS="1242" HPOS="650"/>
							<String ID="string_264" HPOS="665" VPOS="1241" WIDTH="82" HEIGHT="22" WC="0.96" CONTENT="månad."/><SP WIDTH="32" VPOS="1241" HPOS="747"/>
							<String ID="string_265" HPOS="779" VPOS="1241" WIDTH="47" HEIGHT="21" WC="0.95" CONTENT="Den"/>
						</TextLine>
						<TextLine ID="line_33" HPOS="65" VPOS="1274" WIDTH="761" HEIGHT="30">
							<String ID="string_266" HPOS="65" VPOS="1283" WIDTH="42" HEIGHT="21" WC="0.92" CONTENT="nya"/><SP WIDTH="14" VPOS="1283" HPOS="107"/>
							<String ID="string_267" HPOS="121" VPOS="1276" WIDTH="106" HEIGHT="27" WC="0.95" CONTENT="funktion,"/><SP WIDTH="8" VPOS="1276" HPOS="227"/>
							<String ID="string_268" HPOS="235" VPOS="1282" WIDTH="45" HEIGHT="16" WC="0.96" CONTENT="som"/><SP WIDTH="15" VPOS="1282" HPOS="280"/>
							<String ID="string_269" HPOS="295" VPOS="1276" WIDTH="107" HEIGHT="22" WC="0.96" CONTENT="utskottet"/><SP WIDTH="14" VPOS="1276" HPOS="402"/>
							<String ID="string_270" HPOS="416" VPOS="1276" WIDTH="110" HEIGHT="27" WC="0.96" CONTENT="föreslagit"/><SP WIDTH="14" VPOS="1276" HPOS="526"/>
							<String ID="string_271" HPOS="540" VPOS="1276" WIDTH="33" HEIGHT="22" WC="0.96" CONTENT="för"/><SP WIDTH="13" VPOS="1276" HPOS="573"/>
							<String ID="string_272" HPOS="586" VPOS="1274" WIDTH="240" HEIGHT="24" WC="0.63" CONTENT="kommunalnämndens"/>
						</TextLine>
						<TextLine ID="line_34" HPOS="66" VPOS="1308" WIDTH="760" HEIGHT="30">
							<String ID="string_273" HPOS="66" VPOS="1310" WIDTH="144" HEIGHT="28" WC="0.95" CONTENT="medlemmar,"/><SP WIDTH="15" VPOS="1310" HPOS="210"/>
							<String ID="string_274" HPOS="225" VPOS="1310" WIDTH="40" HEIGHT="22" WC="0.93" CONTENT="har"/><SP WIDTH="14" VPOS="1310" HPOS="265"/>
							<String ID="string_275" HPOS="279" VPOS="1310" WIDTH="96" HEIGHT="28" WC="0.92" CONTENT="betingat"/><SP WIDTH="10" VPOS="1310" HPOS="375"/>
							<String ID="string_276" HPOS="385" VPOS="1316" WIDTH="26" HEIGHT="16" WC="0.96" CONTENT="en"/><SP WIDTH="12" VPOS="1316" HPOS="411"/>
							<String ID="string_277" HPOS="423" VPOS="1310" WIDTH="169" HEIGHT="27" WC="0.96" CONTENT="omformulering"/><SP WIDTH="8" VPOS="1310" HPOS="592"/>
							<String ID="string_278" HPOS="600" VPOS="1310" WIDTH="22" HEIGHT="22" WC="0.96" CONTENT="af"/><SP WIDTH="8" VPOS="1310" HPOS="622"/>
							<String ID="string_279" HPOS="630" VPOS="1316" WIDTH="62" HEIGHT="16" WC="0.96" CONTENT="mom."/><SP WIDTH="12" VPOS="1316" HPOS="692"/>
							<String ID="string_280" HPOS="704" VPOS="1310" WIDTH="16" HEIGHT="27" WC="0.96" CONTENT="i)"/><SP WIDTH="12" VPOS="1310" HPOS="720"/>
							<String ID="string_281" HPOS="732" VPOS="1309" WIDTH="31" HEIGHT="22" WC="0.93" CONTENT="uti"/><SP WIDTH="9" VPOS="1309" HPOS="763"/>
							<String ID="string_282" HPOS="772" VPOS="1310" WIDTH="12" HEIGHT="24" WC="0.92" CONTENT="$"/><SP WIDTH="9" VPOS="1310" HPOS="784"/>
							<String ID="string_283" HPOS="793" VPOS="1308" WIDTH="33" HEIGHT="22" WC="0.96" CONTENT="39."/>
						</TextLine>
					</TextBlock>
					<TextBlock ID="block_5" HPOS="66" VPOS="1342" WIDTH="762" HEIGHT="99">
						<TextLine ID="line_35" HPOS="135" VPOS="1342" WIDTH="693" HEIGHT="32">
							<String ID="string_284" HPOS="135" VPOS="1345" WIDTH="37" HEIGHT="22" WC="0.95" CONTENT="Uti"/><SP WIDTH="16" VPOS="1345" HPOS="172"/>
							<String ID="string_285" HPOS="188" VPOS="1344" WIDTH="26" HEIGHT="30" WC="0.59" CONTENT="58"/><SP WIDTH="16" VPOS="1344" HPOS="214"/>
							<String ID="string_286" HPOS="230" VPOS="1345" WIDTH="34" HEIGHT="27" WC="0.96" CONTENT="60,"/><SP WIDTH="16" VPOS="1345" HPOS="264"/>
							<String ID="string_287" HPOS="280" VPOS="1345" WIDTH="34" HEIGHT="27" WC="0.96" CONTENT="61,"/><SP WIDTH="16" VPOS="1345" HPOS="314"/>
							<String ID="string_288" HPOS="330" VPOS="1345" WIDTH="34" HEIGHT="26" WC="0.96" CONTENT="62,"/><SP WIDTH="17" VPOS="1345" HPOS="364"/>
							<String ID="string_289" HPOS="381" VPOS="1345" WIDTH="34" HEIGHT="26" WC="0.96" CONTENT="63,"/><SP WIDTH="16" VPOS="1345" HPOS="415"/>
							<String ID="string_290" HPOS="431" VPOS="1346" WIDTH="28" HEIGHT="20" WC="0.96" CONTENT="64"/><SP WIDTH="16" VPOS="1346" HPOS="459"/>
							<String ID="string_291" HPOS="475" VPOS="1344" WIDTH="39" HEIGHT="22" WC="0.96" CONTENT="och"/><SP WIDTH="16" VPOS="1344" HPOS="514"/>
							<String ID="string_292" HPOS="530" VPOS="1345" WIDTH="27" HEIGHT="21" WC="0.95" CONTENT="65"/><SP WIDTH="11" VPOS="1345" HPOS="557"/>
							<String ID="string_293" HPOS="568" VPOS="1346" WIDTH="37" HEIGHT="20" WC="0.96" CONTENT="äro"/><SP WIDTH="15" VPOS="1346" HPOS="605"/>
							<String ID="string_294" HPOS="620" VPOS="1344" WIDTH="23" HEIGHT="22" WC="0.96" CONTENT="af"/><SP WIDTH="10" VPOS="1344" HPOS="643"/>
							<String ID="string_295" HPOS="653" VPOS="1344" WIDTH="108" HEIGHT="22" WC="0.93" CONTENT="utskottet"/><SP WIDTH="14" VPOS="1344" HPOS="761"/>
							<String ID="string_296" HPOS="775" VPOS="1342" WIDTH="53" HEIGHT="22" WC="0.93" CONTENT="min-"/>
						</TextLine>
						<TextLine ID="line_36" HPOS="67" VPOS="1376" WIDTH="760" HEIGHT="30">
							<String ID="string_297" HPOS="67" VPOS="1380" WIDTH="37" HEIGHT="22" WC="0.95" CONTENT="dre"/><SP WIDTH="15" VPOS="1380" HPOS="104"/>
							<String ID="string_298" HPOS="119" VPOS="1378" WIDTH="115" HEIGHT="28" WC="0.96" CONTENT="ändringar"/><SP WIDTH="14" VPOS="1378" HPOS="234"/>
							<String ID="string_299" HPOS="248" VPOS="1378" WIDTH="126" HEIGHT="28" WC="0.93" CONTENT="föreslagna,"/><SP WIDTH="14" VPOS="1378" HPOS="374"/>
							<String ID="string_300" HPOS="388" VPOS="1378" WIDTH="115" HEIGHT="28" WC="0.93" CONTENT="betingade"/><SP WIDTH="11" VPOS="1378" HPOS="503"/>
							<String ID="string_301" HPOS="514" VPOS="1378" WIDTH="23" HEIGHT="22" WC="0.97" CONTENT="af"/><SP WIDTH="12" VPOS="1378" HPOS="537"/>
							<String ID="string_302" HPOS="549" VPOS="1379" WIDTH="26" HEIGHT="21" WC="0.93" CONTENT="de"/><SP WIDTH="16" VPOS="1379" HPOS="575"/>
							<String ID="string_303" HPOS="591" VPOS="1378" WIDTH="66" HEIGHT="28" WC="0.92" CONTENT="öfriga"/><SP WIDTH="15" VPOS="1378" HPOS="657"/>
							<String ID="string_304" HPOS="672" VPOS="1378" WIDTH="103" HEIGHT="27" WC="0.91" CONTENT="vigtigare"/><SP WIDTH="11" VPOS="1378" HPOS="775"/>
							<String ID="string_305" HPOS="786" VPOS="1376" WIDTH="41" HEIGHT="22" WC="0.92" CONTENT="för-"/>
						</TextLine>
						<TextLine ID="line_37" HPOS="66" VPOS="1412" WIDTH="613" HEIGHT="29">
							<String ID="string_306" HPOS="66" VPOS="1414" WIDTH="121" HEIGHT="27" WC="0.95" CONTENT="ändringar,"/><SP WIDTH="16" VPOS="1414" HPOS="187"/>
							<String ID="string_307" HPOS="203" VPOS="1419" WIDTH="45" HEIGHT="16" WC="0.96" CONTENT="som"/><SP WIDTH="16" VPOS="1419" HPOS="248"/>
							<String ID="string_308" HPOS="264" VPOS="1412" WIDTH="22" HEIGHT="23" WC="0.93" CONTENT="af"/><SP WIDTH="14" VPOS="1412" HPOS="286"/>
							<String ID="string_309" HPOS="300" VPOS="1413" WIDTH="105" HEIGHT="22" WC="0.91" CONTENT="utskottet"/><SP WIDTH="15" VPOS="1413" HPOS="405"/>
							<String ID="string_310" HPOS="420" VPOS="1412" WIDTH="41" HEIGHT="22" WC="0.93" CONTENT="här"/><SP WIDTH="14" VPOS="1412" HPOS="461"/>
							<String ID="string_311" HPOS="475" VPOS="1412" WIDTH="63" HEIGHT="22" WC="0.92" CONTENT="ofvan"/><SP WIDTH="16" VPOS="1412" HPOS="538"/>
							<String ID="string_312" HPOS="554" VPOS="1414" WIDTH="125" HEIGHT="20" WC="0.89" CONTENT="omnämnts."/>
						</TextLine>
					</TextBlock>
					<TextBlock ID="block_6" HPOS="135" VPOS="1445" WIDTH="695" HEIGHT="29">
						<TextLine ID="line_38" HPOS="135" VPOS="1445" WIDTH="695" HEIGHT="29">
							<String ID="string_313" HPOS="135" VPOS="1447" WIDTH="38" HEIGHT="23" WC="0.93" CONTENT="Uti"/><SP WIDTH="15" VPOS="1447" HPOS="173"/>
							<String ID="string_314" HPOS="188" VPOS="1447" WIDTH="12" HEIGHT="27" WC="0.81" CONTENT="&amp;"/><SP WIDTH="15" VPOS="1447" HPOS="200"/>
							<String ID="string_315" HPOS="215" VPOS="1448" WIDTH="24" HEIGHT="22" WC="0.96" CONTENT="81"/><SP WIDTH="18" VPOS="1448" HPOS="239"/>
							<String ID="string_316" HPOS="257" VPOS="1447" WIDTH="40" HEIGHT="21" WC="0.95" CONTENT="har"/><SP WIDTH="20" VPOS="1447" HPOS="297"/>
							<String ID="string_317" HPOS="317" VPOS="1453" WIDTH="63" HEIGHT="16" WC="0.96" CONTENT="mom."/><SP WIDTH="17" VPOS="1453" HPOS="380"/>
							<String ID="string_318" HPOS="397" VPOS="1448" WIDTH="11" HEIGHT="20" WC="0.92" CONTENT="1"/><SP WIDTH="17" VPOS="1448" HPOS="408"/>
							<String ID="string_319" HPOS="425" VPOS="1448" WIDTH="59" HEIGHT="26" WC="0.95" CONTENT="synts"/><SP WIDTH="15" VPOS="1448" HPOS="484"/>
							<String ID="string_320" HPOS="499" VPOS="1446" WIDTH="106" HEIGHT="22" WC="0.96" CONTENT="utskottet"/><SP WIDTH="14" VPOS="1446" HPOS="605"/>
							<String ID="string_321" HPOS="619" VPOS="1446" WIDTH="128" HEIGHT="26" WC="0.93" CONTENT="fullkomligt"/><SP WIDTH="16" VPOS="1446" HPOS="747"/>
							<String ID="string_322" HPOS="763" VPOS="1445" WIDTH="67" HEIGHT="21" WC="0.86" CONTENT="öfver-"/>
						</TextLine>
					</TextBlock>
					<TextBlock ID="block_7" HPOS="137" VPOS="1484" WIDTH="661" HEIGHT="26">
						<TextLine ID="line_39" HPOS="137" VPOS="1484" WIDTH="661" HEIGHT="26">
							<String ID="string_323" HPOS="137" VPOS="1488" WIDTH="145" HEIGHT="18" WC="0.90" CONTENT="Sammansatta"/><SP WIDTH="14" VPOS="1488" HPOS="282"/>
							<String ID="string_324" HPOS="296" VPOS="1488" WIDTH="48" HEIGHT="22" WC="0.91" CONTENT="Lag-"/><SP WIDTH="13" VPOS="1488" HPOS="344"/>
							<String ID="string_325" HPOS="357" VPOS="1486" WIDTH="32" HEIGHT="18" WC="0.93" CONTENT="och"/><SP WIDTH="13" VPOS="1486" HPOS="389"/>
							<String ID="string_326" HPOS="402" VPOS="1486" WIDTH="193" HEIGHT="18" WC="0.92" CONTENT="Ekonomiutskottets"/><SP WIDTH="12" VPOS="1486" HPOS="595"/>
							<String ID="string_327" HPOS="607" VPOS="1485" WIDTH="117" HEIGHT="18" WC="0.91" CONTENT="betänkande"/><SP WIDTH="12" VPOS="1485" HPOS="724"/>
							<String ID="string_328" HPOS="736" VPOS="1490" WIDTH="32" HEIGHT="12" WC="0.89" CONTENT="n:o"/><SP WIDTH="14" VPOS="1490" HPOS="768"/>
							<String ID="string_329" HPOS="782" VPOS="1484" WIDTH="16" HEIGHT="17" WC="0.96" CONTENT="7."/>
						</TextLine>
					</TextBlock>
				</ComposedBlock>
			</PrintSpace>
		</Page>
	</Layout>
</alto>
