1025 1670
332 117 25 23 U.
371 117 24 22 B.
411 129 28 4 —
454 118 66 28 Prop.
536 118 38 22 N:o
590 117 35 23 33.
802 119 23 20 11

96 183 110 22 definitiva
228 183 131 28 upplösning
381 183 130 22 förutsätter
530 184 48 21 äter
594 190 26 15 en
636 183 78 28 partiel
730 183 91 27 ändring
837 182 22 22 af

98 220 26 19 18
140 217 11 28 $
166 218 6 21 i
191 220 54 19 1772
262 219 34 20 års
312 217 181 28 Regeringsform,
510 218 41 22 och
566 219 8 20 i
589 218 61 22 detta
660 218 124 22 hänseende
795 217 62 22 hafva

95 255 35 19 tre
145 253 71 26 ständ,
232 253 73 22 säsom
320 253 67 22 redan
398 253 63 22 ofvan
471 253 113 26 nämndes,
595 253 122 22 remitterat
727 253 41 21 den
779 252 78 27 nädiga

97 288 162 27 propositionen
277 288 81 27 jemväl
373 287 32 22 till
421 288 163 27 Lagutskottet,
600 294 46 15 som
664 287 23 22 af
701 287 66 22 sädan
783 286 74 23 anled-

98 322 50 27 ning
164 323 69 22 under
248 322 69 22 denne
334 322 42 27 dag
392 322 31 21 till
436 322 173 22 Statsutskottet
620 322 69 21 aflätit
700 328 26 15 en
737 321 120 28 sälydande

97 356 123 23 skrifvelse:

168 419 8 8 n
181 407 28 17 Då
219 406 51 18 Hans
280 407 103 22 Kejserliga
393 407 95 22 Majestäts
499 407 66 22 nådiga
575 407 115 23 proposition
701 412 28 12 om
740 405 117 24 upphörande

98 434 20 18 af
130 434 22 18 de
167 435 41 17 från
222 435 101 18 rusthällen
334 437 47 15 samt
391 436 84 17 roterade
485 435 85 18 hemman
581 435 34 18 och
625 435 131 17 båtsmanshåll
767 434 90 23 utgående

98 464 142 22 vakansafgifter
259 466 47 16 samt
324 464 110 23 indragning
455 464 20 17 af
492 464 23 18 de
534 464 101 18 rnsthållen
654 464 85 18 anvisade
755 464 103 22 augments-

97 492 35 18 och
151 493 58 23 öfriga
227 494 63 16 räntor
309 493 33 18 hos
363 493 72 17 landets
455 493 99 23 höglofliga
573 493 79 18 Ständer
670 493 115 22 föredragits,
804 491 55 18 hafva

97 521 136 23 Ridderskapet
252 522 34 17 och
304 522 60 18 Adeln
383 523 48 16 samt
450 522 161 23 Borgareståndet,
624 522 58 22 jemte
699 522 31 17 det
745 522 22 17 de
782 521 6 17 i
803 520 56 23 öfrigt

97 549 86 19 hänvisat
200 550 76 18 ärendet
291 550 28 18 till
334 551 151 17 Statsutskottets
501 551 131 17 förberedande
648 550 116 22 behandling,
779 550 19 16 åt
812 550 47 21 Lag-

98 579 91 17 utskottet
208 579 121 18 öfverlemnat
347 581 28 16 att
394 579 67 23 afgifva
479 580 87 22 yttrande
586 585 29 12 om
630 580 89 17 inverkan
735 578 19 18 af
767 578 31 18 det
812 578 47 17 före-

98 608 63 22 slagna
181 608 136 23 upphäfvandet
334 608 21 18 af
366 608 216 18 rusthällsinstitutionen
598 608 24 23 på
636 608 101 18 innebållet
751 607 20 18 af
786 605 25 19 18
827 606 9 22 $
853 606 6 17 i

98 636 176 23 Regeringsformen,
294 637 97 18 hvarutom
410 637 140 18 Bondeståndet
569 637 28 17 för
617 637 28 17 sin
664 637 29 17 del
711 638 44 16 utan
775 637 84 17 närmare

97 666 125 22 begränsning
237 666 103 17 remitterat
355 666 137 23 propositionen
504 666 29 18 till
544 666 50 18 såväl
604 666 46 22 Lag-
661 671 38 12 som
710 665 147 18 Statsutskottet.

167 700 10 17 I
196 700 98 22 anledning
314 700 53 18 häraf
383 700 32 18 har
434 701 132 22 Lagutskottet
586 700 58 18 under
658 700 61 18 denna
734 700 35 22 dag
784 700 29 17 till
827 699 31 17 be-

98 728 88 23 handling
204 729 78 17 förehaft
301 730 52 16 detta
372 729 73 21 ärende,
465 730 65 17 dervid
550 729 96 18 Utskottet
665 729 41 17 med
727 728 98 22 anledning
842 727 19 17 af

97 757 117 18 föreskriften
232 758 6 16 i
259 756 27 19 34
306 758 9 21 $
334 758 210 23 Landtdagsordningen
560 760 61 15 ansett
636 758 27 22 sig
678 758 45 17 böra
739 758 5 16 i
759 756 100 19 allmänhet

97 788 51 21 yttra
167 786 28 23 sig
210 792 29 12 om
254 787 34 17 och
303 787 5 17 i
324 786 47 18 hvad
387 787 41 17 mån
445 787 32 17 det
492 787 5 17 i
513 787 135 17 ofvannämnda
663 786 66 22 nådiga
744 786 114 23 proposition

98 815 90 22 ingående
203 815 97 22 lagförslag
315 815 100 18 innefattar
429 816 80 22 ändring
524 816 20 17 af
556 816 84 22 gällande
655 816 95 22 grundlag.

167 849 10 18 I
192 849 65 18 sådant
272 849 83 18 afseende
371 850 32 17 har
419 850 96 17 Utskottet
530 850 42 17 med
587 850 161 22 bestämningarna
763 849 6 17 i
780 849 79 17 nämnda

98 878 68 23 förslag
178 878 76 23 jemfört
268 879 40 17 icke
323 879 78 17 allenast
416 878 9 21 $
445 877 24 19 18
485 879 6 17 i
505 879 171 22 Regeringsformen
691 880 44 16 utan
751 877 53 18 äfven
819 877 10 22 $
846 875 11 18 2

97 907 7 17 i
119 907 85 22 gällande
219 907 154 23 Värnepligtslag,
389 908 22 17 de
427 907 47 18 enda
489 908 114 22 stadganden
619 907 20 18 af
650 907 159 23 grundlagsnatur,
820 911 39 13 som

98 936 59 22 enligt
175 935 105 18 Utskottets
299 936 118 23 uppfattning
436 937 63 17 kunna
519 942 53 12 anses
587 942 43 12 vara
645 936 20 17 af
677 935 182 23 författningsförsla-

98 966 32 21 get
144 965 83 20 berörda,
246 965 34 17 och
299 965 33 17 bar
347 965 95 18 Utskottet
457 965 47 18 efter
519 965 58 18 skedd
592 965 138 22 öfverläggning
745 964 71 17 förenat
831 964 28 21 sig

98 999 30 12 om
143 993 81 23 följande
238 994 102 17 uttalande.

167 1026 10 19 I
195 1027 24 18 18
235 1027 9 22 $
260 1028 172 23 Regeringsformen
447 1028 81 23 stadgas,
544 1030 28 15 att
586 1028 124 23 krigsmakten
726 1027 28 18 till
769 1027 41 17 häst
825 1026 34 18 och

98 1057 32 21 fot,
150 1057 20 17 så
188 1057 30 17 väl
236 1062 39 13 som
293 1057 151 18 båtsmanshållet
459 1057 52 18 skola
526 1057 85 18 förblifva
626 1057 30 17 vid
672 1056 28 17 sin
716 1055 94 23 indelning
825 1055 34 18 och

98 1086 24 17 de
140 1085 43 18 med
202 1086 90 22 allmogen
312 1088 47 15 samt
377 1086 87 17 städerna
483 1086 111 23 upprättade
609 1085 113 21 kontrakter,
738 1085 61 17 hvilka
814 1084 45 17 böra

98 1119 48 18 noga
166 1114 102 18 efterlefvas
287 1114 33 18 och
336 1115 6 16 i
357 1115 32 17 akt
404 1117 52 20 tagas
471 1115 49 17 intill
536 1115 41 18 dess
592 1117 64 20 regent
671 1114 34 18 och
721 1113 75 18 ständer
810 1113 49 18 finna

99 1143 64 22 nödigt
178 1145 28 15 att
221 1143 72 18 samfält
308 1143 39 18 deri
362 1144 44 22 göra
421 1143 84 23 ändring,

168 1171 70 18 Genom
253 1171 9 22 $
279 1170 11 19 2
307 1172 5 17 i
328 1172 175 23 Värnepligtslagen
518 1174 22 15 är
554 1172 62 17 vidare
631 1171 93 18 bestämdt
739 1172 32 19 att,
785 1170 74 23 sålänge

98 1200 73 18 landets
190 1201 112 17 härväsende
323 1202 20 16 är
362 1201 79 17 ordnadt
460 1201 23 22 på
501 1201 114 22 grundvalen
634 1201 20 17 af
666 1201 67 17 allmän
749 1199 109 23 värnepligt,

98 1229 86 22 samtliga
202 1229 76 18 rusthåll
294 1231 31 16 äro
340 1229 96 18 frikallade
451 1230 41 17 från
507 1229 127 23 skyldigheten
650 1231 28 16 att
693 1228 92 24 uppställa
800 1228 59 22 krigs-

98 1257 38 18 folk
151 1258 58 22 enligt
224 1258 173 22 indelningsverket.

167 1286 93 18 Jemförda
279 1287 42 17 med
340 1286 103 18 hvarandra
458 1287 90 17 innebära
563 1286 53 18 dessa
630 1286 114 22 stadganden
759 1286 28 16 att
802 1284 58 18 indel-

98 1314 125 24 ningsverket,
239 1316 65 17 sådant
319 1316 32 16 det
361 1316 31 17 vid
403 1316 183 22 Regeringsformens
596 1315 109 17 utfärdande
715 1313 85 21 förefans,
811 1315 49 16 ännu

98 1345 21 16 är
133 1344 6 17 i
154 1344 64 18 landet
232 1344 85 22 gällande
333 1344 34 17 och
382 1344 81 22 åtnjuter
479 1344 160 23 grundlagshelgd,
655 1349 41 12 men
713 1344 27 16 att
750 1342 110 18 rusthållens

98 1372 34 18 och
148 1374 83 16 rotarnes
246 1372 104 24 skyldighet
365 1375 28 15 att
408 1373 93 23 uppställa
515 1372 89 24 krigsfolk
618 1372 40 18 icke
674 1372 47 18 skall
734 1371 59 18 såsom
804 1371 56 17 sådan

97 1402 53 22 tagas
165 1402 6 16 i
186 1401 79 23 anspråk
280 1402 21 17 så
316 1402 54 22 länge
385 1402 22 17 de
420 1402 60 17 finska
490 1404 100 21 trupperna
601 1402 96 22 uppsättas
708 1400 33 18 och
752 1400 109 23 komplette-

98 1435 30 12 rag
142 1430 60 22 enligt
216 1430 208 23 värnepligtssystemet.

168 1466 150 18 Statsutskottets
331 1466 117 18 betänkande
462 1467 37 17 N:o
511 1467 16 17 3.
