1009 1670
395 128 38 22 N:o
449 127 35 23 36.
762 129 27 20 17

125 193 10 22 I
152 193 27 22 de
194 193 44 27 fall,
255 193 28 22 dä
298 193 154 28 landttruppen
468 194 48 21 icke
532 194 39 21 har
587 199 34 16 om
636 194 54 21 bord
706 193 112 28 äfartyget

56 234 63 21 egen,
135 228 33 21 till
183 227 99 28 utöfning
298 228 22 22 af
334 228 187 27 strafimyndighet
537 228 122 27 berättigad
667 228 150 26 befälhafvare,

57 262 53 22 eller
132 268 27 15 en
182 262 67 22 sädan
267 262 75 27 finnes,
359 269 48 15 men
423 263 49 21 med
488 263 152 21 inskränktare
656 263 162 27 bestraffnings-

57 298 51 25 rätt,
125 299 27 19 än
169 297 42 21 den
225 297 114 27 begängna
353 296 120 23 förseelsen
488 297 105 27 päkallar,
609 297 35 22 mä
659 297 159 22 befälhafvaren

56 331 34 22 för
112 332 93 27 truppen
223 331 40 22 hos
282 331 160 28 fartygschefen
458 332 115 21 hemställa
589 338 34 15 om
639 331 178 28 bestraffningens

56 366 171 26 bestämmande,
251 366 41 21 och
314 372 40 21 ege
377 367 28 21 dä
428 367 69 21 denne
513 369 40 24 att,
569 367 57 21 inom
642 369 90 24 gränsen
749 365 23 23 af
786 366 31 21 sin

56 400 207 28 bestraffningsrätt,
280 400 84 22 straffet
378 400 34 22 för
427 401 41 21 den
484 401 86 21 felande
586 403 88 19 utsätta.

408 459 13 26 8
438 460 34 20 32.

126 492 42 22 Vid
186 498 123 22 gemensam
324 493 144 27 tjenstgöring
484 494 53 22 eller
553 493 101 28 tillfälligt
669 492 149 23 sammanträf-

57 526 64 22 fande
136 526 24 22 af
173 526 206 29 truppafdelningar,
396 528 28 21 dä
439 528 63 22 deras
519 528 131 28 ömsesidiga
659 527 159 29 tjensteförhäl-

57 561 79 21 landen
159 562 47 21 icke
229 564 37 19 äro
289 562 49 22 med
361 563 150 27 noggrannhet
533 563 120 26 bestämda,
675 568 63 16 anses
755 561 64 22 den
806 557 17 38 i

57 595 79 28 högsta
150 596 82 26 graden
248 596 69 22 äldste
333 596 73 22 säsom
422 597 152 27 befälhafvare,
592 598 40 21 och
649 598 94 27 ätnjuter
758 597 5 21 i
777 596 42 22 slik

58 630 116 28 egenskap,
191 630 7 22 i
213 630 88 27 hänsigt
314 631 32 21 till
363 631 28 22 de
399 631 73 27 öfrige,
483 632 69 22 sådan
561 632 202 27 bestrafiningsrätt,
773 636 46 16 som

58 664 79 22 honom
153 664 55 23 efter
223 665 53 21 hans
293 666 113 26 värdighet
421 666 137 22 tillkommer.

408 719 13 25 8
438 720 34 20 33.

127 750 150 23 Befälhafvare
292 751 33 22 för
340 752 51 22 vakt
407 753 40 21 och
463 753 76 28 dejour
555 754 35 21 vid
606 752 174 29 truppafdelning
796 754 23 18 är

60 785 123 27 berättigad
199 787 37 25 att,
253 785 33 23 för
302 786 155 22 äterställande
474 788 22 21 af
511 788 60 22 störd
587 788 97 26 ordning,
700 788 45 21 läta
761 792 57 16 arre-

58 822 60 19 stera
140 826 79 21 person
235 820 22 21 af
271 820 125 22 underbefäl
412 822 40 21 och
468 823 112 26 manskap,
597 829 46 15 som
659 823 63 26 eljest
737 822 18 27 ej
774 821 45 21 stär

59 853 68 22 under
148 854 55 21 hans
226 854 63 22 befäl.
320 855 56 22 Vare
395 856 55 21 dock
466 857 86 27 skyldig
568 859 33 19 att
616 863 34 15 om
665 855 153 28 förbrytelsens

58 888 150 22 beskaffenhet
230 889 41 22 och
287 889 41 22 den
343 889 96 23 felandes
455 892 152 21 arresterande
623 892 126 21 underrätta
765 891 53 20 hans

58 922 63 27 befäl,
142 929 46 16 som
205 930 51 20 eger
271 924 121 22 bestämma
407 925 169 28 bestraffningen
592 926 40 22 och
648 926 85 27 vidtaga
750 924 69 27 öfriga

57 957 89 22 dermed
162 958 211 28 sammanhängande
389 959 109 28 åtgärder.

408 1012 13 25 8
437 1012 35 21 34.

128 1043 40 22 Om
183 1043 71 28 någon
269 1045 8 21 i
292 1047 90 20 närvaro
397 1045 23 22 af
433 1047 49 26 den,
499 1053 47 16 som
556 1047 89 22 innehar
653 1047 66 27 högre
728 1047 90 26 tjenste-

57 1078 60 26 grad,
133 1078 74 27 bryter
223 1081 58 19 emot
297 1079 116 28 ordningen
428 1080 34 22 för
476 1081 176 28 militärtjensten
663 1082 53 21 eller
724 1080 95 27 discipli-

57 1118 48 20 nen,
122 1112 53 22 eller
190 1113 102 22 beträdes
308 1115 49 21 med
373 1115 139 28 oanständigt
527 1116 134 27 uppförande
671 1116 28 27 på
711 1115 108 26 offentligt

58 1146 69 27 ställe,
151 1147 53 21 eller
225 1147 8 22 i
255 1148 118 22 allmänhet
389 1149 134 23 åsidosätter
536 1151 103 27 tillbörlig
654 1150 164 28 uppmärksam-

57 1181 43 26 het,
124 1183 24 19 är
171 1181 42 22 den
235 1182 133 27 sistnämnde
388 1184 47 22 icke
455 1185 94 22 allenast
565 1185 128 27 berättigad,
710 1187 52 19 utan
778 1184 41 22 ock

56 1215 78 27 pligtig
148 1217 34 20 att
197 1217 74 21 derom
287 1217 70 22 erinra
373 1218 42 22 den
425 1219 7 21 i
441 1213 135 34 tjenstegrad
585 1220 170 25 underordnade,
766 1219 53 21 hvil-

57 1249 42 22 ken
115 1250 40 21 han
173 1249 62 23 äfven
250 1251 43 21 kan
308 1252 88 27 tillsäga
411 1255 78 20 arrest.

126 1284 73 22 Sådan
213 1285 55 27 pligt
283 1286 92 27 åligger:

128 1318 20 27 1)
165 1320 87 26 general
267 1320 6 20 i
290 1320 87 28 hänsigt
392 1322 33 21 till
440 1322 184 27 stabsofffcerare;

126 1353 22 25 2)
166 1354 86 26 general
269 1355 40 21 och
325 1356 134 22 stabsofficer
474 1357 8 21 i
497 1357 88 28 hänsigt
593 1358 32 21 till
637 1357 181 26 öfverofficerare;

126 1388 21 22 3)
165 1388 42 21 alla
223 1388 110 23 officerare
348 1390 7 21 i
370 1390 88 28 hänsigt
474 1392 33 21 till
523 1392 125 22 underbefäl
658 1393 39 21 och
706 1392 112 26 manskap.

407 1444 14 25 8
437 1445 34 19 35.

127 1472 99 28 Olydnad
250 1476 58 20 emot
324 1476 68 22 sådan
408 1477 85 22 erinran
510 1479 53 21 eller
578 1479 125 27 tillsägelse,
721 1484 46 16 som
783 1478 7 21 i
806 1478 13 26 $
