1023 1670
291 124 64 25 Ständ.
370 125 30 24 Sv.
417 137 25 4 —
458 125 55 30 Prop.
528 124 30 25 N:o
573 125 30 23 86.
776 125 28 21 37

214 193 52 26 dige,
282 192 54 21 hvad
350 193 8 20 i
372 193 31 27 $$
418 193 29 20 67
462 193 35 20 och
514 192 30 21 68
559 196 33 21 för
607 195 140 26 upprorsmän
768 192 65 25 finnes

214 227 106 27 stadgadt.

482 306 14 19 8
509 307 54 22 Kap.

229 363 37 24 Om
283 363 109 29 plundring
408 365 56 22 samt
479 363 111 24 särskilda
608 363 68 24 andra
691 364 54 23 brott
761 365 57 21 emot

352 404 79 22 person
448 398 40 22 och
508 399 104 27 egendom
628 399 7 21 i
649 398 46 22 fält.

488 462 15 27 $
524 462 33 20 12.

284 500 68 26 Hvar,
373 509 50 17 som,
447 504 40 18 när
509 502 53 24 stad,
581 501 99 28 fästning
702 500 49 22 eller
774 500 58 27 läger

214 535 85 27 intages,
315 535 47 21 eller
379 536 33 19 vid
432 543 69 13 annan
525 535 59 28 dylik
605 535 158 28 krigshändelse,
789 533 42 22 till-

212 570 74 27 griper
302 570 47 21 eller
366 569 116 28 tilltvingar
496 570 31 28 sig
543 571 62 26 något
624 570 25 26 af
669 570 100 20 invånare
784 569 8 20 i
801 568 30 29 fi-

214 604 87 27 endtligt
317 605 56 24 land,
388 604 81 21 hvilken
480 605 33 20 till
524 604 136 27 krigsmakten
676 605 20 26 ej
707 604 44 25 hör,
767 603 65 29 straf-

210 639 34 28 fes
255 639 41 28 för
312 639 116 28 plundring
444 639 47 20 med
514 639 81 20 tukihus
617 639 30 20 till
663 639 35 20 och
721 639 46 20 med
784 637 48 29 fem

214 674 31 25 år,
261 673 49 20 eller
320 673 97 28 fängelse
432 674 18 26 ej
465 674 68 20 under
548 681 34 12 sex
597 675 106 19 månader.

284 706 74 21 Såsom
379 708 119 27 plundring
523 715 58 13 anses
604 707 48 21 dock
674 707 26 28 ej,
726 714 33 13 om
783 706 49 21 med

215 741 154 22 vederbörande
385 742 153 29 befälhafvares
555 741 91 21 tillstånd
661 745 54 24 tages
721 741 40 28 för
773 745 59 23 trup-

212 783 41 20 pen
270 777 70 26 nödigt
355 776 62 29 behof
434 777 28 28 af
481 776 106 29 lifsmedel,
611 775 118 27 läkemedel,
751 775 80 20 klädes-

213 810 117 28 persedlar,
347 811 89 26 bränsle,
447 811 68 28 foder
531 811 47 20 eller
594 811 91 27 dragare
699 810 36 21 och
747 805 83 38 fordon.

488 873 16 28 $
524 873 31 21 73.

283 913 55 25 Den,
354 921 43 13 som
413 914 135 27 egenmäktigt
566 913 37 21 och
621 913 39 28 för
682 920 48 20 egen
745 912 87 27 vinning

213 947 101 28 pälägger
330 948 128 21 invänarene
474 949 8 19 i
496 956 24 12 en
537 948 27 26 af
572 947 138 28 krigsmakten
723 947 67 21 besatt
800 948 33 18 ort

214 983 68 26 någon
298 981 112 29 krigsgärd
426 982 49 21 eller
488 982 93 28 förhöjer
597 982 69 20 sådan
681 982 9 20 i
703 980 129 28 vederbörlig

214 1017 92 27 ordning
314 1016 100 28 faststäld
426 1017 63 27 gärd,
504 1017 82 27 strafes
596 1017 48 21 med
659 1016 82 21 tukthus
756 1015 31 21 till
797 1013 35 22 och

214 1051 48 21 med
278 1051 26 20 tio
320 1052 32 23 år,
369 1050 47 22 eller
428 1050 95 29 fängelse
539 1051 19 28 ej
573 1051 67 21 under
654 1058 35 13 sex
704 1050 109 20 månader.

284 1084 50 21 Har
348 1084 47 22 slikt
410 1085 105 28 obehörigt
530 1085 131 28 påläggande
684 1084 50 22 eller
745 1083 87 29 förhöj-

215 1120 50 27 ning
280 1119 29 29 af
321 1120 111 27 krigsgärd
446 1120 52 20 skett
513 1123 51 17 utan
585 1124 31 16 att
638 1126 47 21 egen
697 1118 75 29 fördel
786 1118 47 21 der-

214 1154 48 21 med
277 1155 96 27 äsyftats;
390 1156 66 19 dömes
475 1154 33 21 till
524 1155 167 28 förafskedande
714 1154 47 22 eller
779 1154 53 27 fän-

213 1188 53 28 gelse
280 1189 9 19 i
302 1188 58 28 högst
374 1196 36 14 sex
424 1190 110 20 månader.

490 1253 13 26 $
527 1252 30 20 74.

286 1290 67 25 Hvar,
369 1298 44 13 som
428 1292 8 20 i
448 1291 47 29 fält
510 1291 70 28 skiljer
595 1292 30 27 sig
636 1291 56 29 från
714 1291 32 20 sin
767 1294 66 23 trupp

214 1324 36 21 och
266 1325 88 26 fordrar
370 1326 46 21 eller
431 1326 96 28 tillegnar
542 1328 30 26 sig
586 1327 50 27 gods
655 1326 46 21 eller
714 1326 120 28 penningar

215 1361 23 25 af
253 1361 129 20 invänarene
396 1361 9 19 i
413 1361 107 28 fiendtligt
535 1361 59 24 land,
616 1361 83 27 strafes
711 1360 37 28 för
763 1366 71 14 maro-

215 1394 75 27 dering
305 1395 45 19 med
364 1395 80 20 tuktkus
460 1395 31 20 till
507 1395 38 21 och
561 1396 45 20 med
620 1402 35 14 sex
669 1396 32 24 är,
722 1394 46 21 eller
779 1393 55 29 fän-

213 1427 53 28 gelse
282 1428 18 26 ej
314 1428 67 21 under
395 1436 35 14 sex
448 1430 109 20 månader.
