1020 1670
282 119 65 24 Ständ.
362 119 30 25 Sv.
408 132 26 3 —
450 119 54 31 Prop.
518 119 31 25 N:o
563 119 31 25 36.
762 120 26 21 27

194 187 156 29 fordringsmål
360 188 69 28 finnes
439 188 154 29 föreskrifven.
619 183 35 26 Är
664 189 81 20 kronan
755 188 62 21 mäls-

198 229 68 20 egare,
280 222 34 21 och
330 222 121 21 ankommer
467 223 33 20 det
515 223 14 20 å
545 223 39 20 viss
600 222 123 28 myndighet
738 225 31 18 att
783 223 34 20 be-

197 260 89 17 stämma
300 257 149 26 ersättningens
465 256 88 29 belopp;
575 257 27 21 då
618 258 42 23 må,
683 257 63 20 sedan
761 257 56 21 detta

198 291 58 25 skett,
272 291 141 21 skadeståndet
427 292 9 19 i
450 291 46 28 laga
512 291 92 28 ordning
620 291 88 22 utsökas.

475 360 15 28 $
504 360 36 21 41.

268 400 49 20 Har
330 407 75 20 genom
422 400 111 28 lagstridig
555 400 103 28 handling
682 401 65 19 skada
769 400 48 26 för-

199 434 95 21 orsakats
309 434 27 28 af
349 434 31 20 hel
389 434 166 28 kommendering
566 434 49 21 eller
627 434 111 28 afdelning
749 433 67 26 deraf,

198 468 38 22 och
246 469 69 28 finnes
330 468 32 22 det
378 472 31 17 att
424 468 204 28 kommenderingens
644 468 48 22 eller
710 467 107 29 afdelnin-

197 510 50 20 gens
262 502 146 29 Vefälhafvare,
424 503 85 21 änskönt
524 503 41 21 han
581 504 58 20 visste
658 507 32 17 att
708 503 109 29 företaget

199 538 13 20 &
227 537 51 21 bane
294 545 43 16 var,
361 537 110 21 urakilätit
486 542 31 16 att
539 538 49 20 söka
613 538 120 26 utförandet
755 537 64 27 deraf

195 572 139 28 förekomma,
350 572 47 20 eller
412 575 29 17 att
457 571 123 29 handlingen
590 572 164 29 uppenbarligen
769 571 48 21 här-

200 610 46 17 rört
261 607 27 28 af
300 607 51 20 hans
367 607 140 28 efterlätenhet
523 608 8 19 i
547 607 93 28 tillsynen
656 607 61 28 öfver
737 607 24 20 de
776 613 41 14 un-

200 641 136 28 derlydande;
362 642 29 20 dä
406 641 51 21 skall
478 641 160 29 befälhajvaren
652 641 166 28 skyldigkännas

199 679 31 17 att
246 677 27 27 af
285 676 133 25 skadestånd,
434 683 43 13 som
489 677 100 24 utdömes,
605 676 81 28 utgifva
697 677 33 20 det
739 675 79 28 belopp,

200 717 44 14 som
258 709 35 22 hos
308 710 52 21 hans
376 710 104 28 brottslige
491 711 158 28 underlydande
664 710 21 26 ej
702 710 57 28 utfäs
770 710 47 20 kan.

470 832 17 17 5
499 833 55 21 Kap.

406 888 35 24 Om
463 888 150 30 preskription.

474 958 16 28 $
503 958 38 21 42.

269 997 51 21 Rätt
338 1001 30 17 att
391 998 56 20 ätala
470 998 56 21 brott
541 1002 53 18 emot
619 999 69 20 denna
710 997 34 28 lag
768 1004 50 14 vare

196 1031 104 29 förfallen
317 1032 52 29 efter
385 1034 35 19 två
437 1034 33 23 är,
495 1041 33 13 om
553 1034 73 20 brottet
650 1033 18 28 ej
690 1036 27 17 är
740 1032 79 27 belagdt

200 1067 48 21 med
263 1067 121 29 dödsstraff,
400 1067 149 29 tukthusstraf
565 1067 47 21 eller
628 1067 119 27 afsättning.

272 1099 65 29 Utgör
352 1102 73 20 brottet
441 1102 80 21 endast
536 1106 28 16 ett
580 1102 153 20 åsidosättande
748 1101 26 27 af
782 1101 38 20 den

202 1134 90 28 aktning,
318 1143 42 13 som
381 1136 91 28 förman
499 1136 127 25 tillkommer,
652 1136 36 20 och
713 1136 39 20 har
775 1134 47 22 våld

201 1173 53 17 emot
270 1170 74 21 honom
359 1171 19 27 ej
392 1170 69 22 blifvit
483 1172 101 24 användt,
603 1170 107 29 förfaller
732 1172 45 19 rätt
792 1168 31 21 till

202 1203 45 21 åtal
263 1206 49 27 efter
327 1208 25 17 ett
374 1206 32 20 år.
439 1204 40 22 Om
501 1205 193 29 fylleriförbrytelse
716 1211 49 14 vare
787 1203 35 27 lag

200 1246 89 13 samma.

478 1287 16 24 $
509 1285 36 21 43.

271 1325 13 21 I
297 1326 64 27 fråga
378 1333 33 13 om
426 1326 68 20 sådan
511 1325 200 29 tjensteförbrytelse,
727 1332 33 14 om
771 1323 52 21 hvil-

200 1359 39 21 ken
254 1359 74 27 befälet
344 1360 20 27 ej
379 1359 43 21 kan
446 1359 80 22 erhålla
546 1360 117 21 kännedom
691 1358 133 22 annorlunda

200 1396 29 18 än
244 1394 37 20 vid.
295 1394 202 28 generalmönstring
513 1394 48 22 eller
575 1394 137 28 granskning
723 1394 27 28 af
757 1393 69 21 hand-

201 1428 79 28 lingar,
302 1428 51 21 skall
368 1429 56 21 tiden
437 1429 36 27 för
489 1429 132 21 anställande
637 1430 28 28 af
682 1428 44 22 åtal
747 1428 80 21 räknas
