1014 1673
243 123 12 19 2
532 123 35 21 N:o
583 122 37 22 35.

547 192 12 26 8
577 192 32 20 18.

272 236 114 22 Ordinarie
402 237 216 21 kommunalstämma
634 237 55 21 skall
706 237 28 27 på
752 237 110 26 söknedag
872 237 82 27 årligen

198 270 68 21 hållas
290 274 33 17 tre
346 272 80 26 gånger
449 272 39 21 och
512 272 58 20 helst
592 272 28 26 på
639 272 95 26 följande
750 272 64 20 tider:
832 278 24 14 en
872 272 6 20 i
895 272 59 20 Mars

199 305 78 20 månad
300 305 33 21 får
348 308 32 18 att
396 306 54 21 fatta
467 306 71 21 beslut
552 306 7 21 i
576 306 116 26 anledning
708 305 24 21 af
746 306 39 20 den
802 306 153 21 årsberättelse

199 340 38 20 och
254 340 138 27 redovisning
407 340 33 21 för
456 340 130 27 föregående
603 341 57 20 årets
672 340 137 26 förvaltning,
821 340 133 21 kommunal-

198 374 80 21 nämnd
301 374 101 27 afgifver;
427 382 25 14 en
468 376 6 20 i
491 374 127 28 September
640 375 78 21 månad
742 374 33 22 för
798 376 32 19 att
846 374 109 22 fastställa

198 408 126 22 skattörena
340 409 33 20 för
390 409 138 21 kommunens
545 410 159 26 skattskyldige
713 409 143 23 medlemmar,
869 409 27 26 på
907 410 46 20 sätt

198 443 7 20 i
221 442 10 28 $
250 444 27 20 56
293 445 25 18 är
334 444 69 26 sagdt,
419 443 119 21 bestämma
549 444 141 21 kommunens
701 444 86 26 utgifts-
799 444 39 20 och
849 443 105 21 inkomst-

199 479 44 19 stat
259 477 68 21 under
343 478 36 20 det
395 478 126 21 kommande
538 478 52 26 året,
608 478 92 21 anställa
710 478 34 20 val
757 478 31 20 till
800 478 26 20 de
838 478 116 21 befattnin-

197 518 39 20 gar
259 512 58 20 inom
341 512 134 26 kommunen,
499 513 72 21 hvilka
595 514 34 20 vid
653 513 58 20 årets
736 512 42 21 slut
794 512 66 21 blifva
876 512 77 26 lediga,

197 548 57 19 samt
270 547 84 20 besluta
370 547 105 21 huruvida
491 548 105 26 decharge
608 548 33 20 må
653 547 230 21 kommunalnämnden
894 546 60 21 med-

198 580 59 21 delas
282 580 32 21 för
339 581 129 26 föregående
484 582 57 20 årets
558 582 141 26 förvaltning;
717 582 38 20 och
772 588 24 14 en
813 582 6 20 i
835 581 119 21 December

199 615 84 25 månad,
305 615 34 21 för
362 616 132 26 granskning
517 616 22 20 af
562 616 18 26 ej
604 616 82 21 mindre
711 616 39 20 den
767 616 5 20 i
790 616 10 26 $
817 616 25 20 57
861 615 92 21 nämnda

201 649 120 21 skattöres-
345 650 51 20 eller
419 650 117 26 röstlängd,
562 652 26 19 än
607 650 39 22 ock
663 650 41 20 den
720 650 33 20 för
768 650 47 20 året
831 649 123 27 uppgjorda

197 683 143 27 debiterings-
364 684 38 21 och
427 684 175 27 uppbördslängd
626 687 56 18 samt
702 684 33 20 för
751 684 33 21 val
800 684 23 21 af
837 684 112 21 revisorer.

201 712 44 26 Äro
265 718 61 21 äfven
344 719 66 20 andra
426 719 93 21 ärenden
537 719 106 21 beroende
659 719 28 27 på
703 718 153 27 föredragning
873 719 5 20 i
894 718 59 21 kom-

197 752 173 26 munalstämma,
390 753 52 21 böra
455 754 78 26 jemväl
550 754 64 20 dessa
630 754 74 20 dervid
721 755 112 25 upptagas.

544 828 11 27 $
572 829 34 20 56.

267 873 47 21 Den
340 873 32 21 för
388 875 119 25 utgörande
522 874 24 21 af
560 875 116 24 bevillning
693 874 33 21 till
742 876 70 18 staten
828 874 125 21 verkstälda

195 908 98 26 taxering
310 907 22 21 af
346 908 140 21 kommunens
501 909 157 26 skattskyldige
669 909 139 20 medlemmar
820 908 61 25 skall,
893 908 6 21 i
912 908 39 21 det

195 941 102 22 afseende
312 942 12 27 $
340 943 27 20 54
390 944 94 24 nämner,
509 943 74 26 läggas
602 943 33 20 till
654 943 70 26 grund
738 943 78 26 jemväl
833 942 33 21 för
882 943 69 26 erläg-

195 976 71 26 gande
290 976 22 21 af
327 976 59 21 skatt
401 977 33 20 till
450 977 175 26 landskommun;
642 977 39 21 och
699 977 52 20 böra
767 977 57 20 vissa
840 977 111 20 skattören

195 1010 49 21 dem
261 1011 88 26 påföras
365 1011 6 20 i
388 1011 94 26 enlighet
497 1012 48 19 med
561 1011 127 21 förberörde
706 1012 104 25 taxering.

267 1044 85 21 Allmän
369 1045 215 21 kommunalstämma
608 1046 102 24 besluter,
730 1045 54 21 huru
800 1047 56 18 stort
872 1044 77 27 belopp

195 1078 23 21 af
237 1078 75 33 fastigh
313 1080 108 24 hgtsvärde
437 1080 39 20 och
492 1080 94 20 inkomst
602 1080 55 20 skall
673 1082 111 18 motsvara
799 1081 31 19 ett
848 1080 101 20 skattöre.

267 1108 31 25 Är
314 1114 37 20 det
361 1114 180 26 inkomstbelopp,
554 1120 45 14 som
610 1114 23 20 af
643 1116 105 18 stämman
761 1113 70 21 blifvit
843 1113 108 21 bestämdt

194 1149 33 19 att
243 1150 79 24 utgöra
338 1150 31 18 ett
384 1148 103 26 skattöre,
504 1149 59 25 lägre
580 1150 26 19 än
622 1149 36 20 det
676 1149 80 19 minsta
767 1148 180 26 inkomstbelopp,

195 1181 84 22 hvilket
301 1182 33 20 till
352 1182 116 27 bevillning
483 1182 33 21 för
532 1185 70 18 staten
619 1185 93 23 taxeras,
730 1182 60 21 skola
806 1182 26 20 de
848 1182 32 20 till
896 1182 54 26 följd

195 1216 62 20 deraf
271 1216 6 20 i
294 1216 221 26 bevillningslängden
534 1217 46 20 icke
597 1219 110 24 upptagna
722 1222 115 20 personers
853 1216 96 20 inkomst

192 1250 7 20 i
215 1250 39 21 och
277 1250 35 21 för
332 1250 123 21 skattörens
471 1251 118 26 päförande
604 1251 23 20 af
643 1250 235 27 bevillningsnämnden
904 1252 45 18 sär-

194 1284 68 21 skildt
279 1284 134 27 uppskattas.

252 1318 142 22 Skattörenas
410 1319 118 27 päförande
539 1320 127 21 verkställes
678 1320 23 20 af
710 1319 238 25 kommunalnämnden,

193 1352 86 21 biträdd
295 1353 23 21 af
332 1356 32 18 ett
378 1354 44 20 lika
438 1356 56 18 stort
510 1354 57 20 antal
583 1354 23 20 af
617 1356 108 19 stämman
736 1353 92 21 utsedda
837 1359 110 20 personer,

193 1392 46 14 som
255 1387 119 21 nämndens
390 1388 125 20 ledamöter.
546 1388 60 20 Dock
622 1388 42 20 kan
680 1388 63 20 äfven
759 1394 25 14 en
800 1387 94 21 särskild
909 1387 39 21 ko-

191 1421 52 21 mite
259 1421 23 21 af
296 1422 216 20 kommunalstämma
528 1422 33 20 för
576 1422 70 21 denna
662 1422 132 26 förrättning
809 1422 109 20 tillsättas.
