1048 1686
429 131 35 23 N:o
479 133 32 22 41.
806 137 12 20 5

92 199 37 19 ton
146 200 63 24 penni
225 199 33 21 för
274 200 78 26 gvinna
372 207 33 15 om
426 202 53 26 året,
495 202 39 21 har
550 203 121 22 inkomsten
688 205 23 21 af
725 205 69 21 denna
810 206 36 20 he-

93 232 89 27 villoing
205 234 88 26 utgjort,
318 235 54 21 efter
394 236 75 26 afdrag
492 237 23 21 af
532 237 156 28 afkortningar,
708 240 68 20 under
795 240 50 21 åren

94 267 52 20 1879
164 268 38 20 och
220 268 54 21 1880
290 269 101 26 tillbopa.
424 285 5 5 .
459 286 4 4 .
495 286 4 5 »
566 288 74 5 0.0.
697 275 99 24 434,394:
812 276 33 19 89.

163 301 10 21 I
196 302 135 22 förhällande
354 304 71 21 dertill
447 305 106 22 beräknas
573 307 67 21 under

92 335 49 21 ären
161 337 139 21 1881—1883
316 338 85 21 komma
417 341 32 19 att
465 339 75 28 inflyta
564 357 4 4 .
599 357 4 4 .
634 358 4 4 .
698 343 97 23 651,592:
812 345 33 20 33.

554 381 86 22 Summa
676 384 117 25 —1,085,987:
810 385 33 20 22.

162 410 30 21 Af
206 412 184 27 stämpelpappers
407 413 150 29 bevillningen,
574 416 86 21 hvilken
676 417 48 22 frän
740 419 38 20 och
795 419 49 20 med

90 444 24 21 är
139 445 53 21 1878
216 446 69 21 blifvit
310 447 56 21 stäld
385 449 32 20 till
443 449 131 22 Ständernas
599 451 135 27 disposition,
751 453 93 26 uppgick

90 479 157 28 behällningen,
265 481 65 21 sedan
347 483 94 21 derifrän
458 484 112 22 afräknats
588 486 25 21 de
624 487 48 20 med
684 483 160 36 kartasigillata

89 513 165 28 tillverkningen
276 515 101 22 förenade
397 517 118 23 kostnader
536 521 39 20 och
596 521 40 20 den
659 522 134 21 statsfonden
809 523 35 20 til-

88 547 64 27 lagda
170 549 62 20 andel
256 550 24 20 af
301 551 70 20 denna
390 552 155 22 inkomst-titel
562 555 47 21 med
624 557 92 25 475,000
732 557 61 20 mark
810 563 33 15 om

89 582 46 21 året
152 583 34 20 vid
203 585 107 25 utgången
327 585 23 21 af
364 586 23 20 är
405 587 54 21 1880
475 588 33 21 till
534 604 3 4 .
569 605 3 5 .
604 606 4 4 .
640 606 4 4 .
696 592 98 25 656,068:
809 592 34 20 83.

160 618 65 21 Netto
242 619 150 27 behällningen
409 621 23 21 af
446 622 70 22 denna
532 623 116 28 bevillning

89 652 62 20 torde
167 652 33 21 för
216 653 50 21 åren
284 655 52 20 1881
355 656 38 20 och
411 656 54 21 1882
482 658 72 26 uppgå
571 659 31 20 till
637 676 4 3 .
694 661 98 24 510,000:
810 673 24 3 —

554 699 88 21 Summa
673 702 117 25 1,166,068:
806 702 34 21 83.

158 779 41 21 Till
216 780 137 22 bestridande
369 782 23 20 af
407 783 25 21 de
448 784 96 27 utgifter,
562 792 45 15 som
624 786 71 22 blifvit
710 788 28 26 pä
753 788 87 21 militie-

86 812 79 22 fonden
181 814 108 27 anvisade,
309 816 63 22 hafva
392 818 90 21 fondens
503 826 55 20 egna
578 821 116 26 tillgängar
712 823 56 20 intill
787 824 51 20 1881

86 847 35 21 års
145 848 44 21 slut
208 851 56 19 varit
283 850 50 21 fullt
351 852 137 27 tillräckliga,
509 855 99 21 hvarföre
628 856 69 26 nägon
719 857 33 21 del
768 857 23 21 af
805 858 37 20 det

85 882 48 20 utaf
148 882 120 23 Ständerna
284 885 106 27 beviljade
406 887 95 22 tillskott
517 889 32 21 till
567 889 69 22 denna
646 891 63 21 fonds
720 891 120 22 inkomster

85 916 47 21 icke
149 917 74 22 behöft
240 919 85 21 anlitas.

156 947 69 26 Äfven
241 953 33 21 för
294 954 24 21 år
340 956 59 25 1882,
420 956 33 21 för
469 957 83 22 hvilket
567 959 23 20 år
606 960 113 26 5,741,444
735 961 61 21 mark
812 962 25 20 41

84 986 63 25 penni
163 986 7 21 i
187 987 75 22 militie
278 989 160 28 statsförslaget
458 992 116 22 beräknats
595 994 85 21 utöfver
699 995 140 27 kalkylerade

83 1020 119 22 inkomster
222 1023 109 21 erfordras
350 1024 34 21 för
404 1025 139 23 bestridande
564 1028 22 21 af
600 1029 26 20 de
642 1029 6 20 i
665 1029 105 27 förslaget
785 1037 52 20 upp-

83 1056 65 24 tagna
165 1057 95 26 utgifter,
277 1059 62 20 torde
355 1059 94 22 tillskott
468 1061 23 21 af
510 1062 198 27 bevillningsmedel
725 1065 46 20 icke
787 1071 52 15 vara

84 1089 22 20 af
120 1090 76 26 nöden,
214 1093 56 24 enär,
288 1093 67 26 enligt
370 1095 107 26 uppgjord
492 1097 94 20 särskild
598 1098 79 27 kalkyl,
689 1099 90 21 fondens
791 1099 47 21 från

83 1123 24 20 år
132 1124 50 21 1881
209 1126 166 22 utbalanserade
399 1129 117 27 tillgångar
540 1132 61 20 torde
623 1132 65 21 blifva
708 1134 130 25 tillräckliga

82 1158 46 20 icke
152 1159 92 21 allenast
266 1163 32 18 att
321 1162 90 21 betäcka
435 1165 67 25 sagda
527 1166 95 26 utgifter,
639 1169 51 19 utan
714 1168 124 21 derutöfver

83 1191 69 22 lemna
175 1195 31 19 ett
224 1195 121 22 öfverskott
365 1197 31 21 till
419 1198 77 27 belopp
517 1200 23 20 af
554 1202 76 23 65,355
647 1202 60 21 mark
723 1203 26 20 89
767 1203 70 26 penni.

154 1227 164 29 Sammanlagda
334 1231 145 27 tillgångarna
495 1234 35 21 vid
548 1235 54 21 1883
618 1235 35 22 års
669 1237 79 26 ingång
760 1239 78 24 utgöra

82 1260 93 22 således:

81 1295 157 28 Behållningen
255 1299 22 20 af
292 1299 107 22 allmänna
415 1301 145 28 bevillningen
597 1319 3 4 .
632 1320 4 4 .
667 1297 10 38 =
688 1306 98 25 910,662:
803 1306 33 20 45.

81 1329 67 22 Extra
166 1331 115 28 bevillning
298 1334 33 20 för
347 1335 52 20 röda
416 1335 74 22 korset
525 1353 4 4 .
560 1353 4 5 .
595 1354 3 4 .
630 1353 5 5 .
669 1340 117 23 1,085.987:
803 1341 33 20 22.

81 1363 189 30 Stämpelpappers
288 1368 115 27 bevilining
454 1385 4 4 =.
490 1387 3 4 .
526 1388 4 3 .
597 1389 3 3 0.
632 1389 3 4 .
668 1375 118 24 1,166,068:
802 1375 34 20 83.

80 1397 115 23 Allmänna
210 1401 146 23 militiemedel
386 1419 1 4 <
419 1421 4 3 .
457 1393 27 41 so
528 1422 74 4 so...
702 1409 84 23 65,355:
802 1409 34 21 89.

422 1433 413 9 ———d=u
562 1413 45 36 timmi
619 1413 39 36 min
802 1413 37 36 Ce

551 1447 87 21 Summa
668 1449 117 25 3,228,074:
802 1450 33 20 39.
