1031 1673
227 118 28 23 86

422 118 65 26 Ständ.
503 119 30 25 Sv.
548 132 29 4 —
591 120 53 31 Prop.
658 120 31 25 N:o
704 120 30 25 36.

404 187 62 28 Efter
481 190 35 20 det
526 190 128 28 omröstning
663 190 58 26 skett,
736 194 99 26 uppsätte
845 191 109 21 auditören

333 226 72 24 genast
420 223 71 29 utslag,
506 224 38 20 och
560 224 65 22 varde
640 225 122 28 detsamma,
776 226 64 20 sedan
855 226 35 22 det
905 225 49 29 blif-

335 257 28 20 vit
378 257 28 29 af
418 258 89 21 Rättens
530 259 133 29 ordförande
686 259 38 22 och
745 260 113 22 ledamöter
879 261 73 21 under-

333 292 100 26 tecknadt,
450 293 29 28 af
489 293 152 29 ordföranden,
655 294 9 20 i
678 294 40 21 den
729 294 109 22 tilltalades
851 298 99 23 närvaro,

333 326 58 28 inför
405 330 90 26 truppen
511 328 118 28 ofentligen
644 328 128 30 afkunnadi.

600 415 17 27 $
631 415 54 22 205.

401 459 120 22 Ständrätts
532 461 109 28 protokoll
662 461 57 23 skall,
741 461 62 27 jemte
826 461 69 21 dertill
916 461 34 21 hö-

331 493 66 22 rande
411 493 136 30 handlingar,
563 495 54 28 efter
627 495 54 30 fält-
698 495 47 22 eller
754 495 99 29 sjötägets
863 495 47 26 slut,
925 496 28 28 af

330 527 162 30 befälhafvaren
507 529 137 29 öfverlemnas
667 530 30 21 till
720 525 229 34 Öfverkrigsdomstolen

331 565 31 18 att
376 563 37 21 der
431 563 103 26 förvaras.

589 669 32 18 24
634 670 52 21 Kap.

474 725 37 24 Om
527 726 164 31 verkställighet
707 727 24 24 af
746 726 54 25 döm.

596 797 17 27 $
627 797 54 21 206.

397 840 124 23 Ständrätts
533 843 106 28 protokoll
653 843 35 21 och
703 843 69 28 utslag
789 842 52 22 skall
857 842 27 29 af
896 842 48 20 ord-

321 876 112 28 föranden
447 881 72 24 genast
535 878 53 28 efter
603 878 141 29 afkunnandet
760 877 136 30 öfverlemnas
912 876 32 21 till

325 910 68 28 högste
407 911 156 30 befälhafvaren
575 913 40 28 för
636 913 146 28 krigsmakten,
806 912 78 21 hvilken
898 919 46 20 eger

325 944 44 21 låta
393 946 149 22 vederbörande
566 947 146 28 befälhajvare
735 947 37 28 för
797 950 90 25 truppen
909 950 34 17 ut-

324 979 63 28 slaget
404 981 107 21 verkställa
527 981 48 22 eller
593 981 36 22 ock
639 982 111 29 förordna
774 981 32 21 till
826 981 118 28 lindrigare

324 1014 67 29 straf.

393 1055 79 22 Annan
495 1056 97 21 domstols
614 1057 75 28 utslag,
712 1056 133 28 hvarigenom
867 1057 75 27 någon,

323 1097 44 13 som
382 1089 60 28 lyder
457 1091 66 21 under
537 1091 68 21 denna
615 1091 104 28 strafflag,
736 1091 68 20 dömts
818 1090 30 21 till
857 1098 85 17 ansvar,

324 1124 69 27 varde,
417 1125 62 20 sedan
504 1125 87 28 utslaget
615 1127 71 19 vunnit
712 1125 50 28 laga
787 1125 62 28 kraft,
870 1132 72 21 genom

325 1162 102 25 truppens
441 1159 152 29 befälhafvares
603 1161 89 28 försorg
714 1163 51 17 utan
787 1159 101 29 uppehåll
910 1159 32 21 till

323 1193 150 29 verkställighet
495 1194 134 29 befordradt;
650 1195 52 21 dock
724 1195 34 20 må
781 1195 115 26 utmätning
918 1195 26 26 af

322 1228 55 21 böter
392 1229 35 20 och
442 1229 124 21 skadestånd
585 1229 20 28 ej
627 1229 32 22 ske
680 1236 75 21 genom
777 1228 163 29 befälhafvaren,

321 1266 53 18 utan
389 1263 61 21 anlite
465 1263 42 22 han
521 1263 70 22 derom
614 1263 153 22 vederbörände
783 1263 49 21 civil
848 1263 92 28 myndig-

322 1297 39 22 het.
392 1298 105 21 Förklara
509 1301 102 26 parterne
625 1299 32 28 sig
671 1298 63 29 nöjde
744 1298 47 21 med
805 1297 77 28 utslag,
897 1305 43 13 som

322 1333 21 27 ej
358 1335 25 18 är
399 1332 148 27 öfverdomstol
570 1333 140 26 understäldt,
734 1332 86 29 afbidas
842 1332 42 21 icke
906 1331 33 22 be-

321 1367 125 21 svärstidens
456 1367 97 29 förlopp,
575 1371 52 17 utan
648 1369 66 26 gånge
736 1367 87 27 utslaget
838 1367 9 20 i
860 1366 79 21 sådant

319 1401 42 28 fall
375 1404 58 18 strax
447 1402 8 20 i
470 1401 126 27 fullbordan,
612 1403 65 20 derest
692 1401 20 27 ej
728 1401 40 21 den
785 1400 101 21 tilltalade
899 1400 40 21 slik

317 1436 123 28 Jörklaring
455 1436 122 22 återkallar.
