1011 1673
219 122 27 20 40
525 121 38 23 N:o
579 121 34 23 36.

528 189 14 25 8
559 190 46 19 132.

259 227 92 27 Beviljar
370 228 82 22 förman
472 228 106 28 olagligen
600 228 41 22 och
661 229 50 21 med
731 228 173 22 öfverskridande
925 226 24 23 af

190 262 33 21 sin
236 262 131 26 befogenhet
381 264 23 20 åt
414 264 151 21 underordnad
577 264 173 27 tjenstledighet;
768 263 72 21 dömes
852 263 32 21 till
897 262 48 22 ord-

191 296 130 27 ningsstraff,
341 303 54 21 men,
416 304 34 15 om
470 298 78 21 sådant
568 298 59 22 skett
641 298 34 22 för
691 304 54 21 egen
760 297 76 28 fördel,
852 298 32 21 till
899 297 46 21 fän-

191 330 60 27 gelse
267 330 33 22 till
315 331 40 22 och
370 332 49 21 med
435 333 32 21 ett
482 332 28 22 år.

516 430 26 20 15
559 432 62 23 Kap.

192 479 37 22 Om
248 479 171 23 öfverträdande
437 480 26 22 af
474 480 43 29 god
533 480 98 29 ordning
645 481 59 21 inom
720 480 155 29 krigsmakten
891 481 56 22 samt

222 513 165 24 åsidosättande
402 515 25 22 af
439 516 98 22 militära
553 516 85 28 pligter
652 516 35 21 uti
703 515 71 22 andra
789 516 28 21 än
833 515 59 23 förut
907 516 8 21 i

423 550 71 22 denna
508 550 38 29 lag
561 550 95 22 nämnda
672 550 49 22 fall.

531 604 13 25 S
562 605 46 19 133.

260 642 121 27 Krigsman,
397 649 46 15 som
459 643 22 21 af
494 644 74 21 starka
584 643 92 28 drycker
693 644 33 26 sig
739 642 131 27 öfverlastar,
882 643 66 21 varde

191 676 68 22 första
281 676 40 22 och
343 678 67 20 andra
432 684 63 15 resan
518 678 65 22 dömd
606 678 34 21 till
664 676 170 28 ordningsstraff.
867 677 81 27 Förgär

191 711 43 21 han
257 711 34 27 sig
313 712 90 21 sälunda
425 712 68 28 tredje
513 713 83 27 gängen
613 712 53 22 eller
681 712 76 26 oftare,
775 712 51 22 eller
841 712 49 21 sker
905 711 43 22 för-

192 746 85 21 seelsen
298 746 28 21 dä
344 746 42 21 han
406 748 24 19 är
448 747 28 27 pä
491 747 50 21 vakt
559 747 52 21 eller
626 747 69 21 under
711 753 69 15 annan
797 746 150 27 tjenstgöring;

192 779 85 22 straffes
298 780 47 22 med
360 780 98 27 fängelse
473 781 7 21 i
495 781 64 27 högst
575 788 37 14 sex
628 781 111 26 mänader,
756 781 40 21 och
811 781 42 21 kan
869 780 78 26 officer,

192 814 143 23 underofficer
353 815 40 22 och
413 815 48 22 civil
480 816 129 27 tjensteman
626 816 105 27 derjemte
746 816 74 21 dömas
836 815 32 21 till
883 814 64 23 föraf-

192 849 118 22 skedande.
340 850 10 21 I
366 850 58 21 aktiv
440 851 66 27 tjenst
521 851 84 21 anstäld
622 851 77 25 soldat,
717 857 46 14 som
779 853 33 18 tre
826 856 60 15 resor
897 849 53 22 eller

193 883 68 22 oftare
276 885 116 26 undergätt
411 885 22 21 af
450 885 103 27 krigsrätt
570 885 88 22 ädömdt
675 891 78 16 ansvar
768 885 33 21 för
815 884 74 28 fylleri,
905 885 42 20 kan

192 918 68 27 äfven,
277 924 34 16 om
328 919 24 21 sä
365 919 75 27 nödigt
454 920 92 27 pröfvas,
562 920 47 21 frän
629 920 95 27 tjensten
741 920 80 27 skiljas.

260 953 117 27 Angäende
392 954 79 21 valrätt
486 955 39 20 och
541 955 113 20 valbarhet
666 954 34 21 för
711 954 48 26 den,
771 960 46 15 som
828 954 48 21 med
887 954 62 27 dryc-

190 987 98 27 kenskap
304 987 69 28 tredje
388 988 85 27 gängen
489 989 108 26 beträdes,
614 990 57 20 samt
681 988 135 22 beträffande
826 988 64 26 brott,
903 994 46 15 som

191 1022 7 20 i
213 1021 70 27 fylleri
302 1022 72 27 begäs,
394 1023 57 26 gälle
470 1023 55 21 hvad
541 1024 73 20 derom
630 1023 7 21 i
652 1023 154 26 förordningen
823 1029 33 14 om
873 1028 78 15 ansvar

194 1056 31 21 för
239 1056 70 28 fylleri
324 1058 23 20 är
363 1057 109 27 stadgadt.

532 1115 12 25 $
562 1116 47 20 134.

262 1154 64 26 Hvar,
343 1160 45 16 som
405 1154 18 27 ej
439 1155 107 27 iakttager
562 1155 27 21 de
605 1154 141 26 föreskrifter,
762 1154 73 21 hvilka
849 1154 32 21 till
895 1160 55 20 upp-

192 1188 145 21 rätthällande
353 1188 22 22 af
389 1189 42 26 god
447 1189 89 27 ordning
551 1189 69 22 blifvit
635 1189 134 26 meddelade,
786 1188 52 22 eller
849 1188 101 22 beträdes

192 1222 49 22 med
261 1222 59 22 kort-
340 1222 53 22 eller
412 1224 150 26 tärningsspel,
583 1224 27 21 dä
630 1224 42 21 han
688 1225 25 19 är
728 1224 28 26 pä
771 1223 57 26 vakt,
845 1222 51 22 eller
911 1224 40 25 gör

192 1257 65 27 oljud,
279 1258 53 21 eller
351 1258 63 26 eljest
435 1258 77 27 uppför
527 1258 33 27 sig
577 1258 104 27 ovärdigt,
699 1258 75 22 dömes
791 1258 32 20 till
839 1257 110 26 ordnings-

192 1291 66 27 straff,
283 1292 58 26 eller,
366 1292 38 21 der
423 1293 215 27 omständigheterna
657 1295 38 19 äro
717 1292 136 28 synnerligen
868 1291 82 21 försvä-

192 1326 73 26 rande,
289 1326 32 22 till
343 1326 171 27 förafskedande,
536 1327 51 21 eller
607 1327 99 27 fängelse
726 1326 32 22 till
778 1326 42 22 och
840 1326 49 21 med
904 1324 47 28 fyra

192 1360 110 22 mänader.

531 1391 13 25 8
561 1392 48 20 135.

262 1429 71 21 Lånar
352 1429 73 22 officer
444 1430 118 27 penningar
582 1430 23 21 af
623 1428 129 23 underbefäl
772 1429 52 21 eller
839 1429 110 27 manskap,

193 1463 52 21 eller
264 1464 39 26 gör
318 1464 143 22 underofficer
476 1465 142 27 penningelän
634 1464 39 22 hos
691 1463 174 28 underlydande;
885 1464 65 21 varde
