1017 1670
401 119 35 21 N:o
452 120 36 20 34.
780 120 11 19 5

68 188 135 26 fullmäktige
219 188 125 24 öfverlåten,
361 194 37 20 ege
414 188 18 26 ej
450 188 79 20 allmän
546 188 173 21 rådhusstämma
731 194 44 14 rum
788 188 33 20 för

66 219 66 18 annat
155 217 104 25 ändamål,
277 219 25 18 än
319 217 32 20 till
368 217 32 20 val
418 216 22 21 af
456 217 197 27 stadsfullmäktige
670 218 39 20 och
730 216 22 21 af
767 216 54 21 revi-

69 256 59 15 sorer
151 251 33 20 för
203 253 32 18 att
255 251 94 26 granska
367 251 153 26 redogörelsen
541 251 59 21 öfver
617 251 138 21 kommunens
771 256 50 21 pen-

69 286 200 26 ningeförvaltning,
286 286 33 20 för
335 286 36 20 det
387 286 85 25 ärende,
489 286 87 20 hvarom
588 286 6 20 i
606 287 27 19 54
643 286 12 27 $
667 288 68 24 säges,
750 285 71 21 äfven-

68 326 45 15 som
130 320 31 21 till
179 320 158 26 handläggning
349 320 22 20 af
381 320 39 20 den
435 321 3 19 i
460 322 2 19 3
477 327 61 14 mom.
552 321 12 19 5
576 320 11 28 &
598 320 141 21 omförmälda
754 320 67 26 fråga.

414 383 11 27 s
444 384 32 20 16.

139 428 37 21 Uti
193 429 54 24 stad,
264 429 37 20 der
317 429 189 26 stadsfulmäktige
522 429 18 26 ej
557 428 75 26 finnas,
649 429 67 20 hålles
731 428 90 21 rådhus-

70 465 91 19 stämma
177 463 6 20 i
199 463 51 20 Juni
266 463 77 20 månad
359 463 32 20 för
407 465 33 18 att
454 463 56 20 fatta
524 463 72 20 beslut
606 463 7 20 i
624 463 115 26 anledning
750 463 22 20 af
782 463 41 20 den

69 497 122 26 berättelse,
209 503 44 14 som
270 497 67 26 enligt
353 497 25 21 69
394 497 12 27 $
422 497 92 26 afgifves
530 504 34 14 om
575 497 129 26 föregående
719 498 58 20 årets
789 499 33 18 rä-

68 532 121 26 kenskaper
205 532 38 20 och
259 531 139 27 förvaltning;
416 534 55 18 samt
488 532 6 20 i
511 532 119 20 December
645 532 76 20 månad
738 532 32 20 för
786 531 35 21 be-

69 566 134 21 stämmande
225 566 23 20 af
271 566 86 20 stadens
381 566 87 26 utgifts-
485 566 39 21 och
540 566 139 21 inkomststat
698 566 67 20 under
787 566 37 20 det

69 600 126 21 kommande
219 600 52 26 året,
295 600 32 21 för
347 600 136 21 anställande
500 600 22 21 af
536 601 34 20 val
586 601 32 20 till
635 600 25 21 de
679 600 144 26 befattningar

69 636 56 20 inom
145 635 135 25 kommunen,
301 635 71 21 hvilka
391 636 35 19 vid
443 635 59 21 årets
519 636 81 26 utgång
617 635 65 21 blifva
698 635 76 26 lediga,
791 634 33 21 för

69 670 37 20 det
120 670 6 20 i
142 671 27 19 54
185 670 12 26 $
213 670 140 20 omförmälda
369 670 79 20 ärende
465 670 39 21 och
520 670 34 20 för
570 670 122 26 utväljande
707 670 22 20 af
744 670 79 20 reviso-

69 711 35 14 rer
120 704 31 20 till
168 704 131 26 granskning
316 704 22 20 af
353 704 35 20 det
404 704 93 26 löpande
513 704 58 21 ärets
587 704 151 27 räkenskaper.
766 704 57 20 Räd-

71 738 133 21 husstämma
227 738 73 26 hålles,
324 741 58 18 utom
406 739 64 20 ofvan
494 739 112 21 bestämda
627 739 62 25 tider,
703 738 78 27 jemväl
797 738 28 20 dä

70 773 142 26 Magistraten
236 774 36 20 det
288 774 75 26 nödigt
382 773 68 21 finner
470 774 52 20 eller
538 773 139 21 Guvernören
694 773 71 21 dertill
781 773 42 20 för-

70 808 85 20 ordnar.

140 842 44 21 Der
211 842 196 26 stadsfullmäktige
431 841 77 27 finnas,
531 843 68 20 hålles
623 843 171 20 rädhusstämma
816 841 7 20 i

70 876 117 21 December
210 877 77 20 månad
310 877 33 20 för
363 877 25 20 de
408 877 101 26 ärenden,
526 884 46 14 som
588 877 66 26 enligt
669 879 12 19 9
698 877 11 27 $
726 877 27 26 pä
764 877 59 20 kom-

68 917 89 15 munens
180 917 157 20 gemensamma
359 911 119 26 afgörande
501 912 125 25 ankomma;
649 915 55 17 samt
726 911 12 20 å
754 917 69 15 annan

70 945 38 26 tid,
131 945 26 21 då
173 945 70 26 någon
259 945 22 21 af
295 946 26 20 de
337 946 6 20 i
360 947 32 24 25,
410 947 26 20 30
454 946 38 21 och
510 947 24 19 31
552 946 24 27 $$
592 946 127 21 omnämnda
735 945 88 21 händel-

70 986 34 14 ser
120 980 77 20 sådant
211 980 104 26 påkallar.

413 1008 11 28 8
441 1010 33 20 24.

141 1054 88 21 Antalet
254 1054 23 21 af
302 1054 198 27 stadsfullmäktige
524 1055 128 21 bestämmes
675 1054 35 21 vid
734 1054 89 20 rådhus-

70 1090 91 20 stämma
180 1088 54 22 efter
253 1089 151 27 folkmängden
424 1090 98 26 sålunda,
540 1092 32 18 att
587 1090 47 20 stad
651 1090 46 20 med
714 1089 63 25 2,000
792 1088 31 20 in-

69 1124 78 20 vänare
163 1124 52 20 eller
237 1124 106 20 derunder
359 1126 59 19 utser
438 1140 1 4 .
472 1140 4 4 .
506 1140 5 4 .
542 1140 4 4 .
579 1140 3 5 .
602 1124 65 20 minst
681 1125 12 19 9
709 1124 66 25 högst
790 1123 32 20 30:

70 1153 65 26 Öfver
158 1158 62 25 2,000
235 1158 33 21 till
284 1158 39 21 och
339 1158 48 21 med
427 1160 85 24 6,000.
543 1174 4 4 .
578 1175 4 4 .
624 1174 9 11 »
667 1158 78 25 127,
791 1158 32 20 36.

98 1209 12 9 n
159 1193 63 25 6,000
249 1209 11 9 j
299 1209 11 9 »
353 1209 11 9 5
412 1194 97 24 10000.
541 1209 4 5 .
577 1209 4 4 .
620 1209 11 9 ,
663 1193 25 20 18
733 1208 12 10 »
790 1192 34 20 40.

101 1243 11 9 »
149 1227 75 25 10,000
249 1244 12 8 3,
302 1244 11 8 »
354 1244 11 8 »
411 1228 100 25 —20,000.
578 1244 4 4 .
620 1244 11 8 ,
662 1227 26 20 24
733 1242 12 10 5,
790 1226 34 20 50.

99 1277 11 10 s
145 1261 77 25 20000
255 1277 4 4 4
290 1277 41 4 kx
363 1277 39 4 koe
434 1277 40 4 koa
506 1277 40 5 kw
576 1277 55 10 kom
662 1261 26 20 90
734 1276 11 9 a
791 1260 33 20 00

414 1323 12 28 8
442 1325 35 20 53.

140 1363 93 21 Medlem
252 1364 23 20 af
289 1364 165 21 stadskommun
470 1371 51 14 vare
537 1365 6 20 i
560 1364 115 21 allmänhet
691 1363 86 27 skyldig
793 1364 33 19 att

70 1398 33 20 till
119 1398 26 20 de
161 1398 96 26 utgifter,
273 1404 45 15 som
335 1398 33 21 för
384 1399 143 20 kommunens
538 1399 65 20 behof
613 1399 66 25 enligt
690 1399 12 20 3
714 1404 63 15 mom.
789 1397 12 20 6
813 1397 11 26 &

71 1431 52 21 böra
146 1434 118 23 uttaxeras,
287 1433 70 20 lemna
381 1433 77 25 bidrag
482 1433 7 20 i
509 1433 132 20 förhällande
660 1433 33 19 till
715 1432 36 20 det
767 1431 58 21 antal
