1023 1670
234 129 28 21 46

429 129 64 25 Ständ.
509 129 29 24 Sv.
555 142 25 3 —
597 129 53 31 Prop.
666 129 29 24 N:o
711 129 30 24 86.

345 198 35 20 till
394 197 132 27 dödsstraff,
541 198 52 21 eller
608 197 86 22 tukthus
706 198 33 27 pä
755 197 73 27 lifstid
843 198 52 21 eller
904 197 58 27 frän

344 232 37 20 och
397 232 48 21 med
454 231 56 29 fyra
527 232 35 21 till
577 232 38 20 och
631 232 47 21 med
692 231 46 27 tolf
750 232 32 20 är.

618 295 16 27 $
652 296 34 20 99.

415 334 69 31 Hvar,
507 341 45 15 som
575 337 55 19 emot
638 333 94 29 förman
751 335 52 21 eller
812 334 104 27 förmans
931 341 31 14 ve-

344 368 89 33 derlike,
447 369 69 21 under
526 368 130 28 utöfningen
666 368 30 27 af
702 368 56 22 hans
769 368 195 28 tjensteäliggande

344 403 52 20 eller
411 404 8 19 i
433 403 119 27 anledning
568 402 29 27 af
608 404 72 26 någon
696 403 164 27 tjensteätgärd,
876 404 87 26 uppsät-

345 437 56 26 ligen
411 437 107 27 föröfvar
532 437 52 21 väld
598 437 53 21 eller
660 443 76 15 annan
746 437 138 26 misshandel,
900 436 67 27 deraf

344 471 85 21 mindre
452 472 48 27 lyte,
524 471 112 28 kroppsfel
659 471 52 21 eller
725 471 101 28 sjukdom
841 473 29 19 än
885 472 9 19 i
902 471 62 27 före-

344 505 83 28 gående
448 507 13 25 $
476 508 68 25 säges,
568 506 52 21 eller
641 506 89 27 ringare
752 506 52 21 eller
824 505 46 21 icke
892 506 72 27 någon

345 539 149 28 kroppsskada
504 539 65 28 följt,
589 540 52 21 eller
663 539 39 22 ock
716 540 9 20 i
739 540 80 27 uppsåt
841 542 33 19 att
894 539 70 22 skada

344 576 53 26 göra
413 575 52 20 eller
478 575 62 26 eljest
555 575 9 20 i
578 574 123 21 vredesmod
716 581 58 14 reser
788 581 74 20 vapen,
878 573 86 28 strajfes

413 609 22 26 a)
452 609 9 20 i
469 608 107 27 fredstid,
592 609 48 20 med
655 608 87 21 tukthus
758 609 35 20 till
813 608 38 21 och
866 608 48 21 med
928 615 36 14 sex

344 643 34 26 år,
393 643 52 20 eller
454 642 182 27 förufskedande,
652 643 52 21 eller
712 642 116 28 fängelse;

414 677 21 28 b)
451 678 8 20 i
474 677 100 28 krigstid,
590 677 47 21 med
653 676 87 22 tukthus
749 676 59 28 från
824 676 38 21 och
876 677 46 20 med
933 679 31 18 tre

346 712 34 21 till
395 711 38 21 och
449 711 48 21 med
513 712 29 20 tio
557 712 38 24 år;
610 711 39 21 och

413 749 20 22 c)
449 752 34 15 om
506 745 76 22 brottet
603 745 55 22 skett
673 746 9 20 i
690 745 101 27 fiendens
814 745 77 21 närhet
913 745 51 21 eller

344 780 70 21 under
428 780 85 27 sjönöd,
528 780 48 21 med
592 780 86 21 tukthus
691 780 33 27 på
742 779 79 27 lifstid,
844 779 52 21 eller
905 779 59 27 från

345 814 38 21 och
398 815 49 20 med
462 815 45 20 åtta
524 815 35 20 till
574 814 38 21 och
628 814 48 21 med
692 813 46 27 tolf
749 814 33 21 år.

613 877 16 27 $
644 878 50 20 100.

415 916 95 22 Smädar
532 917 72 27 någon
626 917 35 21 sin
678 916 95 27 förman
796 916 53 21 eller
861 915 103 27 förmans

344 950 112 26 vederlike,
479 951 29 21 då
531 951 25 21 de
578 953 39 19 äro
640 952 8 20 i
672 950 102 28 utöfning
790 949 30 27 af
833 950 130 27 tjensteålig-

343 984 78 28 gande,
445 986 51 20 eller
510 986 9 20 i
534 985 119 27 anledning
668 984 29 28 af
708 985 73 27 någon
798 984 166 28 tjensteåtgärd;

343 1018 92 28 straffes
458 1019 47 21 med
521 1019 86 22 tukthus
623 1020 35 20 till
673 1019 39 21 och
730 1019 47 21 med
802 1018 34 21 två
860 1018 32 26 år,
915 1017 49 21 eller

339 1052 181 28 förafskedande,
538 1054 52 21 eller
598 1053 106 28 fängelse
720 1054 35 20 till
770 1052 38 22 och
825 1052 48 22 med
888 1054 28 19 ett
931 1052 32 20 år.

612 1117 16 27 $
644 1117 50 21 101.

413 1155 56 27 Den,
484 1162 45 15 som
538 1155 144 29 förolämpar
691 1155 95 27 förman
802 1155 52 20 eller
860 1154 104 27 förmans

344 1189 104 21 vederlike
462 1190 69 21 under
541 1189 102 28 utöfning
659 1189 30 27 af
698 1189 55 22 hans
764 1188 201 29 tjensteåliggande,

344 1223 75 21 eller'i
434 1224 119 27 anledning
568 1223 29 28 af
608 1224 74 27 någon
693 1223 165 28 tjensteätgärd,
874 1221 91 28 straffes

345 1257 47 21 med
401 1257 183 28 förafskedande,
606 1258 54 21 eller
681 1258 99 27 fängelse
803 1257 35 21 till
861 1256 38 21 och
918 1256 47 21 med

345 1294 29 18 ett
389 1292 32 27 är,
437 1292 52 21 eller
504 1291 184 29 ordningsstraff.

614 1355 15 27 $
644 1356 51 20 102.

415 1394 107 28 Föröfvas
551 1394 133 22 misshandel
716 1395 52 21 eller
802 1392 163 28 ärekränkning

345 1431 55 19 emot
408 1428 95 28 förman
518 1429 52 21 eller
578 1428 106 28 förmans
704 1428 112 25 vederlike,
840 1427 30 21 dä
884 1426 44 22 han
943 1426 21 28 ej
