1014 1673
390 112 39 23 N:o
445 111 34 24 36.

332 405 69 22 Hans
417 405 158 29 Kejserliga
589 404 135 30 Majestäts
735 403 81 30 nådiga

266 445 138 30 proposition
419 445 37 23 till
471 445 106 23 Finlands
593 445 101 29 Ständer,
710 451 33 16 om
754 445 62 22 anta-

265 486 72 29 gande
352 485 26 23 af
391 485 104 29 strafflag
509 485 36 23 för
558 485 73 22 finska
645 486 118 22 militären.

127 553 38 22 Uti
182 553 37 22 det
235 552 23 23 af
270 553 122 22 Ständerna
410 552 37 22 vid
463 553 88 21 senaste
566 552 103 27 landtdag
685 552 79 27 afgifna
778 559 38 15 un-

59 588 118 27 derdäniga
195 594 49 15 svar
258 588 13 21 å
286 587 79 27 nådiga
380 587 171 27 propositionen,
567 593 35 15 om
617 586 111 23 införande
743 586 23 22 af
779 587 38 22 all-

59 625 50 20 män
128 623 122 26 värnepligt
269 622 7 21 i
290 622 80 25 landet,
386 621 65 22 hafva
468 621 122 22 Ständerna
605 621 95 27 anhällit,
717 622 37 21 det
768 621 49 22 ville

59 658 60 21 Hans
142 657 122 28 Kejserliga
284 656 104 27 Majestät
409 656 47 21 läta
480 656 133 22 underkasta
635 656 41 21 den
696 655 33 23 för
749 655 69 23 finska

60 692 107 21 militären
189 698 29 15 nu
241 691 99 27 gällande
358 690 99 27 strafflag
476 690 23 22 af
515 691 42 21 den
575 693 13 19 9
603 691 61 27 April
680 693 54 19 1877
751 691 67 21 sådan

60 727 100 26 revision,
183 725 85 23 hvartill
291 726 49 21 dess
359 725 139 27 tillämpning
515 725 30 28 pä
559 725 157 28 värnepligtiga
730 728 90 25 trupper

60 762 72 21 kunde
148 760 58 28 gifva
221 760 119 28 anledning,
358 760 40 22 och
411 760 96 22 derefter
517 760 34 22 till
561 760 178 22 nästkommande
749 761 70 21 landt-

61 796 43 27 dag
118 796 110 27 förelägga
244 795 121 22 Ständerna
378 794 83 28 förslag
477 795 33 21 till
525 795 193 27 militär-strafilag.

131 830 71 23 Sedan
221 831 7 21 i
249 830 113 27 anledring
384 829 65 22 häraf
471 836 27 16 en
519 830 104 21 särskildt
637 830 89 22 nedsatt
740 830 80 21 komite

61 865 113 22 inkommit
195 865 49 22 med
263 865 80 26 förslag
362 865 33 21 till
417 865 19 27 ej
454 865 83 21 mindre
553 864 98 27 strafflag
666 867 26 19 än
708 865 112 27 ordnings-

62 900 78 27 stadga
161 899 33 22 för
216 899 70 22 finska
308 899 113 26 militären,
445 899 38 21 vill
504 899 61 21 Hans
583 899 121 28 Kejserliga
719 899 103 28 Majestät

61 934 91 21 härmed
171 934 32 21 till
222 934 132 22 Ständernas
372 933 102 28 pröfning
495 933 39 22 och
555 934 121 27 antagande
691 933 130 22 öfverlemna

61 969 169 26 nedanstäende,
249 969 8 21 i
274 968 153 27 hufvudsaklig
453 967 224 24 öfverensstämmelse
696 969 50 21 med
764 968 56 22 hvad

62 1003 23 22 af
105 1003 96 22 komiten
223 1003 125 26 framstälts,
372 1003 126 27 uppgjorda
513 1002 81 28 förslag
612 1003 33 22 till
659 1003 161 27 ifrågavarande

62 1038 41 27 lag,
121 1038 67 27 jemte
208 1038 37 21 det
263 1037 61 22 äfven
343 1037 81 28 förslag
443 1037 34 22 till
493 1037 126 22 förberörda
634 1038 186 27 ordningsstadga,

62 1073 63 21 hvars
139 1072 127 22 utfärdande
277 1073 124 21 ankommer
411 1072 29 27 pä
450 1072 61 22 Hans
522 1073 103 27 Majestät
632 1073 104 27 Kejsaren
745 1072 75 27 allena,

63 1107 121 22 Ständerna
203 1107 109 22 meddelas
330 1107 34 22 för
382 1108 34 20 att
435 1107 36 21 vid
487 1107 159 27 granskningen
664 1107 23 22 af
700 1106 121 28 strafflags-

62 1141 105 28 förslaget
181 1141 59 28 tjena
256 1142 32 21 till
303 1141 134 28 upplysning.

140 1226 109 28 Förslag
263 1227 41 22 till
319 1227 120 28 strafflag
455 1227 44 22 för
513 1227 86 22 finska
612 1227 140 23 militären.

396 1287 10 19 1
423 1288 64 23 Kap.

64 1331 38 22 Om
117 1337 107 23 personer
240 1331 40 22 och
295 1331 68 27 brott,
379 1330 14 23 å
409 1331 80 22 hvilka
504 1331 72 22 denna
586 1331 39 29 lag
635 1331 59 22 skall
704 1331 118 28 tillämpas.

421 1383 10 28 8
449 1384 18 20 1.

133 1424 121 27 Krigsman,
275 1424 95 22 bevärad
390 1424 53 22 eller
460 1424 115 27 obevärad,
592 1430 46 16 som
654 1426 23 19 är
692 1424 8 21 i
714 1422 57 22 finsk
786 1423 38 21 ak-

65 1458 29 21 tiv
110 1458 66 27 tjenst
192 1458 92 27 anstäld,
302 1458 60 27 skall,
379 1458 47 22 frän
444 1459 41 21 och
501 1460 49 21 med
566 1459 40 22 den
621 1459 42 27 dag
677 1458 42 22 han
736 1458 6 21 i
758 1458 67 21 sädan

748 1501 7 15 1
