1014 1670
298 78 22 24 U.
337 79 21 22 B.
375 90 30 6 —
421 78 61 27 Prop.
499 78 38 23 N:o
553 79 38 22 34.
766 78 26 21 27

63 136 119 27 dragandes
204 135 78 23 sociala
297 135 231 23 lefnadsförhällanden
543 137 38 20 äro
596 135 114 27 betingade
725 135 22 22 af
759 135 41 21 lätt
814 133 7 22 i

63 172 83 25 ögonen
168 170 92 22 fallande
283 170 222 27 penningeinkomster
529 169 39 22 och
589 169 61 22 deraf
662 168 112 26 beroende,
790 168 32 21 för

61 204 149 22 inskränktare
224 204 148 22 förhållanden
387 204 131 22 främmande
533 203 93 28 utgifter.

129 238 41 28 Jag
187 244 62 16 anser
261 238 85 28 jemväl,
365 238 56 22 hvad
437 238 59 22 detta
511 238 160 28 ifrågavarande
686 237 114 27 lagförslag
814 236 7 22 i

62 272 47 22 hela
125 272 49 22 dess
188 272 50 22 vidd
253 273 72 27 angår,
342 272 36 22 det
393 279 51 15 vara
459 272 73 22 tvifvel
547 272 160 24 underkastadt,
719 271 102 23 huruvida

61 306 40 22 den
123 308 28 26 på
174 313 28 15 nu
219 307 98 27 gällande
334 307 201 27 kommunalstadga
549 306 109 28 grundade
674 306 146 22 erfarenheten

61 343 56 19 ännu
140 341 39 21 har
200 341 77 22 hunnit
299 341 75 27 bringa
389 341 76 27 stadga
480 341 7 21 i
501 341 108 27 åsigterna
624 341 80 27 derom,
719 341 6 21 i
740 340 81 22 hvilket

59 374 54 28 syfte
134 375 225 28 kommunalstyrelsen
377 375 54 22 skall
447 375 117 28 förändras,
573 375 88 23 såframt
669 376 75 21 sådant
752 374 68 23 skulle

61 409 159 27 ifrågakomma,
246 410 81 21 hvilket
342 409 127 22 tvifvelsmål
483 410 108 21 bekräftas
606 410 123 27 isynnerhet
744 410 22 21 af
780 410 40 21 den

60 443 163 28 omständighet,
240 446 32 19 att
287 450 81 15 samma
383 444 56 27 åsigt
453 444 7 21 i
476 444 98 22 afseende
589 445 13 20 å
618 444 68 22 denna
700 444 60 27 fråga
767 444 53 27 jem-

60 477 34 22 väl
110 477 94 28 framgår
218 485 26 14 ur
258 480 76 19 nästan
350 478 41 22 alla
407 479 27 21 de
448 478 131 27 utlåtanden,
595 485 46 15 som
652 479 6 20 i
669 478 92 28 enlighet
771 478 48 22 med

60 511 118 28 Kejserliga
195 512 103 22 Senatens
312 512 116 28 befallning
443 512 90 28 afgifvits
548 513 22 22 af
583 513 157 22 vederbörande
756 512 64 27 magi-

59 548 79 20 strater
161 547 39 21 och
225 546 191 28 stadsfullmäktige
432 547 39 22 och
486 547 72 22 hvilka
571 547 69 22 blifvit
655 547 105 22 utskottet
776 547 43 21 del-

59 579 61 28 gifna.

128 615 31 21 På
176 614 150 23 ofvananförda
336 616 92 27 grunder
438 616 65 27 vågar
510 616 37 27 jag
557 615 38 22 hos
605 615 83 22 landets
699 615 119 28 Höglofliga

59 649 91 22 Ständer
164 649 8 21 i
189 649 97 28 djupaste
302 649 125 28 ödmjukhet
442 649 77 23 föreslå
535 650 121 22 alternativt

268 719 21 25 a)
313 720 33 19 att
368 717 144 29 lagförslaget
527 725 33 15 om
576 719 96 28 ändring
687 720 29 25 af
728 726 29 14 nu
772 719 45 28 gäl-

196 751 65 22 lande
276 751 261 30 kommunalförfattning
547 753 42 27 för
603 754 51 21 stad
664 755 13 20 å
688 753 129 22 ständernas

196 786 51 21 sida
271 793 29 14 nu
315 786 46 21 icke
376 787 66 20 måtte
457 787 35 21 till
507 788 72 27 någon
595 788 80 28 åtgärd
684 787 132 28 föranleda;

196 821 52 20 eller

266 870 20 26 0)
312 874 32 18 att
370 872 25 20 de
420 871 28 27 af
469 872 100 21 utskottet
594 873 9 19 i
620 874 11 26 $
646 874 29 20 16
684 872 132 28 föreslagna

196 905 128 27 grunderna
344 904 43 28 för
413 905 158 22 bestämmande
595 906 28 28 af
634 907 182 27 skattöresbelopp

198 938 38 22 och
253 940 99 28 taxering
368 940 69 27 blefve
445 940 138 27 förkastade.

125 1001 137 28 Helsingfors,
280 1002 40 22 den
337 1004 26 20 10
378 1003 42 27 Maj
439 1004 60 21 1882.

603 1068 22 22 N.
640 1067 105 23 Järvinen.

105 1440 147 19 Bammansatta
265 1442 52 22 Lag-
332 1441 32 18 och
378 1441 193 20 Ekonomiutskottets
583 1443 115 19 betänkande
711 1449 31 13 n:o
756 1443 17 17 6.
