1031 1673
421 132 66 24 Ständ.
502 132 30 25 Sv.
549 146 25 2 —
591 133 53 31 Prop.
661 133 29 25 N:o
705 132 30 26 36.

335 200 66 29 deraf
413 202 110 29 utfärdadt
539 202 62 22 bevis.
634 202 49 21 Har
699 202 108 28 Krigsrätt
829 204 67 21 under
911 204 45 20 året

334 235 22 27 ej
369 234 75 28 hållits,
460 236 51 21 skall
524 238 113 20 auditören
652 238 57 20 inom
725 244 80 14 samma
822 238 32 20 tid
868 237 37 21 och
919 237 36 21 vid

334 270 111 21 enahanda
468 279 77 13 ansvar
569 272 70 21 derom
663 272 35 20 hos
719 262 235 42 Öfverkrigsdomstolen

335 304 91 22 anmäla.

407 339 40 21 Till
470 340 118 27 Krigsrätis
611 341 87 21 dombok
723 340 64 28 hafve
809 341 144 29 krigsfiskalen

331 374 48 27 fritt
396 374 99 26 tillträde,
512 376 23 20 sä
551 375 46 29 ofta
614 375 42 21 han
671 376 32 20 det
718 375 70 21 äskar.

603 439 14 26 $
632 438 54 21 195.

401 477 45 21 För
468 478 71 29 hvarje
562 479 32 27 är,
618 479 29 20 dä
670 479 224 28 rättegängsärendena
916 479 37 21 vid

333 511 110 29 Krigsrätt
455 513 144 29 förekommit,
615 513 52 22 skall
685 513 111 22 auditören
806 516 105 27 upprätta
926 517 26 18 ett

331 547 76 28 utdrag
422 555 27 13 ur
463 547 112 22 domboken
585 548 59 29 öfver
655 547 42 22 alla
708 548 67 21 under
785 549 44 20 äret
840 548 28 29 af
875 548 77 29 Krigs-

330 585 69 18 rätten
415 582 117 29 handlagda
547 583 51 26 mål,
615 583 139 28 upptagande
765 583 47 21 dem
827 583 8 21 i
849 591 102 13 nummer-

326 615 57 29 följd
397 617 54 28 efter
467 617 39 21 den
525 617 98 28 ordning,
646 617 61 21 hvari
729 617 24 21 de
771 617 110 29 förevarit,
904 618 47 21 med

330 650 45 21 kort
389 651 86 29 uppgift
497 653 6 19 å
518 652 56 21 hvad
588 652 61 21 saken
673 653 79 27 angår;
775 651 35 22 och
829 652 51 21 skall
895 653 55 21 detta

329 685 82 28 utdrag,
427 686 122 25 renskrifvet
563 686 36 21 och
614 687 29 29 af
655 687 112 20 auditören
782 687 168 28 undertecknadt,

329 719 68 22 tillika
412 721 48 21 med
479 721 28 28 af
530 721 73 21 honom
626 721 89 29 bestyrkt
735 721 133 29 förteckning
890 721 60 29 öfver

331 754 42 21 alla
388 755 27 28 af
427 755 124 29 krigsrätten
567 757 67 20 under
648 757 46 20 året
710 756 92 21 ädömda
817 756 68 29 straff,
901 755 49 23 eller

329 789 96 22 säkallad
447 790 128 29 strajfrulla,
597 791 38 20 och
657 790 148 29 saköreslängd
826 791 57 29 öfver
906 790 43 21 alla

328 825 70 21 under
413 825 45 21 äret
473 825 67 26 fallna
555 825 56 22 böter
627 825 28 28 af
668 825 120 27 auditören,
811 825 35 21 vid
864 825 41 22 vite
926 826 26 29 af

328 859 71 26 femtio
415 860 68 25 mark,
498 859 30 21 till
544 851 241 42 Öfverkrigsdomstolen
805 860 104 29 afsändas
924 861 24 19 så

329 894 69 27 tidigt,
414 898 30 17 att
460 895 35 21 det
510 895 40 21 kan
566 895 30 21 dit
611 896 107 20 inkomma
733 895 50 28 före
798 895 38 21 den
858 896 11 20 1
887 894 63 29 April

329 927 148 30 nästföljande
492 931 31 20 år.

598 993 17 27 $
629 992 54 22 196.

399 1033 42 20 Vid
456 1033 9 20 i
478 1033 16 28 $
508 1032 46 21 195
569 1033 100 28 stadgadt
683 1040 79 13 ansvar
771 1032 78 28 åligger
861 1033 87 21 auditör

326 1069 28 18 att
369 1067 34 27 för
419 1067 74 26 hvarje
511 1069 26 18 år
559 1067 30 21 till
609 1067 157 22 vederbörande
783 1065 109 23 Guvernör
914 1068 32 19 in-

326 1102 75 25 sända,
418 1103 67 20 innan
501 1101 174 30 nästpäföljande
688 1101 61 22 Mars
759 1102 88 21 mänads
862 1102 84 27 utgäng,

322 1136 161 28 förteckningar
498 1137 57 27 öfver
570 1137 103 20 utdömda
689 1136 163 21 läkarearvoden
859 1136 40 29 för
909 1135 37 22 lik-

326 1171 142 28 besiginingar
482 1175 53 17 samt
549 1172 62 27 ryska
624 1175 94 25 presters
733 1170 36 21 och
784 1170 77 21 tolkars
877 1173 69 19 ersätt-

325 1205 77 28 ningar
412 1205 40 29 för
467 1205 80 22 biträde
567 1206 36 20 vid
625 1206 106 27 krigsrätt,
753 1205 114 28 äfvensom,
890 1205 56 20 inom

325 1247 24 13 en
365 1240 81 21 månad
461 1241 52 28 efter
528 1240 71 29 hvarje
615 1240 57 29 halft
688 1241 33 24 år,
739 1240 131 29 förteckning
886 1239 60 22 öfver

323 1281 107 21 personer,
441 1274 68 21 hvilka
524 1275 37 20 vid
572 1274 112 29 Krigsrätt
695 1273 80 22 åtalats
783 1275 37 27 för
829 1274 62 25 brott,
902 1281 43 13 som

324 1309 86 20 inverka
421 1311 32 26 på
467 1309 87 28 fräjden
569 1309 56 25 eller,
640 1310 9 20 i
663 1309 95 21 händelse
769 1310 24 26 af
802 1307 91 29 återfall,
908 1315 37 14 en-

324 1343 38 28 ligt
377 1343 81 21 allmän
475 1343 46 22 eller
536 1344 67 21 denna
619 1344 36 27 lag
670 1343 95 30 medföra
782 1342 103 29 förhöjdt
907 1350 39 13 an-

323 1386 55 15 svar,
391 1379 61 27 jemte
473 1379 84 28 uppgift
581 1378 53 21 huru
658 1377 64 22 målet
745 1377 96 28 afgjorts,
864 1376 80 22 hvilken

323 1413 130 27 förteckning
469 1413 86 28 derefter
570 1412 36 20 bör
622 1413 24 27 af
664 1411 136 21 Guvernören
815 1412 129 26 fordersam-

323 1451 55 16 mast
393 1446 106 22 meddelas
514 1447 153 21 vederbörande
685 1445 137 29 Domkapitel
838 1445 55 25 eller,
908 1448 36 18 sä-
