1036 1670
213 127 11 18 2
437 128 23 18 U.
474 128 22 19 B.
511 138 20 3 —
545 127 62 24 Prop.
621 127 36 19 N:o
670 127 31 19 32.

260 184 9 21 I
294 184 59 22 äldre
372 185 61 26 tider,
454 185 27 21 dä
501 185 73 27 hvarje
594 185 103 27 landskap
718 184 55 22 hade
792 185 32 20 sin
840 184 104 22 särskilda

192 218 41 27 lag,
257 225 37 14 var
314 219 111 21 stiftandet
443 220 23 20 af
483 219 66 21 sädan
566 219 40 21 och
622 219 91 27 ändring
729 218 62 22 deraf
805 226 24 14 en
846 218 98 22 landska-

191 255 47 25 pets
258 253 161 27 angelägenhet,
444 254 84 21 hvilken
552 253 140 22 afhandlades
715 252 29 28 pä
767 253 47 21 dess
837 252 107 22 allmänna

191 288 63 24 möte,
278 286 136 28 landstinget,
435 288 67 20 under
522 287 86 27 ledning
628 287 24 21 af
665 287 47 21 dess
728 286 92 28 lagman.
851 287 93 21 Initiativ

190 328 62 20 synes
266 320 72 22 dervid
350 321 64 21 hafva
427 322 121 21 tillkommit
560 322 46 21 icke
620 322 54 21 blott
687 321 127 28 lagmannen
824 323 50 19 utan
884 321 60 21 äfven

190 355 74 27 hvarje
276 362 69 14 annan
356 356 26 20 fri
391 356 89 21 medlem
490 358 20 19 af
509 356 190 21 rättssamfundet.
720 356 32 20 En
762 355 126 21 medverkan
898 354 45 22 från

190 389 124 27 konungens
330 389 46 21 sida
393 397 36 14 var
445 390 5 21 i
466 390 76 28 början
559 390 93 21 hvarken
669 390 121 27 nödvändig
806 390 51 20 eller
868 390 76 31 vanlig;

190 430 46 13 men
254 423 7 20 i
278 423 39 21 den
334 423 48 21 män
398 424 187 27 konungamakten
602 424 102 25 tillväxte,
721 423 111 22 utbildade
842 424 32 27 sig
884 424 59 21 äfven

190 457 40 21 den
247 457 85 26 sed,att
346 458 61 27 lagar
422 459 24 20 af
459 459 140 26 konungarne
614 458 118 27 föreslogos
744 458 39 21 och
795 458 149 24 stadfästades,

189 491 24 21 sä
228 494 32 18 att
277 491 46 22 från
344 492 40 21 den
401 493 37 25 tid,
455 491 27 22 dä
497 493 66 20 rikets
579 493 99 27 samtliga
694 492 104 27 landskap
815 492 79 21 erhöllo
910 499 34 20 ge-

190 532 94 14 mensam
302 526 40 27 lag,
361 527 112 21 initiativet
489 527 5 20 i
511 526 218 28 lagstiftningsfrägor
748 527 148 27 regelmässigt
911 528 31 19 ut-

189 560 48 26 gick
254 559 47 21 frän
319 560 144 28 konungarne.

258 594 32 21 En
306 596 168 26 representation
492 596 32 20 för
540 595 48 21 hela
604 596 54 20 riket
669 595 110 21 utbildade
791 596 32 26 sig
832 595 110 21 efterhand

190 628 32 21 vid
240 629 61 20 sidan
317 629 23 21 af
354 629 70 27 tingen
445 630 6 20 i
467 630 26 20 de
509 630 23 21 af
545 630 112 26 konungen
674 629 182 21 sammankallade
872 630 70 20 herro-

189 663 102 27 dagarne,
307 662 29 28 pä
351 663 71 22 hvilka
437 664 146 27 landstingens
593 664 100 27 politiska
709 663 127 27 befogenhet
851 663 91 21 smänin-

189 704 48 20 gom
254 698 117 26 öfvergick;
391 705 47 14 men
458 698 35 21 det
514 698 88 21 oaktadt
618 698 93 21 bibehöll
727 698 32 27 sig
776 698 57 20 ända
848 698 31 20 till
896 698 46 20 bör-

186 732 38 27 jan
240 732 24 20 af
278 732 107 26 sjuttonde
397 732 67 21 seklet
477 732 39 22 den
533 732 121 28 grundsats,
667 735 32 18 att
711 732 80 21 allmän
811 732 34 27 lag
857 732 18 27 ej
888 732 55 27 finge

189 766 86 26 ändras,
285 768 50 19 utan
351 768 32 19 att
399 767 65 21 folket
479 766 14 22 å
504 767 71 27 tingen
586 766 70 22 dertill
671 766 97 21 lemnade
784 766 35 21 sitt
829 766 113 27 samtycke.

189 800 121 27 Konungen
326 800 39 21 och
381 801 53 21 hans
450 802 48 20 män
515 801 51 27 egde
583 800 13 22 å
610 801 159 27 herredagarne
785 800 75 21 endast
875 800 67 21 öfver-

188 834 124 21 enskomma
328 841 32 14 om
377 835 89 27 stadgar
482 835 5 20 i
503 834 81 22 sådana
599 836 83 24 ämnen,
698 834 71 21 hvilka
786 835 56 20 förut
857 835 18 26 ej
892 841 50 13 voro

189 869 16 25 vi
230 869 36 27 lag
289 871 55 18 satte
363 869 52 21 eller
433 869 93 28 gömde".
544 882 26 3 —
586 869 32 20 En
638 869 100 21 liknande
754 869 120 27 utveckling
890 869 52 26 egde

188 911 47 13 rum
252 904 56 20 inom
325 903 25 21 de
365 904 90 21 svenska
471 904 106 21 städerna.

260 936 56 22 Från
340 937 86 28 konung
454 937 79 22 Gustaf
554 938 20 20 II
598 938 74 21 Adolfs
696 937 141 28 regeringstid
860 937 81 21 utöfva-

188 972 37 20 des
252 971 137 27 lagstiftande
418 972 85 21 makten
526 972 6 20 i
560 972 86 27 Sverige
674 972 67 26 enligt
763 971 73 27 regeln
862 972 21 20 at
906 971 35 20 ko-

187 1012 85 20 nungen
296 1006 6 20 i
322 1005 97 27 förening
438 1006 47 21 med
501 1005 106 22 riksrådet
622 1005 39 22 och
678 1006 66 20 rikets
759 1006 86 20 ständer
861 1004 27 28 på
904 1005 37 21 all-

189 1040 48 20 män
254 1040 93 26 riksdag,
368 1040 73 21 dervid
457 1040 111 27 konungen
585 1047 72 14 ensam
674 1040 125 21 framstälde
814 1040 126 27 propositio-

187 1080 45 20 ner,
241 1074 77 21 medan
334 1073 12 21 å
361 1074 70 21 andra
445 1074 61 21 sidan
522 1074 43 21 alla
580 1074 47 28 fyra
642 1073 101 22 ståndens
759 1074 60 20 bifall
835 1074 106 20 erfordra-

187 1108 37 21 des
249 1108 33 21 för
304 1108 117 27 ändringar
440 1109 6 19 i
463 1108 77 21 allmän
557 1108 42 28 lag,
616 1109 110 21 hvaremot
742 1108 126 21 ständernas
884 1108 57 20 befo-

187 1142 79 27 genhet
288 1142 7 20 i
315 1142 99 21 afseende
430 1142 13 21 å
458 1144 168 26 rättssystemets
642 1142 69 28 öfriga
727 1142 59 21 delar
801 1149 61 20 synes
878 1142 64 21 hafva

187 1177 55 21 varit
266 1184 59 14 mera
344 1177 24 21 af
384 1177 130 21 konsultativ
530 1179 39 19 art.
601 1177 63 21 Detta
680 1176 134 22 förhållande
830 1176 110 21 förändra-

187 1210 37 21 des
248 1209 24 23 år
291 1212 59 24 1682,
367 1210 28 22 då
416 1211 137 27 lagstiftande
572 1211 85 21 makten
672 1212 7 20 i
695 1210 49 22 hela
760 1211 47 21 dess
823 1211 48 21 vidd
887 1218 53 20 upp-

187 1244 65 27 drogs
268 1243 22 22 åt
309 1244 39 21 den
361 1245 111 27 enväldige
484 1245 120 27 konungen,
620 1244 28 28 på
664 1246 63 20 hvars
743 1244 78 28 nådiga
836 1245 104 27 välbehag

186 1279 36 20 det
236 1279 69 20 skulle
320 1277 22 22 få
357 1279 58 25 bero,
428 1279 104 21 huruvida
547 1279 42 22 han
604 1279 46 22 före
666 1279 139 27 vidtagandet
816 1279 24 21 af
850 1279 90 27 ändring

185 1312 53 21 eller
253 1313 118 27 förklaring
387 1313 24 21 af
424 1313 108 22 allmänna
551 1314 61 27 lagen
629 1313 47 22 ville
691 1313 55 21 höra
761 1313 125 22 ständernas
902 1321 37 13 un-

186 1346 118 29 derdåniga
326 1347 69 22 tanke.
432 1347 29 21 Af
478 1347 69 22 denna
566 1348 58 21 makt
643 1347 69 22 blefvo
728 1347 138 28 konungarne
882 1348 5 20 i
904 1348 35 21 be-

184 1381 90 28 sittning
297 1381 53 21 intill
374 1381 24 22 år
421 1383 61 25 1719,
498 1382 33 21 vid
548 1383 82 20 hvilken
648 1382 101 27 tidpunkt
764 1389 24 14 en
806 1384 87 19 motsatt
907 1384 32 25 yt-

185 1415 101 27 terlighet
309 1416 104 25 inträdde,
433 1416 6 21 i
459 1417 34 20 det
512 1417 129 27 rättigheten
663 1419 32 18 att
711 1416 59 21 stifta
785 1416 36 27 lag
836 1417 42 20 lika
895 1417 44 20 oin-

254 1455 123 22 Lagutskottets
389 1456 103 17 betänkande
505 1456 33 17 N:o
551 1457 17 16 3.
