1025 1673
249 98 26 20 10
442 98 28 22 U.
485 98 28 22 B.
527 110 28 4 —
570 98 73 28 Prop.
659 99 41 22 N:o
716 98 38 23 38.

287 162 54 19 10:o.
371 161 42 20 Mål
429 162 90 20 rörande
536 162 76 20 besvär
627 162 61 20 öfver
704 162 160 28 tillämpningen
876 162 23 21 af
908 162 54 21 före-

219 195 117 20 skrifterna
351 195 111 26 angående
478 196 117 26 bevillning;

286 230 120 19 11:0—12:0
422 230 172 25 (oförändrade).

287 264 44 19 13:o
347 264 81 26 Frågor
444 264 91 20 rörande
551 265 118 26 ersättning
686 264 32 20 för
734 264 112 21 förkomna
855 265 52 20 eller
915 265 46 20 ska-

219 297 56 20 dade
290 300 58 24 post-
364 298 36 20 och
410 298 250 26 jernvägsförsändelser;

287 332 45 20 14:0
348 332 164 26 (oförändradt).

286 366 45 20 15:o
348 365 92 21 Skrifter
455 366 40 20 och
510 366 134 27 handlingar,
660 373 45 14 som
721 367 35 20 vid
770 367 193 25 stadsfullmäktiges

218 400 166 24 sammanträden,
406 400 167 25 rådhusstämma,
595 400 120 21 kommunal-
738 400 50 21 eller
810 400 151 26 kyrkostämma,

221 435 134 26 sjömanshus
370 436 31 23 (o.
416 441 16 14 s.
448 439 31 21 v.)

286 469 44 20 16:0
346 468 51 21 Alla
411 469 134 27 handlingar,
561 476 45 13 som
623 471 111 25 upprättas
754 469 23 20 af
793 469 52 20 eller
860 469 55 26 angä
931 469 30 19 in-

218 503 97 26 byggare
330 503 6 19 i
352 503 149 26 Lappmarken
517 503 40 20 och
573 503 61 20 deras
650 503 187 27 angelägenheter,
857 503 23 20 de
895 503 8 19 i
917 503 17 24 $
948 503 14 20 5

217 537 64 20 under
295 536 96 28 fullmakt
400 537 129 26 uppräknade
539 537 119 26 handlingar
667 537 50 20 dock
726 537 95 25 härifrän
830 537 132 26 undantagna;

285 571 46 20 17:0
348 571 162 26 (oförändradt).

285 605 46 20 18:o
346 605 51 26 Mål,
412 612 45 13 som
473 606 34 19 vid
524 605 92 21 domstol
631 606 40 20 och
682 605 136 20 embetsverk
828 605 133 20 förekomma

219 639 92 20 rörande
326 639 95 26 följande
436 640 107 20 allmänna
558 640 52 19 verk
626 640 40 20 och
682 639 142 26 inrättningar
835 641 54 18 samt
899 639 61 20 deras

216 674 50 25 rätt,
282 673 117 27 nemligen:
415 673 303 26 Alexanders-Universitetet,
734 673 100 20 Finlands
850 673 109 20 Statskon-

216 709 41 22 tor,
280 707 102 20 Finlands
404 708 68 26 Bank,
495 708 120 27 Kejserliga
637 708 125 20 Kabinettet
782 707 40 20 och
838 707 122 20 Alexander

216 741 89 26 Nevsky
321 741 82 20 kloster
417 742 7 19 i
440 741 32 20 S:t
486 742 135 27 Petersburg,
645 745 51 24 väg-
712 741 39 21 och
768 741 191 20 vattenkommuni-

217 775 169 26 kationsverket,
410 775 68 21 finska
498 776 139 26 civilstatens,
653 776 118 20 militärens
787 777 55 18 samt
857 775 102 20 ecklesia-

215 809 52 20 stik-
291 809 40 20 och
354 809 130 21 skolstatens
507 810 62 20 enke-
586 810 40 20 och
641 809 151 27 pupillkassor,
807 809 111 20 inhemska
932 809 28 25 pä

215 843 117 27 ömsesidig
356 844 136 26 ansvarighet
514 844 109 26 grundade
638 843 195 27 brandstodsbolag
848 843 40 20 och
904 842 55 20 före-

216 878 83 26 ningar,
315 878 292 26 sjöassuransföreningarna,
623 878 255 26 hypotheksföreningen,
887 876 72 20 lifrän-

215 912 133 26 teanstalter,
365 912 137 26 sparbanker,
518 913 173 25 ingvarterings-,
707 911 120 27 byggnads-
844 910 47 20 med
907 910 53 20 flera

215 946 111 25 komit6er,
343 946 88 26 kyrkor,
447 946 79 26 lyceer,
541 946 79 26 skolor,
636 946 124 27 hospitaler,
772 945 135 27 fattigvärds-
919 944 40 20 och

217 980 251 27 pensionsinrättningar,
491 980 154 27 hushällnings-
669 980 41 20 och
732 979 161 26 bibelsällskap,
909 985 50 13 sam-

214 1014 52 24 fund
287 1015 35 23 för
345 1014 134 26 befrämjande
494 1015 25 24 af
531 1014 108 24 litteratur,
662 1014 106 25 vetenskap
783 1014 35 20 och
832 1014 49 19 skön
896 1013 63 23 konst,

215 1048 145 20 fakulteterna
382 1049 35 19 och
439 1049 151 25 afdelmingarna
607 1048 36 20 vid
662 1047 297 21 Alexanders-Universitetet

214 1084 29 25 (0.
260 1089 16 13 s.
293 1083 28 25 v.)

282 1117 126 19 19:0-—29:0
424 1116 165 26 (oförändrade).

282 1151 47 19 30:0
354 1150 108 20 Fullmakt
484 1151 31 19 till
534 1152 55 24 post-
605 1151 34 20 och
649 1148 243 27 jernvägsförsändelsers
907 1150 51 18 utta-

212 1184 64 26 gande
298 1186 56 18 samt
370 1186 31 18 att
417 1185 12 19 &
444 1185 149 19 Landtränteri
609 1184 52 20 eller
678 1183 47 20 frän
742 1189 69 13 annan
826 1182 64 20 kassa
904 1182 55 26 lyfta

214 1218 35 20 lön
266 1218 53 20 eller
335 1218 67 20 andra
417 1218 81 26 medel;
541 1238 8 5 =.

281 1252 189 26 (Propositionens
485 1252 67 26 punkt
567 1252 26 19 30
610 1252 80 26 utgär.)

281 1287 44 19 31:0
352 1286 179 20 Poliskammares
554 1284 180 27 tillständsbiljett
753 1284 33 20 för
801 1283 55 20 finsk
871 1282 87 21 medbor-

210 1326 50 20 gare
275 1322 32 18 att
322 1320 66 20 vistas
404 1320 7 19 i
427 1320 86 26 staden;

280 1354 108 21 32:0—40
402 1354 171 25 (oförändrade).

522 1390 21 22 Ss
560 1388 89 20 15—36.

498 1422 168 26 (oförändrade.)

280 1460 201 24 Bevillningsutskottets
493 1462 106 17 betänkande
611 1460 34 18 N:o
658 1460 17 18 4.
