1034 1673
236 126 13 20 2
542 125 34 21 N:o
592 125 35 22 38.

380 188 30 26 År
420 195 53 20 1878
490 194 32 21 till
546 211 1 7 ,
578 211 4 4 .
614 210 4 4 .
649 195 97 24 665,421:
763 194 26 20 79

386 245 9 10 »
419 230 54 20 1899
503 245 8 10 ,
542 244 5 5 .
578 245 4 4 .
599 217 4 42 0
614 244 4 4 .
650 229 96 21 789.056:
763 229 25 20 51

387 280 9 9 »
420 264 54 20 1880
504 280 9 10 ,
544 279 4 5 .
580 279 4 5 .
615 279 5 4 .
651 263 95 25 728,086:
763 263 26 21 29

281 297 46 21 Den
344 297 83 21 tillvext
442 298 6 20 i
468 298 95 20 inkomst
582 304 76 19 genom
675 297 284 27 stämpelpappersafgiften,

208 337 46 15 som
270 332 68 20 under
354 332 23 20 är
395 333 52 20 1878
463 332 40 21 och
519 332 94 21 derefter
628 332 7 20 i
650 334 56 18 ännu
718 332 66 26 högre
795 332 53 26 grad
859 333 36 24 egt
905 338 54 19 rum,

208 366 69 21 måste
293 366 126 21 tillskrifvas
436 366 188 26 bufvudsakligast
640 367 40 20 den
697 366 23 21 af
730 366 120 21 Ständerna
861 366 47 21 från
919 366 41 21 den

210 402 9 19 1
236 401 52 20 Juni
310 402 53 19 1878
385 400 84 21 införda
488 401 150 26 förhöjningen
658 400 22 21 af
698 400 262 27 stämpelpappersbevill-

207 435 85 26 ningen.

280 469 29 21 Af
323 469 26 21 de
365 469 12 20 &
392 469 69 21 denna
472 469 59 21 skatt
541 469 91 21 influtna
643 469 68 21 medel
723 469 69 26 hafva,
801 469 86 26 jemlikt
898 468 62 21 Stän-

209 504 77 21 dernas
303 504 104 26 ätagande
423 504 6 21 i
447 504 153 26 sammanhang
616 503 48 22 med
680 503 40 21 den
736 504 36 20 vid
789 505 85 19 senaste
890 503 69 21 landt-

209 538 41 27 dag
266 538 115 21 faststälda
397 538 282 27 stämpelpappersafgiften,
696 538 83 26 ärligen
797 539 91 25 475,000
900 537 60 22 mark

208 573 69 20 under
299 573 51 20 ären
375 573 139 21 1878—1880
537 573 71 26 ingätt
630 573 33 20 tili
687 572 141 25 statsfonden,
849 573 111 20 hvaremot

208 607 125 21 äterstoden
350 607 72 20 blifvit
437 607 56 21 stäld
509 607 33 20 till
559 607 132 21 Ständernas
708 607 135 26 disposition.

280 641 37 21 Uti
341 641 93 21 särskild
457 642 140 26 proposition,
622 641 110 26 angäende
755 641 75 26 anslag
846 641 22 20 af
887 641 73 20 bevill-

208 676 133 27 ningsmedel
361 675 33 22 för
413 676 218 25 folkskoleväsendet,
643 676 39 20 har
701 675 59 21 Hans
777 675 121 27 Kejserliga
913 675 46 21 Ma-

204 710 75 27 jestät,
302 710 33 21 för
359 712 31 19 att
410 706 122 25 underlätta
552 712 119 25 utvägarne
690 709 33 22 för
742 709 139 21 anskaffandc
896 709 23 21 af
935 709 24 22 de

208 745 69 20 ökade
300 744 121 27 tillgångar,
446 745 83 20 landets
552 751 41 20 nya
616 745 230 26 militärorganisation
867 744 92 26 kräfver,

208 779 63 20 äskat
293 779 75 26 anslag
391 779 76 20 endast
486 779 34 21 för
539 779 155 21 folkskolorna.
725 779 110 26 Derjemte
854 779 39 20 har
917 778 43 21 för-

207 813 96 26 ordnats,
327 814 32 19 att
382 814 99 26 samtliga
505 813 69 27 öfriga
593 813 33 21 för
641 813 210 21 folkskolväsendets
867 813 92 21 befräm-

204 848 67 26 jande
286 847 139 21 härförinnan
441 854 26 14 ur
482 848 199 26 bevillningsmedel
693 848 105 26 beviljade
810 847 77 27 anslag
898 847 61 21 skola

207 882 48 21 frän
271 882 39 20 och
327 882 47 20 med
390 882 23 20 är
432 883 53 20 1883
501 882 87 27 päföras
605 882 142 21 statsfonden.

279 916 60 20 Hans
362 916 121 27 Kejserliga
505 917 102 26 Majestät
630 917 39 20 har
687 917 58 20 velat
764 916 87 26 föreslä,
871 918 38 24 att,
925 916 34 21 för

206 950 133 21 betäckande
355 950 22 21 af
391 951 18 26 ej
426 951 82 21 mindre
524 951 144 26 nästantydda
683 957 42 20 nya
740 951 89 26 utgifter
845 951 33 20 för
894 952 64 19 stats-

206 985 85 26 fonden,
307 985 126 26 uppgäende
449 986 67 26 enligt
532 985 22 21 af
568 981 173 31 Öfverstyrelsen
756 985 35 21 för
807 985 151 21 skolväsendet

206 1019 118 27 uppgjordt
339 1019 80 26 förslag
435 1020 7 20 i
458 1020 36 20 det
512 1022 108 19 närmaste
637 1020 32 20 till
685 1020 91 25 440,000
793 1019 60 21 mark
869 1019 88 26 ärligen,

206 1055 27 19 än
252 1053 136 22 förestäende
407 1053 103 22 förökade
534 1054 116 21 kostnader
669 1054 34 21 för
722 1054 84 21 landets
825 1053 132 27 fängelsevä-

206 1088 66 20 sende
295 1087 39 21 och
357 1088 216 26 därvärdsanstalter,
597 1088 23 21 af
638 1089 40 20 den
697 1087 260 28 stämpelpappersbevill-

206 1122 58 27 ning,
281 1122 121 21 Ständerna
417 1123 46 20 frän
480 1123 39 21 och
535 1123 47 20 med
598 1123 24 20 är
640 1123 54 20 1883
709 1123 74 20 kunna
798 1122 64 27 ätaga
873 1122 38 26 sig,
924 1122 33 21 till

206 1157 133 20 statsverket
353 1157 133 21 fortfarande
502 1157 69 21 skulle
586 1157 50 27 ingä
652 1157 111 21 enahanda
778 1157 85 26 belopp,
880 1162 45 15 som
937 1156 22 21 af

205 1197 83 14 samma
304 1191 115 26 bevillning
435 1191 33 21 för
484 1192 132 21 närvarande
631 1191 70 27 utgår,
722 1191 52 21 eller
789 1191 92 26 475,000
897 1191 60 20 mark

205 1231 35 15 om
256 1225 53 26 äret,
325 1225 112 21 hvaremot
451 1226 123 21 äterstoden
594 1225 24 22 af
635 1226 55 21 hvad
707 1225 68 21 under
791 1225 70 21 denna
877 1225 80 21 skatte-

205 1260 49 21 titel
269 1259 86 27 inflyter
370 1260 71 21 skulle
456 1260 108 21 användas
580 1260 33 21 för
629 1261 26 20 de
670 1260 106 25 ändamål,
789 1259 122 21 Ständerna
921 1259 35 21 be-

204 1296 99 19 stämma.

277 1329 110 20 Ekuruväl
410 1329 114 26 anledning
546 1329 62 21 torde
626 1329 134 21 förekomma
779 1330 38 24 att,
837 1328 34 21 till
886 1328 70 21 betäc-

204 1363 71 21 kande
291 1363 22 21 af
327 1369 26 15 en
369 1363 34 21 del
418 1363 24 21 af
455 1364 26 21 de
496 1364 103 21 förökade
615 1363 96 27 utgifter,
726 1363 75 21 landet
816 1363 96 20 kommer
925 1364 31 19 att

204 1397 119 21 vidkännas
339 1398 6 20 i
361 1397 53 27 följd
434 1399 23 20 af
475 1398 40 21 den
530 1398 86 21 införda
629 1398 113 29 allmänna
757 1397 154 26 värnepligten,
928 1397 28 26 på

204 1432 44 20 sätt
264 1432 22 20 af
304 1438 25 14 en
349 1431 33 21 för
401 1432 129 26 behandling
549 1432 23 21 af
586 1432 70 21 denna
670 1431 62 27 fråga
748 1431 105 21 särskildt
868 1431 88 21 nedsatt
