1017 1670
226 111 12 20 8
426 110 22 24 U.
464 110 21 23 B.
503 122 29 6 —
549 111 61 27 Prop.
628 111 36 23 N:o
680 111 38 22 34.

196 166 119 28 positionen
340 170 37 19 äro
402 168 100 21 vidrörda
526 168 52 22 eller
602 168 80 22 sådana
703 174 46 16 som
773 168 47 22 med
836 168 47 22 dem
898 168 34 22 stå
946 168 6 21 i

195 202 108 20 närmaste
318 202 156 27 sammanhang.

265 235 11 27 $
301 236 13 20 3
339 236 86 26 stadgar
440 236 72 22 hvilka
527 242 107 22 personer,
650 243 45 15 som
711 239 37 19 äro
765 239 32 19 att
811 238 69 20 såsom
895 236 57 22 med-

195 269 89 21 lemmar
298 269 6 21 i
320 270 159 22 stadskommun
494 277 66 15 anses.
592 271 75 22 Denna
683 271 18 27 8,
713 271 84 22 hvilken
813 273 24 19 är
851 272 65 26 något
931 277 22 15 o-

195 303 43 21 lika
264 304 147 22 motsvarande
436 304 11 28 8
469 304 7 22 i
491 304 99 28 gällande
606 304 245 28 kommunalförfattning
867 305 38 21 och
921 304 31 22 uti

194 337 86 22 hvilken
295 338 141 27 ändringarna
451 338 113 28 betingats,
574 339 44 22 dels
634 340 21 21 af
668 340 145 26 stadgandena
829 339 30 21 uti
870 339 40 22 den
920 346 32 15 se-

194 375 48 18 nast
265 372 101 22 utkomna
390 373 154 27 näringslagen,
572 374 44 22 dels
642 374 21 22 af
677 374 100 22 behofvet
792 376 32 20 att
839 373 113 27 förtydliga

193 406 128 27 stadgandet
346 407 72 21 derom
443 410 32 18 att
502 407 60 22 äfven
587 415 107 20 personer,
711 415 45 15 som
772 408 111 26 rätteligen
898 408 54 21 böra

193 440 62 22 hafva
281 441 36 21 sitt
342 441 89 22 hemvist
446 441 5 21 i
468 442 54 26 stad,
538 443 51 20 utan
606 444 31 19 att
653 443 54 21 dock
723 449 50 15 vara
789 441 109 22 derstädes
913 441 38 22 bo-

193 477 62 23 satte,
281 477 37 19 äro
343 478 32 19 att
390 477 69 20 såsom
476 476 138 22 medlemmar
629 477 22 21 af
664 477 159 21 stadskommun
840 482 66 20 anses,
927 489 21 2 —

192 509 40 22 har
247 509 105 22 utskottet
367 512 53 19 trott
435 510 31 27 sig
482 510 52 21 böra
544 511 107 22 bibehålla
662 511 135 22 oförändrad.
827 510 72 22 Under
909 510 40 22 den

193 543 7 22 i
224 544 181 27 Borgareståndet
427 545 35 21 vid
484 545 84 26 frågans
584 545 73 22 remiss
673 545 32 22 till
722 545 105 22 utskottet
841 544 110 23 förefallna

194 578 119 22 diskussion
339 578 38 22 har
402 579 86 24 anförts,
505 581 32 20 att
552 586 28 15 nu
595 579 160 28 ifrågavarande
772 579 12 28 $
800 579 60 22 stode
875 579 7 21 i
896 579 54 22 strid

192 613 48 21 med
268 614 23 20 15
318 612 12 29 $
356 613 30 21 uti
411 613 97 27 gällande
533 613 176 28 Värnepligtslag,
735 616 52 19 enär
803 613 30 22 uti
849 613 40 22 den
903 613 47 22 sist-

192 647 93 21 nämnda
310 647 118 27 stadgades,
455 650 31 19 att
511 654 102 21 personer
638 648 6 21 i
669 648 58 21 aktiv
743 648 64 27 tjenst
821 647 129 22 fortfarande

191 681 106 22 räknades
321 681 32 21 till
379 682 25 21 de
419 682 131 27 kommuner,
566 682 71 21 hvilka
652 683 26 20 de
694 682 99 21 tillhörde
808 681 34 22 vid
858 681 92 22 inträdet

191 715 6 22 i
223 715 98 28 tjensten,
347 719 55 18 samt
417 718 32 19 att
464 716 83 22 således
563 716 114 26 officerare,
700 715 122 22 underbefäl
838 716 39 21 och
892 722 58 15 man-

191 750 52 27 skap
260 750 35 21 vid
309 750 139 27 värnepligtig
463 752 70 25 trupp,
550 751 66 21 ehuru
632 751 25 21 de
675 750 154 27 otvifvelaktigt
843 750 54 21 hade
912 750 38 21 sitt

191 783 78 28 lagliga
294 784 89 21 hemvist
408 785 6 20 i
436 787 102 24 truppens
554 785 103 26 ståndort,
675 785 54 21 dock
745 785 66 20 borde
826 785 76 21 räknas
917 784 32 21 till

191 818 25 21 de
232 818 125 21 kommuner
371 819 25 20 de
412 818 44 22 före
471 819 93 21 inträdet
579 819 7 21 i
602 819 64 27 tjenst
682 819 86 20 tillhört.
801 818 28 22 Sä
848 821 23 18 är
887 818 63 21 emel-

190 851 63 22 lertid
269 852 45 21 icke
330 852 147 22 förhållandet.
508 852 163 27 Ifrägavarande
689 854 24 20 15
730 853 13 27 &
762 852 3 21 i
781 852 23 21 V.
817 852 31 27 L,
859 852 89 22 likasom

191 886 48 21 hela
265 887 141 27 nyssnämnda
431 887 40 26 lag,
497 886 63 22 berör
584 887 74 21 endast
681 886 152 26 förhållanden,
850 893 44 15 som
910 892 39 21 ega

189 927 47 14 rum
253 920 48 22 med
316 927 106 20 personer,
439 921 71 21 hvilka
525 922 27 26 på
567 921 68 27 grund
651 920 22 22 af
687 921 47 21 dem
751 920 110 27 åliggande
876 923 72 19 värne-

190 954 53 27 pligt
269 957 36 19 äro
332 955 6 21 i
363 955 58 21 aktiv
436 955 71 27 tjenst,
523 962 48 14 men
588 955 38 21 alls
641 955 47 21 icke
704 955 46 21 dem
767 961 44 15 som
829 954 67 22 deruti
911 955 36 21 be-

189 988 58 22 finna
269 989 32 27 sig
324 991 50 19 utan
390 990 65 20 sådan
471 989 119 28 skyldighet
606 990 38 20 och
661 990 42 20 kan
718 989 82 21 således
815 989 46 21 icke
877 989 71 21 vidare

189 1025 26 19 än
241 1023 7 21 i
274 1023 155 27 undantagsfall
446 1023 62 22 hafva
523 1023 31 21 sin
570 1023 134 27 tillämpning
719 1024 12 20 å
747 1023 55 21 befäl
818 1023 39 21 och
873 1023 75 21 under-

188 1056 63 28 befäl,
259 1057 72 21 hvilka
346 1057 54 27 förty
416 1057 155 27 otvifvelaktigt
592 1060 36 18 äro
645 1057 138 21 medlemmar
798 1057 21 21 af
834 1057 39 21 den
889 1058 58 20 kom-

188 1097 49 15 mun
264 1091 56 21 inom
345 1091 84 22 hvilken
454 1092 26 21 de
502 1091 33 22 bo.
566 1091 136 22 Beträffande
719 1091 35 22 det
770 1091 121 22 underbefäl
906 1092 40 21 och

188 1126 109 26 manskap,
323 1132 44 15 som
384 1126 90 27 fullgöra
490 1126 30 21 sin
538 1126 151 27 obligatoriska
703 1125 244 28 krigstjenstskyldighet

188 1159 39 21 och
253 1159 89 22 sålunda
366 1160 67 21 under
458 1161 67 24 någon
551 1160 31 21 tid
598 1160 64 21 vistas
678 1160 57 21 inom
751 1160 134 24 kommunen,
901 1161 45 20 tror

186 1193 107 22 utskottet
315 1194 36 21 det
366 1200 50 15 vara
431 1194 127 27 fullkomligt
573 1194 80 26 riktigt,
663 1195 34 20 att
714 1194 80 21 enhvar
809 1193 23 22 af
845 1193 53 27 dem,
914 1194 32 21 så-

186 1227 62 27 länge
274 1227 41 22 han
340 1227 77 27 fullgör
440 1228 32 21 sin
488 1228 123 27 värnepligt,
628 1228 53 21 skall
698 1235 50 14 vara
763 1227 90 22 medlem
869 1227 21 22 af
905 1228 40 21 den

185 1261 102 22 kommun
313 1262 41 21 han
379 1262 45 20 före
448 1262 37 21 sitt
510 1262 83 21 inträde
615 1262 6 21 i
637 1262 64 27 tjenst
717 1261 88 22 tillhört.
835 1261 111 22 Utskottet

185 1294 39 22 har
249 1296 61 21 äfven
335 1295 112 27 inhemtat,
473 1298 32 19 att
526 1296 93 21 nämnda
635 1296 116 27 stadgande
767 1295 89 22 sålunda
871 1295 74 22 hittills

184 1329 70 22 blifvit
270 1330 90 22 förstådt
375 1330 39 21 och
430 1330 125 27 tillämpadt.

254 1364 105 27 Lydelsen
382 1364 23 21 af
426 1364 12 28 &
455 1366 13 20 9
483 1364 39 22 har
538 1365 30 21 uti
585 1365 39 21 den
640 1364 78 27 nådiga
733 1364 159 27 propositionen
908 1370 37 14 un-

185 1398 86 26 dergått
286 1404 25 15 en
327 1398 81 22 mindre
424 1398 128 27 förändring,
570 1399 99 26 betingad
686 1398 23 21 af
717 1398 183 26 nödvändigheten
912 1400 33 19 att

183 1432 64 21 ställa
273 1432 145 27 stadgandena
444 1433 6 21 i
476 1433 68 21 denna
569 1434 8 27 &
595 1434 6 20 i
618 1432 181 27 samstämmighet
815 1432 47 21 med
878 1432 66 26 öfriga

249 1474 140 15 sammansatta
405 1475 47 20 Lag-
467 1473 30 17 och
512 1473 193 17 Ekonomiutskottets
718 1472 117 17 betänkande
849 1477 30 11 n:o
892 1473 16 15 6.
