1017 1670
390 124 34 22 N:o
440 124 38 22 34.
772 126 12 19 3

60 194 49 20 stad
134 193 138 25 betäckande,
289 200 59 14 mera
369 195 26 19 än
412 193 116 27 tillbörligt
544 194 39 20 och
600 194 100 20 stundom
715 193 46 21 helt
776 193 39 21 och

60 228 67 20 hållet
142 227 72 26 undgå
230 228 39 20 den
286 228 136 20 kommunala
438 228 167 24 beskattningen
621 234 76 20 genom
708 229 33 19 att
751 227 64 21 fram-

60 262 53 25 visa,
130 262 36 20 det
182 262 113 21 resultatet
311 262 22 20 af
347 262 95 21 rörelsen
459 262 69 21 under
539 263 47 20 året
597 263 80 20 lemnat
687 263 66 25 rin
727 258 23 35 ga
764 262 52 20 eller

61 296 55 21 intet
136 296 125 26 öfverskott,
283 296 136 26 hvarigenom
436 296 54 26 åter,
507 296 27 21 då
550 299 31 18 ett
597 297 54 20 visst
666 297 77 26 belopp
760 296 55 20 skall

62 337 75 19 genom
155 332 122 24 uttaxering
292 332 193 25 sammanbringas,
498 331 111 26 oskäligen
621 331 103 21 förökade
735 331 82 26 utskyl-

62 366 39 19 der
124 365 83 21 komme
229 367 32 19 att
283 366 82 20 drabba
387 365 69 25 öfrige
478 366 175 26 skattdragande.
684 366 10 20 I
710 365 107 21 anseende

64 400 73 19 härtill
162 400 38 20 har
216 399 118 26 stadgande
350 402 82 18 ansetts
449 400 76 26 nödigt
542 400 80 25 derom,
639 402 38 23 att,
696 400 3 20 i
716 399 102 21 händelse

62 433 56 21 efter
140 434 40 20 den
203 433 120 26 föreslagna
350 433 144 27 uträkningen
518 434 23 21 af
554 434 121 21 inkomsten
691 433 34 22 för
741 434 76 25 näring

64 469 39 20 och
127 468 80 21 rörelse
231 467 119 22 öfverskott
373 469 17 26 cj
411 469 109 26 uppstode
536 469 52 20 eller
605 469 149 26 behållningen
769 468 48 21 icke

66 505 72 24 syntes
162 504 108 19 motsvara
286 503 39 20 den
342 503 169 26 skattskyldiges
528 503 234 26 förmögenhetsvilkor
778 503 39 20 och

66 537 108 21 rörelsens
197 537 57 25 vidd,
279 537 234 26 bevillningsnämnden
538 538 53 26 egde
614 537 145 27 pröfningsvis
783 537 35 21 be-

66 573 90 19 stämma
176 572 36 20 det
228 572 178 26 inkomstbelopp,
423 572 33 20 för
473 572 82 20 hvilket
571 572 112 26 utskylder
701 572 30 20 till
749 571 69 21 stads-

67 606 99 20 kommun
192 606 65 21 borde
280 607 104 25 erläggas.
415 606 45 21 Och
484 606 89 21 emedan
590 607 36 20 det
641 606 46 21 icke
704 606 67 21 sällan
789 606 30 20 in-

67 640 78 24 träffat,
171 643 31 18 att
224 647 108 20 personer,
357 641 71 20 hvilka
452 643 37 18 äro
511 641 175 21 mantalsskrifne
703 641 30 20 uti
751 646 69 15 annan

67 675 100 20 kommun
183 675 56 20 inom
257 675 71 20 landet
343 675 38 20 och
392 675 85 21 hvilkas
488 676 105 25 veterliga
603 675 95 21 inkomst
710 675 109 21 beskattas

68 710 12 20 å
102 716 69 14 annan
195 712 40 21 ort,
259 710 63 20 likväl
344 709 25 21 bo
386 710 6 20 i
409 710 55 24 stad,
481 710 32 20 till
531 710 86 20 hvilken
633 710 26 20 de
674 710 49 20 med
739 709 81 27 hänsyn

68 744 33 20 till
122 744 225 26 mantalsskrifningen
364 744 46 20 icke
427 744 60 26 höra,
505 747 56 18 samt
576 744 80 26 skäligt
673 746 24 19 är
712 746 33 18 att
760 744 63 20 desse

69 778 33 21 för
118 778 25 20 de
159 778 100 25 fördelar,
277 779 74 20 staden
368 778 101 27 erbjuder
485 779 55 25 dem,
558 779 5 20 i
576 779 86 26 lämplig
674 784 48 15 mon
734 778 89 26 bidroge

70 812 32 21 till
119 812 132 22 betäckande
267 813 22 20 af
303 813 87 21 stadens
406 813 97 26 utgifter,
520 813 39 21 har
574 813 76 26 jemväl
665 812 112 22 enahanda
787 812 36 21 be-

70 846 101 27 fogenhet
191 849 82 18 ansetts
290 847 51 21 böra
357 847 121 20 tillkomma
494 847 236 27 bevillningsnämnden
746 847 6 20 i
769 846 54 21 afse-

70 881 54 20 ende
139 881 12 20 å
167 881 168 21 bestämmandet
353 882 22 20 af
390 883 36 19 det
442 883 85 26 belopp,
544 882 33 21 för
593 882 81 21 hvilket
690 881 72 28 dylike
777 887 47 21 per-

72 921 63 16 soner
154 916 62 21 skola
231 917 82 20 åsättas
329 917 110 20 skattören
457 917 34 20 för
506 917 124 26 utskylders
647 916 129 27 erläggande
792 915 33 21 till

72 949 38 22 den
135 950 54 25 stad,
215 951 85 21 hvarest
323 951 26 20 de
369 951 155 21 företrädesvis
540 951 115 27 uppehålla
671 951 38 26 sig.
739 951 34 20 Då
789 950 36 20 det

72 984 118 21 emellertid
207 991 62 20 synes
290 986 108 25 vanskligt
414 987 33 19 att
463 986 75 20 härvid
556 988 81 18 utsätta
653 985 70 26 någon
735 984 44 21 viss
787 984 38 23 tid,

73 1018 66 22 borde
163 1019 37 21 det
223 1019 21 21 få
266 1020 51 20 bero
338 1020 23 20 af
375 1020 236 26 bevillningsnämnden
628 1022 32 18 att
673 1019 79 27 jemväl
768 1018 58 27 pröf-

73 1053 95 26 ningsvis
185 1054 123 26 bestämma,
325 1056 38 18 när
379 1054 82 21 sådana
477 1060 103 20 personer
595 1054 100 21 hemfalla
709 1054 70 20 under
789 1052 37 21 ka-

73 1088 82 26 tegorin
172 1090 33 18 att
220 1088 26 21 bo
263 1089 5 20 i
285 1088 82 21 staden.

145 1122 49 21 Med
210 1123 81 27 hänsyn
307 1124 32 20 till
355 1123 180 21 ofvananmärkta
551 1122 112 26 obillighet
678 1122 6 20 i
701 1121 101 21 afseende
813 1120 12 21 å

74 1157 125 26 taxeringen
215 1157 22 21 af
251 1158 25 20 de
292 1158 82 20 mindre
390 1157 134 25 bemedlade,
540 1157 39 21 har
595 1157 6 20 i
612 1156 105 26 förslaget
728 1156 99 26 stadgats

74 1190 38 21 full
136 1191 99 21 befrielse
255 1192 46 20 från
318 1192 186 21 kommunalskatt
519 1191 33 21 för
568 1192 42 20 alla
626 1192 53 24 dem,
696 1190 85 21 hvilkas
796 1190 32 20 in-

74 1224 71 22 komst
164 1226 34 20 för
213 1226 46 21 året
274 1226 46 21 icke
335 1226 93 26 uppgått
444 1226 34 21 till
495 1232 58 14 mera
569 1228 25 18 än
612 1225 131 27 fyrahundra
759 1224 68 20 mark.

74 1258 79 22 Härtill
169 1260 39 21 har
223 1262 60 25 synts
299 1260 114 26 anledning
428 1259 134 22 förekomma
576 1259 78 27 jemväl
670 1259 53 26 deri,
740 1259 32 20 att
789 1258 40 20 den

75 1293 101 28 fattigare
192 1295 151 26 befolkningen
357 1301 76 20 genom
446 1294 112 21 införande
570 1294 22 21 af
603 1300 25 14 en
639 1293 79 21 allmän
729 1291 101 28 personel

78 1328 62 27 afgift
163 1329 33 20 till
217 1329 138 21 bestridande
374 1329 23 20 af
415 1329 119 26 utgifterne
549 1328 33 21 för
598 1327 151 26 fattigvården,
765 1326 68 26 enligt

76 1364 26 19 29
122 1363 11 27 &
149 1363 6 20 i
171 1363 152 26 förordningen
341 1363 113 26 angående
470 1363 108 20 allmänna
593 1361 145 27 fattigvården
755 1360 22 21 af
791 1360 41 21 den

78 1398 23 19 17
126 1397 59 21 Mars
208 1398 59 25 1879,
283 1397 72 21 blifvit
370 1397 64 26 ålagd
452 1403 25 14 en
494 1397 139 26 beskattning
648 1396 23 21 af
685 1395 46 21 lika
747 1395 85 26 belopp,

76 1437 46 15 som
138 1432 124 20 samhällets
280 1432 69 20 bättre
365 1431 82 21 lottade
465 1431 143 21 medlemmar.
