<?xml version="1.0" encoding="UTF-8"?>
<alto xmlns="http://www.loc.gov/standards/alto/ns-v3#" xmlns:xlink="http://www.w3.org/1999/xlink" xmlns:xsi="http://www.w3.org/2001/XMLSchema-instance" xsi:schemaLocation="http://www.loc.gov/standards/alto/ns-v3# http://www.loc.gov/alto/v3/alto-3-0.xsd">
	<Description>
		<MeasurementUnit>pixel</MeasurementUnit>
		<sourceImageInformation>
			<fileName>/tmp/tess_z9j7hohr_input.PNG</fileName>
		</sourceImageInformation>
		<OCRProcessing ID="OCR_0">
			<ocrProcessingStep>
				<processingSoftware>
					<softwareName>tesseract 5.3.4</softwareName>
				</processingSoftware>
			</ocrProcessingStep>
		</OCRProcessing>
	</Description>
	<Layout>
		<Page WIDTH="1011" HEIGHT="1673" PHYSICAL_IMG_NR="0" ID="page_0">
			<PrintSpace HPOS="0" VPOS="0" WIDTH="1011" HEIGHT="1673">
				<ComposedBlock ID="cblock_0" HPOS="380" VPOS="116" WIDTH="392" HEIGHT="95">
					<TextBlock ID="block_0" HPOS="380" VPOS="116" WIDTH="392" HEIGHT="95">
						<TextLine ID="line_0" HPOS="380" VPOS="116" WIDTH="392" HEIGHT="24">
							<String ID="string_0" HPOS="380" VPOS="117" WIDTH="39" HEIGHT="23" WC="0.95" CONTENT="N:o"/><SP WIDTH="16" VPOS="117" HPOS="419"/>
							<String ID="string_1" HPOS="435" VPOS="116" WIDTH="35" HEIGHT="24" WC="0.94" CONTENT="36."/><SP WIDTH="290" VPOS="116" HPOS="470"/>
							<String ID="string_2" HPOS="760" VPOS="120" WIDTH="12" HEIGHT="20" WC="0.97" CONTENT="3"/>
						</TextLine>
						<TextLine ID="line_1" HPOS="400" VPOS="183" WIDTH="48" HEIGHT="28">
							<String ID="string_3" HPOS="400" VPOS="183" WIDTH="12" HEIGHT="28" WC="0.95" CONTENT="8"/><SP WIDTH="16" VPOS="183" HPOS="412"/>
							<String ID="string_4" HPOS="428" VPOS="185" WIDTH="20" HEIGHT="20" WC="0.96" CONTENT="6."/>
						</TextLine>
					</TextBlock>
				</ComposedBlock>
				<ComposedBlock ID="cblock_1" HPOS="48" VPOS="224" WIDTH="758" HEIGHT="560">
					<TextBlock ID="block_1" HPOS="48" VPOS="224" WIDTH="755" HEIGHT="165">
						<TextLine ID="line_2" HPOS="115" VPOS="224" WIDTH="688" HEIGHT="28">
							<String ID="string_5" HPOS="115" VPOS="224" WIDTH="102" HEIGHT="22" WC="0.91" CONTENT="Föröfvar"/><SP WIDTH="14" VPOS="224" HPOS="217"/>
							<String ID="string_6" HPOS="231" VPOS="224" WIDTH="109" HEIGHT="27" WC="0.92" CONTENT="krigsman"/><SP WIDTH="15" VPOS="224" HPOS="340"/>
							<String ID="string_7" HPOS="355" VPOS="224" WIDTH="61" HEIGHT="22" WC="0.96" CONTENT="brott"/><SP WIDTH="15" VPOS="224" HPOS="416"/>
							<String ID="string_8" HPOS="431" VPOS="225" WIDTH="59" HEIGHT="21" WC="0.96" CONTENT="inom"/><SP WIDTH="14" VPOS="225" HPOS="490"/>
							<String ID="string_9" HPOS="504" VPOS="224" WIDTH="75" HEIGHT="22" WC="0.96" CONTENT="landet"/><SP WIDTH="15" VPOS="224" HPOS="579"/>
							<String ID="string_10" HPOS="594" VPOS="226" WIDTH="58" HEIGHT="20" WC="0.95" CONTENT="emot"/><SP WIDTH="10" VPOS="226" HPOS="652"/>
							<String ID="string_11" HPOS="662" VPOS="231" WIDTH="78" HEIGHT="21" WC="0.96" CONTENT="person"/><SP WIDTH="10" VPOS="231" HPOS="740"/>
							<String ID="string_12" HPOS="750" VPOS="224" WIDTH="53" HEIGHT="22" WC="0.96" CONTENT="eller"/>
						</TextLine>
						<TextLine ID="line_3" HPOS="48" VPOS="259" WIDTH="755" HEIGHT="28">
							<String ID="string_13" HPOS="48" VPOS="259" WIDTH="111" HEIGHT="28" WC="0.96" CONTENT="egendom,"/><SP WIDTH="19" VPOS="259" HPOS="159"/>
							<String ID="string_14" HPOS="178" VPOS="259" WIDTH="96" HEIGHT="22" WC="0.96" CONTENT="hörande"/><SP WIDTH="15" VPOS="259" HPOS="274"/>
							<String ID="string_15" HPOS="289" VPOS="259" WIDTH="32" HEIGHT="21" WC="0.93" CONTENT="till"/><SP WIDTH="15" VPOS="259" HPOS="321"/>
							<String ID="string_16" HPOS="336" VPOS="259" WIDTH="179" HEIGHT="27" WC="0.92" CONTENT="Kejsaredömets"/><SP WIDTH="15" VPOS="259" HPOS="515"/>
							<String ID="string_17" HPOS="530" VPOS="261" WIDTH="96" HEIGHT="26" WC="0.95" CONTENT="trupper,"/><SP WIDTH="16" VPOS="261" HPOS="626"/>
							<String ID="string_18" HPOS="642" VPOS="266" WIDTH="49" HEIGHT="15" WC="0.96" CONTENT="vare"/><SP WIDTH="15" VPOS="266" HPOS="691"/>
							<String ID="string_19" HPOS="706" VPOS="259" WIDTH="43" HEIGHT="22" WC="0.91" CONTENT="han"/><SP WIDTH="14" VPOS="259" HPOS="749"/>
							<String ID="string_20" HPOS="763" VPOS="265" WIDTH="40" HEIGHT="16" WC="0.91" CONTENT="un-"/>
						</TextLine>
						<TextLine ID="line_4" HPOS="48" VPOS="293" WIDTH="755" HEIGHT="28">
							<String ID="string_21" HPOS="48" VPOS="293" WIDTH="117" HEIGHT="22" WC="0.91" CONTENT="derkastad"/><SP WIDTH="19" VPOS="293" HPOS="165"/>
							<String ID="string_22" HPOS="184" VPOS="294" WIDTH="37" HEIGHT="21" WC="0.96" CONTENT="det"/><SP WIDTH="19" VPOS="294" HPOS="221"/>
							<String ID="string_23" HPOS="240" VPOS="299" WIDTH="83" HEIGHT="20" WC="0.96" CONTENT="ansvar,"/><SP WIDTH="17" VPOS="299" HPOS="323"/>
							<String ID="string_24" HPOS="340" VPOS="299" WIDTH="46" HEIGHT="16" WC="0.96" CONTENT="som"/><SP WIDTH="15" VPOS="299" HPOS="386"/>
							<String ID="string_25" HPOS="401" VPOS="293" WIDTH="34" HEIGHT="22" WC="0.93" CONTENT="för"/><SP WIDTH="16" VPOS="293" HPOS="435"/>
							<String ID="string_26" HPOS="451" VPOS="294" WIDTH="113" HEIGHT="21" WC="0.89" CONTENT="enabanda"/><SP WIDTH="14" VPOS="294" HPOS="564"/>
							<String ID="string_27" HPOS="578" VPOS="294" WIDTH="60" HEIGHT="21" WC="0.96" CONTENT="brott"/><SP WIDTH="15" VPOS="294" HPOS="638"/>
							<String ID="string_28" HPOS="653" VPOS="296" WIDTH="57" HEIGHT="19" WC="0.96" CONTENT="emot"/><SP WIDTH="14" VPOS="296" HPOS="710"/>
							<String ID="string_29" HPOS="724" VPOS="300" WIDTH="79" HEIGHT="21" WC="0.96" CONTENT="person"/>
						</TextLine>
						<TextLine ID="line_5" HPOS="49" VPOS="327" WIDTH="753" HEIGHT="28">
							<String ID="string_30" HPOS="49" VPOS="328" WIDTH="52" HEIGHT="21" WC="0.96" CONTENT="eller"/><SP WIDTH="20" VPOS="328" HPOS="101"/>
							<String ID="string_31" HPOS="121" VPOS="328" WIDTH="110" HEIGHT="27" WC="0.96" CONTENT="egendom,"/><SP WIDTH="18" VPOS="328" HPOS="231"/>
							<String ID="string_32" HPOS="249" VPOS="328" WIDTH="95" HEIGHT="21" WC="0.96" CONTENT="hörande"/><SP WIDTH="19" VPOS="328" HPOS="344"/>
							<String ID="string_33" HPOS="363" VPOS="328" WIDTH="33" HEIGHT="21" WC="0.96" CONTENT="till"/><SP WIDTH="19" VPOS="328" HPOS="396"/>
							<String ID="string_34" HPOS="415" VPOS="327" WIDTH="57" HEIGHT="23" WC="0.96" CONTENT="finsk"/><SP WIDTH="18" VPOS="327" HPOS="472"/>
							<String ID="string_35" HPOS="490" VPOS="330" WIDTH="72" HEIGHT="25" WC="0.96" CONTENT="trupp,"/><SP WIDTH="16" VPOS="330" HPOS="562"/>
							<String ID="string_36" HPOS="578" VPOS="328" WIDTH="7" HEIGHT="21" WC="0.96" CONTENT="i"/><SP WIDTH="16" VPOS="328" HPOS="585"/>
							<String ID="string_37" HPOS="601" VPOS="329" WIDTH="71" HEIGHT="21" WC="0.96" CONTENT="denna"/><SP WIDTH="13" VPOS="329" HPOS="672"/>
							<String ID="string_38" HPOS="685" VPOS="329" WIDTH="36" HEIGHT="26" WC="0.96" CONTENT="lag"/><SP WIDTH="13" VPOS="329" HPOS="721"/>
							<String ID="string_39" HPOS="734" VPOS="328" WIDTH="68" HEIGHT="22" WC="0.96" CONTENT="finnes"/>
						</TextLine>
						<TextLine ID="line_6" HPOS="49" VPOS="362" WIDTH="109" HEIGHT="27">
							<String ID="string_40" HPOS="49" VPOS="362" WIDTH="109" HEIGHT="27" WC="0.91" CONTENT="stadgadt."/>
						</TextLine>
					</TextBlock>
					<TextBlock ID="block_2" HPOS="401" VPOS="397" WIDTH="47" HEIGHT="28">
						<TextLine ID="line_7" HPOS="401" VPOS="397" WIDTH="47" HEIGHT="28">
							<String ID="string_41" HPOS="401" VPOS="397" WIDTH="11" HEIGHT="28" WC="0.82" CONTENT="8"/><SP WIDTH="16" VPOS="397" HPOS="412"/>
							<String ID="string_42" HPOS="428" VPOS="399" WIDTH="20" HEIGHT="20" WC="0.93" CONTENT="7."/>
						</TextLine>
					</TextBlock>
					<TextBlock ID="block_3" HPOS="48" VPOS="437" WIDTH="757" HEIGHT="196">
						<TextLine ID="line_8" HPOS="117" VPOS="437" WIDTH="686" HEIGHT="29">
							<String ID="string_43" HPOS="117" VPOS="438" WIDTH="71" HEIGHT="28" WC="0.91" CONTENT="Begår"/><SP WIDTH="14" VPOS="438" HPOS="188"/>
							<String ID="string_44" HPOS="202" VPOS="438" WIDTH="77" HEIGHT="27" WC="0.96" CONTENT="någon,"/><SP WIDTH="17" VPOS="438" HPOS="279"/>
							<String ID="string_45" HPOS="296" VPOS="444" WIDTH="46" HEIGHT="16" WC="0.96" CONTENT="som"/><SP WIDTH="15" VPOS="444" HPOS="342"/>
							<String ID="string_46" HPOS="357" VPOS="438" WIDTH="61" HEIGHT="27" WC="0.96" CONTENT="lyder"/><SP WIDTH="13" VPOS="438" HPOS="418"/>
							<String ID="string_47" HPOS="431" VPOS="439" WIDTH="70" HEIGHT="21" WC="0.96" CONTENT="under"/><SP WIDTH="15" VPOS="439" HPOS="501"/>
							<String ID="string_48" HPOS="516" VPOS="439" WIDTH="70" HEIGHT="21" WC="0.96" CONTENT="denna"/><SP WIDTH="15" VPOS="439" HPOS="586"/>
							<String ID="string_49" HPOS="601" VPOS="439" WIDTH="41" HEIGHT="26" WC="0.96" CONTENT="lag,"/><SP WIDTH="11" VPOS="439" HPOS="642"/>
							<String ID="string_50" HPOS="653" VPOS="439" WIDTH="59" HEIGHT="22" WC="0.97" CONTENT="brott"/><SP WIDTH="10" VPOS="439" HPOS="712"/>
							<String ID="string_51" HPOS="722" VPOS="438" WIDTH="28" HEIGHT="21" WC="0.96" CONTENT="då"/><SP WIDTH="9" VPOS="438" HPOS="750"/>
							<String ID="string_52" HPOS="759" VPOS="437" WIDTH="44" HEIGHT="22" WC="0.96" CONTENT="han"/>
						</TextLine>
						<TextLine ID="line_9" HPOS="48" VPOS="472" WIDTH="754" HEIGHT="28">
							<String ID="string_53" HPOS="48" VPOS="472" WIDTH="97" HEIGHT="23" WC="0.96" CONTENT="befinner"/><SP WIDTH="15" VPOS="472" HPOS="145"/>
							<String ID="string_54" HPOS="160" VPOS="473" WIDTH="33" HEIGHT="27" WC="0.96" CONTENT="sig"/><SP WIDTH="15" VPOS="473" HPOS="193"/>
							<String ID="string_55" HPOS="208" VPOS="474" WIDTH="59" HEIGHT="20" WC="0.96" CONTENT="utom"/><SP WIDTH="15" VPOS="474" HPOS="267"/>
							<String ID="string_56" HPOS="282" VPOS="473" WIDTH="73" HEIGHT="21" WC="0.95" CONTENT="landet"/><SP WIDTH="12" VPOS="473" HPOS="355"/>
							<String ID="string_57" HPOS="367" VPOS="473" WIDTH="35" HEIGHT="21" WC="0.96" CONTENT="vid"/><SP WIDTH="12" VPOS="473" HPOS="402"/>
							<String ID="string_58" HPOS="414" VPOS="472" WIDTH="56" HEIGHT="22" WC="0.96" CONTENT="finsk"/><SP WIDTH="12" VPOS="472" HPOS="470"/>
							<String ID="string_59" HPOS="482" VPOS="474" WIDTH="64" HEIGHT="26" WC="0.96" CONTENT="trupp"/><SP WIDTH="12" VPOS="474" HPOS="546"/>
							<String ID="string_60" HPOS="558" VPOS="473" WIDTH="52" HEIGHT="22" WC="0.92" CONTENT="eller"/><SP WIDTH="10" VPOS="473" HPOS="610"/>
							<String ID="string_61" HPOS="620" VPOS="473" WIDTH="182" HEIGHT="26" WC="0.91" CONTENT="kommendering;"/>
						</TextLine>
						<TextLine ID="line_10" HPOS="49" VPOS="507" WIDTH="754" HEIGHT="28">
							<String ID="string_62" HPOS="49" VPOS="508" WIDTH="66" HEIGHT="21" WC="0.95" CONTENT="varde"/><SP WIDTH="15" VPOS="508" HPOS="115"/>
							<String ID="string_63" HPOS="130" VPOS="507" WIDTH="89" HEIGHT="22" WC="0.95" CONTENT="straffad"/><SP WIDTH="15" VPOS="507" HPOS="219"/>
							<String ID="string_64" HPOS="234" VPOS="507" WIDTH="71" HEIGHT="22" WC="0.96" CONTENT="såsom"/><SP WIDTH="16" VPOS="507" HPOS="305"/>
							<String ID="string_65" HPOS="321" VPOS="513" WIDTH="34" HEIGHT="16" WC="0.93" CONTENT="om"/><SP WIDTH="15" VPOS="513" HPOS="355"/>
							<String ID="string_66" HPOS="370" VPOS="507" WIDTH="145" HEIGHT="28" WC="0.92" CONTENT="förbrytelsen"/><SP WIDTH="14" VPOS="507" HPOS="515"/>
							<String ID="string_67" HPOS="529" VPOS="507" WIDTH="57" HEIGHT="22" WC="0.96" CONTENT="hade"/><SP WIDTH="14" VPOS="507" HPOS="586"/>
							<String ID="string_68" HPOS="600" VPOS="507" WIDTH="58" HEIGHT="22" WC="0.96" CONTENT="inom"/><SP WIDTH="14" VPOS="507" HPOS="658"/>
							<String ID="string_69" HPOS="672" VPOS="507" WIDTH="75" HEIGHT="22" WC="0.90" CONTENT="landet"/><SP WIDTH="13" VPOS="507" HPOS="747"/>
							<String ID="string_70" HPOS="760" VPOS="507" WIDTH="43" HEIGHT="21" WC="0.90" CONTENT="för-"/>
						</TextLine>
						<TextLine ID="line_11" HPOS="50" VPOS="541" WIDTH="753" HEIGHT="28">
							<String ID="string_71" HPOS="50" VPOS="541" WIDTH="77" HEIGHT="22" WC="0.89" CONTENT="öfvats."/><SP WIDTH="31" VPOS="541" HPOS="127"/>
							<String ID="string_72" HPOS="158" VPOS="542" WIDTH="45" HEIGHT="27" WC="0.96" CONTENT="Lag"/><SP WIDTH="16" VPOS="542" HPOS="203"/>
							<String ID="string_73" HPOS="219" VPOS="549" WIDTH="80" HEIGHT="15" WC="0.95" CONTENT="samma"/><SP WIDTH="15" VPOS="549" HPOS="299"/>
							<String ID="string_74" HPOS="314" VPOS="549" WIDTH="56" HEIGHT="19" WC="0.95" CONTENT="vare,"/><SP WIDTH="18" VPOS="549" HPOS="370"/>
							<String ID="string_75" HPOS="388" VPOS="549" WIDTH="34" HEIGHT="14" WC="0.96" CONTENT="om"/><SP WIDTH="16" VPOS="549" HPOS="422"/>
							<String ID="string_76" HPOS="438" VPOS="542" WIDTH="71" HEIGHT="27" WC="0.96" CONTENT="någon"/><SP WIDTH="16" VPOS="542" HPOS="509"/>
							<String ID="string_77" HPOS="525" VPOS="542" WIDTH="64" HEIGHT="27" WC="0.96" CONTENT="eljest"/><SP WIDTH="15" VPOS="542" HPOS="589"/>
							<String ID="string_78" HPOS="604" VPOS="543" WIDTH="59" HEIGHT="20" WC="0.96" CONTENT="utom"/><SP WIDTH="15" VPOS="543" HPOS="663"/>
							<String ID="string_79" HPOS="678" VPOS="542" WIDTH="73" HEIGHT="21" WC="0.93" CONTENT="landet"/><SP WIDTH="14" VPOS="542" HPOS="751"/>
							<String ID="string_80" HPOS="765" VPOS="542" WIDTH="38" HEIGHT="21" WC="0.92" CONTENT="be-"/>
						</TextLine>
						<TextLine ID="line_12" HPOS="50" VPOS="576" WIDTH="755" HEIGHT="29">
							<String ID="string_81" HPOS="50" VPOS="577" WIDTH="48" HEIGHT="26" WC="0.93" CONTENT="gått"/><SP WIDTH="21" VPOS="577" HPOS="98"/>
							<String ID="string_82" HPOS="119" VPOS="576" WIDTH="208" HEIGHT="29" WC="0.92" CONTENT="tjensteförbrytelse"/><SP WIDTH="25" VPOS="576" HPOS="327"/>
							<String ID="string_83" HPOS="352" VPOS="577" WIDTH="40" HEIGHT="22" WC="0.96" CONTENT="och"/><SP WIDTH="24" VPOS="577" HPOS="392"/>
							<String ID="string_84" HPOS="416" VPOS="577" WIDTH="72" HEIGHT="22" WC="0.96" CONTENT="derför"/><SP WIDTH="22" VPOS="577" HPOS="488"/>
							<String ID="string_85" HPOS="510" VPOS="577" WIDTH="49" HEIGHT="22" WC="0.96" CONTENT="icke"/><SP WIDTH="18" VPOS="577" HPOS="559"/>
							<String ID="string_86" HPOS="577" VPOS="578" WIDTH="60" HEIGHT="20" WC="0.96" CONTENT="utom"/><SP WIDTH="15" VPOS="578" HPOS="637"/>
							<String ID="string_87" HPOS="652" VPOS="577" WIDTH="74" HEIGHT="21" WC="0.95" CONTENT="landet"/><SP WIDTH="15" VPOS="577" HPOS="726"/>
							<String ID="string_88" HPOS="741" VPOS="576" WIDTH="64" HEIGHT="22" WC="0.95" CONTENT="dömd"/>
						</TextLine>
						<TextLine ID="line_13" HPOS="50" VPOS="611" WIDTH="75" HEIGHT="22">
							<String ID="string_89" HPOS="50" VPOS="611" WIDTH="75" HEIGHT="22" WC="0.96" CONTENT="blifvit."/>
						</TextLine>
					</TextBlock>
					<TextBlock ID="block_4" HPOS="402" VPOS="647" WIDTH="48" HEIGHT="26">
						<TextLine ID="line_14" HPOS="402" VPOS="647" WIDTH="48" HEIGHT="26">
							<String ID="string_90" HPOS="402" VPOS="647" WIDTH="48" HEIGHT="26" WC="0.82" CONTENT="58."/>
						</TextLine>
					</TextBlock>
					<TextBlock ID="block_5" HPOS="51" VPOS="685" WIDTH="755" HEIGHT="99">
						<TextLine ID="line_15" HPOS="119" VPOS="685" WIDTH="687" HEIGHT="28">
							<String ID="string_91" HPOS="119" VPOS="685" WIDTH="102" HEIGHT="22" WC="0.92" CONTENT="Föröfvar"/><SP WIDTH="14" VPOS="685" HPOS="221"/>
							<String ID="string_92" HPOS="235" VPOS="687" WIDTH="76" HEIGHT="26" WC="0.91" CONTENT="nägon,"/><SP WIDTH="18" VPOS="687" HPOS="311"/>
							<String ID="string_93" HPOS="329" VPOS="693" WIDTH="46" HEIGHT="15" WC="0.96" CONTENT="som"/><SP WIDTH="16" VPOS="693" HPOS="375"/>
							<String ID="string_94" HPOS="391" VPOS="689" WIDTH="24" HEIGHT="19" WC="0.93" CONTENT="är"/><SP WIDTH="15" VPOS="689" HPOS="415"/>
							<String ID="string_95" HPOS="430" VPOS="687" WIDTH="148" HEIGHT="21" WC="0.92" CONTENT="underkastad"/><SP WIDTH="15" VPOS="687" HPOS="578"/>
							<String ID="string_96" HPOS="593" VPOS="686" WIDTH="191" HEIGHT="22" WC="0.96" CONTENT="bestämmelserna"/><SP WIDTH="14" VPOS="686" HPOS="784"/>
							<String ID="string_97" HPOS="798" VPOS="685" WIDTH="8" HEIGHT="21" WC="0.96" CONTENT="i"/>
						</TextLine>
						<TextLine ID="line_16" HPOS="51" VPOS="720" WIDTH="754" HEIGHT="29">
							<String ID="string_98" HPOS="51" VPOS="721" WIDTH="70" HEIGHT="21" WC="0.96" CONTENT="denna"/><SP WIDTH="22" VPOS="721" HPOS="121"/>
							<String ID="string_99" HPOS="143" VPOS="721" WIDTH="45" HEIGHT="27" WC="0.95" CONTENT="lag,"/><SP WIDTH="24" VPOS="721" HPOS="188"/>
							<String ID="string_100" HPOS="212" VPOS="721" WIDTH="68" HEIGHT="27" WC="0.93" CONTENT="brott,"/><SP WIDTH="24" VPOS="721" HPOS="280"/>
							<String ID="string_101" HPOS="304" VPOS="721" WIDTH="82" HEIGHT="22" WC="0.91" CONTENT="hvilket"/><SP WIDTH="22" VPOS="721" HPOS="386"/>
							<String ID="string_102" HPOS="408" VPOS="721" WIDTH="18" HEIGHT="28" WC="0.91" CONTENT="ej"/><SP WIDTH="26" VPOS="721" HPOS="426"/>
							<String ID="string_103" HPOS="452" VPOS="721" WIDTH="116" HEIGHT="22" WC="0.91" CONTENT="innefattar"/><SP WIDTH="22" VPOS="721" HPOS="568"/>
							<String ID="string_104" HPOS="590" VPOS="720" WIDTH="215" HEIGHT="28" WC="0.91" CONTENT="militärförbrytelse;"/>
						</TextLine>
						<TextLine ID="line_17" HPOS="51" VPOS="755" WIDTH="754" HEIGHT="29">
							<String ID="string_105" HPOS="51" VPOS="756" WIDTH="66" HEIGHT="22" WC="0.92" CONTENT="varde"/><SP WIDTH="20" VPOS="756" HPOS="117"/>
							<String ID="string_106" HPOS="137" VPOS="756" WIDTH="63" HEIGHT="22" WC="0.88" CONTENT="dömd"/><SP WIDTH="19" VPOS="756" HPOS="200"/>
							<String ID="string_107" HPOS="219" VPOS="756" WIDTH="32" HEIGHT="21" WC="0.96" CONTENT="till"/><SP WIDTH="19" VPOS="756" HPOS="251"/>
							<String ID="string_108" HPOS="270" VPOS="756" WIDTH="37" HEIGHT="22" WC="0.97" CONTENT="det"/><SP WIDTH="19" VPOS="756" HPOS="307"/>
							<String ID="string_109" HPOS="326" VPOS="756" WIDTH="66" HEIGHT="27" WC="0.95" CONTENT="straff,"/><SP WIDTH="22" VPOS="756" HPOS="392"/>
							<String ID="string_110" HPOS="414" VPOS="756" WIDTH="79" HEIGHT="22" WC="0.96" CONTENT="allmän"/><SP WIDTH="18" VPOS="756" HPOS="493"/>
							<String ID="string_111" HPOS="511" VPOS="757" WIDTH="36" HEIGHT="27" WC="0.96" CONTENT="lag"/><SP WIDTH="17" VPOS="757" HPOS="547"/>
							<String ID="string_112" HPOS="564" VPOS="756" WIDTH="33" HEIGHT="22" WC="0.96" CONTENT="för"/><SP WIDTH="18" VPOS="756" HPOS="597"/>
							<String ID="string_113" HPOS="615" VPOS="756" WIDTH="81" HEIGHT="22" WC="0.96" CONTENT="brottet"/><SP WIDTH="15" VPOS="756" HPOS="696"/>
							<String ID="string_114" HPOS="711" VPOS="755" WIDTH="94" HEIGHT="27" WC="0.96" CONTENT="stadgar."/>
						</TextLine>
					</TextBlock>
				</ComposedBlock>
				<ComposedBlock ID="cblock_2" HPOS="261" VPOS="844" WIDTH="339" HEIGHT="73">
					<TextBlock ID="block_6" HPOS="261" VPOS="844" WIDTH="339" HEIGHT="73">
						<TextLine ID="line_18" HPOS="380" VPOS="844" WIDTH="95" HEIGHT="25">
							<String ID="string_115" HPOS="380" VPOS="844" WIDTH="16" HEIGHT="19" WC="0.96" CONTENT="2"/><SP WIDTH="16" VPOS="844" HPOS="396"/>
							<String ID="string_116" HPOS="412" VPOS="845" WIDTH="63" HEIGHT="24" WC="0.96" CONTENT="Kap."/>
						</TextLine>
						<TextLine ID="line_19" HPOS="261" VPOS="887" WIDTH="339" HEIGHT="30">
							<String ID="string_117" HPOS="261" VPOS="888" WIDTH="38" HEIGHT="22" WC="0.95" CONTENT="Om"/><SP WIDTH="15" VPOS="888" HPOS="299"/>
							<String ID="string_118" HPOS="314" VPOS="887" WIDTH="67" HEIGHT="23" WC="0.96" CONTENT="straff"/><SP WIDTH="13" VPOS="887" HPOS="381"/>
							<String ID="string_119" HPOS="394" VPOS="888" WIDTH="58" HEIGHT="23" WC="0.94" CONTENT="efter"/><SP WIDTH="16" VPOS="888" HPOS="452"/>
							<String ID="string_120" HPOS="468" VPOS="888" WIDTH="72" HEIGHT="23" WC="0.96" CONTENT="denna"/><SP WIDTH="14" VPOS="888" HPOS="540"/>
							<String ID="string_121" HPOS="554" VPOS="888" WIDTH="46" HEIGHT="29" WC="0.96" CONTENT="lag."/>
						</TextLine>
					</TextBlock>
				</ComposedBlock>
				<ComposedBlock ID="cblock_3" HPOS="48" VPOS="940" WIDTH="760" HEIGHT="550">
					<TextBlock ID="block_7" HPOS="405" VPOS="940" WIDTH="47" HEIGHT="28">
						<TextLine ID="line_20" HPOS="405" VPOS="940" WIDTH="47" HEIGHT="28">
							<String ID="string_122" HPOS="405" VPOS="940" WIDTH="11" HEIGHT="28" WC="0.87" CONTENT="8"/><SP WIDTH="16" VPOS="940" HPOS="416"/>
							<String ID="string_123" HPOS="432" VPOS="942" WIDTH="20" HEIGHT="20" WC="0.91" CONTENT="9."/>
						</TextLine>
					</TextBlock>
					<TextBlock ID="block_8" HPOS="120" VPOS="980" WIDTH="685" HEIGHT="29">
						<TextLine ID="line_21" HPOS="120" VPOS="980" WIDTH="685" HEIGHT="29">
							<String ID="string_124" HPOS="120" VPOS="980" WIDTH="41" HEIGHT="21" WC="0.95" CONTENT="För"/><SP WIDTH="14" VPOS="980" HPOS="161"/>
							<String ID="string_125" HPOS="175" VPOS="980" WIDTH="60" HEIGHT="21" WC="0.95" CONTENT="brott"/><SP WIDTH="10" VPOS="980" HPOS="235"/>
							<String ID="string_126" HPOS="245" VPOS="982" WIDTH="58" HEIGHT="20" WC="0.96" CONTENT="emot"/><SP WIDTH="10" VPOS="982" HPOS="303"/>
							<String ID="string_127" HPOS="313" VPOS="981" WIDTH="70" HEIGHT="21" WC="0.96" CONTENT="denna"/><SP WIDTH="9" VPOS="981" HPOS="383"/>
							<String ID="string_128" HPOS="392" VPOS="981" WIDTH="37" HEIGHT="27" WC="0.95" CONTENT="lag"/><SP WIDTH="11" VPOS="981" HPOS="429"/>
							<String ID="string_129" HPOS="440" VPOS="981" WIDTH="64" HEIGHT="22" WC="0.96" CONTENT="skola"/><SP WIDTH="9" VPOS="981" HPOS="504"/>
							<String ID="string_130" HPOS="513" VPOS="980" WIDTH="93" HEIGHT="29" WC="0.96" CONTENT="följande"/><SP WIDTH="11" VPOS="980" HPOS="606"/>
							<String ID="string_131" HPOS="617" VPOS="981" WIDTH="61" HEIGHT="22" WC="0.82" CONTENT="straff"/><SP WIDTH="9" VPOS="981" HPOS="678"/>
							<String ID="string_132" HPOS="687" VPOS="981" WIDTH="118" HEIGHT="26" WC="0.96" CONTENT="tillämpas:"/>
						</TextLine>
					</TextBlock>
					<TextBlock ID="block_9" HPOS="121" VPOS="1014" WIDTH="176" HEIGHT="22">
						<TextLine ID="line_22" HPOS="121" VPOS="1014" WIDTH="176" HEIGHT="22">
							<String ID="string_133" HPOS="121" VPOS="1016" WIDTH="33" HEIGHT="20" WC="0.47" CONTENT="1:o"/><SP WIDTH="15" VPOS="1016" HPOS="154"/>
							<String ID="string_134" HPOS="169" VPOS="1014" WIDTH="128" HEIGHT="22" WC="0.83" CONTENT="Dödsstraff."/>
						</TextLine>
					</TextBlock>
					<TextBlock ID="block_10" HPOS="119" VPOS="1049" WIDTH="217" HEIGHT="22">
						<TextLine ID="line_23" HPOS="119" VPOS="1049" WIDTH="217" HEIGHT="22">
							<String ID="string_135" HPOS="119" VPOS="1051" WIDTH="35" HEIGHT="20" WC="0.85" CONTENT="2:0"/><SP WIDTH="15" VPOS="1051" HPOS="154"/>
							<String ID="string_136" HPOS="169" VPOS="1049" WIDTH="167" HEIGHT="22" WC="0.91" CONTENT="Tukthusstrafi."/>
						</TextLine>
					</TextBlock>
					<TextBlock ID="block_11" HPOS="120" VPOS="1084" WIDTH="158" HEIGHT="27">
						<TextLine ID="line_24" HPOS="120" VPOS="1084" WIDTH="158" HEIGHT="27">
							<String ID="string_137" HPOS="120" VPOS="1085" WIDTH="33" HEIGHT="20" WC="0.76" CONTENT="3:0"/><SP WIDTH="14" VPOS="1085" HPOS="153"/>
							<String ID="string_138" HPOS="167" VPOS="1084" WIDTH="111" HEIGHT="27" WC="0.96" CONTENT="Fängelse."/>
						</TextLine>
					</TextBlock>
					<TextBlock ID="block_12" HPOS="120" VPOS="1118" WIDTH="323" HEIGHT="28">
						<TextLine ID="line_25" HPOS="120" VPOS="1118" WIDTH="323" HEIGHT="28">
							<String ID="string_139" HPOS="120" VPOS="1120" WIDTH="33" HEIGHT="19" WC="0.92" CONTENT="4:0"/><SP WIDTH="15" VPOS="1120" HPOS="153"/>
							<String ID="string_140" HPOS="168" VPOS="1118" WIDTH="125" HEIGHT="28" WC="0.90" CONTENT="Afsättning"/><SP WIDTH="14" VPOS="1118" HPOS="293"/>
							<String ID="string_141" HPOS="307" VPOS="1118" WIDTH="47" HEIGHT="22" WC="0.93" CONTENT="från"/><SP WIDTH="16" VPOS="1118" HPOS="354"/>
							<String ID="string_142" HPOS="370" VPOS="1119" WIDTH="73" HEIGHT="27" WC="0.92" CONTENT="tjenst."/>
						</TextLine>
					</TextBlock>
					<TextBlock ID="block_13" HPOS="119" VPOS="1152" WIDTH="231" HEIGHT="23">
						<TextLine ID="line_26" HPOS="119" VPOS="1152" WIDTH="231" HEIGHT="23">
							<String ID="string_143" HPOS="119" VPOS="1154" WIDTH="34" HEIGHT="20" WC="0.92" CONTENT="5:0"/><SP WIDTH="15" VPOS="1154" HPOS="153"/>
							<String ID="string_144" HPOS="168" VPOS="1152" WIDTH="182" HEIGHT="23" WC="0.92" CONTENT="Förafskedande."/>
						</TextLine>
					</TextBlock>
					<TextBlock ID="block_14" HPOS="119" VPOS="1187" WIDTH="226" HEIGHT="27">
						<TextLine ID="line_27" HPOS="119" VPOS="1187" WIDTH="226" HEIGHT="27">
							<String ID="string_145" HPOS="119" VPOS="1189" WIDTH="34" HEIGHT="19" WC="0.91" CONTENT="6:0"/><SP WIDTH="16" VPOS="1189" HPOS="153"/>
							<String ID="string_146" HPOS="169" VPOS="1187" WIDTH="176" HEIGHT="27" WC="0.88" CONTENT="Ordningsstraff."/>
						</TextLine>
					</TextBlock>
					<TextBlock ID="block_15" HPOS="50" VPOS="1221" WIDTH="756" HEIGHT="98">
						<TextLine ID="line_28" HPOS="119" VPOS="1221" WIDTH="687" HEIGHT="28">
							<String ID="string_147" HPOS="119" VPOS="1221" WIDTH="40" HEIGHT="22" WC="0.92" CONTENT="Vid"/><SP WIDTH="19" VPOS="1221" HPOS="159"/>
							<String ID="string_148" HPOS="178" VPOS="1221" WIDTH="119" HEIGHT="22" WC="0.92" CONTENT="ådömande"/><SP WIDTH="22" VPOS="1221" HPOS="297"/>
							<String ID="string_149" HPOS="319" VPOS="1221" WIDTH="23" HEIGHT="22" WC="0.93" CONTENT="af"/><SP WIDTH="16" VPOS="1221" HPOS="342"/>
							<String ID="string_150" HPOS="358" VPOS="1221" WIDTH="102" HEIGHT="22" WC="0.91" CONTENT="tukthus-"/><SP WIDTH="24" VPOS="1221" HPOS="460"/>
							<String ID="string_151" HPOS="484" VPOS="1223" WIDTH="40" HEIGHT="21" WC="0.96" CONTENT="och"/><SP WIDTH="14" VPOS="1223" HPOS="524"/>
							<String ID="string_152" HPOS="538" VPOS="1221" WIDTH="161" HEIGHT="28" WC="0.96" CONTENT="fängelsestraff"/><SP WIDTH="12" VPOS="1221" HPOS="699"/>
							<String ID="string_153" HPOS="711" VPOS="1222" WIDTH="40" HEIGHT="21" WC="0.96" CONTENT="bör"/><SP WIDTH="14" VPOS="1222" HPOS="751"/>
							<String ID="string_154" HPOS="765" VPOS="1221" WIDTH="41" HEIGHT="22" WC="0.96" CONTENT="ock"/>
						</TextLine>
						<TextLine ID="line_29" HPOS="50" VPOS="1255" WIDTH="756" HEIGHT="29">
							<String ID="string_155" HPOS="50" VPOS="1255" WIDTH="109" HEIGHT="28" WC="0.86" CONTENT="iakttagas"/><SP WIDTH="23" VPOS="1255" HPOS="159"/>
							<String ID="string_156" HPOS="182" VPOS="1256" WIDTH="57" HEIGHT="21" WC="0.96" CONTENT="hvad"/><SP WIDTH="19" VPOS="1256" HPOS="239"/>
							<String ID="string_157" HPOS="258" VPOS="1257" WIDTH="7" HEIGHT="20" WC="0.96" CONTENT="i"/><SP WIDTH="20" VPOS="1257" HPOS="265"/>
							<String ID="string_158" HPOS="285" VPOS="1255" WIDTH="23" HEIGHT="29" WC="0.91" CONTENT="88"/><SP WIDTH="22" VPOS="1255" HPOS="308"/>
							<String ID="string_159" HPOS="330" VPOS="1258" WIDTH="24" HEIGHT="19" WC="0.96" CONTENT="12"/><SP WIDTH="22" VPOS="1258" HPOS="354"/>
							<String ID="string_160" HPOS="376" VPOS="1257" WIDTH="40" HEIGHT="21" WC="0.96" CONTENT="och"/><SP WIDTH="17" VPOS="1257" HPOS="416"/>
							<String ID="string_161" HPOS="433" VPOS="1259" WIDTH="27" HEIGHT="19" WC="0.93" CONTENT="14"/><SP WIDTH="14" VPOS="1259" HPOS="460"/>
							<String ID="string_162" HPOS="474" VPOS="1257" WIDTH="137" HEIGHT="22" WC="0.93" CONTENT="föreskrifves"/><SP WIDTH="16" VPOS="1257" HPOS="611"/>
							<String ID="string_163" HPOS="627" VPOS="1257" WIDTH="71" HEIGHT="22" WC="0.96" CONTENT="såsom"/><SP WIDTH="15" VPOS="1257" HPOS="698"/>
							<String ID="string_164" HPOS="713" VPOS="1255" WIDTH="93" HEIGHT="24" WC="0.96" CONTENT="särskild"/>
						</TextLine>
						<TextLine ID="line_30" HPOS="50" VPOS="1289" WIDTH="594" HEIGHT="30">
							<String ID="string_165" HPOS="50" VPOS="1289" WIDTH="81" HEIGHT="28" WC="0.95" CONTENT="påföljd"/><SP WIDTH="15" VPOS="1289" HPOS="131"/>
							<String ID="string_166" HPOS="146" VPOS="1290" WIDTH="23" HEIGHT="21" WC="0.96" CONTENT="af"/><SP WIDTH="13" VPOS="1290" HPOS="169"/>
							<String ID="string_167" HPOS="182" VPOS="1291" WIDTH="26" HEIGHT="21" WC="0.96" CONTENT="de"/><SP WIDTH="15" VPOS="1291" HPOS="208"/>
							<String ID="string_168" HPOS="223" VPOS="1291" WIDTH="49" HEIGHT="21" WC="0.96" CONTENT="med"/><SP WIDTH="15" VPOS="1291" HPOS="272"/>
							<String ID="string_169" HPOS="287" VPOS="1291" WIDTH="94" HEIGHT="22" WC="0.96" CONTENT="nämnda"/><SP WIDTH="15" VPOS="1291" HPOS="381"/>
							<String ID="string_170" HPOS="396" VPOS="1291" WIDTH="63" HEIGHT="22" WC="0.96" CONTENT="straff"/><SP WIDTH="13" VPOS="1291" HPOS="459"/>
							<String ID="string_171" HPOS="472" VPOS="1292" WIDTH="93" HEIGHT="27" WC="0.96" CONTENT="belagda"/><SP WIDTH="14" VPOS="1292" HPOS="565"/>
							<String ID="string_172" HPOS="579" VPOS="1292" WIDTH="65" HEIGHT="22" WC="0.96" CONTENT="brott."/>
						</TextLine>
					</TextBlock>
					<TextBlock ID="block_16" HPOS="48" VPOS="1325" WIDTH="760" HEIGHT="165">
						<TextLine ID="line_31" HPOS="119" VPOS="1325" WIDTH="687" HEIGHT="28">
							<String ID="string_173" HPOS="119" VPOS="1325" WIDTH="33" HEIGHT="22" WC="0.96" CONTENT="De"/><SP WIDTH="15" VPOS="1325" HPOS="152"/>
							<String ID="string_174" HPOS="167" VPOS="1325" WIDTH="68" HEIGHT="22" WC="0.96" CONTENT="under"/><SP WIDTH="14" VPOS="1325" HPOS="235"/>
							<String ID="string_175" HPOS="249" VPOS="1331" WIDTH="64" HEIGHT="16" WC="0.93" CONTENT="mom."/><SP WIDTH="17" VPOS="1331" HPOS="313"/>
							<String ID="string_176" HPOS="330" VPOS="1328" WIDTH="55" HEIGHT="19" WC="0.87" CONTENT="1—5"/><SP WIDTH="17" VPOS="1328" HPOS="385"/>
							<String ID="string_177" HPOS="402" VPOS="1327" WIDTH="141" HEIGHT="26" WC="0.96" CONTENT="uppräknade"/><SP WIDTH="16" VPOS="1327" HPOS="543"/>
							<String ID="string_178" HPOS="559" VPOS="1327" WIDTH="63" HEIGHT="22" WC="0.96" CONTENT="straff"/><SP WIDTH="7" VPOS="1327" HPOS="622"/>
							<String ID="string_179" HPOS="629" VPOS="1327" WIDTH="72" HEIGHT="21" WC="0.96" CONTENT="kunna"/><SP WIDTH="10" VPOS="1327" HPOS="701"/>
							<String ID="string_180" HPOS="711" VPOS="1326" WIDTH="48" HEIGHT="22" WC="0.93" CONTENT="icke"/><SP WIDTH="9" VPOS="1326" HPOS="759"/>
							<String ID="string_181" HPOS="768" VPOS="1331" WIDTH="38" HEIGHT="16" WC="0.90" CONTENT="an-"/>
						</TextLine>
						<TextLine ID="line_32" HPOS="49" VPOS="1359" WIDTH="758" HEIGHT="28">
							<String ID="string_182" HPOS="49" VPOS="1359" WIDTH="81" HEIGHT="22" WC="0.96" CONTENT="vändas"/><SP WIDTH="19" VPOS="1359" HPOS="130"/>
							<String ID="string_183" HPOS="149" VPOS="1359" WIDTH="134" HEIGHT="22" WC="0.95" CONTENT="annorlunda"/><SP WIDTH="20" VPOS="1359" HPOS="283"/>
							<String ID="string_184" HPOS="303" VPOS="1361" WIDTH="26" HEIGHT="20" WC="0.96" CONTENT="än"/><SP WIDTH="16" VPOS="1361" HPOS="329"/>
							<String ID="string_185" HPOS="345" VPOS="1359" WIDTH="55" HEIGHT="23" WC="0.96" CONTENT="efter"/><SP WIDTH="16" VPOS="1359" HPOS="400"/>
							<String ID="string_186" HPOS="416" VPOS="1360" WIDTH="105" HEIGHT="23" WC="0.96" CONTENT="domstols"/><SP WIDTH="16" VPOS="1360" HPOS="521"/>
							<String ID="string_187" HPOS="537" VPOS="1361" WIDTH="78" HEIGHT="26" WC="0.96" CONTENT="beslut,"/><SP WIDTH="16" VPOS="1361" HPOS="615"/>
							<String ID="string_188" HPOS="631" VPOS="1361" WIDTH="111" HEIGHT="22" WC="0.93" CONTENT="hvaremot"/><SP WIDTH="15" VPOS="1361" HPOS="742"/>
							<String ID="string_189" HPOS="757" VPOS="1360" WIDTH="50" HEIGHT="22" WC="0.92" CONTENT="ord-"/>
						</TextLine>
						<TextLine ID="line_33" HPOS="49" VPOS="1394" WIDTH="755" HEIGHT="29">
							<String ID="string_190" HPOS="49" VPOS="1394" WIDTH="152" HEIGHT="26" WC="0.92" CONTENT="ningsstraffen"/><SP WIDTH="15" VPOS="1394" HPOS="201"/>
							<String ID="string_191" HPOS="216" VPOS="1394" WIDTH="33" HEIGHT="22" WC="0.96" CONTENT="för"/><SP WIDTH="14" VPOS="1394" HPOS="249"/>
							<String ID="string_192" HPOS="263" VPOS="1394" WIDTH="123" HEIGHT="28" WC="0.95" CONTENT="förseelser,"/><SP WIDTH="17" VPOS="1394" HPOS="386"/>
							<String ID="string_193" HPOS="403" VPOS="1402" WIDTH="47" HEIGHT="15" WC="0.96" CONTENT="som"/><SP WIDTH="17" VPOS="1402" HPOS="450"/>
							<String ID="string_194" HPOS="467" VPOS="1396" WIDTH="19" HEIGHT="27" WC="0.95" CONTENT="ej"/><SP WIDTH="16" VPOS="1396" HPOS="486"/>
							<String ID="string_195" HPOS="502" VPOS="1396" WIDTH="35" HEIGHT="22" WC="0.96" CONTENT="vid"/><SP WIDTH="16" VPOS="1396" HPOS="537"/>
							<String ID="string_196" HPOS="553" VPOS="1396" WIDTH="92" HEIGHT="22" WC="0.95" CONTENT="domstol"/><SP WIDTH="11" VPOS="1396" HPOS="645"/>
							<String ID="string_197" HPOS="656" VPOS="1396" WIDTH="75" HEIGHT="26" WC="0.96" CONTENT="åtalas,"/><SP WIDTH="11" VPOS="1396" HPOS="731"/>
							<String ID="string_198" HPOS="742" VPOS="1394" WIDTH="62" HEIGHT="22" WC="0.96" CONTENT="äfven"/>
						</TextLine>
						<TextLine ID="line_34" HPOS="48" VPOS="1427" WIDTH="760" HEIGHT="31">
							<String ID="string_199" HPOS="48" VPOS="1427" WIDTH="23" HEIGHT="22" WC="0.96" CONTENT="få"/><SP WIDTH="14" VPOS="1427" HPOS="71"/>
							<String ID="string_200" HPOS="85" VPOS="1428" WIDTH="23" HEIGHT="22" WC="0.95" CONTENT="af"/><SP WIDTH="12" VPOS="1428" HPOS="108"/>
							<String ID="string_201" HPOS="120" VPOS="1428" WIDTH="161" HEIGHT="22" WC="0.96" CONTENT="vederbörande"/><SP WIDTH="15" VPOS="1428" HPOS="281"/>
							<String ID="string_202" HPOS="296" VPOS="1428" WIDTH="57" HEIGHT="22" WC="0.96" CONTENT="befäl"/><SP WIDTH="15" VPOS="1428" HPOS="353"/>
							<String ID="string_203" HPOS="368" VPOS="1430" WIDTH="90" HEIGHT="27" WC="0.96" CONTENT="åläggas"/><SP WIDTH="15" VPOS="1430" HPOS="458"/>
							<String ID="string_204" HPOS="473" VPOS="1430" WIDTH="9" HEIGHT="21" WC="0.92" CONTENT="i"/><SP WIDTH="16" VPOS="1430" HPOS="482"/>
							<String ID="string_205" HPOS="498" VPOS="1430" WIDTH="151" HEIGHT="28" WC="0.90" CONTENT="ordningsmål,"/><SP WIDTH="11" VPOS="1430" HPOS="649"/>
							<String ID="string_206" HPOS="660" VPOS="1430" WIDTH="28" HEIGHT="27" WC="0.97" CONTENT="på"/><SP WIDTH="11" VPOS="1430" HPOS="688"/>
							<String ID="string_207" HPOS="699" VPOS="1432" WIDTH="44" HEIGHT="20" WC="0.92" CONTENT="sätt"/><SP WIDTH="14" VPOS="1432" HPOS="743"/>
							<String ID="string_208" HPOS="757" VPOS="1429" WIDTH="51" HEIGHT="22" WC="0.91" CONTENT="ord-"/>
						</TextLine>
						<TextLine ID="line_35" HPOS="48" VPOS="1462" WIDTH="295" HEIGHT="28">
							<String ID="string_209" HPOS="48" VPOS="1462" WIDTH="154" HEIGHT="28" WC="0.91" CONTENT="ningsstadgan"/><SP WIDTH="16" VPOS="1462" HPOS="202"/>
							<String ID="string_210" HPOS="218" VPOS="1463" WIDTH="125" HEIGHT="22" WC="0.91" CONTENT="innehåller."/>
						</TextLine>
					</TextBlock>
				</ComposedBlock>
			</PrintSpace>
		</Page>
	</Layout>
</alto>
