1048 1686
234 137 13 20 8
387 136 64 21 Ständ.
467 137 29 19 Sv.
515 146 25 5 —
556 136 54 25 Prop.
625 136 31 21 N:o
670 136 24 20 41
709 140 24 15 m.
749 135 18 20 fl.

203 201 123 22 stundande
348 201 171 28 treårsperioden
543 200 96 23 befinnas
662 207 51 15 vara
736 200 25 22 så
778 199 73 27 rikligt
865 198 95 27 försedd,

204 238 33 20 att
259 236 107 28 styrelsen
389 236 35 22 vid
447 238 63 20 nästa
529 236 104 27 landtdag
650 235 41 22 blir
705 235 8 21 i
729 234 83 22 tillfälle
828 234 33 21 att
875 233 32 22 till
923 240 38 15 an-

203 271 108 26 vändning
333 270 33 22 för
385 271 113 27 jernvägs-
521 271 53 22 eller
595 269 189 28 kanalbyggnader
806 268 91 28 uppvisa
912 268 49 22 icke

204 305 125 28 obetydliga
344 305 147 28 besparingar.

575 436 17 24 I

273 478 38 21 Uti
333 477 145 28 underdånigt
501 484 49 15 svar
568 478 8 21 i
591 477 115 27 anledning
721 476 23 23 af
757 476 69 22 Eders
842 475 119 28 Kejserliga

204 512 115 27 Majestäts
335 512 80 27 nådiga
432 513 134 27 proposition
582 518 34 16 n:o
634 513 32 25 17,
682 511 112 27 angående
810 510 114 22 anvisande
941 509 24 22 af

204 546 72 22 medel
291 546 32 21 till
332 546 139 22 bestridande
482 546 22 22 af
510 546 241 27 landtdagskostnader,
762 544 64 22 hafva
834 544 127 26 Ständerna,

205 581 7 22 i
235 581 97 27 enlighet
346 581 49 22 med
410 581 80 27 nådiga
504 581 169 28 propositionen,
689 580 32 21 till
738 579 138 22 bestridande
891 578 23 22 af
927 581 34 18 ut-

206 615 93 28 gifterna
313 615 32 22 för
362 617 55 21 1882
433 615 34 22 års
483 615 103 28 landtdag
602 615 93 27 anslagit
705 621 27 15 en
743 620 82 16 summa
836 613 23 22 af
870 615 93 25 250,000

206 651 68 21 mark.

274 685 59 22 Enär
360 685 115 28 utgifterna
501 685 33 22 för
556 684 70 22 denna
648 683 105 28 landtdag
775 682 98 23 förefalla
895 682 69 22 under

205 719 146 22 innevarande
367 720 24 21 år
407 720 40 21 och
463 719 84 22 således
563 719 48 22 icke
626 719 115 26 rätteligen
757 717 35 22 må
807 717 56 22 föras
872 717 28 27 på
908 717 54 22 bud-

206 756 65 25 geten
294 753 33 23 för
349 753 123 28 påföljande
495 753 152 28 treårsperiod,
670 752 65 22 hafva
755 751 120 23 Ständerna
891 753 73 20 ansett

205 789 108 27 riktigast,
335 790 33 20 att
390 788 33 23 för
437 788 162 28 ifrågavarande
613 787 129 28 utgiftspost
757 786 134 22 omedelbart
905 785 58 22 inne-

205 823 70 22 hålles
290 825 92 24 250,000
398 823 60 21 mark
475 820 22 24 af
511 823 26 21 de
552 823 155 26 behållningar,
723 827 47 16 som
785 821 13 21 å
809 820 106 22 särskilda
926 820 35 21 be-

205 857 172 27 villningsmedel
399 857 117 22 beräknats
538 856 116 22 förefinnas
677 855 36 23 vid
736 856 61 21 detta
821 855 34 21 års
875 854 87 27 utgång.

205 892 72 22 Dessa
291 892 156 27 behållningar,
463 891 58 23 öfver
535 891 72 22 hvilka
622 890 149 28 specifikation
787 888 103 23 nedanför
905 888 60 22 med-

207 927 67 26 delas,
298 928 37 20 äro
358 926 124 22 beräknade
500 927 33 20 att
547 927 78 25 utgöra
640 925 141 21 tillsammans
799 924 120 26 3,162,718:
936 924 28 20 50

207 961 40 22 och
270 961 53 22 böra
346 960 70 27 alltså,
436 960 55 22 efter
505 960 75 27 afdrag
596 959 22 22 af
631 958 141 23 förenämnda
787 959 92 25 250,000
895 957 68 26 mark,

206 995 151 22 utbalanseras
374 995 32 21 till
422 995 24 22 är
463 996 53 20 1883
533 995 48 21 med
597 994 76 22 endast
689 994 121 25 2,912,718:
828 994 33 19 50.

277 1030 44 21 Det
343 1035 52 16 vore
417 1029 65 22 likväl
505 1035 26 16 en
554 1027 179 28 ofullständighet
755 1033 35 15 om
809 1026 108 27 budgeten
931 1025 34 22 för

208 1064 122 22 stundande
346 1063 145 28 treärsperiod
505 1063 49 22 icke
569 1064 95 26 upptoge
679 1062 67 27 nägra
761 1060 204 27 landtdagskostna-

208 1099 44 22 der.
284 1098 98 28 Utgiften
397 1097 34 23 för
445 1099 64 20 nästa
521 1097 111 27 landtdag,
648 1097 24 21 är
689 1098 62 25 1885,
764 1101 37 16 som
817 1094 84 22 infaller
908 1095 57 20 inom

208 1134 67 26 sagda
291 1133 75 27 period
382 1132 41 22 och
438 1138 47 16 som
499 1134 24 19 är
539 1138 25 15 en
580 1131 83 22 normal
678 1130 133 28 utgiftspost,
823 1129 86 21 hvilken
917 1128 49 22 med

207 1167 140 23 bestämdhet
361 1167 44 21 kan
419 1166 101 27 förutses,
537 1166 39 22 bör
591 1166 18 28 ej
626 1165 47 22 från
689 1164 147 27 beräkningen
852 1163 112 26 uteslutas,

208 1208 34 16 om
266 1202 39 22 det
327 1202 41 21 ock
389 1201 44 22 läte
456 1201 33 27 sig
507 1202 53 26 göra
576 1203 33 19 att
623 1200 55 22 först
693 1199 69 22 under
776 1198 76 27 loppet
867 1196 23 23 af
902 1199 65 19 nästa

207 1236 104 28 landtdag
330 1242 34 16 om
379 1236 50 22 dess
444 1235 139 22 bestridande
598 1234 108 22 förordna.
738 1232 122 23 Ständerna
875 1230 92 29 uppföra

209 1270 85 22 derföre
315 1272 32 20 ett
370 1269 170 28 förslagsbelopp
564 1268 23 23 af
608 1270 93 26 250,000
717 1267 61 23 mark
793 1266 33 22 till
841 1266 126 26 landtdags-

207 1306 120 21 kostnader
342 1305 24 21 år
384 1306 61 20 1885.
