<?xml version="1.0" encoding="UTF-8"?>
<alto xmlns="http://www.loc.gov/standards/alto/ns-v3#" xmlns:xlink="http://www.w3.org/1999/xlink" xmlns:xsi="http://www.w3.org/2001/XMLSchema-instance" xsi:schemaLocation="http://www.loc.gov/standards/alto/ns-v3# http://www.loc.gov/alto/v3/alto-3-0.xsd">
	<Description>
		<MeasurementUnit>pixel</MeasurementUnit>
		<sourceImageInformation>
			<fileName>/tmp/tess_232ctm5r_input.PNG</fileName>
		</sourceImageInformation>
		<OCRProcessing ID="OCR_0">
			<ocrProcessingStep>
				<processingSoftware>
					<softwareName>tesseract 5.3.4</softwareName>
				</processingSoftware>
			</ocrProcessingStep>
		</OCRProcessing>
	</Description>
	<Layout>
		<Page WIDTH="1034" HEIGHT="1673" PHYSICAL_IMG_NR="0" ID="page_0">
			<PrintSpace HPOS="0" VPOS="0" WIDTH="1034" HEIGHT="1673">
				<ComposedBlock ID="cblock_0" HPOS="386" VPOS="130" WIDTH="117" HEIGHT="36">
					<TextBlock ID="block_0" HPOS="386" VPOS="130" WIDTH="117" HEIGHT="36">
						<TextLine ID="line_0" HPOS="386" VPOS="130" WIDTH="117" HEIGHT="36">
							<String ID="string_0" HPOS="386" VPOS="131" WIDTH="55" HEIGHT="35" WC="0.96" CONTENT="N:o"/><SP WIDTH="17" VPOS="131" HPOS="441"/>
							<String ID="string_1" HPOS="458" VPOS="130" WIDTH="45" HEIGHT="23" WC="0.65" CONTENT="33."/>
						</TextLine>
					</TextBlock>
				</ComposedBlock>
				<ComposedBlock ID="cblock_1" HPOS="280" VPOS="450" WIDTH="547" HEIGHT="169">
					<TextBlock ID="block_1" HPOS="280" VPOS="450" WIDTH="547" HEIGHT="169">
						<TextLine ID="line_1" HPOS="347" VPOS="450" WIDTH="479" HEIGHT="30">
							<String ID="string_2" HPOS="347" VPOS="451" WIDTH="68" HEIGHT="23" WC="0.93" CONTENT="Hans"/><SP WIDTH="17" VPOS="451" HPOS="415"/>
							<String ID="string_3" HPOS="432" VPOS="451" WIDTH="152" HEIGHT="28" WC="0.90" CONTENT="Kejserliga"/><SP WIDTH="15" VPOS="451" HPOS="584"/>
							<String ID="string_4" HPOS="599" VPOS="451" WIDTH="138" HEIGHT="29" WC="0.91" CONTENT="Majestäts"/><SP WIDTH="11" VPOS="451" HPOS="737"/>
							<String ID="string_5" HPOS="748" VPOS="450" WIDTH="78" HEIGHT="30" WC="0.93" CONTENT="nädiga"/>
						</TextLine>
						<TextLine ID="line_2" HPOS="281" VPOS="485" WIDTH="546" HEIGHT="30">
							<String ID="string_6" HPOS="281" VPOS="486" WIDTH="131" HEIGHT="29" WC="0.96" CONTENT="proposition"/><SP WIDTH="23" VPOS="486" HPOS="412"/>
							<String ID="string_7" HPOS="435" VPOS="485" WIDTH="32" HEIGHT="23" WC="0.96" CONTENT="till"/><SP WIDTH="25" VPOS="485" HPOS="467"/>
							<String ID="string_8" HPOS="492" VPOS="485" WIDTH="101" HEIGHT="24" WC="0.93" CONTENT="Finlands"/><SP WIDTH="20" VPOS="485" HPOS="593"/>
							<String ID="string_9" HPOS="613" VPOS="487" WIDTH="87" HEIGHT="22" WC="0.93" CONTENT="Ständer"/><SP WIDTH="18" VPOS="487" HPOS="700"/>
							<String ID="string_10" HPOS="718" VPOS="485" WIDTH="109" HEIGHT="30" WC="0.93" CONTENT="angäende"/>
						</TextLine>
						<TextLine ID="line_3" HPOS="280" VPOS="520" WIDTH="546" HEIGHT="28">
							<String ID="string_11" HPOS="280" VPOS="521" WIDTH="77" HEIGHT="27" WC="0.96" CONTENT="anslag"/><SP WIDTH="16" VPOS="521" HPOS="357"/>
							<String ID="string_12" HPOS="373" VPOS="520" WIDTH="24" HEIGHT="23" WC="0.93" CONTENT="af"/><SP WIDTH="13" VPOS="520" HPOS="397"/>
							<String ID="string_13" HPOS="410" VPOS="520" WIDTH="195" HEIGHT="28" WC="0.52" CONTENT="beviliningsmedel"/><SP WIDTH="17" VPOS="520" HPOS="605"/>
							<String ID="string_14" HPOS="622" VPOS="521" WIDTH="32" HEIGHT="23" WC="0.92" CONTENT="för"/><SP WIDTH="15" VPOS="521" HPOS="654"/>
							<String ID="string_15" HPOS="669" VPOS="521" WIDTH="157" HEIGHT="23" WC="0.91" CONTENT="folkskolornas"/>
						</TextLine>
						<TextLine ID="line_4" HPOS="280" VPOS="553" WIDTH="546" HEIGHT="31">
							<String ID="string_16" HPOS="280" VPOS="555" WIDTH="7" HEIGHT="23" WC="0.89" CONTENT="i"/><SP WIDTH="16" VPOS="555" HPOS="287"/>
							<String ID="string_17" HPOS="303" VPOS="554" WIDTH="70" HEIGHT="24" WC="0.93" CONTENT="landet"/><SP WIDTH="15" VPOS="554" HPOS="373"/>
							<String ID="string_18" HPOS="388" VPOS="553" WIDTH="109" HEIGHT="25" WC="0.93" CONTENT="underhäll"/><SP WIDTH="16" VPOS="553" HPOS="497"/>
							<String ID="string_19" HPOS="513" VPOS="556" WIDTH="55" HEIGHT="22" WC="0.93" CONTENT="samt"/><SP WIDTH="19" VPOS="556" HPOS="568"/>
							<String ID="string_20" HPOS="587" VPOS="555" WIDTH="149" HEIGHT="29" WC="0.93" CONTENT="pensionering"/><SP WIDTH="15" VPOS="555" HPOS="736"/>
							<String ID="string_21" HPOS="751" VPOS="555" WIDTH="23" HEIGHT="24" WC="0.97" CONTENT="af"/><SP WIDTH="13" VPOS="555" HPOS="774"/>
							<String ID="string_22" HPOS="787" VPOS="555" WIDTH="39" HEIGHT="24" WC="0.96" CONTENT="den"/>
						</TextLine>
						<TextLine ID="line_5" HPOS="280" VPOS="589" WIDTH="504" HEIGHT="30">
							<String ID="string_23" HPOS="280" VPOS="589" WIDTH="34" HEIGHT="23" WC="0.96" CONTENT="vid"/><SP WIDTH="15" VPOS="589" HPOS="314"/>
							<String ID="string_24" HPOS="329" VPOS="589" WIDTH="64" HEIGHT="24" WC="0.93" CONTENT="dessa"/><SP WIDTH="15" VPOS="589" HPOS="393"/>
							<String ID="string_25" HPOS="408" VPOS="589" WIDTH="73" HEIGHT="23" WC="0.93" CONTENT="skolor"/><SP WIDTH="16" VPOS="589" HPOS="481"/>
							<String ID="string_26" HPOS="497" VPOS="589" WIDTH="99" HEIGHT="24" WC="0.89" CONTENT="anstälda"/><SP WIDTH="15" VPOS="589" HPOS="596"/>
							<String ID="string_27" HPOS="611" VPOS="590" WIDTH="173" HEIGHT="29" WC="0.85" CONTENT="lärarepersonal."/>
						</TextLine>
					</TextBlock>
				</ComposedBlock>
				<ComposedBlock ID="cblock_2" HPOS="75" VPOS="665" WIDTH="753" HEIGHT="101">
					<TextBlock ID="block_2" HPOS="75" VPOS="665" WIDTH="753" HEIGHT="101">
						<TextLine ID="line_6" HPOS="147" VPOS="665" WIDTH="681" HEIGHT="33">
							<String ID="string_28" HPOS="147" VPOS="665" WIDTH="73" HEIGHT="27" WC="0.96" CONTENT="Under"/><SP WIDTH="16" VPOS="665" HPOS="220"/>
							<String ID="string_29" HPOS="236" VPOS="671" WIDTH="41" HEIGHT="20" WC="0.96" CONTENT="den"/><SP WIDTH="16" VPOS="671" HPOS="277"/>
							<String ID="string_30" HPOS="293" VPOS="671" WIDTH="38" HEIGHT="26" WC="0.96" CONTENT="tid,"/><SP WIDTH="20" VPOS="671" HPOS="331"/>
							<String ID="string_31" HPOS="351" VPOS="670" WIDTH="33" HEIGHT="21" WC="0.93" CONTENT="för"/><SP WIDTH="19" VPOS="670" HPOS="384"/>
							<String ID="string_32" HPOS="403" VPOS="670" WIDTH="87" HEIGHT="21" WC="0.92" CONTENT="hvilken"/><SP WIDTH="19" VPOS="670" HPOS="490"/>
							<String ID="string_33" HPOS="509" VPOS="671" WIDTH="107" HEIGHT="21" WC="0.92" CONTENT="afslutade"/><SP WIDTH="16" VPOS="671" HPOS="616"/>
							<String ID="string_34" HPOS="632" VPOS="671" WIDTH="146" HEIGHT="27" WC="0.93" CONTENT="räkenskaper"/><SP WIDTH="14" VPOS="671" HPOS="778"/>
							<String ID="string_35" HPOS="792" VPOS="671" WIDTH="36" HEIGHT="21" WC="0.97" CONTENT="vid"/>
						</TextLine>
						<TextLine ID="line_7" HPOS="76" VPOS="705" WIDTH="751" HEIGHT="28">
							<String ID="string_36" HPOS="76" VPOS="705" WIDTH="128" HEIGHT="27" WC="0.91" CONTENT="tidpunkten"/><SP WIDTH="17" VPOS="705" HPOS="204"/>
							<String ID="string_37" HPOS="221" VPOS="705" WIDTH="32" HEIGHT="20" WC="0.93" CONTENT="för"/><SP WIDTH="16" VPOS="705" HPOS="253"/>
							<String ID="string_38" HPOS="269" VPOS="707" WIDTH="86" HEIGHT="19" WC="0.92" CONTENT="senaste"/><SP WIDTH="16" VPOS="707" HPOS="355"/>
							<String ID="string_39" HPOS="371" VPOS="705" WIDTH="104" HEIGHT="27" WC="0.92" CONTENT="landtdag"/><SP WIDTH="20" VPOS="705" HPOS="475"/>
							<String ID="string_40" HPOS="495" VPOS="705" WIDTH="103" HEIGHT="28" WC="0.92" CONTENT="förelägo,"/><SP WIDTH="21" VPOS="705" HPOS="598"/>
							<String ID="string_41" HPOS="619" VPOS="706" WIDTH="52" HEIGHT="21" WC="0.93" CONTENT="eller"/><SP WIDTH="15" VPOS="706" HPOS="671"/>
							<String ID="string_42" HPOS="686" VPOS="706" WIDTH="57" HEIGHT="21" WC="0.93" CONTENT="intill"/><SP WIDTH="16" VPOS="706" HPOS="743"/>
							<String ID="string_43" HPOS="759" VPOS="706" WIDTH="40" HEIGHT="21" WC="0.96" CONTENT="den"/><SP WIDTH="18" VPOS="706" HPOS="799"/>
							<String ID="string_44" HPOS="817" VPOS="707" WIDTH="10" HEIGHT="19" WC="0.96" CONTENT="1"/>
						</TextLine>
						<TextLine ID="line_8" HPOS="75" VPOS="740" WIDTH="752" HEIGHT="26">
							<String ID="string_45" HPOS="75" VPOS="740" WIDTH="91" HEIGHT="22" WC="0.96" CONTENT="Januari"/><SP WIDTH="21" VPOS="740" HPOS="166"/>
							<String ID="string_46" HPOS="187" VPOS="740" WIDTH="60" HEIGHT="26" WC="0.95" CONTENT="1876,"/><SP WIDTH="20" VPOS="740" HPOS="247"/>
							<String ID="string_47" HPOS="267" VPOS="740" WIDTH="55" HEIGHT="20" WC="0.93" CONTENT="hade"/><SP WIDTH="20" VPOS="740" HPOS="322"/>
							<String ID="string_48" HPOS="342" VPOS="740" WIDTH="120" HEIGHT="21" WC="0.93" CONTENT="kostnaden"/><SP WIDTH="16" VPOS="740" HPOS="462"/>
							<String ID="string_49" HPOS="478" VPOS="740" WIDTH="33" HEIGHT="21" WC="0.93" CONTENT="för"/><SP WIDTH="18" VPOS="740" HPOS="511"/>
							<String ID="string_50" HPOS="529" VPOS="740" WIDTH="85" HEIGHT="21" WC="0.92" CONTENT="landets"/><SP WIDTH="15" VPOS="740" HPOS="614"/>
							<String ID="string_51" HPOS="629" VPOS="740" WIDTH="198" HEIGHT="22" WC="0.91" CONTENT="folkskoleväsende"/>
						</TextLine>
					</TextBlock>
				</ComposedBlock>
				<ComposedBlock ID="cblock_3" HPOS="77" VPOS="774" WIDTH="569" HEIGHT="471">
					<TextBlock ID="block_3" HPOS="77" VPOS="774" WIDTH="216" HEIGHT="27">
						<TextLine ID="line_9" HPOS="77" VPOS="774" WIDTH="216" HEIGHT="27">
							<String ID="string_52" HPOS="77" VPOS="775" WIDTH="53" HEIGHT="21" WC="0.92" CONTENT="stält"/><SP WIDTH="16" VPOS="775" HPOS="130"/>
							<String ID="string_53" HPOS="146" VPOS="774" WIDTH="32" HEIGHT="27" WC="0.93" CONTENT="sig"/><SP WIDTH="16" VPOS="774" HPOS="178"/>
							<String ID="string_54" HPOS="194" VPOS="774" WIDTH="99" HEIGHT="21" WC="0.92" CONTENT="sälunda:"/>
						</TextLine>
					</TextBlock>
					<TextBlock ID="block_4" HPOS="78" VPOS="808" WIDTH="565" HEIGHT="62">
						<TextLine ID="line_10" HPOS="148" VPOS="808" WIDTH="495" HEIGHT="28">
							<String ID="string_55" HPOS="148" VPOS="809" WIDTH="42" HEIGHT="21" WC="0.93" CONTENT="Vid"/><SP WIDTH="15" VPOS="809" HPOS="190"/>
							<String ID="string_56" HPOS="205" VPOS="810" WIDTH="110" HEIGHT="26" WC="0.92" CONTENT="utgängen"/><SP WIDTH="16" VPOS="810" HPOS="315"/>
							<String ID="string_57" HPOS="331" VPOS="808" WIDTH="23" HEIGHT="22" WC="0.97" CONTENT="af"/><SP WIDTH="15" VPOS="808" HPOS="354"/>
							<String ID="string_58" HPOS="369" VPOS="809" WIDTH="54" HEIGHT="21" WC="0.93" CONTENT="1870"/><SP WIDTH="16" VPOS="809" HPOS="423"/>
							<String ID="string_59" HPOS="439" VPOS="809" WIDTH="98" HEIGHT="21" WC="0.92" CONTENT="äterstod"/><SP WIDTH="16" VPOS="809" HPOS="537"/>
							<String ID="string_60" HPOS="553" VPOS="808" WIDTH="23" HEIGHT="22" WC="0.93" CONTENT="af"/><SP WIDTH="13" VPOS="808" HPOS="576"/>
							<String ID="string_61" HPOS="589" VPOS="808" WIDTH="54" HEIGHT="22" WC="0.93" CONTENT="folk-"/>
						</TextLine>
						<TextLine ID="line_11" HPOS="78" VPOS="839" WIDTH="385" HEIGHT="36">
							<String ID="string_62" HPOS="78" VPOS="839" WIDTH="275" HEIGHT="36" WC="0.91" CONTENT="skolebevillningsmedlen"/><SP WIDTH="71" VPOS="839" HPOS="353"/>
							<String ID="string_63" HPOS="424" VPOS="859" WIDTH="4" HEIGHT="4" WC="0.55" CONTENT="a"/><SP WIDTH="31" VPOS="859" HPOS="428"/>
							<String ID="string_64" HPOS="459" VPOS="859" WIDTH="4" HEIGHT="5" WC="0.51" CONTENT="x"/>
						</TextLine>
					</TextBlock>
					<TextBlock ID="block_5" HPOS="77" VPOS="859" WIDTH="567" HEIGHT="115">
						<TextLine ID="line_12" HPOS="137" VPOS="859" WIDTH="507" HEIGHT="40">
							<String ID="string_65" HPOS="137" VPOS="879" WIDTH="71" HEIGHT="20" WC="0.96" CONTENT="Under"/><SP WIDTH="16" VPOS="879" HPOS="208"/>
							<String ID="string_66" HPOS="224" VPOS="878" WIDTH="60" HEIGHT="21" WC="0.93" CONTENT="tiden"/><SP WIDTH="16" VPOS="878" HPOS="284"/>
							<String ID="string_67" HPOS="300" VPOS="878" WIDTH="94" HEIGHT="21" WC="0.92" CONTENT="derefter"/><SP WIDTH="18" VPOS="878" HPOS="394"/>
							<String ID="string_68" HPOS="412" VPOS="878" WIDTH="57" HEIGHT="21" WC="0.96" CONTENT="hade"/><SP WIDTH="16" VPOS="878" HPOS="469"/>
							<String ID="string_69" HPOS="485" VPOS="859" WIDTH="22" HEIGHT="40" WC="0.95" CONTENT="af"/><SP WIDTH="15" VPOS="859" HPOS="507"/>
							<String ID="string_70" HPOS="522" VPOS="859" WIDTH="122" HEIGHT="40" WC="0.92" CONTENT="Ständerna"/>
						</TextLine>
						<TextLine ID="line_13" HPOS="78" VPOS="912" WIDTH="566" HEIGHT="28">
							<String ID="string_71" HPOS="78" VPOS="913" WIDTH="33" HEIGHT="21" WC="0.96" CONTENT="för"/><SP WIDTH="15" VPOS="913" HPOS="111"/>
							<String ID="string_72" HPOS="126" VPOS="913" WIDTH="123" HEIGHT="21" WC="0.92" CONTENT="ändamålet"/><SP WIDTH="16" VPOS="913" HPOS="249"/>
							<String ID="string_73" HPOS="265" VPOS="913" WIDTH="95" HEIGHT="20" WC="0.91" CONTENT="anvisats"/><SP WIDTH="16" VPOS="913" HPOS="360"/>
							<String ID="string_74" HPOS="376" VPOS="912" WIDTH="95" HEIGHT="27" WC="0.96" CONTENT="följande"/><SP WIDTH="16" VPOS="912" HPOS="471"/>
							<String ID="string_75" HPOS="487" VPOS="913" WIDTH="84" HEIGHT="27" WC="0.93" CONTENT="belopp,"/><SP WIDTH="15" VPOS="913" HPOS="571"/>
							<String ID="string_76" HPOS="586" VPOS="919" WIDTH="58" HEIGHT="15" WC="0.90" CONTENT="nem-"/>
						</TextLine>
						<TextLine ID="line_14" HPOS="77" VPOS="947" WIDTH="69" HEIGHT="27">
							<String ID="string_77" HPOS="77" VPOS="947" WIDTH="69" HEIGHT="27" WC="0.95" CONTENT="ligen:"/>
						</TextLine>
					</TextBlock>
					<TextBlock ID="block_6" HPOS="79" VPOS="981" WIDTH="566" HEIGHT="56">
						<TextLine ID="line_15" HPOS="150" VPOS="981" WIDTH="495" HEIGHT="22">
							<String ID="string_78" HPOS="150" VPOS="981" WIDTH="32" HEIGHT="22" WC="0.96" CONTENT="för"/><SP WIDTH="26" VPOS="981" HPOS="182"/>
							<String ID="string_79" HPOS="208" VPOS="983" WIDTH="52" HEIGHT="20" WC="0.96" CONTENT="åren"/><SP WIDTH="26" VPOS="983" HPOS="260"/>
							<String ID="string_80" HPOS="286" VPOS="983" WIDTH="52" HEIGHT="20" WC="0.96" CONTENT="1871"/><SP WIDTH="25" VPOS="983" HPOS="338"/>
							<String ID="string_81" HPOS="363" VPOS="981" WIDTH="39" HEIGHT="21" WC="0.96" CONTENT="och"/><SP WIDTH="25" VPOS="981" HPOS="402"/>
							<String ID="string_82" HPOS="427" VPOS="982" WIDTH="54" HEIGHT="20" WC="0.96" CONTENT="1872"/><SP WIDTH="22" VPOS="982" HPOS="481"/>
							<String ID="string_83" HPOS="503" VPOS="981" WIDTH="106" HEIGHT="21" WC="0.93" CONTENT="hvardera"/><SP WIDTH="23" VPOS="981" HPOS="609"/>
							<String ID="string_84" HPOS="632" VPOS="981" WIDTH="13" HEIGHT="21" WC="0.89" CONTENT="å"/>
						</TextLine>
						<TextLine ID="line_16" HPOS="79" VPOS="1017" WIDTH="244" HEIGHT="26">
							<String ID="string_85" HPOS="79" VPOS="1017" WIDTH="91" HEIGHT="26" WC="0.92" CONTENT="250,000"/><SP WIDTH="15" VPOS="1017" HPOS="170"/>
							<String ID="string_86" HPOS="185" VPOS="1017" WIDTH="102" HEIGHT="20" WC="0.51" CONTENT="mark."/><SP WIDTH="31" VPOS="1017" HPOS="287"/>
							<String ID="string_87" HPOS="318" VPOS="1033" WIDTH="5" HEIGHT="4" WC="0.91" CONTENT="."/>
						</TextLine>
					</TextBlock>
					<TextBlock ID="block_7" HPOS="79" VPOS="1028" WIDTH="567" HEIGHT="217">
						<TextLine ID="line_17" HPOS="151" VPOS="1028" WIDTH="494" HEIGHT="53">
							<String ID="string_88" HPOS="151" VPOS="1051" WIDTH="33" HEIGHT="21" WC="0.93" CONTENT="för"/><SP WIDTH="16" VPOS="1051" HPOS="184"/>
							<String ID="string_89" HPOS="200" VPOS="1052" WIDTH="51" HEIGHT="19" WC="0.92" CONTENT="ären"/><SP WIDTH="17" VPOS="1052" HPOS="251"/>
							<String ID="string_90" HPOS="268" VPOS="1051" WIDTH="60" HEIGHT="27" WC="0.96" CONTENT="1873,"/><SP WIDTH="19" VPOS="1051" HPOS="328"/>
							<String ID="string_91" HPOS="347" VPOS="1032" WIDTH="53" HEIGHT="39" WC="0.96" CONTENT="1874"/><SP WIDTH="16" VPOS="1032" HPOS="400"/>
							<String ID="string_92" HPOS="416" VPOS="1031" WIDTH="49" HEIGHT="40" WC="0.92" CONTENT="och"/><SP WIDTH="8" VPOS="1031" HPOS="465"/>
							<String ID="string_93" HPOS="473" VPOS="1032" WIDTH="65" HEIGHT="45" WC="0.96" CONTENT="1875,"/><SP WIDTH="10" VPOS="1032" HPOS="538"/>
							<String ID="string_94" HPOS="548" VPOS="1028" WIDTH="73" HEIGHT="53" WC="0.93" CONTENT="hvarje"/><SP WIDTH="12" VPOS="1028" HPOS="621"/>
							<String ID="string_95" HPOS="633" VPOS="1050" WIDTH="12" HEIGHT="21" WC="0.91" CONTENT="å"/>
						</TextLine>
						<TextLine ID="line_18" HPOS="79" VPOS="1086" WIDTH="315" HEIGHT="26">
							<String ID="string_96" HPOS="79" VPOS="1086" WIDTH="92" HEIGHT="26" WC="0.91" CONTENT="270,000"/><SP WIDTH="15" VPOS="1086" HPOS="171"/>
							<String ID="string_97" HPOS="186" VPOS="1086" WIDTH="61" HEIGHT="20" WC="0.96" CONTENT="mark"/><SP WIDTH="107" VPOS="1086" HPOS="247"/>
							<String ID="string_98" HPOS="354" VPOS="1102" WIDTH="4" HEIGHT="4" WC="0.37" CONTENT="x"/><SP WIDTH="32" VPOS="1102" HPOS="358"/>
							<String ID="string_99" HPOS="390" VPOS="1101" WIDTH="4" HEIGHT="4" WC="0.18" CONTENT="og"/>
						</TextLine>
						<TextLine ID="line_19" HPOS="80" VPOS="1101" WIDTH="564" HEIGHT="40">
							<String ID="string_100" HPOS="80" VPOS="1120" WIDTH="87" HEIGHT="21" WC="0.88" CONTENT="hvartill"/><SP WIDTH="15" VPOS="1120" HPOS="167"/>
							<String ID="string_101" HPOS="182" VPOS="1121" WIDTH="85" HEIGHT="20" WC="0.95" CONTENT="kommo"/><SP WIDTH="16" VPOS="1121" HPOS="267"/>
							<String ID="string_102" HPOS="283" VPOS="1121" WIDTH="26" HEIGHT="20" WC="0.96" CONTENT="de"/><SP WIDTH="18" VPOS="1121" HPOS="309"/>
							<String ID="string_103" HPOS="327" VPOS="1101" WIDTH="115" HEIGHT="40" WC="0.96" CONTENT="betalande"/><SP WIDTH="19" VPOS="1101" HPOS="442"/>
							<String ID="string_104" HPOS="461" VPOS="1101" WIDTH="183" HEIGHT="40" WC="0.0" CONTENT="iiternelevernas"/>
						</TextLine>
						<TextLine ID="line_20" HPOS="82" VPOS="1154" WIDTH="564" HEIGHT="22">
							<String ID="string_105" HPOS="82" VPOS="1155" WIDTH="36" HEIGHT="20" WC="0.93" CONTENT="vid"/><SP WIDTH="15" VPOS="1155" HPOS="118"/>
							<String ID="string_106" HPOS="133" VPOS="1154" WIDTH="176" HEIGHT="22" WC="0.90" CONTENT="folkskollärare-"/><SP WIDTH="16" VPOS="1154" HPOS="309"/>
							<String ID="string_107" HPOS="325" VPOS="1155" WIDTH="39" HEIGHT="21" WC="0.93" CONTENT="och"/><SP WIDTH="15" VPOS="1155" HPOS="364"/>
							<String ID="string_108" HPOS="379" VPOS="1154" WIDTH="267" HEIGHT="21" WC="0.91" CONTENT="lärarinneseminarierna"/>
						</TextLine>
						<TextLine ID="line_21" HPOS="81" VPOS="1188" WIDTH="565" HEIGHT="27">
							<String ID="string_109" HPOS="81" VPOS="1191" WIDTH="56" HEIGHT="19" WC="0.93" CONTENT="samt"/><SP WIDTH="22" VPOS="1191" HPOS="137"/>
							<String ID="string_110" HPOS="159" VPOS="1189" WIDTH="170" HEIGHT="22" WC="0.90" CONTENT="blindanstalten"/><SP WIDTH="19" VPOS="1189" HPOS="329"/>
							<String ID="string_111" HPOS="348" VPOS="1189" WIDTH="7" HEIGHT="21" WC="0.96" CONTENT="i"/><SP WIDTH="19" VPOS="1189" HPOS="355"/>
							<String ID="string_112" HPOS="374" VPOS="1189" WIDTH="83" HEIGHT="26" WC="0.92" CONTENT="Kuopio"/><SP WIDTH="18" VPOS="1189" HPOS="457"/>
							<String ID="string_113" HPOS="475" VPOS="1189" WIDTH="123" HEIGHT="26" WC="0.91" CONTENT="årsafgifter"/><SP WIDTH="16" VPOS="1189" HPOS="598"/>
							<String ID="string_114" HPOS="614" VPOS="1188" WIDTH="32" HEIGHT="21" WC="0.96" CONTENT="för"/>
						</TextLine>
						<TextLine ID="line_22" HPOS="81" VPOS="1224" WIDTH="207" HEIGHT="21">
							<String ID="string_115" HPOS="81" VPOS="1224" WIDTH="52" HEIGHT="21" WC="0.93" CONTENT="åren"/><SP WIDTH="17" VPOS="1224" HPOS="133"/>
							<String ID="string_116" HPOS="150" VPOS="1225" WIDTH="138" HEIGHT="20" WC="0.91" CONTENT="1871—1875"/>
						</TextLine>
					</TextBlock>
				</ComposedBlock>
				<ComposedBlock ID="cblock_4" HPOS="640" VPOS="844" WIDTH="187" HEIGHT="27">
					<TextBlock ID="block_8" HPOS="640" VPOS="844" WIDTH="187" HEIGHT="27">
						<TextLine ID="line_23" HPOS="640" VPOS="844" WIDTH="187" HEIGHT="27">
							<String ID="string_117" HPOS="640" VPOS="860" WIDTH="4" HEIGHT="4" WC="0.76" CONTENT="."/><SP WIDTH="18" VPOS="860" HPOS="644"/>
							<String ID="string_118" HPOS="662" VPOS="844" WIDTH="116" HEIGHT="27" WC="0.85" CONTENT="1,126,136:"/><SP WIDTH="17" VPOS="844" HPOS="778"/>
							<String ID="string_119" HPOS="795" VPOS="844" WIDTH="32" HEIGHT="20" WC="0.96" CONTENT="64."/>
						</TextLine>
					</TextBlock>
				</ComposedBlock>
				<ComposedBlock ID="cblock_5" HPOS="682" VPOS="1017" WIDTH="140" HEIGHT="26">
					<TextBlock ID="block_9" HPOS="682" VPOS="1017" WIDTH="140" HEIGHT="26">
						<TextLine ID="line_24" HPOS="682" VPOS="1017" WIDTH="140" HEIGHT="26">
							<String ID="string_120" HPOS="682" VPOS="1017" WIDTH="97" HEIGHT="26" WC="0.91" CONTENT="500,000:"/><SP WIDTH="16" VPOS="1017" HPOS="779"/>
							<String ID="string_121" HPOS="795" VPOS="1028" WIDTH="27" HEIGHT="3" WC="0.92" CONTENT="—"/>
						</TextLine>
					</TextBlock>
				</ComposedBlock>
				<ComposedBlock ID="cblock_6" HPOS="682" VPOS="1086" WIDTH="139" HEIGHT="26">
					<TextBlock ID="block_10" HPOS="682" VPOS="1086" WIDTH="139" HEIGHT="26">
						<TextLine ID="line_25" HPOS="682" VPOS="1086" WIDTH="139" HEIGHT="26">
							<String ID="string_122" HPOS="682" VPOS="1086" WIDTH="98" HEIGHT="26" WC="0.92" CONTENT="810,000:"/><SP WIDTH="18" VPOS="1086" HPOS="780"/>
							<String ID="string_123" HPOS="798" VPOS="1097" WIDTH="23" HEIGHT="2" WC="0.92" CONTENT="—"/>
						</TextLine>
					</TextBlock>
				</ComposedBlock>
				<ComposedBlock ID="cblock_7" HPOS="698" VPOS="1223" WIDTH="133" HEIGHT="26">
					<TextBlock ID="block_11" HPOS="698" VPOS="1223" WIDTH="133" HEIGHT="26">
						<TextLine ID="line_26" HPOS="698" VPOS="1223" WIDTH="133" HEIGHT="26">
							<String ID="string_124" HPOS="698" VPOS="1223" WIDTH="83" HEIGHT="26" WC="0.91" CONTENT="57,828:"/><SP WIDTH="17" VPOS="1223" HPOS="781"/>
							<String ID="string_125" HPOS="798" VPOS="1223" WIDTH="33" HEIGHT="20" WC="0.96" CONTENT="66."/>
						</TextLine>
					</TextBlock>
				</ComposedBlock>
				<ComposedBlock ID="cblock_8" HPOS="149" VPOS="1239" WIDTH="682" HEIGHT="52">
					<TextBlock ID="block_12" HPOS="149" VPOS="1239" WIDTH="682" HEIGHT="52">
						<TextLine ID="line_27" HPOS="149" VPOS="1239" WIDTH="682" HEIGHT="52">
							<String ID="string_126" HPOS="149" VPOS="1263" WIDTH="86" HEIGHT="22" WC="0.95" CONTENT="Summa"/><SP WIDTH="15" VPOS="1263" HPOS="235"/>
							<String ID="string_127" HPOS="250" VPOS="1264" WIDTH="93" HEIGHT="27" WC="0.96" CONTENT="tillgång"/><SP WIDTH="16" VPOS="1264" HPOS="343"/>
							<String ID="string_128" HPOS="359" VPOS="1264" WIDTH="40" HEIGHT="21" WC="0.96" CONTENT="den"/><SP WIDTH="17" VPOS="1264" HPOS="399"/>
							<String ID="string_129" HPOS="416" VPOS="1265" WIDTH="24" HEIGHT="20" WC="0.95" CONTENT="31"/><SP WIDTH="17" VPOS="1265" HPOS="440"/>
							<String ID="string_130" HPOS="457" VPOS="1239" WIDTH="120" HEIGHT="46" WC="0.72" CONTENT="December"/><SP WIDTH="17" VPOS="1239" HPOS="577"/>
							<String ID="string_131" HPOS="594" VPOS="1264" WIDTH="54" HEIGHT="20" WC="0.93" CONTENT="1875"/><SP WIDTH="16" VPOS="1264" HPOS="648"/>
							<String ID="string_132" HPOS="664" VPOS="1263" WIDTH="117" HEIGHT="27" WC="0.92" CONTENT="2,493,965:"/><SP WIDTH="17" VPOS="1263" HPOS="781"/>
							<String ID="string_133" HPOS="798" VPOS="1263" WIDTH="33" HEIGHT="20" WC="0.96" CONTENT="30."/>
						</TextLine>
					</TextBlock>
				</ComposedBlock>
				<ComposedBlock ID="cblock_9" HPOS="81" VPOS="1332" WIDTH="566" HEIGHT="131">
					<TextBlock ID="block_13" HPOS="81" VPOS="1332" WIDTH="566" HEIGHT="131">
						<TextLine ID="line_28" HPOS="153" VPOS="1332" WIDTH="493" HEIGHT="27">
							<String ID="string_134" HPOS="153" VPOS="1332" WIDTH="197" HEIGHT="22" WC="0.92" CONTENT="Sammanräknade"/><SP WIDTH="20" VPOS="1332" HPOS="350"/>
							<String ID="string_135" HPOS="370" VPOS="1333" WIDTH="89" HEIGHT="26" WC="0.96" CONTENT="utgifter"/><SP WIDTH="20" VPOS="1333" HPOS="459"/>
							<String ID="string_136" HPOS="479" VPOS="1333" WIDTH="33" HEIGHT="20" WC="0.93" CONTENT="för"/><SP WIDTH="19" VPOS="1333" HPOS="512"/>
							<String ID="string_137" HPOS="531" VPOS="1332" WIDTH="115" HEIGHT="21" WC="0.93" CONTENT="folkskole-"/>
						</TextLine>
						<TextLine ID="line_29" HPOS="81" VPOS="1367" WIDTH="566" HEIGHT="21">
							<String ID="string_138" HPOS="81" VPOS="1368" WIDTH="104" HEIGHT="20" WC="0.92" CONTENT="väsendet"/><SP WIDTH="15" VPOS="1368" HPOS="185"/>
							<String ID="string_139" HPOS="200" VPOS="1368" WIDTH="7" HEIGHT="20" WC="0.96" CONTENT="i"/><SP WIDTH="16" VPOS="1368" HPOS="207"/>
							<String ID="string_140" HPOS="223" VPOS="1368" WIDTH="33" HEIGHT="20" WC="0.93" CONTENT="sin"/><SP WIDTH="16" VPOS="1368" HPOS="256"/>
							<String ID="string_141" HPOS="272" VPOS="1368" WIDTH="73" HEIGHT="20" WC="0.92" CONTENT="helhet"/><SP WIDTH="16" VPOS="1368" HPOS="345"/>
							<String ID="string_142" HPOS="361" VPOS="1369" WIDTH="55" HEIGHT="19" WC="0.96" CONTENT="samt"/><SP WIDTH="15" VPOS="1369" HPOS="416"/>
							<String ID="string_143" HPOS="431" VPOS="1367" WIDTH="34" HEIGHT="21" WC="0.93" CONTENT="för"/><SP WIDTH="12" VPOS="1367" HPOS="465"/>
							<String ID="string_144" HPOS="477" VPOS="1367" WIDTH="170" HEIGHT="21" WC="0.90" CONTENT="blindanstalten"/>
						</TextLine>
						<TextLine ID="line_30" HPOS="82" VPOS="1401" WIDTH="565" HEIGHT="28">
							<String ID="string_145" HPOS="82" VPOS="1401" WIDTH="7" HEIGHT="21" WC="0.96" CONTENT="i"/><SP WIDTH="15" VPOS="1401" HPOS="89"/>
							<String ID="string_146" HPOS="104" VPOS="1401" WIDTH="84" HEIGHT="27" WC="0.92" CONTENT="Kuopio"/><SP WIDTH="16" VPOS="1401" HPOS="188"/>
							<String ID="string_147" HPOS="204" VPOS="1402" WIDTH="105" HEIGHT="27" WC="0.91" CONTENT="utgjorde,"/><SP WIDTH="18" VPOS="1402" HPOS="309"/>
							<String ID="string_148" HPOS="327" VPOS="1402" WIDTH="70" HEIGHT="21" WC="0.92" CONTENT="sävidt"/><SP WIDTH="16" VPOS="1402" HPOS="397"/>
							<String ID="string_149" HPOS="413" VPOS="1402" WIDTH="25" HEIGHT="20" WC="0.93" CONTENT="de"/><SP WIDTH="11" VPOS="1402" HPOS="438"/>
							<String ID="string_150" HPOS="449" VPOS="1402" WIDTH="49" HEIGHT="20" WC="0.93" CONTENT="frän"/><SP WIDTH="11" VPOS="1402" HPOS="498"/>
							<String ID="string_151" HPOS="509" VPOS="1401" WIDTH="138" HEIGHT="27" WC="0.92" CONTENT="bevillnings-"/>
						</TextLine>
						<TextLine ID="line_31" HPOS="82" VPOS="1436" WIDTH="530" HEIGHT="27">
							<String ID="string_152" HPOS="82" VPOS="1436" WIDTH="84" HEIGHT="21" WC="0.91" CONTENT="medlen"/><SP WIDTH="16" VPOS="1436" HPOS="166"/>
							<String ID="string_153" HPOS="182" VPOS="1436" WIDTH="137" HEIGHT="27" WC="0.92" CONTENT="bekostades,"/><SP WIDTH="16" VPOS="1436" HPOS="319"/>
							<String ID="string_154" HPOS="335" VPOS="1436" WIDTH="34" HEIGHT="21" WC="0.93" CONTENT="för"/><SP WIDTH="15" VPOS="1436" HPOS="369"/>
							<String ID="string_155" HPOS="384" VPOS="1437" WIDTH="52" HEIGHT="20" WC="0.91" CONTENT="ären"/><SP WIDTH="18" VPOS="1437" HPOS="436"/>
							<String ID="string_156" HPOS="454" VPOS="1436" WIDTH="140" HEIGHT="20" WC="0.91" CONTENT="1871—1875"/><SP WIDTH="15" VPOS="1436" HPOS="594"/>
							<String ID="string_157" HPOS="609" VPOS="1451" WIDTH="3" HEIGHT="5" WC="0.92" CONTENT="."/>
						</TextLine>
					</TextBlock>
				</ComposedBlock>
				<ComposedBlock ID="cblock_10" HPOS="644" VPOS="1436" WIDTH="189" HEIGHT="26">
					<TextBlock ID="block_14" HPOS="644" VPOS="1436" WIDTH="189" HEIGHT="26">
						<TextLine ID="line_32" HPOS="644" VPOS="1436" WIDTH="189" HEIGHT="26">
							<String ID="string_158" HPOS="644" VPOS="1451" WIDTH="5" HEIGHT="5" WC="0.73" CONTENT="."/><SP WIDTH="17" VPOS="1451" HPOS="649"/>
							<String ID="string_159" HPOS="666" VPOS="1436" WIDTH="116" HEIGHT="26" WC="0.69" CONTENT="1,956,368:"/><SP WIDTH="17" VPOS="1436" HPOS="782"/>
							<String ID="string_160" HPOS="799" VPOS="1436" WIDTH="34" HEIGHT="20" WC="0.96" CONTENT="36."/>
						</TextLine>
					</TextBlock>
				</ComposedBlock>
			</PrintSpace>
		</Page>
	</Layout>
</alto>
