1009 1670
307 113 19 20 U.
342 113 20 20 B.
377 124 29 3 —
420 114 54 24 Prop.
489 114 31 20 N:o
534 113 32 21 36.
776 113 13 20 9

58 177 39 22 het
111 183 27 16 en
153 177 139 28 synnerligen
306 177 143 22 försvärande
459 177 161 28 omständighet
629 177 38 23 vid
676 178 93 21 brottets
783 177 36 22 be-

59 211 111 28 dömande,
194 211 46 22 dels
254 217 28 16 en
297 211 156 28 gvalifikation,
476 211 8 22 i
498 211 56 29 följd
576 211 80 23 hvaraf
674 211 144 28 förbrytelsen

58 245 104 28 belägges
177 245 49 22 med
240 245 104 22 särskildt
358 246 68 28 högre
441 252 87 17 ansvar.
558 246 115 22 Utskottet
691 246 40 22 har
746 247 72 21 ansett

60 280 26 22 de
101 279 157 28 förhällanden,
280 286 44 16 som
346 287 43 21 ega
410 286 47 16 rum
472 280 38 22 vid
532 280 82 28 sjönöd,
637 287 55 16 vara
706 279 113 24 enahanda

58 314 50 22 med
122 314 55 28 dem,
196 320 46 16 som
256 314 56 22 räda
326 314 8 22 i
348 314 96 22 fiendens
460 315 84 27 närhet,
568 315 40 21 och
622 314 146 28 förbrytelser,
783 314 36 22 be-

58 349 90 27 gängna
169 348 69 22 under
260 348 64 22 dessa
338 349 192 27 omständigheter,
554 349 85 22 säledes
653 349 9 21 i
676 349 75 27 regeln
765 349 53 21 böra

60 383 49 21 med
123 383 125 22 hvarandra
257 382 114 28 likställas,
387 383 102 22 hvarföre
499 383 115 22 Utskottet
628 383 29 27 pä
667 381 151 28 vederbörliga

58 417 84 27 ställen,
165 417 9 21 i
188 416 26 30 $$
230 418 34 26 32,
280 418 34 26 53,
331 418 33 26 69,
381 418 34 25 93,
432 418 34 25 94,
482 419 34 25 95,
533 419 27 19 98
576 417 40 21 och
638 419 27 19 99
687 417 33 22 uti
742 417 73 21 betän-

61 451 89 27 kandet,
165 450 67 23 infört
247 450 70 22 sädan
330 451 145 27 bestämning.

127 490 41 23 Uti
182 492 33 21 ett
230 491 61 21 antal
306 490 32 30 $$,
354 491 8 21 i
376 491 76 22 hvilka
464 491 69 27 jemte
548 491 90 22 tukthus
654 491 52 22 eller
720 490 97 28 fängelse

59 525 65 28 ingär
139 525 168 28 ordningsstraff
320 526 70 21 säsom
401 525 119 23 alternativ
535 525 105 28 straffart,
655 526 40 21 har
704 525 115 22 Utskottet

60 559 101 22 uteslutit
182 559 272 29 minimibestämningarne
476 560 35 22 för
533 560 99 22 tukthus-
654 560 40 22 och
713 559 106 27 fängelse-

59 593 97 28 straffen,
179 594 90 22 emedan
292 594 62 22 dessa
367 594 88 22 minima
470 594 70 22 skulle
560 594 148 22 ästadkomma
723 594 73 21 luckor
811 593 8 21 i

59 628 71 22 serien
145 627 26 22 af
183 628 130 28 tillämpliga
328 628 262 28 ansvarsbestämningar.
620 628 84 22 Sädant
718 630 25 20 är
758 627 61 22 fallet

59 662 49 22 med
124 661 26 30 $$
166 663 34 26 54,
212 664 34 26 66,
259 664 33 26 74,
304 664 33 25 78,
349 664 41 20 126
407 662 16 28 (i
432 662 91 23 hvilken
534 663 107 21 dessutom
651 661 167 23 förafskedande

59 696 79 22 insatts
152 697 71 21 säsom
238 696 118 23 alternativ
370 696 107 28 straffart)
494 697 40 22 och
550 699 48 20 182.

128 742 12 22 I
155 743 71 27 några
240 742 40 22 fall
294 742 40 22 har
356 743 38 21 det
415 744 62 26 synts
492 743 115 22 Utskottet
621 742 77 28 nödigt
720 743 34 21 att
768 741 52 22 fast-

59 776 66 22 ställa
139 776 72 22 skilda
226 777 255 27 ansvarsbestämningar
495 777 35 22 för
542 777 59 22 olika
610 777 80 27 grader
704 776 24 22 af
740 776 79 22 brotts-

59 810 76 28 lighet,
158 810 76 23 hvilka
248 811 9 21 i
272 811 42 22 den
328 811 82 28 nådiga
431 811 162 27 propositionen
607 810 157 23 sammanförts.
793 809 26 29 $$

60 845 34 27 68,
112 847 26 19 76
155 845 39 21 och
210 847 41 19 110
266 845 9 22 i
289 845 125 22 Utskottets
436 845 83 28 förslag
541 845 67 22 hafva
622 845 29 28 pä
665 845 69 22 sädan
748 843 71 29 grund

60 879 87 22 erhällit
162 885 27 16 en
199 879 146 28 formulering,
360 886 45 15 som
420 879 69 28 nägot
503 879 87 23 afviker
604 879 49 22 frän
668 878 151 23 motsvarande

60 913 27 29 88
102 913 8 22 i
124 913 168 28 propositionen.

128 959 12 22 I
156 959 27 22 de
197 959 144 28 stadganden,
364 966 46 16 som
431 960 79 21 beröra
527 959 165 22 förhållandena
706 959 38 22 vid
758 958 62 23 vakt-

60 993 153 28 tjenstgöring,
228 993 33 22 uti
278 995 26 20 11
314 994 51 27 kap.
381 994 111 22 äfvensom
501 995 35 27 !pä
546 994 108 22 särskilda
664 993 68 22 andra
742 993 78 22 ställen

60 1027 8 22 i
82 1027 66 28 lagen
163 1027 73 28 hafva,
252 1028 49 22 med
315 1028 89 28 ledning
419 1028 25 22 af
458 1029 27 21 de
506 1028 96 22 militära
624 1029 139 26 experternas
777 1028 43 26 ytt-

60 1062 88 27 randen,
165 1063 71 26 nägra
250 1062 283 28 redaktionsförändringar
547 1062 113 28 vidtagits.

128 1096 13 21 I
155 1095 27 30 $$
198 1098 26 20 12
240 1097 40 21 och
304 1098 26 20 14
351 1097 41 21 har
414 1097 166 28 bestämningen
602 1097 92 22 rörande
716 1096 42 21 den
780 1095 39 27 tid,

60 1130 69 22 under
144 1130 89 23 hvilken
247 1137 84 22 person,
350 1137 46 16 som
410 1131 53 22 fälts
478 1131 34 22 till
527 1130 145 28 frihetsstraff,
698 1131 42 27 går
754 1129 66 22 förlu-

60 1164 46 28 stig
120 1164 49 22 sina
183 1164 163 28 löneförmoner,
362 1165 89 22 ändrats
461 1165 50 22 med
521 1165 117 28 anledning
654 1164 63 23 deraf
730 1165 40 26 att,
786 1169 35 16 en-

58 1198 43 27 ligt
115 1198 102 27 gällande
235 1199 183 28 aflöningsstater,
440 1199 130 22 underbefäl
592 1200 40 21 och
648 1199 105 26 manskap
769 1197 50 22 aflö-

61 1238 40 16 nas
116 1231 57 23 efter
188 1232 44 28 dag
246 1233 40 21 och
300 1233 49 22 icke
364 1233 57 22 efter
435 1233 87 22 mänad.

127 1278 13 22 I
154 1277 13 29 &
184 1280 26 20 18
225 1278 41 22 har
280 1278 115 22 Utskottet
408 1278 70 22 under
492 1285 62 15 mom.
574 1279 21 27 0)
611 1280 34 20 4:o
662 1278 68 22 infört
744 1283 28 16 en
786 1278 36 20 art

59 1311 23 22 af
98 1312 169 28 ordningsstraff
278 1312 35 22 för
327 1312 188 28 underofficerare,
535 1318 46 16 som
598 1312 142 22 förekommer
756 1310 9 22 i
779 1310 13 30 &
808 1314 13 18 8

59 1346 25 21 af
98 1346 204 28 ordningsstadgan,
325 1353 48 15 men
388 1346 8 22 i
412 1346 135 28 strafflagen,
570 1347 110 21 sannolikt
696 1346 24 22 af
733 1345 89 22 förbise-

58 1380 60 28 ende,
142 1380 136 22 utelemnats.
308 1381 12 21 I
335 1380 13 29 &
364 1383 26 19 19
412 1381 40 21 har
475 1381 73 22 likaså
571 1388 27 15 en
620 1380 137 27 bestämning
771 1379 51 22 från

57 1414 199 28 ordningsstadgan
274 1414 98 28 intagits,
395 1414 110 28 nemligen
528 1415 48 22 dess
591 1414 13 30 &
620 1417 33 26 66,
675 1414 93 22 rörande
784 1413 37 22 det

125 1453 143 23 Lagutskottets
281 1454 117 18 betänkande
407 1455 37 17 N:o
455 1455 17 17 8.
