1023 1670
293 125 25 23 U.
333 125 24 23 B.
373 137 29 5 —
416 125 66 30 Prop.
497 125 38 23 N:o
551 125 35 23 33.
766 127 25 20 17

62 191 46 22 frän
132 192 70 22 denna
224 191 102 23 befriade.
356 190 105 23 Befrielse
476 191 47 22 frän
539 191 123 28 roteringen
680 197 38 16 var
736 191 86 23 säledes

63 226 29 27 pä
112 233 81 16 samma
212 228 45 21 sätt
277 232 46 16 som
342 225 216 28 rustningsräntorna
576 232 27 16 en
621 226 89 27 förmon,
727 227 41 22 den
784 227 38 22 der

62 261 120 22 rusthällen
196 261 83 28 ätnjöto
293 260 34 23 för
341 260 225 27 rustningsbesvärets
581 260 142 28 fullgörande,
739 261 41 23 och
795 261 27 22 de

64 296 120 22 rusthällen
208 296 123 22 anordnade
354 296 103 21 räntorna
479 301 52 16 voro
554 294 91 23 afsedda
667 297 33 20 att
714 297 109 21 motsvara

64 330 79 22 endast
158 331 37 22 det
208 331 94 22 tillskott
319 330 4 21 i
338 329 101 27 kostnad,
460 335 47 16 som
521 329 87 23 kräfdes
623 329 34 23 för
672 331 151 27 uppställande

65 364 23 22 af
100 364 51 23 fullt
165 365 75 22 rustad
255 366 82 27 ryttare
349 365 70 27 jemte
433 364 51 22 häst
499 365 41 21 och
555 365 135 27 mundering.
715 365 41 22 Vid
765 367 58 20 rust-

64 399 225 28 ningsskyldighetens
304 399 136 27 förvandling
454 399 33 21 till
502 405 28 16 en
539 399 154 22 motsvarande
702 399 60 22 skatt
771 400 53 22 böra

66 432 86 23 derföre
166 433 126 27 rusthällen,
312 433 28 21 dä
355 434 88 21 rotarne
453 433 111 27 samtidigt
573 433 81 22 befrias
665 432 46 24 frän
726 434 98 28 uppstäl-

65 468 65 22 lande
144 468 23 22 af
180 468 71 22 soldat
266 468 41 22 och
322 468 131 27 erläggande
469 467 23 22 af
506 468 198 28 rotevakansafgift,
720 468 103 22 komma
813 463 13 37 i

66 502 127 28 ätnjutande
217 502 22 22 af
260 509 25 15 en
309 504 46 20 mot
379 502 63 22 deras
465 502 232 28 roteringsskyldighet
719 502 105 23 svarande

67 537 145 27 godtgörelse,
235 537 136 27 naturligtvis
396 538 47 20 mot
463 536 135 28 förpligtelse
617 538 34 20 att
665 536 32 23 för
711 537 114 23 framtiden

67 571 65 23 blifva
154 571 33 23 för
208 572 96 27 rotering
324 571 89 22 indelta.
443 571 67 22 Detta
529 572 40 21 har
587 572 102 21 Komit6n
708 572 55 22 dock
777 572 48 22 icke

67 606 108 28 iakttagit,
195 608 53 20 utan
264 606 56 27 (sida
337 606 36 28 10)
389 605 105 23 förklarat
510 608 33 20 att
558 606 91 22 oaktadt
663 606 101 22 Komit6n
780 612 45 16 om-

67 640 84 23 fattade
173 647 26 15 en
222 641 115 27 lindrigare
360 640 109 28 synpunkt
488 641 7 21 i
516 640 103 22 afseende
639 641 12 21 ä
666 641 160 27 rustningsrän-

68 677 75 20 tornas
164 675 105 28 ätergäng
287 675 33 22 till
338 675 89 26 kronan,
449 677 27 19 än
492 675 41 22 den
549 681 47 16 som
611 675 78 28 hyllats
705 675 22 22 af
741 677 32 20 ett
786 682 40 21 par

68 712 142 24 reservanter,
226 710 73 22 hvilka
313 710 80 26 ansägo
409 709 101 28 samtliga
525 710 187 26 rustningsräntor
726 710 53 22 böra
793 710 32 22 in-

69 744 85 28 dragas,
175 744 42 22 den
235 744 67 23 likväl
317 744 185 22 öfverensstämde
517 744 50 22 med
583 744 64 22 desse
662 744 91 22 rörande
768 747 57 19 rust-

69 779 84 22 hällens
169 778 142 24 äterfallande
326 779 69 21 under
411 779 41 21 den
468 779 108 21 allmänna
590 779 129 27 roteringen.
749 779 43 22 Det
802 781 24 19 är

69 814 107 27 nemligen
199 814 58 21 klart
277 815 33 20 att
330 814 8 20 i
353 813 106 22 händelse
475 813 43 22 alla
532 814 186 27 rustningsräntor
733 813 47 23 äter
794 814 33 22 till

70 848 83 21 kronan
171 848 107 27 indragas,
298 847 35 28 pä
347 849 44 20 sätt
410 847 23 22 af
451 847 101 22 bemälde
567 849 136 20 reservanter
717 848 41 21 och
773 847 55 23 efter

71 883 49 21 dem
134 883 8 20 i
157 882 78 28 nädiga
250 882 162 27 propositionen
427 881 98 27 föresläs,
541 881 120 23 rusthällen
672 884 85 26 strängt
767 885 61 25 taget

72 917 61 22 detta
152 917 91 21 oaktadt
262 916 65 22 blifva
345 916 7 21 i
368 915 104 23 afseende
488 916 13 21 å
516 917 257 27 roteringsskyldigheten
787 917 41 22 lik-

71 951 71 22 stälda
156 951 49 22 med
221 950 68 28 öfriga
303 951 107 26 hemman,
427 951 41 21 och
482 952 33 20 att
529 951 72 27 nägon
617 951 142 28 godtgörelse,
773 953 54 20 mot-

70 985 106 22 svarande
191 985 187 23 rotehemmanens
393 985 101 22 befrielse
505 985 48 22 från
563 985 264 28 roteringsskyldigheten,

72 1019 83 23 derföre
171 1020 48 22 icke
235 1020 67 22 borde
317 1020 50 21 dem
381 1019 127 22 tillkomma.
531 1020 36 21 Nu
581 1020 43 21 kan
639 1026 49 15 man
703 1020 125 28 visserligen

72 1055 56 26 med
136 1055 102 22 Komitén
253 1055 72 26 tänka,
342 1056 33 20 att
391 1061 26 15 en
427 1054 95 28 beviljad
532 1054 93 28 lindring
635 1054 46 22 från
693 1055 37 21 det
740 1056 89 26 stränga

69 1089 108 28 juridiska
190 1089 185 27 tillvägagåendet
389 1089 49 22 icke
453 1089 166 27 nödvändigtvis
635 1089 102 22 behöfver
749 1088 79 23 drifvas

72 1124 33 21 till
120 1124 34 21 sin
168 1125 93 26 yttersta
275 1123 144 28 konseqvens,
435 1125 54 20 utan
504 1125 35 20 att
553 1123 38 22 det
605 1123 64 22 beror
683 1124 29 27 på
723 1124 46 26 den,
784 1129 45 16 som

72 1158 111 23 meddelar
195 1158 128 27 lindringen,
342 1160 33 20 att
391 1158 78 22 stadna
483 1158 54 21 hvar
551 1158 80 22 honom
646 1158 98 28 lämpligt
759 1164 70 22 synes,

72 1193 86 22 hvartill
181 1192 99 23 Komitén
303 1193 84 21 kunnat
404 1192 65 22 hafva
488 1193 25 22 så
527 1193 87 27 mycket
629 1194 69 21 större
713 1193 54 26 skäl,
784 1199 46 16 som

72 1227 101 22 Komitén
195 1227 106 22 beräknat
320 1227 234 27 rustningskostnaden
574 1227 135 28 synnerligen
728 1227 48 27 lågt
790 1227 40 22 och

72 1262 126 27 härigenom
219 1262 30 27 på
271 1263 66 21 annat
359 1263 46 20 sätt
425 1261 79 23 beredt
525 1262 158 22 rusthållarene
699 1268 26 16 en
740 1262 90 21 lättnad.

73 1296 50 22 Men
142 1296 28 21 då
187 1296 101 22 Komitén
306 1295 75 27 utgått
399 1295 48 22 från
463 1302 27 16 en
504 1296 82 27 verklig
600 1296 89 27 princip,
706 1302 46 16 som
767 1301 63 22 synes

74 1330 113 22 Utskottet
201 1330 58 22 hvila
273 1330 29 28 på
316 1330 80 28 riktiga
411 1331 100 27 grunder,
528 1330 26 23 så
564 1336 63 17 anser
638 1330 113 22 Utskottet
761 1330 71 22 denna

73 1364 83 28 princip
179 1364 62 22 äfven
263 1365 53 22 böra
338 1364 136 28 konseqvent
496 1364 136 28 genomföras
655 1365 41 22 och
710 1364 65 28 hyser
790 1365 41 22 den

74 1398 163 29 öfvertygelsen,
261 1400 32 21 att
315 1399 124 27 principens
461 1399 152 28 berättigande
634 1399 125 27 härigenom
776 1399 56 22 skall

74 1434 25 20 så
121 1433 86 28 mycket
229 1434 106 27 tydligare
357 1433 98 27 framstå,
479 1434 40 22 och
539 1434 37 22 det
594 1433 62 23 äfven
671 1433 33 23 för
719 1434 113 22 rusthålls-

145 1472 150 19 Statsutskottets
308 1472 117 18 betänkande
437 1473 37 18 N:o
486 1473 16 17 3.
754 1474 11 16 2
