1050 1689
299 141 20 19 U.
336 141 18 20 B.
375 153 22 2 —
415 143 53 24 Prop.
485 143 30 20 N:o
530 144 24 19 41
569 150 24 14 m.
609 145 18 19 fl.
804 147 12 20 3

84 204 158 25 1883—1885,
267 205 78 28 åtföljd
364 205 25 22 af
402 213 27 15 en
443 207 60 22 tablå
523 208 115 23 utvisande
652 210 148 23 statsfondens
814 211 32 22 in-

83 237 95 22 komster
195 240 148 21 1876—1880.
378 241 52 22 Med
445 243 101 21 vördsam
568 244 130 28 hänvisning
720 245 34 22 till
775 247 69 27 sagde

83 271 81 28 kalkyl,
184 272 89 22 hvilken
288 273 89 28 åtföljer
392 275 61 22 detta
468 277 144 28 betänkande,
632 279 110 22 äfvensom
757 281 35 22 till
806 281 38 22 det

82 305 8 21 i
106 306 102 28 kalkylen
222 308 123 27 åberopade
361 310 163 29 statsförslaget
539 312 34 21 för
590 315 60 26 1882,
674 314 84 22 hvilket
775 316 68 21 redan

82 340 94 28 tidigare
191 342 73 22 blifvit
279 343 66 22 bland
360 345 118 22 ständerna
492 347 106 27 utdeladt,
618 347 35 22 får
669 349 114 22 Utskottet
802 351 41 21 här

82 376 90 27 anmäla,
188 376 8 21 i
211 377 76 22 hvilka
302 378 60 22 delar
377 379 120 28 Utskottet,
513 381 37 22 vid
568 383 113 27 kalkylens
696 380 143 37 granskning,

82 409 71 23 funnit
168 411 124 22 densamma
307 413 54 21 böra
376 414 98 28 undergå
490 416 100 28 ändring.

357 495 26 21 A.
410 495 153 24 Inkomsterna.

148 542 151 24 Statsfondens
315 546 64 21 andel
392 546 8 22 i
415 547 147 23 inkomsterna
576 549 50 22 från
638 550 146 29 jernvägarne
798 552 42 22 har

78 578 62 25 synts
154 584 55 16 vara
230 578 34 22 för
278 580 49 27 lågt
341 580 118 28 beräknad,
483 582 29 22 då
533 583 42 22 den
596 585 113 27 upptagits
731 586 56 22 blott
804 587 34 21 till

78 612 92 27 400,000
185 614 68 21 mark.
274 614 44 22 Det
333 617 25 19 är
372 618 56 26 sant,
445 618 33 20 att
494 624 26 15 en
530 619 191 29 medelberäkning
735 621 35 22 för
780 623 56 20 1876

78 648 84 20 —1880
178 648 68 22 skulle
261 649 48 21 visa
324 656 27 15 en
366 653 58 19 ännu
438 652 61 28 lägre
514 652 60 22 siffra
589 654 73 27 (äfven
677 662 34 15 om
722 656 115 22 beräknin-

76 687 43 21 gen
134 682 94 27 grundas
242 684 31 26 på
287 684 84 28 riktiga
386 685 71 23 siffror
466 686 8 22 i
484 688 74 21 stället
568 688 34 22 för
612 689 26 21 de
650 690 67 22 delvis
728 690 108 29 felaktiga

76 715 77 28 belopp
168 716 74 22 hvilka
257 720 37 19 äro
310 718 8 22 i
332 718 142 24 förenämnda
488 722 62 22 tablå
564 725 127 26 upptagna).
713 725 52 21 Men
777 726 59 27 jern-

75 750 202 27 vägsinkomsterna
291 753 68 22 hafva
374 755 119 27 undergått
508 763 26 15 en
544 758 107 22 successiv
660 759 105 28 stegring.
790 760 45 22 Det

74 786 26 20 är
115 785 73 22 derför
202 786 47 22 icke
265 788 111 28 antagligt
390 791 34 19 att
434 790 125 23 medeltalet
569 792 33 22 för
613 794 140 22 1883—1885
764 795 70 21 skulle

74 819 64 21 ställa
160 820 34 28 sig
208 821 61 27 lägre
289 824 28 19 än
331 822 35 22 för
382 825 150 22 1879—1881.
561 815 154 43 Helsingfors
729 815 103 43 Tavaste-

72 854 102 22 hus—S:t
188 855 133 29 Petersburg
333 857 95 29 jernväg
442 859 41 21 har
497 860 102 23 afkastat
613 864 61 20 netto

244 908 27 21 år
286 910 70 20 1879.
387 927 4 4 .
423 928 4 4 .
459 928 5 4 .
496 914 119 26 1,700,119:
632 916 26 19 37

252 960 10 10 »
285 945 69 21 1880.
386 962 4 4 .
422 962 4 5 .
458 963 4 5 .
493 949 121 26 2,209,383;
630 951 27 19 22

252 994 10 10 »
285 980 69 20 1881.
386 996 4 4 .
422 996 4 5 .
458 997 4 5 .
494 983 120 26 2.125,146:
631 985 26 19 55

377 1020 87 22 Summa
494 1024 120 26 —6,034,649:
632 1026 32 25 14,

68 1066 84 23 således
176 1068 8 21 i
205 1070 101 22 medeltal
331 1078 39 20 per
395 1072 26 22 år
440 1074 68 21 under
534 1074 70 22 denna
628 1076 32 21 tid
681 1076 8 22 i
712 1077 65 22 rundt
796 1078 33 21 tal

68 1102 113 27 2,000,000
189 1104 67 22 mark.
281 1107 26 19 35
316 1107 27 26 9/,
358 1106 70 28 häraf,
444 1114 45 15 som
498 1108 88 23 tillfalla
600 1110 141 29 statsfonden,
758 1112 70 22 skulle

67 1135 65 22 alltså
147 1139 54 25 göra
217 1140 91 26 700,000
323 1142 69 20 mark.
417 1142 35 22 Då
462 1142 68 23 likväl
544 1144 212 30 Hangö—Hyvinge
769 1146 59 28 jern-

66 1171 44 25 väg
125 1172 57 21 ännu
197 1173 41 27 går
252 1174 49 21 med
323 1175 79 28 deficit,
426 1176 84 23 hvilket
529 1178 33 22 för
582 1180 112 22 säkerhets
713 1181 57 21 skull
789 1182 37 20 må

65 1204 125 28 kalkyleras
204 1208 24 20 så
244 1208 54 28 högt
313 1215 45 16 som
372 1210 34 22 till
422 1213 92 26 100,000
523 1214 61 21 mark
600 1214 89 28 årligen,
709 1222 63 15 anser
787 1216 40 21 Ut-

64 1239 84 22 skottet
166 1240 96 29 600,000
278 1244 65 21 mark
358 1250 55 16 vara
430 1246 37 21 det
482 1247 84 28 belopp,
586 1254 44 16 som
644 1249 8 21 i
667 1245 159 37 budgetberäk-

64 1273 80 28 ningen
162 1275 34 21 för
209 1278 110 21 närmaste
333 1279 76 26 period
430 1280 66 23 borde
515 1284 109 26 upptagas
638 1284 70 21 säsom
723 1284 103 22 statsfon-

64 1308 52 22 dens
144 1309 100 23 behällna
270 1312 64 22 andel
355 1313 8 21 i
384 1314 123 23 inkomsten
528 1316 50 22 från
597 1318 152 28 jernvägarne,
772 1319 54 21 eller

62 1344 104 25 200,000
181 1346 58 21 mark
253 1354 44 14 mer
313 1349 29 20 än
357 1348 232 29 Finansexpeditionen
604 1353 105 21 beräknat.

130 1378 142 24 Handlandes
287 1382 29 26 pä
325 1382 76 22 landet
417 1384 92 28 afgifter
519 1388 37 19 äro
566 1388 112 26 upptagna
685 1387 35 21 till
729 1389 94 25 200,000

60 1411 63 21 mark
139 1413 31 26 (se
186 1415 54 20 1882
256 1416 37 20 års
308 1417 156 29 statsförslag).
494 1419 78 22 Denna
594 1421 60 21 skatt
673 1422 40 21 har
727 1421 97 22 emeller-

60 1445 33 21 tid
109 1446 69 22 under
193 1448 52 22 åren
261 1451 143 22 1878—1880
419 1452 90 28 inbragt
523 1454 8 21 i
541 1454 101 22 medeltal
652 1457 92 26 254,000
759 1457 63 21 mark

130 1486 150 20 Statsutskottets
293 1490 119 19 betänkande
420 1493 36 17 N:o
469 1494 27 16 14.
