1017 1673
249 138 12 20 2
454 137 22 23 U.
493 137 21 23 B.
531 149 31 5 —
577 137 62 30 Prop.
655 138 35 21 N:o
706 137 38 22 34.

219 193 22 23 af
265 194 64 27 vigtig
344 194 145 22 beskaffenhet
504 195 110 27 påpekats.
645 195 49 21 Men
711 196 26 19 än
753 200 57 15 mera
826 193 101 28 enhälligt
942 195 34 19 ut-

218 228 45 22 tala
287 228 31 27 sig
342 229 233 27 stadsmyndigheterne
601 229 39 21 och
664 229 161 21 Guvernörerne
848 228 78 22 derom,
942 229 33 20 att

218 262 121 28 grunderna
354 262 32 22 för
401 263 292 27 kommunalbeskattningen,
710 262 65 27 enligt
789 262 134 21 oftanämnda
933 262 42 21 för-

218 296 99 27 ordnings
342 297 138 26 stadganden,
497 299 37 20 äro
550 297 54 22 bäde
620 297 113 22 sväfvande
749 297 39 20 och
804 296 92 27 obilliga,
911 296 63 21 hvar-

216 331 45 21 före
277 337 26 15 en
319 331 129 22 omfattande
462 331 91 22 revision
569 331 22 22 af
603 331 150 26 förordningen
767 331 7 21 i
789 331 75 21 sädant
879 330 53 28 syfte
942 330 31 21 uti

217 365 26 22 de
258 365 61 22 flesta
333 365 124 22 uttalanden
472 366 92 21 föresläs.

286 399 188 28 Hufvudsakligast
488 400 33 21 för
536 402 32 19 att
583 400 92 27 afhjelpa
690 399 141 28 nyssnämnda
845 399 128 22 missförhäl-

215 434 64 21 lande
304 434 38 21 har
367 434 40 21 den
423 441 27 14 nu
466 435 32 20 till
513 434 128 27 behandling
656 434 144 27 föreliggande
815 433 157 28 propositionen

215 468 40 21 N:o
273 469 32 26 34,
321 468 68 21 blifvit
403 468 119 26 utarbetad,
539 471 21 25 ty
576 469 23 20 af
612 469 25 21 de
653 468 30 21 tio
699 468 30 27 $$,
745 474 45 15 som
805 468 30 21 uti
846 468 68 21 denna
924 474 48 21 pro-

216 502 90 27 position
328 502 87 22 föresläs
438 503 32 21 till
485 503 129 26 förändring,
630 503 54 26 angä
700 502 41 21 fem
757 502 69 21 direkt
841 502 131 21 kommunal-

214 536 169 28 beskattningen,
410 539 82 24 tvenne,
519 537 23 28 $$
558 538 12 21 9
586 537 40 22 och
643 538 32 25 16,
693 537 32 21 stä
741 536 6 21 i
763 537 22 21 sä
801 539 52 19 nära
868 543 104 15 samman-

213 571 58 26 hang
293 571 47 21 med
365 571 25 22 de
406 571 129 22 sistnämnde
550 571 48 27 fem,
607 573 32 20 att
654 578 25 15 en
695 571 89 26 ändring
799 570 23 22 af
835 571 59 21 dessa
910 570 60 21 äfven

213 605 160 27 nödvändiggör
395 612 25 15 en
444 606 172 27 omformulering
638 606 23 21 af
681 605 140 28 nyssberörda
845 607 76 19 tvenne
937 604 32 28 $$,

213 641 56 19 samt
284 639 26 28 $$
326 640 19 26 3,
361 641 27 20 24
404 640 39 21 och
459 641 23 21 81
501 640 43 21 afse
560 642 31 19 att
607 640 92 27 afhjelpa
715 639 72 27 andra,
803 645 44 15 mer
858 639 50 22 eller
919 639 51 21 min-

213 673 37 21 dre
266 673 76 28 tydligt
357 674 70 21 kända
443 674 141 26 olägenheter.

282 708 33 21 Då
330 708 104 21 utskottet
449 709 76 21 skridit
540 709 31 21 till
587 708 129 28 granskning
727 708 21 21 af
757 708 68 21 denna
835 707 76 27 nådiga
922 714 48 21 pro-

211 742 92 27 position
326 742 39 21 har
386 743 104 21 utskottet
503 742 77 28 jemväl
596 742 45 22 haft
656 742 89 27 tillgång
760 742 31 22 till
807 742 38 22 och
861 742 63 21 fästat
940 742 29 21 af-

211 776 78 21 seende
305 776 33 21 vid
355 777 25 21 de
395 776 85 22 sakrika
495 777 120 27 yttranden,
639 784 45 14 som
700 776 34 22 vid
749 776 84 27 frägans
848 776 72 22 remiss
936 776 32 21 till

210 810 83 21 utskott
311 810 134 22 förekommit
460 811 38 21 hos
514 811 82 21 Preste-
612 811 38 21 och
667 810 190 27 Borgareständen.

280 845 47 21 Den
342 845 76 26 nädiga
434 845 159 28 propositionen
609 845 44 27 har,
671 845 6 22 i
694 845 215 21 öfverensstämmelse
920 845 48 21 med

209 878 56 22 hvad
290 879 164 22 skattekomiten
481 879 113 28 föreslagit,
611 880 31 21 till
658 879 69 28 grund
742 879 33 21 för
789 879 179 21 kommunaltaxe-

209 912 75 27 ringen
299 913 44 26 lagt
354 913 39 22 den
405 913 105 22 allmänna
521 913 253 28 bevillningstaxeringen.
805 913 42 21 Det
857 913 39 21 har
906 912 61 22 äfven

208 949 59 25 synts
292 947 104 21 utskottet
422 948 120 25 önskvärdt,
560 950 31 19 att
607 955 25 14 en
648 947 145 22 kombination
810 947 22 21 af
845 947 122 27 taxeringen

207 980 34 21 för
259 981 259 28 kommunalbeskattning
534 983 38 21 och
588 982 32 21 för
635 982 114 27 bevillning
765 981 31 22 till
812 983 68 20 staten
895 981 71 22 kunde

207 1015 160 27 ävägabringas,
379 1018 51 19 enär
446 1017 120 26 derigenom
583 1017 25 20 de
624 1017 84 26 mycket
723 1015 148 27 öfverklagade
887 1015 79 22 dubbla

206 1049 147 27 taxeringarna
377 1056 76 21 genom
470 1050 56 21 olika
542 1050 253 28 taxeringsmyndigheter
811 1049 68 22 skulle
893 1049 73 21 undvi-

205 1083 40 22 kas
268 1084 38 21 och
330 1090 25 15 en
376 1084 96 27 jemnare
496 1085 37 21 och
556 1085 112 21 rättvisare
691 1083 136 27 beskattning
849 1083 23 22 af
885 1090 79 15 samma

205 1117 146 28 skatteobjekt
376 1118 139 28 tilläfventyrs
540 1119 70 21 kunde
626 1119 68 24 ernäs,
711 1125 48 14 men
775 1118 35 21 det
825 1118 38 21 har
879 1124 85 15 snarare

205 1153 60 26 synts
287 1152 105 21 utskottet
416 1152 79 27 riktigt,
512 1155 30 19 att
558 1152 248 27 bevillningstaxeringen
822 1151 67 22 skulle
904 1152 60 21 base-

203 1192 35 15 ras
254 1187 28 26 pä
297 1186 40 21 den
354 1186 32 21 för
401 1187 93 26 fyllande
509 1187 22 21 af
545 1187 25 21 de
586 1187 137 21 kommunala
737 1186 103 22 hehofven
854 1185 110 28 företagna

203 1220 181 27 uppskattningen
401 1220 22 21 af
437 1221 39 21 den
492 1221 164 27 skattskyldiges
671 1221 100 26 inkomst,
787 1223 26 18 än
829 1222 96 19 tvärtom.

270 1255 32 20 De
324 1254 7 21 i
354 1255 100 21 städerna
470 1255 124 22 uttaxerade
610 1255 102 27 bidragen
728 1255 33 21 för
776 1254 134 22 kommunala
926 1256 37 19 än-

202 1288 70 22 damäl
295 1289 72 20 kunna
388 1295 62 15 anses
473 1289 63 22 hafva
557 1289 129 22 karakteren
711 1289 22 22 af
753 1295 26 16 en
799 1288 84 27 ständig
897 1288 64 26 skatt,

200 1321 111 23 hvaremot
336 1323 141 26 bevillningen
500 1323 31 21 till
548 1323 128 22 statsverket
693 1325 24 19 är
733 1323 22 21 af
768 1325 108 24 temporär
892 1324 68 19 natur.

200 1355 127 23 Grunderna
348 1357 33 21 för
403 1358 117 26 utgörande
544 1357 22 22 af
584 1357 116 27 bevillning
722 1357 32 21 till
770 1359 69 19 staten
855 1357 71 21 kunna
942 1357 17 27 ej

198 1390 69 22 heller
282 1391 105 27 tillämpas
402 1392 34 20 vid
453 1392 247 26 kommunaltaxeringen
717 1391 6 21 i
739 1392 105 25 städerna,
861 1392 23 20 sä
898 1390 62 28 länge

197 1424 227 28 fastighetsbevillning
446 1426 46 21 icke
514 1425 66 22 finnes
603 1426 7 20 i
635 1426 74 21 landet
732 1425 74 21 införd.
847 1425 112 21 Dessutom

197 1464 63 22 synes
283 1459 110 21 städernas
416 1459 237 27 sjelfbeskattningsrätt
675 1466 77 20 genom
776 1459 35 21 det
836 1458 118 28 föreslagna

268 1500 138 16 Sammansatta
420 1499 51 23 Lag-
483 1500 32 17 och
528 1499 193 18 Ekonommiutskottets
735 1498 116 18 betänkande
864 1503 31 13 n:o
908 1498 18 17 6.
