1025 1670
231 127 24 19 16
434 125 24 22 U.
474 125 24 22 B.
515 137 28 4 —
558 125 66 29 Prop.
640 125 37 23 N:o
694 124 34 24 33.

198 190 34 22 De
254 190 133 23 medelstora
408 186 121 27 rusthällen
549 191 120 23 behandlas
692 191 23 21 af
735 191 101 22 Komiten
856 191 49 22 med
920 191 40 22 bil-

198 225 70 27 lighet
283 225 40 21 och
338 225 8 21 i
361 226 73 27 hvarje
450 226 105 22 händelse
570 226 116 28 lindrigare
702 228 27 20 än
746 226 66 27 enligt
822 226 79 27 nädiga
911 232 49 21 pro-

198 260 131 26 positionen,
354 261 89 21 emedan
466 261 127 22 medeltalet
613 261 23 21 af
649 261 187 27 rustningsräntor
850 263 25 19 är
890 262 70 21 större

199 296 28 19 än
251 294 41 22 den
315 294 67 28 skatt,
402 301 47 16 som
468 295 103 22 Komiten
591 295 91 23 föreslår
702 295 74 22 såsom
792 295 121 27 egvivalent
927 295 34 22 för

199 328 156 28 rusttjenstens
377 330 120 26 utgörande
520 330 22 21 in
565 332 84 20 natura.
683 330 33 22 De
738 330 80 21 minsta
840 330 119 22 rusthällen

200 363 127 28 tillgodoser
348 364 102 22 Komit6n
474 364 131 28 derigenom,
629 367 32 19 att
685 365 41 21 den
749 371 42 21 nya
810 364 87 22 skatten
912 364 48 22 icke

199 397 57 28 finge
272 398 117 27 öfverstiga
403 400 103 27 beloppet
521 399 24 22 af
558 399 27 22 de
595 400 193 25 rustningsräntor,
800 405 46 16 som
856 399 104 22 tilldelats

200 434 33 19 ett
246 432 99 27 rusthäll,
366 433 137 27 hvarigenom
524 433 86 22 säledes
626 433 33 22 för
675 433 65 22 dessa
756 433 91 22 rusthäll
863 433 42 22 den
920 439 41 22 nya

201 467 101 22 skattens
324 468 130 27 erläggande
476 469 7 20 i
506 468 74 27 hvarje
603 467 37 22 fall
659 468 43 21 blir
718 467 98 28 billigare
835 470 26 19 än
877 470 83 25 preste-

200 502 79 21 randet
294 501 22 22 af
330 503 121 27 rusttjenst.

270 536 48 22 Den
337 538 83 21 största
440 537 177 27 betänkligheten
638 539 46 19 mot
703 536 162 28 ifrågavarande
881 536 80 28 förslag

200 572 25 20 är
245 570 158 28 otvifvelaktigt
422 572 42 22 den
484 574 39 25 att,
543 572 29 27 pä
591 574 46 19 sätt
656 570 63 23 äfven
738 571 163 27 propositionen
924 578 37 15 an-

200 605 93 27 märker,
311 605 67 27 enligt
394 606 118 22 detsamma
527 606 95 22 flertalet
637 606 24 22 af
673 606 94 21 rusthäll
782 606 85 21 komme
881 607 33 20 att
929 606 32 22 för

201 639 27 22 all
253 639 88 22 framtid
363 640 95 22 frikallas
482 641 102 27 antingen
603 640 47 22 helt
665 640 41 22 och
722 640 67 22 hället
805 640 52 22 eller
872 641 41 21 ock
929 640 32 22 till

201 675 71 21 större
288 674 53 22 eller
356 675 82 22 mindre
454 676 34 21 del
503 675 48 22 frän
561 675 122 28 utgörande
695 674 23 22 af
726 676 48 21 dem
785 675 33 21 vid
828 675 47 27 laga
891 675 70 21 skatt-

199 708 104 28 läggning
322 709 76 27 päförd
418 710 139 28 grundränta.
587 710 68 22 Detta
673 712 25 19 är
714 710 125 27 visserligen
855 716 26 16 en
897 710 64 27 prak-

200 743 45 22 tisk
260 744 123 26 olägenhet,
404 744 125 28 isynnerhet
549 744 33 22 tiil
598 751 25 15 en
640 744 82 28 början,
738 744 65 22 innan
818 744 143 22 förhällandet

201 778 134 27 smäningom
350 778 77 22 hunnit
442 779 78 27 stadga
535 779 39 27 sig.
605 779 50 22 Men
671 779 42 22 den
729 781 25 19 är
767 778 56 22 dock
832 779 49 21 icke
891 780 70 20 större

200 814 27 20 än
243 812 58 22 hvad
316 819 28 15 nu
361 815 25 19 är
400 813 60 22 fallet
475 814 50 22 med
541 815 32 20 ett
587 814 107 27 betydligt
706 813 57 22 antal
774 813 23 21 af
806 813 85 22 landets
903 813 59 27 jord-

199 846 134 27 lägenheter,
358 849 33 20 att
413 848 106 27 nemligen
543 854 25 15 en
590 847 35 22 del
645 847 23 22 af
686 848 64 21 deras
765 849 63 20 ränta
843 849 24 20 är
882 847 33 22 för
930 848 33 21 ett

200 880 54 23 eller
274 883 66 20 annat
360 881 99 22 ändamål
478 882 137 27 disponerad,
633 889 28 15 en
680 888 71 15 annan
767 882 35 21 del
818 882 47 21 åter
879 882 83 21 kronan

199 915 108 22 behällen.
337 915 11 22 I
364 916 37 21 det
417 923 40 15 ena
472 923 47 15 som
534 917 7 21 i
558 917 37 21 det
611 917 66 21 andra
693 916 61 22 fallet
769 916 107 22 erfordras
888 923 26 14 en
925 922 37 15 an-

200 951 104 26 teckning
319 951 7 21 i
339 951 178 27 jordeböckerna.
547 951 46 22 Och
609 958 34 15 om
659 951 63 22 äfven
738 951 144 28 olägenheten
892 950 70 23 blefve

200 986 71 21 större
291 987 28 19 än
339 985 43 22 den
397 986 7 20 i
420 986 76 27 sjelfva
509 986 77 22 verket
601 986 43 22 kan
660 988 92 25 antagas
768 986 70 26 blifva,
855 986 25 21 sä
895 985 68 22 borde

201 1018 42 22 den
264 1019 56 22 dock
339 1022 57 25 väga
411 1019 51 28 föga
475 1022 46 20 mot
535 1020 99 22 fördelen
649 1022 33 20 att
697 1020 23 22 fä
736 1022 30 20 ett
782 1020 123 22 inveckladt
920 1018 43 23 för-

200 1053 102 23 hällande
318 1054 107 22 definitivt
438 1055 93 21 ordnadt
545 1056 29 26 pä
588 1056 62 26 redig
664 1055 39 22 fot.

270 1088 47 22 Den
334 1088 82 28 jemväl
437 1090 6 21 i
463 1089 78 27 nädiga
559 1090 163 27 propositionen
738 1089 127 21 framhällna
880 1088 83 27 svärig-

200 1122 67 22 heten
283 1124 33 20 att
331 1123 49 21 med
396 1123 58 22 helst
469 1124 134 27 nägorlunda
619 1124 84 22 visshet
719 1124 119 27 uppskatta
848 1124 42 21 den
900 1122 63 22 verk-

199 1156 44 28 liga
258 1157 122 22 kostnaden
396 1157 33 23 för
444 1158 274 28 rustningsskyldighetens
735 1158 120 27 utgörande
865 1158 40 22 bör
915 1158 48 21 icke

200 1191 47 22 helt
263 1192 41 21 och
318 1191 69 23 hållet
402 1192 97 22 förbises.
530 1193 63 21 Dock
613 1199 64 15 anser
696 1192 116 22 Utskottet
828 1194 33 20 att
876 1192 87 22 Skatte-

201 1225 99 22 komit6n
321 1226 48 22 haft
391 1226 90 28 tillgång
502 1227 33 22 till
558 1228 25 21 sä
598 1227 136 27 tillförlitliga
747 1226 71 22 källor
834 1227 7 21 i
857 1227 61 21 detta
933 1226 30 22 af-

201 1260 88 27 seende,
313 1262 33 20 att
369 1262 33 21 ett
422 1261 8 21 i
448 1261 123 22 hufvudsak
589 1262 77 27 riktigt
685 1261 95 22 resultat
795 1261 23 22 af
832 1261 48 22 dem
895 1260 68 22 borde

199 1294 75 23 kunna
289 1295 85 27 dragas.
406 1296 44 21 Det
464 1299 24 18 är
503 1297 66 21 likväl
583 1297 8 21 i
606 1297 71 21 denna
693 1296 36 22 del
744 1296 114 22 Utskottet
872 1295 41 22 har
923 1295 42 22 den

200 1329 118 28 vigtigaste
341 1330 142 28 anmärkning
505 1333 33 20 att
561 1332 53 26 göra
635 1332 47 21 mot
696 1331 114 22 Komitens
826 1330 87 27 förslag,
929 1330 36 21 väl

199 1363 49 22 icke
267 1364 8 21 i
294 1363 60 28 fräga
374 1370 35 16 om
429 1365 104 27 källorna,
553 1372 49 15 men
622 1365 94 22 rörande
735 1365 39 22 det
788 1365 177 27 beräkningssätt

199 1397 104 22 Komitén
321 1399 101 22 användt.
452 1400 102 22 Komiten
574 1402 64 25 säger
652 1400 60 27 (sida
728 1400 29 27 3),
774 1401 33 20 att
822 1399 6 22 i
844 1399 121 27 rustnings-

200 1432 152 28 skyldigheten
374 1433 115 28 inbegreps
512 1435 131 27 roteringen,
666 1435 26 21 sä
710 1436 34 20 att
759 1434 120 22 rusthällen
893 1433 71 22 blefvo

271 1472 153 18 Statsutskottets
437 1473 116 19 betänkande
566 1474 36 18 N:o
614 1474 17 17 3.
