1014 1670
275 116 82 23 Ständ.
373 117 38 23 Sv.
426 128 27 4 —
468 116 72 28 Prop.
556 116 41 23 N:o
612 115 36 24 34,
792 115 13 21 5

80 180 39 21 och
141 179 139 29 inrättningar
302 179 120 28 skyldighet
444 181 32 20 att
494 179 87 28 bidraga
598 178 33 23 till
646 179 139 21 kommunens
800 184 33 21 ge-

80 221 130 14 mensamma
225 213 93 29 utgifter.

148 248 143 21 Erkännande
306 247 128 29 riktigheten
450 247 60 22 deraf
523 249 32 20 att
570 247 86 25 enhvar,
671 254 45 15 som
731 251 22 17 är
768 246 8 21 i
787 245 46 22 stad

79 282 68 22 bosatt
169 283 38 21 bör
228 282 85 29 bidraga
335 282 32 22 till
390 282 93 28 fyllande
498 281 23 22 af
534 282 132 21 densammes
685 281 68 26 behof,
769 280 63 22 hafva

79 316 120 22 Ständerna
220 317 52 21 dock
288 317 47 20 icke
350 318 51 20 trott
422 316 160 28 ifrågavarande
604 315 126 28 tjenstemän
745 315 39 22 och
799 315 33 21 be-

79 350 72 28 tjente,
167 351 73 21 hvilka
260 350 98 29 vanligen
374 350 73 22 endast
461 350 33 22 för
509 358 25 14 en
550 350 84 22 kortare
648 349 31 22 tid
695 349 64 22 vistas
773 349 58 21 inom

78 385 77 25 landet,
171 385 114 28 lämpligen
300 385 50 21 böra
364 385 102 22 likställas
486 385 48 21 med
551 385 83 21 landets
651 391 53 21 egna
723 383 106 25 invånare,

78 418 137 28 hvarigenom
230 418 119 22 Ständerna
363 418 62 22 äfven
441 421 51 19 trott
506 419 32 27 sig
552 418 74 22 kunna
642 418 93 21 undvika
750 417 78 28 hvarje-

78 452 69 22 handa'
171 453 137 28 anledningar
323 453 33 22 till
370 453 161 28 förvecklingar,
547 460 45 15 som
608 461 25 13 ur
648 452 60 22 dessa
722 459 108 21 personers

78 487 97 28 taxering
197 487 32 22 för
251 488 233 28 kommunalutskylder
506 487 72 22 kunde
600 486 81 30 uppstå.
712 486 118 22 Ständerna

78 521 64 22 hafva
161 521 69 22 derför
252 524 69 20 ansett
342 522 137 28 sakenligare,
496 524 30 20 att
541 522 45 22 helt
602 522 38 21 och
654 521 66 22 hållet
734 520 96 22 betrakta

78 555 127 29 tjenstemän
227 556 38 22 och
286 556 92 28 betjente
393 556 35 22 vid
444 556 25 22 de
485 557 63 28 ryska
570 556 64 22 civila
655 555 174 29 myndigheterne

79 590 38 21 och
132 590 172 29 inrättningarne,
321 591 48 22 med
384 591 108 29 undantag
506 590 24 23 af
542 591 26 22 de
583 590 37 23 fall
636 590 25 23 då
676 590 25 22 de
717 594 35 18 äro
762 589 67 22 finske

78 625 141 28 medborgare,
236 625 66 22 såsom
313 625 8 22 i
331 628 64 20 annat
409 626 60 22 lands
484 625 65 29 tjenst
563 625 94 23 anstälde
668 625 38 22 och
717 624 55 28 förty
782 623 47 22 låtit

78 661 47 22 dem
148 669 50 17 vara
220 661 153 22 underkastade
397 669 80 14 samma
499 661 129 28 stadganden
644 667 43 15 som
703 659 64 22 andre
781 658 48 21 icke

77 695 68 22 finske
159 696 141 29 medborgare,
316 696 73 22 hvilka
404 696 64 21 borde
483 696 77 21 befrias
570 695 47 22 från
628 694 109 29 utskylder
747 693 32 22 till
790 695 39 20 sta-

77 730 47 25 den,
148 733 59 19 utom
228 731 33 21 för
280 731 40 21 den
343 731 92 22 inkomst
450 731 26 21 de
491 730 83 29 åtnjuta
588 730 23 22 af
624 730 45 22 sina
684 729 123 28 fastigheter
821 727 8 21 i

77 764 46 22 stad
138 765 51 21 eller
203 765 23 21 af
234 765 40 22 den
285 765 74 28 näring
370 765 38 22 och
419 765 78 22 rörelse
508 765 25 22 de
544 765 106 22 derstädes
661 763 73 22 drifva.
758 761 70 22 Bland

77 799 65 26 desse,
159 799 7 21 i
181 799 51 28 rysk
247 799 49 22 civil
311 799 64 29 tjenst
393 800 4 21 i
412 800 93 21 Finland
516 799 100 26 anstälde,
627 800 67 21 finnas
705 796 123 25 emellertid,

77 833 90 22 särdeles
190 833 35 22 vid
248 834 168 28 telegrafverket,
432 836 31 20 ett
478 836 61 27 stort
550 834 57 21 antal
622 833 66 21 finske
703 831 125 27 infödingar,

77 867 78 26 hvilka,
179 868 67 21 ehuru
269 868 93 22 anstälde
383 868 36 22 vid
434 868 50 28 rysk
500 868 125 28 myndighet
640 867 50 21 eller
705 865 122 27 inrättning,

77 901 107 29 tillbringa
200 910 26 14 en
241 904 66 20 större
322 903 34 21 del
370 902 24 22 af
406 903 37 21 sitt
458 902 27 22 lif
502 903 32 21 uti
556 902 128 25 hemlandet,
699 901 39 21 och
754 898 75 24 beträf-

76 936 63 21 fande
161 936 59 22 desse
242 937 60 21 torde
325 937 35 22 det
379 945 50 13 vara
444 936 130 28 fullkomligt
588 936 75 28 riktigt
677 938 31 19 att
721 934 44 22 låta
780 934 47 21 dem

76 969 85 29 bidraga
177 970 32 22 till
224 971 41 21 den
283 971 112 22 kommuns
416 979 158 21 gemensamma
596 970 92 29 utgifter,
704 970 58 21 inom
776 968 53 22 hvil-

76 1004 42 21 ken
134 1004 25 22 de
175 1009 36 17 äro
225 1006 86 22 bosatte.
340 1006 13 21 I
368 1006 218 22 öfverensstämmelse
608 1005 48 21 med
671 1004 55 22 hvad
741 1004 38 20 här
794 1010 34 14 an-

75 1038 59 27 förts,
157 1040 63 22 hafva
236 1040 118 22 Ständerna
368 1040 47 22 från
430 1040 134 28 paragrafens
580 1047 62 14 mom.
658 1040 13 21 2
687 1037 97 23 uteslutit
799 1044 30 14 or-

76 1074 41 22 den
135 1074 120 23 »äfvensom
270 1075 126 29 tjenstemän
411 1088 28 3 —
457 1088 24 4 —
498 1088 27 2 —
540 1074 160 28 inrättningar«,
711 1071 117 29 hvarjemte

75 1108 46 22 frän
143 1112 116 20 momentet
274 1118 26 13 en
315 1110 121 28 ytterligare
456 1109 132 29 uteslutning
602 1108 71 22 blifvit
686 1107 65 29 gjord,
767 1106 62 21 fram-

75 1143 71 21 kallad
161 1143 65 27 deraf,
242 1147 30 19 att
287 1152 63 14 mom.
365 1144 56 27 418
437 1144 29 22 55
481 1144 71 22 blifvit
566 1143 47 22 från
624 1140 203 30 författningsförsla-

75 1179 35 26 get
124 1178 107 22 uteslutet.
261 1178 103 22 Deremot
385 1178 63 22 hafva
464 1178 119 22 Ständerna
598 1178 7 21 i
620 1176 137 23 förenämnda
773 1182 56 21 para-

74 1211 48 29 graf
135 1212 66 22 infört
215 1214 31 20 ett
260 1215 48 26 nytt
329 1215 99 23 moment,
452 1212 150 22 innehållande
624 1210 156 28 bestämningar
794 1216 35 14 an-

74 1245 81 28 gående
177 1246 40 21 den
240 1247 178 28 skattskyldighet
439 1247 34 22 till
496 1247 164 24 stadskommun,
683 1253 45 14 som
750 1244 79 27 åligger

75 1279 46 21 icke
143 1279 56 22 finsk
222 1281 143 28 medborgare,
390 1281 62 22 äfven
471 1281 37 22 der
526 1282 43 21 han
584 1285 23 18 är
622 1281 51 21 eller
687 1280 56 22 varit
756 1280 8 21 i
779 1278 51 29 rysk

75 1313 49 22 civil
147 1313 52 22 eller
220 1314 144 29 militärtjenst
386 1315 88 26 anstäld,
491 1315 108 22 äfvensom
615 1315 7 22 i
637 1315 64 22 sådan
716 1314 65 28 tjenst
795 1320 34 15 va-

74 1347 65 22 rande
153 1348 55 22 finsk
222 1348 102 30 inföding.

143 1382 75 28 Enligt
240 1391 28 13 nu
290 1384 97 28 gällande
412 1384 123 28 förordning
560 1385 37 21 har
619 1383 167 23 bestämmandet
808 1382 24 22 af

75 1416 112 22 skattörets
201 1417 75 28 belopp
292 1417 123 23 tillkommit
434 1418 220 29 taxeringsnämnden.
684 1418 39 22 Uti
739 1418 40 21 den
794 1416 35 22 nå-

75 1449 48 29 diga
139 1450 154 28 propositionen
310 1456 23 17 är
347 1452 118 28 föreslaget,
480 1455 30 20 att
526 1453 56 22 detta
597 1452 156 22 bestämmande
769 1451 61 22 fram-
