1011 1673
378 120 35 21 N:o
429 119 36 22 35.
745 118 11 19 3

130 190 129 21 Skattörena
277 189 87 27 påföras
384 189 7 20 i
409 188 96 27 enlighet
519 188 48 21 med
584 187 26 21 de
626 186 22 21 af
665 186 135 25 bevillnings-

50 224 106 21 nämnden
165 225 73 20 senast
246 223 115 22 faststälda
369 222 195 27 fastighetsvärden
574 221 39 22 och
624 220 178 26 inkomstbelopp.

51 258 147 27 Uppkommer
213 258 75 21 härvid
304 257 53 21 bråk
373 257 24 21 af
411 257 117 24 skattören,
544 262 50 15 vare
614 255 36 21 det
660 255 84 27 belopp,
755 259 46 16 som

53 293 69 21 skulle
138 293 56 26 gälla
211 293 33 20 för
259 293 84 20 mindre
358 294 26 19 än
401 293 31 19 ett
447 291 45 21 helt
508 291 102 24 skattöre,
627 290 46 21 från
689 289 113 21 beräknin-

53 333 40 20 gen
116 327 110 21 uteslutet.
256 327 42 20 Vid
321 326 144 25 uträkningen
487 325 23 21 af
524 325 111 20 skattören
652 324 33 21 för
699 323 103 26 fastighet

51 361 74 27 lägges
148 361 48 21 hela
218 361 48 21 dess
286 360 177 27 taxeringsvärde
482 360 33 20 till
531 359 77 26 grund,
624 360 51 19 utan
691 357 75 26 afdrag
781 356 23 21 af

53 396 44 21 deri
120 395 113 22 intecknad
258 395 68 21 skuld.
357 394 114 21 Likaledes
495 400 49 20 eger
568 393 74 21 dervid
658 393 18 25 ej
692 392 110 25 undantag

53 437 46 14 rum
115 430 33 21 för
164 430 54 21 hvad
236 429 144 27 skattskyldig
396 429 104 26 uppburit
516 428 70 21 säsom
598 427 99 21 dividend
708 426 47 21 frän
765 425 37 21 ak-

53 465 46 20 tie
95 457 10 37 -
115 465 52 20 eller
189 464 128 25 bankbolag,
341 463 62 21 äfven
419 469 35 14 om
471 469 81 14 samma
567 462 64 26 bolag
646 461 83 27 päförts
744 461 60 20 kom-

54 499 140 20 munalskatt.

126 533 66 25 Hvar,
216 539 45 14 som
278 533 18 26 ej
312 533 60 26 nöjes
388 532 23 21 ät
427 531 247 26 bevillningsnämndens
691 530 76 25 beslut,
784 535 20 15 e-

53 573 38 21 ger
107 568 44 20 deri
168 568 37 20 hos
221 567 191 27 pröfningsnämnd
428 567 53 20 söka
497 567 92 26 ändring
605 566 38 21 och
659 566 7 20 i
683 565 76 20 sädant
774 563 30 22 af-

56 602 77 21 seende
149 602 38 20 sitt
203 602 108 26 skriftliga
326 601 139 26 andragande
480 601 47 21 med
544 601 72 20 dertill
635 599 94 22 hörande
739 598 66 21 hand-

55 636 72 27 lingar
142 637 32 20 till
191 636 164 27 Länestyrelsen
366 636 101 26 antingen
479 636 93 21 inlemna
584 635 52 21 eller
648 635 66 20 under
725 633 82 26 omslag

55 671 91 20 insända
162 671 24 20 sä
202 671 69 26 tidigt,
288 673 32 18 att
336 671 109 20 desamma
461 670 112 21 derstädes
588 669 69 21 finnas
670 667 136 28 tillgängliga

56 705 47 21 före
126 705 40 20 den
190 705 46 26 dag,
253 705 27 20 dä
296 705 219 26 pröfningsnämnden
531 704 169 21 sammanträder.
737 703 69 21 Anser

57 739 147 27 skattskyldig
226 742 33 18 att
282 740 146 24 stadgandena
445 740 5 20 i
467 740 70 20 denna
560 739 124 25 förordning
700 738 70 21 blifvit
785 737 23 21 af

56 773 217 27 pröfningsnämnden
290 776 57 18 orätt
363 773 132 27 tillämpade,
511 780 39 20 ege
562 776 44 18 rätt
619 776 32 18 att
663 773 58 21 öfver
733 774 72 19 nämn-

56 808 53 20 dens
130 808 70 20 beslut
216 808 75 20 anföra
306 808 77 20 besvär
398 808 6 20 i
420 808 95 20 Hofrätt.
545 808 107 20 Besvären
669 807 90 27 ingifvas
775 807 32 20 in-

57 848 35 15 om
107 842 55 21 först
177 842 117 21 infallande
308 843 90 20 Januari
415 842 78 21 mänad
508 843 33 20 till
557 842 145 26 Guvernören,
718 848 44 14 som
773 841 33 21 till

57 876 113 21 Hofrätten
186 877 109 20 inskickar
311 877 109 20 desamma
433 877 68 26 jemte
516 877 230 26 pröfningsnämndens
756 881 50 21 pro-

57 911 74 20 tokoll.
161 911 39 21 Uti
216 911 98 21 Hofrätts
330 911 72 26 utslag
417 911 34 21 får
466 912 94 26 ändring
576 912 46 21 icke
635 911 69 21 sökas.

129 945 53 26 Den,
207 951 45 15 som
272 945 39 21 hos
331 945 193 27 pröfningsnämnd
540 946 51 21 eller
607 946 7 20 i
630 945 88 21 Hofrätt
732 945 76 20 vunnit

58 980 91 25 ändring
168 979 6 21 i
197 979 234 27 bevillningstaxering,
448 986 51 20 eger
514 980 57 21 inom
588 981 68 20 sextio
672 980 66 25 dagar
753 979 55 21 efter

57 1014 36 21 det
115 1014 95 26 utslaget
229 1015 72 20 derom
323 1014 62 26 fallit,
406 1017 67 24 uppte
489 1015 118 21 detsamma
623 1015 37 20 hos
676 1013 132 22 kommunal-

56 1049 106 20 nämnden
177 1049 7 21 i
200 1049 100 20 afseende
316 1049 12 20 å
344 1049 153 21 motsvarande
512 1049 90 21 rättelse
617 1049 6 20 i
640 1049 26 20 de
681 1049 34 20 för
730 1049 78 20 honom

56 1085 83 18 utsatta
154 1083 137 21 skattörenas
308 1083 84 26 belopp.

401 1146 12 27 8
429 1147 34 20 57.

127 1181 65 26 Öfver
202 1186 26 21 de
239 1186 90 21 sålunda
339 1186 90 27 päförda
439 1187 127 21 skattörena
576 1189 113 24 upprättas
699 1193 25 14 en
734 1186 71 27 längd,

57 1227 46 14 som
127 1221 103 20 särskildt
250 1221 33 20 för
298 1221 73 26 hvarje
388 1221 148 27 skattskyldig
552 1224 105 25 upptager
672 1222 53 20 hans
741 1221 67 21 skatt-

57 1255 68 20 öretal
147 1255 40 20 och
210 1255 6 20 i
236 1255 56 20 skild
309 1255 94 26 kolumn,
420 1255 47 21 ifall
483 1256 41 21 han
541 1258 24 19 är
578 1256 120 27 jordegare,
716 1256 35 21 det
766 1255 43 21 för-

55 1289 98 24 medlade
176 1289 53 21 eller
248 1289 63 27 eljest
330 1290 100 26 gällande
445 1291 106 20 mantalet
566 1291 13 20 ä
594 1291 53 20 hans
664 1291 104 26 lägenhet.
798 1289 11 20 I

58 1329 71 15 annan
144 1323 88 21 kolumn
247 1326 106 24 upptagas
370 1324 26 21 de
411 1325 7 20 i
434 1324 11 27 $
462 1325 27 20 56
501 1331 63 14 mom.
574 1326 13 19 5
599 1325 140 21 omförmälda
749 1324 60 26 lägre

56 1357 178 27 inkomstbelopp,
262 1358 72 21 hvilka
359 1358 47 22 icke
432 1358 104 27 framgått
563 1366 25 14 ur
621 1359 188 26 bevillningstaxe-

57 1392 80 26 ringen.
