1028 1673
247 129 28 21 78

441 129 64 24 Ständ.
521 129 30 24 Sv.
567 141 24 4 —
609 129 53 30 Prop.
677 129 30 25 N:o
722 129 30 24 86.

355 198 88 27 utgifven
468 197 129 30 1öftesskrift,
621 198 69 21 deruti
704 198 31 24 de,
759 205 23 14 en
801 198 35 27 för
858 197 57 29 begge
936 197 36 21 och

354 231 60 28 begge
431 233 34 26 för
487 239 31 18 en,
541 232 66 28 borga
623 233 39 28 för
684 239 83 14 samma
789 232 68 26 böter;
880 231 35 22 och
936 231 36 22 bör

354 266 162 29 löftesmännens
531 267 130 28 underskrift
683 266 37 21 och
740 266 156 29 vederhäftighet
918 274 52 13 vara

354 301 86 28 bestyrkt
455 301 26 26 af
494 301 150 22 vederbörande
659 301 151 28 befälhafvare,
826 301 92 26 domare,
935 308 36 14 no-

354 337 67 19 tarius
434 335 99 28 publicus,
547 339 65 24 prest,
627 335 140 27 kronobetjent
782 335 47 21 eller
841 335 129 27 ordförande

353 370 8 20 i
375 370 206 25 kommunalnämnd,
597 370 113 26 hvarjemte
721 370 41 21 den
771 370 124 21 sistnämdes
904 370 64 28 intyg,

351 405 37 26 för
404 407 28 18 att
447 405 96 27 medföra
560 405 84 24 vitsord,
660 404 54 21 skall
729 404 69 29 förses
819 405 48 20 med
882 404 88 21 berörde

354 439 89 20 nämnds
459 439 134 28 embeissigill.
629 438 41 21 Vill
686 439 40 20 den
741 439 97 28 sakfälde
856 438 59 21 hellre
935 439 33 20 bö-

354 477 58 17 terna
426 474 89 27 utgifva,
537 476 53 18 sätte
613 474 47 21 dem
683 474 39 20 ned
737 473 9 20 i
760 473 140 21 landtränteri
922 473 47 21 eller

354 511 99 25 truppens
467 508 113 21 kassakista
604 508 36 20 och
663 507 80 28 bilägge
758 507 97 22 besvären
873 507 93 21 nedsätt-

352 543 138 27 ningsbeviset.
516 542 51 21 Kan
582 543 21 26 ej
613 543 39 20 den
662 542 109 28 missnöjde
782 542 73 27 borgen
871 542 96 28 anskaffa

352 577 50 21 eller
416 577 83 21 böterna
514 577 102 25 nedsätta,
631 576 52 21 skall
696 576 42 21 han
760 578 32 19 sin
812 576 110 29 jattigdom
943 577 23 20 sä

350 611 77 28 styrka,
442 617 41 15 som
499 619 32 13 om
547 611 189 28 vederhäftigheten
751 611 61 28 sagdt
828 614 32 21 är,
876 609 35 22 och
924 611 42 27 fat-

352 645 162 28 tigdomsbeviset
529 645 59 26 jemte
603 645 99 22 besvären
717 645 96 21 inlemna.

418 675 34 26 Är
472 681 39 20 den
533 680 97 29 sakjälde
644 680 86 25 häktad,
745 681 87 28 fordras
853 680 25 27 af
890 679 74 22 honom

350 714 89 22 hvarken
453 714 74 28 borgen
543 714 46 22 eller
604 716 150 26 nedsättnings-
773 714 48 22 eller
834 714 129 28 fattigdoms-

348 748 59 28 bevis,
430 754 50 16 utan
496 751 34 19 mä
545 749 47 24 han,
616 750 64 20 innan
704 750 138 20 besvärstiden
862 750 47 27 gått
932 748 31 21 till

348 784 62 24 ända,
433 784 88 29 aflemna
537 784 46 20 sina
599 784 72 21 besvär
686 784 33 20 till
734 782 133 23 Guvernören
882 784 8 20 i
905 783 55 21 länet

348 818 48 21 eller
411 818 38 21 den
464 818 150 27 befälhafvare,
629 826 43 14 som
688 819 58 28 öfver
756 818 101 28 fängelset
866 818 96 21 inseende

347 853 77 27 hajver,
441 853 68 20 hvilka
525 854 33 21 det
573 853 77 28 åligger
665 857 31 17 att
718 853 45 21 dem
779 853 31 21 till
826 848 134 33 Öfoerkrigs-

346 887 110 21 domstolen
471 888 150 28 ofördröjligen
642 889 97 20 insända.
772 886 41 23 Och
828 887 36 21 bör
880 887 80 21 Guver-

346 925 64 17 nören
425 921 46 22 eller
487 923 45 24 den,
547 930 44 13 som
607 922 59 29 öfver
679 922 100 28 fängelset
794 921 70 29 tillsyn
880 922 78 27 hafver,

346 956 121 28 ombesörja,
491 960 30 17 att
535 957 41 21 den
591 957 87 21 häktade
702 957 18 28 ej
742 958 34 19 mä
797 957 66 20 sakna
885 957 74 28 nödigt

345 990 80 21 biträde
439 991 35 20 vid
488 991 180 28 besvärsskriftens
679 991 147 28 författande.

413 1025 138 21 Försummar
569 1026 39 20 den
630 1026 110 28 missnöjde
762 1025 55 22 hvad
830 1026 9 19 i
854 1025 103 27 ofvanstä-

345 1059 50 20 ende
410 1061 63 19 mätto
487 1060 145 29 föreskrifvits,
648 1067 51 14 vare
713 1061 32 19 sin
762 1059 55 22 talan
831 1063 52 18 emot
897 1059 62 21 utsla-

342 1096 32 24 get
385 1093 107 28 förlustig.

611 1157 15 28 $
640 1157 52 21 185.

410 1191 71 27 Äskar
492 1201 53 25 part
561 1197 119 29 Krigsrätts
701 1197 103 29 protokoll
822 1197 48 21 eller
885 1197 72 28 utslag,

342 1230 37 21 bör
394 1232 115 24 auditören,
525 1232 34 20 vid
574 1232 40 21 vite
629 1232 28 28 af
664 1232 79 28 femtio
759 1232 66 27 mark,
840 1232 57 20 inom
912 1233 44 19 åtta

342 1265 68 27 dagar
425 1266 90 27 derefter
530 1266 42 20 läta
592 1266 75 22 honom
690 1267 33 21 det
738 1266 68 28 undfä
825 1267 33 27 pä
879 1266 77 25 stället,

342 1299 35 21 der
393 1300 133 28 Krigsrätten
542 1300 47 29 haft
607 1301 166 24 sammanträde,
795 1302 90 26 säframt
903 1308 54 20 par-

340 1337 34 17 ten
390 1334 67 21 denna
468 1335 32 20 sin
510 1336 103 20 ästundan
623 1334 82 22 anmält
716 1336 66 20 innan
792 1335 108 21 auditören
911 1335 46 21 der-

340 1368 60 24 ifrån
415 1368 92 22 bortrest.
536 1364 35 26 Är
584 1373 50 25 part
650 1370 86 25 häktad,
747 1369 131 29 föranstalte
894 1370 61 20 audi-

341 1406 65 21 tören,
421 1406 29 17 att
464 1404 33 20 det
512 1403 91 28 begärda
616 1404 125 28 protokollet
757 1403 48 22 eller
819 1403 85 29 utslaget
920 1405 34 19 må

339 1437 55 21 inom
410 1437 83 21 berörde
507 1438 31 20 tid
553 1438 75 22 honom
645 1438 192 22 tillhandakomma.
