1023 1673
231 120 29 20 2
399 120 81 24 Ständ.
495 121 39 24 Sv.
550 134 24 4 —
591 122 73 28 Prop.
678 122 41 22 N:o
734 122 36 23 38.

305 222 126 29 förändring
453 224 24 21 af
503 224 142 29 inredningen
667 226 7 20 i
696 225 60 22 säväl
778 227 57 19 sten-

307 263 46 15 som
367 257 74 22 trähus
477 275 3 4 .
512 276 4 5 .
582 276 4 5 ...
653 275 182 7 kN.
895 260 53 21 11—

219 289 99 29 Sjöpass,
334 298 23 15 se
372 298 56 22 pass.

219 324 124 29 Skattebref
354 326 14 21 &
381 326 91 22 rusthäll
509 344 5 5 .
545 346 4 3 .
687 344 147 6 L.
894 330 55 19 4|—

272 368 8 11 »
352 360 14 22 å
380 360 99 23 hemman
509 378 5 5 .
545 378 4 4 .
724 378 74 6 sms
830 380 4 4 W
894 364 55 20 21—

218 392 138 29 Skiljobref
350 388 11 39 i
372 394 97 29 fästning
483 396 53 21 eller
550 378 142 74 äktonskap:

246 427 34 22 för
295 428 154 28 ståndsperson
475 447 3 4 .
510 448 4 4 .
581 449 39 4 20.
687 447 40 5 e
830 448 4 4 L]
881 431 69 21 101—

246 461 34 22 för
296 462 68 28 öfriga
379 443 184 53 samhällsklasser
581 481 253 6 Ke
894 466 55 20 5|—

220 495 193 30 Tillständsbiljett,
429 505 23 15 se
467 505 56 21 pass.

220 530 234 25 Tillständsresolution
476 533 40 22 och
538 533 53 27 bref,
610 541 23 14 se
648 533 186 22 naturalisations-

248 565 40 22 och
302 566 160 28 privilegiibref.

219 599 173 30 Transportbref,
408 608 22 15 se
445 601 106 22 fullmakt.

223 633 75 33 Vapen
313 634 40 21 och
368 635 204 28 vapenförändring,
588 643 23 14 se
626 637 88 27 diplom.

221 659 69 40 Öppet
304 669 70 28 bref
363 665 13 38 &
388 670 210 22 utmärkelsetecken
607 670 35 23 för
650 671 108 27 oförvitlig
768 671 67 28 tjenst|
880 671 68 22 10/—

556 722 10 25 8
582 721 20 20 6.

270 754 133 28 Afhandling
418 755 93 21 emellan
526 755 99 22 enskilda
640 762 104 21 personer
758 757 56 20 samt
824 755 130 22 förbindelse

200 788 42 21 och
257 795 73 15 annan
346 789 69 26 skrift,
431 797 45 14 som
490 790 26 21 af
528 789 84 22 enskild
626 797 52 14 man
692 789 106 26 utfärdas,
814 790 35 21 mä
864 789 90 23 skrifvas

200 823 30 27 pä
245 823 133 28 ostämpladt
392 831 91 21 papper,
498 831 50 15 men
564 824 44 28 bör,
624 825 28 21 dä
667 825 43 21 den
724 824 81 22 företes
816 824 36 22 vid
862 824 93 22 domstol

200 857 54 22 eller
277 858 214 28 embetsmyndighet,
514 859 67 21 förses
604 860 50 21 med
672 859 118 27 stämpladt
805 866 83 20 papper
903 859 52 22 eller

200 892 184 27 stämpelmärken
406 894 25 20 af
443 894 36 21 det
494 894 72 25 värde,
583 901 46 14 som
643 894 41 21 här
699 894 119 21 nedanföre
832 893 34 22 för
881 894 73 27 hvarje

199 925 39 22 fall
253 926 69 22 finnes
337 929 79 24 utsatt;
433 927 39 22 och
488 929 24 20 är
527 928 195 27 stämpelbeloppet
738 928 108 21 bestämdt
862 928 33 21 för
904 928 51 22 hela

199 960 158 28 afhandlingen
380 961 51 22 eller
453 962 97 26 skriften,
570 964 54 19 utan
639 962 102 21 afseende
757 963 13 20 &
786 963 48 20 dess
848 963 57 26 vidd,
921 963 33 21 sä-

199 995 46 22 vidt
268 995 47 22 icke
338 996 144 28 uttryckligen
505 998 68 26 säges,
589 999 33 19 att
637 998 42 21 den
695 997 115 21 faststälda
824 997 78 21 kartan
918 997 35 22 be-

198 1029 81 22 räknas
294 1029 34 22 för
343 1030 74 28 hvarje
432 1031 47 26 ark,
493 1031 79 22 hvaraf
585 1031 92 22 skriften
691 1032 79 21 bestär.

851 1105 61 18 Mark.|
925 1111 17 18 p.

214 1149 117 29 Aktiebref
349 1150 8 21 i
378 1150 87 27 handel,
487 1150 77 29 fartyg,
587 1151 59 22 bank
665 1151 41 22 och
720 1151 114 21 industriel

244 1184 122 27 inrättning
381 1185 52 21 eller
443 1192 73 15 annan
526 1185 139 28 anläggning,
677 1192 47 15 som
733 1187 25 20 är
767 1192 66 21 grun-

244 1219 44 21 dad
302 1219 30 27 pä
346 1219 79 22 aktier:

273 1253 29 21 då
316 1253 50 22 hela
380 1254 96 21 insatsen
491 1253 35 22 för
540 1254 75 28 hvarje
630 1254 59 22 aktie
700 1255 25 20 är
735 1254 98 21 bestämd

300 1287 34 21 till
348 1287 43 21 200
405 1288 62 21 mark
483 1288 51 22 eller
545 1289 108 21 derunder
682 1305 5 4 .
720 1306 4 4 .
755 1304 5 5 .
791 1304 4 5 .
827 1306 4 4 .|
878 1287 70 22 —1[20

272 1321 123 22 derutöfver
410 1322 34 22 för
459 1323 74 27 hvarje
547 1322 54 22 fulla
616 1323 42 21 100
673 1322 63 22 mark
758 1340 1 4 .
789 1339 5 5 .
827 1340 3 5 .|
878 1323 69 21 —[10

213 1356 126 28 Anvisning
354 1356 53 22 eller
421 1358 141 27 assignation,
577 1364 23 15 se
615 1357 147 27 förskrifning.

213 1390 206 28 Arrendekontrakt,
435 1398 22 14 se
472 1391 109 22 kontrakt.

212 1424 169 28 Assuransbref,
403 1425 106 28 förnyelse
530 1426 40 22 och
592 1426 103 28 gvittans,
712 1431 22 15 se
749 1424 83 22 försäk-

242 1458 113 28 ringsbref.
