1031 1673
293 113 65 25 Ständ.
374 113 29 25 Sv.
419 126 25 3 —
459 113 53 31 Prop.
528 113 30 24 N:o
574 113 30 24 36.
772 113 27 22 83

210 188 42 20 vidt
274 188 40 21 den
334 191 36 17 rör
392 187 172 28 grekisk-katolsk
589 187 151 26 trosförvandt,
767 187 61 28 ryska

210 222 87 27 andliga
312 221 95 29 styrelsen
422 222 8 20 i
444 221 77 26 landet,
535 222 31 28 för
579 217 32 38 att
622 221 30 22 till
662 221 165 30 församlingar-

210 264 38 13 nas
260 257 134 28 presterskap
410 256 116 29 befordras.

479 361 16 27 $
509 360 51 22 197.

279 413 92 20 Auditör
386 411 52 22 skall
448 412 88 28 jemväl,
560 413 36 20 vid
621 412 38 21 vite
681 413 25 25 af
725 412 102 28 tjugufem

210 447 67 33 mark,
294 447 53 20 hvar
363 447 68 27 tredje
446 447 81 20 mänad
543 447 37 20 till
594 443 163 37 krigsfiskalsemb
765 447 40 21 etet
820 447 8 20 i

211 477 235 32 Öfverkrigsdomstolen
462 481 90 30 aflemna
562 482 135 29 förteckning
718 483 14 19 &
746 482 24 21 de
785 480 43 21 mål

210 515 35 22 och
264 517 98 24 ärenden,
385 524 44 13 som
444 517 57 20 inom
523 518 39 20 den
579 517 57 20 tiden
652 516 30 21 till
697 517 132 27 Krigsrätten

210 551 114 28 inkommit,
340 551 46 21 med
406 551 150 22 underrättelse
578 551 67 21 hvilka
660 551 28 28 af
700 551 45 21 dem
760 550 68 25 blifvit

210 585 104 29 slutförda
329 585 39 21 och
382 585 82 29 hvarpä
487 586 33 25 de,
542 593 44 14 som
601 589 37 18 äro
661 586 117 28 oafgjorda,
800 585 28 20 då

210 619 55 28 bero,
280 621 30 28 på
333 621 34 20 det
390 623 35 21 att,
441 620 9 20 i
461 620 43 28 fall
528 621 69 38 någon
615 619 145 30 försummelse
781 618 47 22 eller

211 657 65 18 annat
290 654 74 21 hinder
378 655 8 20 i
401 655 117 21 ärendenas
537 655 69 26 jemna
628 656 55 27 gång
701 654 127 29 förspörjes,

210 684 140 48 krigsfiskalen
364 691 35 18 må
415 689 71 21 kunna
501 689 75 21 sådant
598 689 34 21 hos
648 684 181 33 Öfverkrigsdom-

210 723 62 21 stolen
286 724 8 20 i
308 724 32 21 tid
355 723 30 21 till
399 724 65 28 laglig
480 725 79 27 åtgärd
575 723 92 22 anmäla.
700 723 74 29 Hafva
791 731 37 13 un-

210 758 36 21 der
262 762 67 18 senast
349 758 104 30 förflutna
476 762 30 18 tre
528 760 104 20 månader
655 760 68 26 några
745 759 82 20 sådana

210 793 43 20 mål
267 793 21 28 ej
300 793 114 29 förevarit,
436 801 44 13 som
498 794 88 28 fordrat
601 793 120 28 Krigsrätts
744 793 83 28 åtgärd,

209 827 52 22 skall
276 828 85 21 auditör
376 828 35 21 hos
426 828 142 29 krigsfiskalen
584 829 72 21 derom
672 828 94 25 anmäla,
790 828 37 21 vid

210 863 39 20 vite
264 863 28 26 af
302 863 79 27 femton
397 863 66 22 mark.

478 968 16 27 $
509 967 51 22 198.

281 1019 39 21 För
336 1020 70 28 hvarje
423 1021 25 19 år
463 1019 54 21 skall
532 1020 91 24 auditör,
640 1020 35 21 vid
691 1020 39 21 vite
746 1019 27 27 af
785 1019 41 28 tju-

206 1055 70 38 gufem
292 1055 66 25 mark,
377 1054 59 28 enligt
458 1054 108 27 faststäldt
588 1054 112 28 formulär,
724 1057 102 38 upprätta

208 1089 37 21 och
267 1089 58 20 inom
349 1088 95 21 Januari
469 1090 78 19 månad
575 1089 139 29 nästföljande
740 1089 26 20 år
796 1088 30 21 till

212 1117 231 34 Öfverkrigsdomstolen
458 1123 90 21 insända
558 1123 132 30 förteckning
710 1123 59 29 öfver
785 1123 41 21 alla

209 1158 35 20 vid
256 1157 160 28 Krigsrätterna
427 1158 70 21 under
507 1158 32 20 det
548 1158 146 27 förstnämnda
705 1159 44 19 året
759 1157 68 22 hand-

209 1193 71 20 terade
295 1192 50 26 mål,
362 1192 52 24 eller,
437 1200 34 13 om
494 1193 64 27 något
580 1193 77 20 sådant
678 1193 17 28 ej
717 1193 109 24 förevarit,

208 1226 99 21 anmälan
324 1227 83 26 derom;
423 1226 36 21 och
474 1227 58 20 skola
548 1227 59 22 dessa
616 1227 160 28 förteckningar
791 1226 35 21 och

208 1261 140 22 anmälanden
357 1262 61 28 jemte
430 1261 117 25 enahanda,
558 1261 62 29 enligt
631 1261 125 28 vederbörlig
762 1262 64 28 före-

207 1296 61 27 skrift
283 1296 125 29 upprättad,
422 1297 129 27 förteckning
567 1297 59 27 öfver
648 1297 26 22 de
695 1297 35 20 vid
754 1291 72 34 Öfver-

208 1330 168 27 krigsdomstolen
390 1331 65 20 under
470 1338 82 14 samma
567 1333 25 19 år
606 1331 113 28 förehafda
734 1330 43 21 mål
790 1330 37 21 och

208 1365 96 25 ärenden,
328 1366 58 20 inom
400 1372 36 14 sex
452 1366 75 21 veckor
540 1367 51 27 från
607 1366 32 21 det
661 1366 90 29 löpunde
773 1366 55 20 årets

208 1399 79 29 början,
310 1400 35 20 vid
360 1399 44 21 lika
420 1400 46 26 vite,
482 1400 28 28 af
524 1400 165 29 öfverauditören
704 1399 30 21 till
747 1400 79 28 proku-

209 1434 150 29 ratorsembetet
374 1433 109 28 aflemnas.
