1014 1673
207 129 28 20 54

428 131 18 19 U.
463 130 18 20 B.
496 141 28 3 —
540 131 52 24 Prop.
608 131 28 19 N:o
651 130 31 20 36.

246 194 90 25 domare,
356 195 92 20 notarius
466 195 102 26 publicus,
584 198 64 23 prest,
663 195 146 26 kronobetjent
824 195 50 21 eller
889 195 45 20 ord-

246 228 86 21 förande
354 229 7 20 i
383 229 201 28 kommunalnämnd,
606 230 115 26 hvarjemte
741 230 40 21 den
797 230 138 21 sistnämndes

246 263 62 26 intyg
328 263 33 20 för
384 267 31 17 att
435 264 93 21 medföra
542 265 81 20 vitsord
638 265 54 20 skall
707 265 66 20 förses
788 265 47 20 med
849 265 87 20 berörde

245 298 89 20 nämnds
356 299 142 26 embetssigill.
528 299 44 20 Vill
594 299 40 20 den
656 299 95 20 sakfälde
770 300 65 19 hellre
849 300 87 19 böterna

245 332 89 26 utgifva,
349 335 54 18 sätte
419 333 46 21 dem
479 334 41 19 ned
530 334 8 19 i
548 333 136 21 landtränteri
696 334 50 19 eller
756 336 100 24 truppens
863 334 72 20 kassa-

245 367 57 21 kista
322 368 39 20 och
375 368 83 27 bilägge
473 369 102 20 besvären
589 369 233 26 nedsättningsbeviset.
852 369 48 20 Kan
915 369 19 26 ej

246 402 40 20 den
308 403 113 26 missnöjde
443 404 78 26 borgen
543 403 94 21 anskaffa
659 403 51 20 eller
731 404 86 20 böterna
832 403 101 25 nedsätta,

245 437 55 20 skall
319 437 41 20 han
379 438 33 20 sin
429 438 110 27 fattigdom
554 439 23 20 så
592 439 79 26 styrka,
687 445 45 14 som
747 445 32 14 om
794 438 139 26 vederhäftig-

245 471 63 20 heten
328 472 62 26 sagdt
407 476 29 22 är,
452 473 38 20 och
504 473 192 26 fattigdombeviset
708 473 65 26 jemte
788 473 100 20 besvären
903 473 30 20 in-

244 506 74 21 lemna.

314 537 31 24 Är
360 542 40 20 den
415 542 95 21 sakfälde
524 543 85 25 häktad,
624 543 81 20 fordras
720 542 24 20 af
756 543 75 19 honom
841 542 93 20 hvarken

244 576 79 26 borgen
338 577 51 20 eller
404 577 155 26 nedsättnings-
572 578 51 20 eller
636 577 188 26 fattigdomsbevis,
833 579 50 18 utan
897 577 37 21 må

244 611 48 24 han,
316 612 155 27 (uteslutning)
493 613 63 19 innan
581 612 144 21 besvärstiden
747 613 46 25 gått
818 612 33 19 till
873 611 60 25 ända,

244 645 88 21 aflemna
346 647 46 20 sina
406 647 75 20 besvär
491 647 32 27 till
535 647 134 20 Guvernören
679 647 8 20 i
697 647 56 20 länet
763 647 50 20 eller
821 647 40 20 den
869 645 64 21 befäl-

244 680 92 26 hafvare,
355 688 45 13 som
415 681 57 21 öfver
486 682 104 26 fängelset
604 681 99 21 inseende
717 681 79 25 hafver,
812 681 71 20 hvilka
898 681 35 19 det

244 715 81 27 åligger
340 718 30 18 att
386 715 46 21 dem
447 717 32 19 till
495 712 238 31 Öfverkrigsdomstolen
745 715 146 27 ofördröjligen
901 715 31 20 in-

244 750 72 20 sända.
346 750 162 28 (Uteslutning)
540 750 42 22 Och
604 752 38 19 bör
664 751 135 20 Guvernören
821 751 50 19 eller
885 750 47 24 den,

244 791 45 14 som
312 785 58 21 öfver
387 785 104 27 fängelset
512 786 73 26 tillsyn
606 786 80 24 hafver,
709 785 120 26 ombesörja,
848 787 31 18 att
893 785 40 21 den

243 819 91 22 häktade
354 820 18 27 ej
388 821 34 20 må
436 821 66 20 sakna
516 820 73 27 nödigt
601 820 81 21 biträde
697 820 36 22 vid
747 820 186 27 besvärsskriftens

243 855 138 26 författande.

314 889 133 21 Försummar
458 890 39 21 den
508 891 112 25 missnöjde
630 889 57 21 hvad
694 890 7 19 i
709 889 148 21 ofvanstående
868 890 64 19 måtto

242 923 148 26 föreskrifvits,
406 932 50 13 vare
472 925 31 20 sin
519 925 56 20 talan
590 928 55 17 emot
659 925 92 26 utslaget
764 924 103 26 förlustig.

370 982 16 28 $
401 985 45 20 185
461 984 43 19 lika
518 984 47 19 med
580 984 10 26 $
608 984 39 19 187
663 983 8 20 i
685 983 48 20 nåd.
748 989 57 19 prop.

534 1083 27 19 21
577 1083 62 24 Kap.

240 1131 39 22 Om
302 1131 122 30 rättegäng
445 1132 36 23 vid
504 1128 255 33 Öfverkrigsdomstolen
778 1131 57 22 samt
850 1131 81 22 besvär

474 1167 62 22 öfver
550 1167 50 22 dess
615 1167 82 28 utslag.

510 1227 12 26 $
536 1228 46 20 186
596 1227 63 24 (188).

310 1262 240 31 Öfverkrigsdomstolen
564 1267 76 24 träder,
655 1267 28 26 pä
694 1266 87 20 kallelse
792 1265 23 20 af
824 1264 105 21 ordföran-

238 1301 49 25 den,
310 1301 138 21 tilisammans
466 1303 23 19 sä
506 1302 44 20 ofta
564 1301 103 20 ärendena
683 1300 36 21 det
732 1300 76 20 fordra.
838 1299 92 20 Infinner

238 1335 35 26 sig
295 1336 19 26 ej
338 1336 138 21 ordföranden
498 1337 50 20 eller
569 1336 90 21 ledamot
681 1336 28 25 pä
729 1337 68 18 utsatt
811 1334 40 25 tid;
866 1334 63 21 varde

238 1370 72 20 derför
331 1370 24 20 af
375 1371 147 26 krigsfiskalen
544 1370 90 21 tilltalad
648 1370 40 20 och
703 1370 48 20 böte
765 1370 52 26 frän
833 1369 36 22 och
884 1370 47 20 med

239 1406 69 21 trettio
332 1406 32 21 till
386 1406 38 22 och
442 1406 48 22 med
503 1406 67 22 sextio
584 1406 65 24 mark,
665 1405 38 20 der
717 1405 48 26 laga
779 1404 71 20 förfall
864 1404 19 26 ej
899 1404 30 20 vi-

237 1446 36 14 sas
288 1440 48 20 kan.

237 1479 143 23 Lagutskottets
393 1480 117 18 betänkande
522 1481 36 18 N:o
570 1481 16 17 8.
