<?xml version="1.0" encoding="UTF-8"?>
<alto xmlns="http://www.loc.gov/standards/alto/ns-v3#" xmlns:xlink="http://www.w3.org/1999/xlink" xmlns:xsi="http://www.w3.org/2001/XMLSchema-instance" xsi:schemaLocation="http://www.loc.gov/standards/alto/ns-v3# http://www.loc.gov/alto/v3/alto-3-0.xsd">
	<Description>
		<MeasurementUnit>pixel</MeasurementUnit>
		<sourceImageInformation>
			<fileName>/tmp/tess_9hlenbqf_input.PNG</fileName>
		</sourceImageInformation>
		<OCRProcessing ID="OCR_0">
			<ocrProcessingStep>
				<processingSoftware>
					<softwareName>tesseract 5.3.4</softwareName>
				</processingSoftware>
			</ocrProcessingStep>
		</OCRProcessing>
	</Description>
	<Layout>
		<Page WIDTH="1050" HEIGHT="1686" PHYSICAL_IMG_NR="0" ID="page_0">
			<PrintSpace HPOS="0" VPOS="0" WIDTH="1050" HEIGHT="1686">
				<ComposedBlock ID="cblock_0" HPOS="278" VPOS="130" WIDTH="532" HEIGHT="26">
					<TextBlock ID="block_0" HPOS="278" VPOS="130" WIDTH="532" HEIGHT="26">
						<TextLine ID="line_0" HPOS="278" VPOS="130" WIDTH="532" HEIGHT="26">
							<String ID="string_0" HPOS="278" VPOS="130" WIDTH="64" HEIGHT="20" WC="0.88" CONTENT="Ständ."/><SP WIDTH="17" VPOS="130" HPOS="342"/>
							<String ID="string_1" HPOS="359" VPOS="131" WIDTH="27" HEIGHT="20" WC="0.92" CONTENT="Sv."/><SP WIDTH="15" VPOS="131" HPOS="386"/>
							<String ID="string_2" HPOS="401" VPOS="142" WIDTH="29" HEIGHT="3" WC="0.92" CONTENT="—"/><SP WIDTH="15" VPOS="142" HPOS="430"/>
							<String ID="string_3" HPOS="445" VPOS="131" WIDTH="54" HEIGHT="25" WC="0.96" CONTENT="Prop."/><SP WIDTH="16" VPOS="131" HPOS="499"/>
							<String ID="string_4" HPOS="515" VPOS="132" WIDTH="28" HEIGHT="20" WC="0.96" CONTENT="N:o"/><SP WIDTH="15" VPOS="132" HPOS="543"/>
							<String ID="string_5" HPOS="558" VPOS="133" WIDTH="24" HEIGHT="20" WC="0.96" CONTENT="41"/><SP WIDTH="15" VPOS="133" HPOS="582"/>
							<String ID="string_6" HPOS="597" VPOS="138" WIDTH="24" HEIGHT="15" WC="0.90" CONTENT="m."/><SP WIDTH="15" VPOS="138" HPOS="621"/>
							<String ID="string_7" HPOS="636" VPOS="134" WIDTH="18" HEIGHT="19" WC="0.83" CONTENT="fl."/><SP WIDTH="132" VPOS="134" HPOS="654"/>
							<String ID="string_8" HPOS="786" VPOS="135" WIDTH="24" HEIGHT="20" WC="0.91" CONTENT="1"/>
						</TextLine>
					</TextBlock>
				</ComposedBlock>
				<ComposedBlock ID="cblock_1" HPOS="76" VPOS="193" WIDTH="764" HEIGHT="1241">
					<TextBlock ID="block_1" HPOS="83" VPOS="193" WIDTH="757" HEIGHT="100">
						<TextLine ID="line_1" HPOS="152" VPOS="193" WIDTH="687" HEIGHT="33">
							<String ID="string_9" HPOS="152" VPOS="194" WIDTH="23" HEIGHT="23" WC="0.80" CONTENT="c)"/><SP WIDTH="19" VPOS="194" HPOS="175"/>
							<String ID="string_10" HPOS="194" VPOS="193" WIDTH="120" HEIGHT="23" WC="0.92" CONTENT="Ständerna"/><SP WIDTH="15" VPOS="193" HPOS="314"/>
							<String ID="string_11" HPOS="329" VPOS="194" WIDTH="63" HEIGHT="22" WC="0.96" CONTENT="hafva"/><SP WIDTH="15" VPOS="194" HPOS="392"/>
							<String ID="string_12" HPOS="407" VPOS="195" WIDTH="74" HEIGHT="23" WC="0.96" CONTENT="vidare"/><SP WIDTH="16" VPOS="195" HPOS="481"/>
							<String ID="string_13" HPOS="497" VPOS="196" WIDTH="96" HEIGHT="27" WC="0.96" CONTENT="godkänt"/><SP WIDTH="16" VPOS="196" HPOS="593"/>
							<String ID="string_14" HPOS="609" VPOS="197" WIDTH="61" HEIGHT="23" WC="0.96" CONTENT="den"/><SP WIDTH="-10" VPOS="197" HPOS="670"/>
							<String ID="string_15" HPOS="660" VPOS="189" WIDTH="14" HEIGHT="41" WC="0.96" CONTENT="i"/><SP WIDTH="11" VPOS="189" HPOS="674"/>
							<String ID="string_16" HPOS="685" VPOS="204" WIDTH="61" HEIGHT="22" WC="0.96" CONTENT="prop."/><SP WIDTH="16" VPOS="204" HPOS="746"/>
							<String ID="string_17" HPOS="762" VPOS="205" WIDTH="34" HEIGHT="16" WC="0.96" CONTENT="n:o"/><SP WIDTH="19" VPOS="205" HPOS="796"/>
							<String ID="string_18" HPOS="815" VPOS="201" WIDTH="24" HEIGHT="19" WC="0.96" CONTENT="19"/>
						</TextLine>
						<TextLine ID="line_2" HPOS="83" VPOS="226" WIDTH="757" HEIGHT="35">
							<String ID="string_19" HPOS="83" VPOS="226" WIDTH="122" HEIGHT="28" WC="0.96" CONTENT="föreslagna"/><SP WIDTH="15" VPOS="226" HPOS="205"/>
							<String ID="string_20" HPOS="220" VPOS="230" WIDTH="60" HEIGHT="20" WC="0.92" CONTENT="extra"/><SP WIDTH="10" VPOS="230" HPOS="280"/>
							<String ID="string_21" HPOS="290" VPOS="228" WIDTH="143" HEIGHT="28" WC="0.91" CONTENT="bevillningen"/><SP WIDTH="11" VPOS="228" HPOS="433"/>
							<String ID="string_22" HPOS="444" VPOS="230" WIDTH="34" HEIGHT="22" WC="0.96" CONTENT="för"/><SP WIDTH="8" VPOS="230" HPOS="478"/>
							<String ID="string_23" HPOS="486" VPOS="231" WIDTH="103" HEIGHT="27" WC="0.96" CONTENT="spelkort,"/><SP WIDTH="9" VPOS="231" HPOS="589"/>
							<String ID="string_24" HPOS="598" VPOS="232" WIDTH="92" HEIGHT="27" WC="0.96" CONTENT="hvilken,"/><SP WIDTH="11" VPOS="232" HPOS="690"/>
							<String ID="string_25" HPOS="701" VPOS="233" WIDTH="54" HEIGHT="22" WC="0.93" CONTENT="efter"/><SP WIDTH="9" VPOS="233" HPOS="755"/>
							<String ID="string_26" HPOS="764" VPOS="236" WIDTH="76" HEIGHT="25" WC="0.93" CONTENT="10,000"/>
						</TextLine>
						<TextLine ID="line_3" HPOS="83" VPOS="261" WIDTH="756" HEIGHT="32">
							<String ID="string_27" HPOS="83" VPOS="261" WIDTH="60" HEIGHT="21" WC="0.96" CONTENT="mark"/><SP WIDTH="15" VPOS="261" HPOS="143"/>
							<String ID="string_28" HPOS="158" VPOS="262" WIDTH="7" HEIGHT="21" WC="0.96" CONTENT="i"/><SP WIDTH="16" VPOS="262" HPOS="165"/>
							<String ID="string_29" HPOS="181" VPOS="262" WIDTH="64" HEIGHT="27" WC="0.95" CONTENT="årligt"/><SP WIDTH="14" VPOS="262" HPOS="245"/>
							<String ID="string_30" HPOS="259" VPOS="263" WIDTH="109" HEIGHT="26" WC="0.93" CONTENT="medeltal,"/><SP WIDTH="17" VPOS="263" HPOS="368"/>
							<String ID="string_31" HPOS="385" VPOS="264" WIDTH="110" HEIGHT="27" WC="0.92" CONTENT="inbringar"/><SP WIDTH="24" VPOS="264" HPOS="495"/>
							<String ID="string_32" HPOS="519" VPOS="282" WIDTH="1" HEIGHT="5" WC="0.81" CONTENT="."/><SP WIDTH="30" VPOS="282" HPOS="520"/>
							<String ID="string_33" HPOS="550" VPOS="282" WIDTH="5" HEIGHT="5" WC="0.91" CONTENT="."/><SP WIDTH="31" VPOS="282" HPOS="555"/>
							<String ID="string_34" HPOS="586" VPOS="283" WIDTH="5" HEIGHT="4" WC="0.90" CONTENT="."/><SP WIDTH="31" VPOS="283" HPOS="591"/>
							<String ID="string_35" HPOS="622" VPOS="283" WIDTH="5" HEIGHT="5" WC="0.91" CONTENT="."/><SP WIDTH="31" VPOS="283" HPOS="627"/>
							<String ID="string_36" HPOS="658" VPOS="283" WIDTH="5" HEIGHT="6" WC="0.79" CONTENT="."/><SP WIDTH="17" VPOS="283" HPOS="663"/>
							<String ID="string_37" HPOS="680" VPOS="269" WIDTH="78" HEIGHT="24" WC="0.91" CONTENT="30,000"/><SP WIDTH="15" VPOS="269" HPOS="758"/>
							<String ID="string_38" HPOS="773" VPOS="268" WIDTH="66" HEIGHT="22" WC="0.96" CONTENT="mark."/>
						</TextLine>
					</TextBlock>
					<TextBlock ID="block_2" HPOS="81" VPOS="296" WIDTH="759" HEIGHT="233">
						<TextLine ID="line_4" HPOS="152" VPOS="296" WIDTH="688" HEIGHT="33">
							<String ID="string_39" HPOS="152" VPOS="296" WIDTH="26" HEIGHT="25" WC="0.91" CONTENT="d)"/><SP WIDTH="23" VPOS="296" HPOS="178"/>
							<String ID="string_40" HPOS="201" VPOS="297" WIDTH="70" HEIGHT="22" WC="0.93" CONTENT="Sedan"/><SP WIDTH="19" VPOS="297" HPOS="271"/>
							<String ID="string_41" HPOS="290" VPOS="297" WIDTH="121" HEIGHT="22" WC="0.90" CONTENT="Ständerna"/><SP WIDTH="16" VPOS="297" HPOS="411"/>
							<String ID="string_42" HPOS="427" VPOS="299" WIDTH="6" HEIGHT="21" WC="0.93" CONTENT="i"/><SP WIDTH="16" VPOS="299" HPOS="433"/>
							<String ID="string_43" HPOS="449" VPOS="299" WIDTH="122" HEIGHT="22" WC="0.91" CONTENT="hufvudsak"/><SP WIDTH="15" VPOS="299" HPOS="571"/>
							<String ID="string_44" HPOS="586" VPOS="300" WIDTH="85" HEIGHT="29" WC="0.96" CONTENT="förnyat"/><SP WIDTH="16" VPOS="300" HPOS="671"/>
							<String ID="string_45" HPOS="687" VPOS="302" WIDTH="27" HEIGHT="21" WC="0.96" CONTENT="de"/><SP WIDTH="16" VPOS="302" HPOS="714"/>
							<String ID="string_46" HPOS="730" VPOS="303" WIDTH="110" HEIGHT="26" WC="0.96" CONTENT="angående"/>
						</TextLine>
						<TextLine ID="line_5" HPOS="83" VPOS="331" WIDTH="756" HEIGHT="33">
							<String ID="string_47" HPOS="83" VPOS="331" WIDTH="235" HEIGHT="28" WC="0.91" CONTENT="stämpelbevillningen"/><SP WIDTH="15" VPOS="331" HPOS="318"/>
							<String ID="string_48" HPOS="333" VPOS="332" WIDTH="33" HEIGHT="22" WC="0.96" CONTENT="för"/><SP WIDTH="15" VPOS="332" HPOS="366"/>
							<String ID="string_49" HPOS="381" VPOS="333" WIDTH="134" HEIGHT="22" WC="0.96" CONTENT="närvarande"/><SP WIDTH="9" VPOS="333" HPOS="515"/>
							<String ID="string_50" HPOS="524" VPOS="335" WIDTH="99" HEIGHT="26" WC="0.96" CONTENT="gällande"/><SP WIDTH="12" VPOS="335" HPOS="623"/>
							<String ID="string_51" HPOS="635" VPOS="337" WIDTH="134" HEIGHT="26" WC="0.96" CONTENT="stadganden"/><SP WIDTH="9" VPOS="337" HPOS="769"/>
							<String ID="string_52" HPOS="778" VPOS="340" WIDTH="61" HEIGHT="24" WC="0.96" CONTENT="samt,"/>
						</TextLine>
						<TextLine ID="line_6" HPOS="82" VPOS="364" WIDTH="758" HEIGHT="32">
							<String ID="string_53" HPOS="82" VPOS="364" WIDTH="28" HEIGHT="27" WC="0.96" CONTENT="på"/><SP WIDTH="15" VPOS="364" HPOS="110"/>
							<String ID="string_54" HPOS="125" VPOS="367" WIDTH="45" HEIGHT="20" WC="0.96" CONTENT="sätt"/><SP WIDTH="15" VPOS="367" HPOS="170"/>
							<String ID="string_55" HPOS="185" VPOS="365" WIDTH="61" HEIGHT="22" WC="0.96" CONTENT="ofvan"/><SP WIDTH="16" VPOS="365" HPOS="246"/>
							<String ID="string_56" HPOS="262" VPOS="366" WIDTH="87" HEIGHT="27" WC="0.93" CONTENT="anförts,"/><SP WIDTH="18" VPOS="366" HPOS="349"/>
							<String ID="string_57" HPOS="367" VPOS="367" WIDTH="68" HEIGHT="28" WC="0.92" CONTENT="afböjt"/><SP WIDTH="15" VPOS="367" HPOS="435"/>
							<String ID="string_58" HPOS="450" VPOS="367" WIDTH="106" HEIGHT="29" WC="0.96" CONTENT="förslaget"/><SP WIDTH="15" VPOS="367" HPOS="556"/>
							<String ID="string_59" HPOS="571" VPOS="372" WIDTH="33" HEIGHT="19" WC="0.96" CONTENT="att"/><SP WIDTH="15" VPOS="372" HPOS="604"/>
							<String ID="string_60" HPOS="619" VPOS="369" WIDTH="23" HEIGHT="22" WC="0.96" CONTENT="af"/><SP WIDTH="14" VPOS="369" HPOS="642"/>
							<String ID="string_61" HPOS="656" VPOS="371" WIDTH="71" HEIGHT="22" WC="0.96" CONTENT="denna"/><SP WIDTH="11" VPOS="371" HPOS="727"/>
							<String ID="string_62" HPOS="738" VPOS="372" WIDTH="59" HEIGHT="21" WC="0.96" CONTENT="skatt"/><SP WIDTH="11" VPOS="372" HPOS="797"/>
							<String ID="string_63" HPOS="808" VPOS="372" WIDTH="32" HEIGHT="21" WC="0.96" CONTENT="till"/>
						</TextLine>
						<TextLine ID="line_7" HPOS="82" VPOS="399" WIDTH="756" HEIGHT="38">
							<String ID="string_64" HPOS="82" VPOS="399" WIDTH="108" HEIGHT="22" WC="0.93" CONTENT="allmänna"/><SP WIDTH="15" VPOS="399" HPOS="190"/>
							<String ID="string_65" HPOS="205" VPOS="400" WIDTH="134" HEIGHT="23" WC="0.93" CONTENT="statsfonden"/><SP WIDTH="16" VPOS="400" HPOS="339"/>
							<String ID="string_66" HPOS="355" VPOS="401" WIDTH="57" HEIGHT="22" WC="0.92" CONTENT="afstå"/><SP WIDTH="15" VPOS="401" HPOS="412"/>
							<String ID="string_67" HPOS="427" VPOS="404" WIDTH="33" HEIGHT="20" WC="0.96" CONTENT="ett"/><SP WIDTH="16" VPOS="404" HPOS="460"/>
							<String ID="string_68" HPOS="476" VPOS="403" WIDTH="63" HEIGHT="27" WC="0.95" CONTENT="årligt"/><SP WIDTH="16" VPOS="403" HPOS="539"/>
							<String ID="string_69" HPOS="555" VPOS="404" WIDTH="78" HEIGHT="28" WC="0.96" CONTENT="belopp"/><SP WIDTH="9" VPOS="404" HPOS="633"/>
							<String ID="string_70" HPOS="642" VPOS="405" WIDTH="23" HEIGHT="21" WC="0.92" CONTENT="af"/><SP WIDTH="7" VPOS="405" HPOS="665"/>
							<String ID="string_71" HPOS="672" VPOS="407" WIDTH="92" HEIGHT="25" WC="0.93" CONTENT="475,000"/><SP WIDTH="9" VPOS="407" HPOS="764"/>
							<String ID="string_72" HPOS="773" VPOS="402" WIDTH="65" HEIGHT="35" WC="0.96" CONTENT="mark,"/>
						</TextLine>
						<TextLine ID="line_8" HPOS="82" VPOS="433" WIDTH="757" HEIGHT="39">
							<String ID="string_73" HPOS="82" VPOS="433" WIDTH="24" HEIGHT="22" WC="0.96" CONTENT="så"/><SP WIDTH="14" VPOS="433" HPOS="106"/>
							<String ID="string_74" HPOS="120" VPOS="434" WIDTH="43" HEIGHT="21" WC="0.96" CONTENT="kan"/><SP WIDTH="15" VPOS="434" HPOS="163"/>
							<String ID="string_75" HPOS="178" VPOS="434" WIDTH="23" HEIGHT="22" WC="0.93" CONTENT="af"/><SP WIDTH="15" VPOS="434" HPOS="201"/>
							<String ID="string_76" HPOS="216" VPOS="435" WIDTH="235" HEIGHT="28" WC="0.91" CONTENT="stämpelbevillningen"/><SP WIDTH="16" VPOS="435" HPOS="451"/>
							<String ID="string_77" HPOS="467" VPOS="437" WIDTH="33" HEIGHT="22" WC="0.96" CONTENT="för"/><SP WIDTH="15" VPOS="437" HPOS="500"/>
							<String ID="string_78" HPOS="515" VPOS="437" WIDTH="162" HEIGHT="28" WC="0.95" CONTENT="ifrågavarande"/><SP WIDTH="16" VPOS="437" HPOS="677"/>
							<String ID="string_79" HPOS="693" VPOS="441" WIDTH="99" HEIGHT="21" WC="0.96" CONTENT="ändamål"/><SP WIDTH="10" VPOS="441" HPOS="792"/>
							<String ID="string_80" HPOS="802" VPOS="437" WIDTH="37" HEIGHT="35" WC="0.92" CONTENT="på-"/>
						</TextLine>
						<TextLine ID="line_9" HPOS="81" VPOS="469" WIDTH="759" HEIGHT="31">
							<String ID="string_81" HPOS="81" VPOS="469" WIDTH="78" HEIGHT="21" WC="0.96" CONTENT="räknas"/><SP WIDTH="24" VPOS="469" HPOS="159"/>
							<String ID="string_82" HPOS="183" VPOS="475" WIDTH="26" HEIGHT="16" WC="0.95" CONTENT="en"/><SP WIDTH="22" VPOS="475" HPOS="209"/>
							<String ID="string_83" HPOS="231" VPOS="475" WIDTH="83" HEIGHT="16" WC="0.96" CONTENT="summa"/><SP WIDTH="23" VPOS="475" HPOS="314"/>
							<String ID="string_84" HPOS="337" VPOS="471" WIDTH="22" HEIGHT="21" WC="0.93" CONTENT="af"/><SP WIDTH="17" VPOS="471" HPOS="359"/>
							<String ID="string_85" HPOS="376" VPOS="473" WIDTH="93" HEIGHT="24" WC="0.90" CONTENT="730,000"/><SP WIDTH="16" VPOS="473" HPOS="469"/>
							<String ID="string_86" HPOS="485" VPOS="473" WIDTH="60" HEIGHT="21" WC="0.96" CONTENT="mark"/><SP WIDTH="15" VPOS="473" HPOS="545"/>
							<String ID="string_87" HPOS="560" VPOS="473" WIDTH="7" HEIGHT="21" WC="0.96" CONTENT="i"/><SP WIDTH="16" VPOS="473" HPOS="567"/>
							<String ID="string_88" HPOS="583" VPOS="473" WIDTH="53" HEIGHT="27" WC="0.96" CONTENT="året,"/><SP WIDTH="17" VPOS="473" HPOS="636"/>
							<String ID="string_89" HPOS="653" VPOS="474" WIDTH="51" HEIGHT="23" WC="0.96" CONTENT="eller"/><SP WIDTH="15" VPOS="474" HPOS="704"/>
							<String ID="string_90" HPOS="719" VPOS="475" WIDTH="33" HEIGHT="22" WC="0.96" CONTENT="för"/><SP WIDTH="16" VPOS="475" HPOS="752"/>
							<String ID="string_91" HPOS="768" VPOS="477" WIDTH="32" HEIGHT="20" WC="0.96" CONTENT="tre"/><SP WIDTH="16" VPOS="477" HPOS="800"/>
							<String ID="string_92" HPOS="816" VPOS="476" WIDTH="24" HEIGHT="21" WC="0.96" CONTENT="år"/>
						</TextLine>
						<TextLine ID="line_10" HPOS="82" VPOS="504" WIDTH="195" HEIGHT="25">
							<String ID="string_93" HPOS="82" VPOS="504" WIDTH="113" HEIGHT="25" WC="0.91" CONTENT="2,190,000"/><SP WIDTH="16" VPOS="504" HPOS="195"/>
							<String ID="string_94" HPOS="211" VPOS="505" WIDTH="66" HEIGHT="21" WC="0.96" CONTENT="mark."/>
						</TextLine>
					</TextBlock>
					<TextBlock ID="block_3" HPOS="79" VPOS="537" WIDTH="761" HEIGHT="310">
						<TextLine ID="line_11" HPOS="150" VPOS="537" WIDTH="689" HEIGHT="39">
							<String ID="string_95" HPOS="150" VPOS="537" WIDTH="20" HEIGHT="28" WC="0.93" CONTENT="e)"/><SP WIDTH="16" VPOS="537" HPOS="170"/>
							<String ID="string_96" HPOS="186" VPOS="539" WIDTH="58" HEIGHT="21" WC="0.91" CONTENT="Enär"/><SP WIDTH="15" VPOS="539" HPOS="244"/>
							<String ID="string_97" HPOS="259" VPOS="539" WIDTH="36" HEIGHT="22" WC="0.95" CONTENT="det"/><SP WIDTH="15" VPOS="539" HPOS="295"/>
							<String ID="string_98" HPOS="310" VPOS="540" WIDTH="56" HEIGHT="21" WC="0.95" CONTENT="visat"/><SP WIDTH="16" VPOS="540" HPOS="366"/>
							<String ID="string_99" HPOS="382" VPOS="541" WIDTH="39" HEIGHT="27" WC="0.95" CONTENT="sig,"/><SP WIDTH="16" VPOS="541" HPOS="421"/>
							<String ID="string_100" HPOS="437" VPOS="543" WIDTH="34" HEIGHT="20" WC="0.91" CONTENT="att"/><SP WIDTH="8" VPOS="543" HPOS="471"/>
							<String ID="string_101" HPOS="479" VPOS="541" WIDTH="32" HEIGHT="22" WC="0.91" CONTENT="för"/><SP WIDTH="8" VPOS="541" HPOS="511"/>
							<String ID="string_102" HPOS="519" VPOS="544" WIDTH="110" HEIGHT="21" WC="0.96" CONTENT="närmaste"/><SP WIDTH="9" VPOS="544" HPOS="629"/>
							<String ID="string_103" HPOS="638" VPOS="540" WIDTH="201" HEIGHT="36" WC="0.91" CONTENT="budgetsreglering"/>
						</TextLine>
						<TextLine ID="line_12" HPOS="80" VPOS="570" WIDTH="759" HEIGHT="41">
							<String ID="string_104" HPOS="80" VPOS="570" WIDTH="48" HEIGHT="22" WC="0.96" CONTENT="icke"/><SP WIDTH="24" VPOS="570" HPOS="128"/>
							<String ID="string_105" HPOS="152" VPOS="572" WIDTH="106" HEIGHT="22" WC="0.96" CONTENT="erfordras"/><SP WIDTH="24" VPOS="572" HPOS="258"/>
							<String ID="string_106" HPOS="282" VPOS="574" WIDTH="67" HEIGHT="22" WC="0.96" CONTENT="sådan"/><SP WIDTH="18" VPOS="574" HPOS="349"/>
							<String ID="string_107" HPOS="367" VPOS="574" WIDTH="123" HEIGHT="28" WC="0.96" CONTENT="förhöjning"/><SP WIDTH="16" VPOS="574" HPOS="490"/>
							<String ID="string_108" HPOS="506" VPOS="576" WIDTH="23" HEIGHT="22" WC="0.96" CONTENT="af"/><SP WIDTH="14" VPOS="576" HPOS="529"/>
							<String ID="string_109" HPOS="543" VPOS="577" WIDTH="41" HEIGHT="22" WC="0.96" CONTENT="den"/><SP WIDTH="14" VPOS="577" HPOS="584"/>
							<String ID="string_110" HPOS="598" VPOS="577" WIDTH="33" HEIGHT="22" WC="0.96" CONTENT="för"/><SP WIDTH="15" VPOS="577" HPOS="631"/>
							<String ID="string_111" HPOS="646" VPOS="579" WIDTH="134" HEIGHT="22" WC="0.96" CONTENT="närvarande"/><SP WIDTH="16" VPOS="579" HPOS="780"/>
							<String ID="string_112" HPOS="796" VPOS="575" WIDTH="43" HEIGHT="36" WC="0.92" CONTENT="gäl-"/>
						</TextLine>
						<TextLine ID="line_13" HPOS="80" VPOS="605" WIDTH="758" HEIGHT="36">
							<String ID="string_113" HPOS="80" VPOS="605" WIDTH="64" HEIGHT="23" WC="0.94" CONTENT="lande"/><SP WIDTH="23" VPOS="605" HPOS="144"/>
							<String ID="string_114" HPOS="167" VPOS="606" WIDTH="84" HEIGHT="23" WC="0.92" CONTENT="direkta"/><SP WIDTH="22" VPOS="606" HPOS="251"/>
							<String ID="string_115" HPOS="273" VPOS="608" WIDTH="150" HEIGHT="28" WC="0.92" CONTENT="bevillningen,"/><SP WIDTH="24" VPOS="608" HPOS="423"/>
							<String ID="string_116" HPOS="447" VPOS="616" WIDTH="47" HEIGHT="16" WC="0.93" CONTENT="som"/><SP WIDTH="15" VPOS="616" HPOS="494"/>
							<String ID="string_117" HPOS="509" VPOS="610" WIDTH="77" HEIGHT="23" WC="0.92" CONTENT="afsetts"/><SP WIDTH="17" VPOS="610" HPOS="586"/>
							<String ID="string_118" HPOS="603" VPOS="618" WIDTH="76" HEIGHT="20" WC="0.96" CONTENT="genom"/><SP WIDTH="15" VPOS="618" HPOS="679"/>
							<String ID="string_119" HPOS="694" VPOS="613" WIDTH="80" HEIGHT="28" WC="0.93" CONTENT="nådiga"/><SP WIDTH="15" VPOS="613" HPOS="774"/>
							<String ID="string_120" HPOS="789" VPOS="620" WIDTH="49" HEIGHT="20" WC="0.92" CONTENT="pro-"/>
						</TextLine>
						<TextLine ID="line_14" HPOS="80" VPOS="640" WIDTH="758" HEIGHT="34">
							<String ID="string_121" HPOS="80" VPOS="640" WIDTH="122" HEIGHT="27" WC="0.96" CONTENT="positionen"/><SP WIDTH="22" VPOS="640" HPOS="202"/>
							<String ID="string_122" HPOS="224" VPOS="648" WIDTH="34" HEIGHT="16" WC="0.95" CONTENT="n:o"/><SP WIDTH="25" VPOS="648" HPOS="258"/>
							<String ID="string_123" HPOS="283" VPOS="645" WIDTH="32" HEIGHT="24" WC="0.96" CONTENT="18,"/><SP WIDTH="24" VPOS="645" HPOS="315"/>
							<String ID="string_124" HPOS="339" VPOS="650" WIDTH="34" HEIGHT="15" WC="0.93" CONTENT="om"/><SP WIDTH="19" VPOS="650" HPOS="373"/>
							<String ID="string_125" HPOS="392" VPOS="644" WIDTH="117" HEIGHT="28" WC="0.91" CONTENT="bevillning"/><SP WIDTH="14" VPOS="644" HPOS="509"/>
							<String ID="string_126" HPOS="523" VPOS="644" WIDTH="33" HEIGHT="23" WC="0.96" CONTENT="för"/><SP WIDTH="15" VPOS="644" HPOS="556"/>
							<String ID="string_127" HPOS="571" VPOS="645" WIDTH="44" HEIGHT="22" WC="0.96" CONTENT="fast"/><SP WIDTH="16" VPOS="645" HPOS="615"/>
							<String ID="string_128" HPOS="631" VPOS="647" WIDTH="104" HEIGHT="27" WC="0.96" CONTENT="egendom"/><SP WIDTH="16" VPOS="647" HPOS="735"/>
							<String ID="string_129" HPOS="751" VPOS="648" WIDTH="40" HEIGHT="22" WC="0.93" CONTENT="och"/><SP WIDTH="15" VPOS="648" HPOS="791"/>
							<String ID="string_130" HPOS="806" VPOS="648" WIDTH="32" HEIGHT="22" WC="0.92" CONTENT="in-"/>
						</TextLine>
						<TextLine ID="line_15" HPOS="80" VPOS="675" WIDTH="758" HEIGHT="34">
							<String ID="string_131" HPOS="80" VPOS="675" WIDTH="77" HEIGHT="27" WC="0.96" CONTENT="komst,"/><SP WIDTH="17" VPOS="675" HPOS="157"/>
							<String ID="string_132" HPOS="174" VPOS="676" WIDTH="64" HEIGHT="22" WC="0.93" CONTENT="hafva"/><SP WIDTH="16" VPOS="676" HPOS="238"/>
							<String ID="string_133" HPOS="254" VPOS="677" WIDTH="121" HEIGHT="23" WC="0.91" CONTENT="Ständerna"/><SP WIDTH="15" VPOS="677" HPOS="375"/>
							<String ID="string_134" HPOS="390" VPOS="678" WIDTH="69" HEIGHT="28" WC="0.92" CONTENT="afböjt"/><SP WIDTH="16" VPOS="678" HPOS="459"/>
							<String ID="string_135" HPOS="475" VPOS="680" WIDTH="61" HEIGHT="21" WC="0.93" CONTENT="detta"/><SP WIDTH="15" VPOS="680" HPOS="536"/>
							<String ID="string_136" HPOS="551" VPOS="680" WIDTH="161" HEIGHT="29" WC="0.92" CONTENT="skatteförslag,"/><SP WIDTH="18" VPOS="680" HPOS="712"/>
							<String ID="string_137" HPOS="730" VPOS="689" WIDTH="48" HEIGHT="15" WC="0.93" CONTENT="men"/><SP WIDTH="12" VPOS="689" HPOS="778"/>
							<String ID="string_138" HPOS="790" VPOS="683" WIDTH="48" HEIGHT="22" WC="0.93" CONTENT="der-"/>
						</TextLine>
						<TextLine ID="line_16" HPOS="81" VPOS="710" WIDTH="755" HEIGHT="33">
							<String ID="string_139" HPOS="81" VPOS="712" WIDTH="57" HEIGHT="20" WC="0.93" CONTENT="emot"/><SP WIDTH="23" VPOS="712" HPOS="138"/>
							<String ID="string_140" HPOS="161" VPOS="710" WIDTH="13" HEIGHT="22" WC="0.91" CONTENT="å"/><SP WIDTH="22" VPOS="710" HPOS="174"/>
							<String ID="string_141" HPOS="196" VPOS="718" WIDTH="41" HEIGHT="21" WC="0.91" CONTENT="nyo"/><SP WIDTH="23" VPOS="718" HPOS="237"/>
							<String ID="string_142" HPOS="260" VPOS="712" WIDTH="68" HEIGHT="28" WC="0.96" CONTENT="åtagit"/><SP WIDTH="21" VPOS="712" HPOS="328"/>
							<String ID="string_143" HPOS="349" VPOS="713" WIDTH="33" HEIGHT="27" WC="0.93" CONTENT="sig"/><SP WIDTH="22" VPOS="713" HPOS="382"/>
							<String ID="string_144" HPOS="404" VPOS="713" WIDTH="213" HEIGHT="29" WC="0.92" CONTENT="inkomstbevillning"/><SP WIDTH="16" VPOS="713" HPOS="617"/>
							<String ID="string_145" HPOS="633" VPOS="716" WIDTH="66" HEIGHT="27" WC="0.96" CONTENT="enligt"/><SP WIDTH="16" VPOS="716" HPOS="699"/>
							<String ID="string_146" HPOS="715" VPOS="717" WIDTH="73" HEIGHT="22" WC="0.96" CONTENT="derom"/><SP WIDTH="15" VPOS="717" HPOS="788"/>
							<String ID="string_147" HPOS="803" VPOS="717" WIDTH="33" HEIGHT="22" WC="0.96" CONTENT="för"/>
						</TextLine>
						<TextLine ID="line_17" HPOS="80" VPOS="746" WIDTH="760" HEIGHT="28">
							<String ID="string_148" HPOS="80" VPOS="746" WIDTH="133" HEIGHT="22" WC="0.96" CONTENT="närvarande"/><SP WIDTH="23" VPOS="746" HPOS="213"/>
							<String ID="string_149" HPOS="236" VPOS="746" WIDTH="98" HEIGHT="28" WC="0.95" CONTENT="gällande"/><SP WIDTH="23" VPOS="746" HPOS="334"/>
							<String ID="string_150" HPOS="357" VPOS="748" WIDTH="95" HEIGHT="26" WC="0.96" CONTENT="grunder"/><SP WIDTH="23" VPOS="748" HPOS="452"/>
							<String ID="string_151" HPOS="475" VPOS="751" WIDTH="56" HEIGHT="19" WC="0.96" CONTENT="samt"/><SP WIDTH="22" VPOS="751" HPOS="531"/>
							<String ID="string_152" HPOS="553" VPOS="750" WIDTH="106" HEIGHT="22" WC="0.93" CONTENT="beräknat"/><SP WIDTH="20" VPOS="750" HPOS="659"/>
							<String ID="string_153" HPOS="679" VPOS="751" WIDTH="122" HEIGHT="23" WC="0.92" CONTENT="afkomsten"/><SP WIDTH="16" VPOS="751" HPOS="801"/>
							<String ID="string_154" HPOS="817" VPOS="752" WIDTH="23" HEIGHT="22" WC="0.96" CONTENT="af"/>
						</TextLine>
						<TextLine ID="line_18" HPOS="80" VPOS="779" WIDTH="757" HEIGHT="34">
							<String ID="string_155" HPOS="80" VPOS="779" WIDTH="70" HEIGHT="22" WC="0.96" CONTENT="denna"/><SP WIDTH="15" VPOS="779" HPOS="150"/>
							<String ID="string_156" HPOS="165" VPOS="780" WIDTH="61" HEIGHT="22" WC="0.96" CONTENT="skatt"/><SP WIDTH="16" VPOS="780" HPOS="226"/>
							<String ID="string_157" HPOS="242" VPOS="781" WIDTH="53" HEIGHT="22" WC="0.96" CONTENT="efter"/><SP WIDTH="15" VPOS="781" HPOS="295"/>
							<String ID="string_158" HPOS="310" VPOS="782" WIDTH="125" HEIGHT="22" WC="0.96" CONTENT="medeltalet"/><SP WIDTH="16" VPOS="782" HPOS="435"/>
							<String ID="string_159" HPOS="451" VPOS="782" WIDTH="34" HEIGHT="23" WC="0.96" CONTENT="för"/><SP WIDTH="15" VPOS="782" HPOS="485"/>
							<String ID="string_160" HPOS="500" VPOS="784" WIDTH="26" HEIGHT="21" WC="0.96" CONTENT="de"/><SP WIDTH="17" VPOS="784" HPOS="526"/>
							<String ID="string_161" HPOS="543" VPOS="790" WIDTH="76" HEIGHT="17" WC="0.96" CONTENT="senare"/><SP WIDTH="15" VPOS="790" HPOS="619"/>
							<String ID="string_162" HPOS="634" VPOS="786" WIDTH="52" HEIGHT="22" WC="0.96" CONTENT="åren"/><SP WIDTH="16" VPOS="786" HPOS="686"/>
							<String ID="string_163" HPOS="702" VPOS="786" WIDTH="32" HEIGHT="22" WC="0.96" CONTENT="till"/><SP WIDTH="12" VPOS="786" HPOS="734"/>
							<String ID="string_164" HPOS="746" VPOS="788" WIDTH="91" HEIGHT="25" WC="0.89" CONTENT="800,000"/>
						</TextLine>
						<TextLine ID="line_19" HPOS="79" VPOS="814" WIDTH="757" HEIGHT="33">
							<String ID="string_165" HPOS="79" VPOS="814" WIDTH="60" HEIGHT="22" WC="0.96" CONTENT="mark"/><SP WIDTH="16" VPOS="814" HPOS="139"/>
							<String ID="string_166" HPOS="155" VPOS="815" WIDTH="90" HEIGHT="27" WC="0.96" CONTENT="årligen;"/><SP WIDTH="17" VPOS="815" HPOS="245"/>
							<String ID="string_167" HPOS="262" VPOS="816" WIDTH="81" HEIGHT="22" WC="0.96" CONTENT="hvilket"/><SP WIDTH="15" VPOS="816" HPOS="343"/>
							<String ID="string_168" HPOS="358" VPOS="817" WIDTH="33" HEIGHT="22" WC="0.96" CONTENT="för"/><SP WIDTH="15" VPOS="817" HPOS="391"/>
							<String ID="string_169" HPOS="406" VPOS="818" WIDTH="50" HEIGHT="22" WC="0.96" CONTENT="hela"/><SP WIDTH="15" VPOS="818" HPOS="456"/>
							<String ID="string_170" HPOS="471" VPOS="819" WIDTH="103" HEIGHT="26" WC="0.96" CONTENT="perioden"/><SP WIDTH="16" VPOS="819" HPOS="574"/>
							<String ID="string_171" HPOS="590" VPOS="822" WIDTH="39" HEIGHT="25" WC="0.93" CONTENT="gör"/><SP WIDTH="16" VPOS="822" HPOS="629"/>
							<String ID="string_172" HPOS="645" VPOS="822" WIDTH="113" HEIGHT="25" WC="0.92" CONTENT="2,400,000"/><SP WIDTH="11" VPOS="822" HPOS="758"/>
							<String ID="string_173" HPOS="769" VPOS="822" WIDTH="67" HEIGHT="22" WC="0.96" CONTENT="mark."/>
						</TextLine>
					</TextBlock>
					<TextBlock ID="block_4" HPOS="79" VPOS="849" WIDTH="758" HEIGHT="102">
						<TextLine ID="line_20" HPOS="151" VPOS="849" WIDTH="686" HEIGHT="34">
							<String ID="string_174" HPOS="151" VPOS="849" WIDTH="101" HEIGHT="22" WC="0.96" CONTENT="Summan"/><SP WIDTH="16" VPOS="849" HPOS="252"/>
							<String ID="string_175" HPOS="268" VPOS="850" WIDTH="22" HEIGHT="22" WC="0.96" CONTENT="af"/><SP WIDTH="14" VPOS="850" HPOS="290"/>
							<String ID="string_176" HPOS="304" VPOS="851" WIDTH="26" HEIGHT="22" WC="0.96" CONTENT="de"/><SP WIDTH="15" VPOS="851" HPOS="330"/>
							<String ID="string_177" HPOS="345" VPOS="852" WIDTH="35" HEIGHT="21" WC="0.93" CONTENT="vid"/><SP WIDTH="16" VPOS="852" HPOS="380"/>
							<String ID="string_178" HPOS="396" VPOS="854" WIDTH="67" HEIGHT="23" WC="0.72" CONTENT="a)—e)"/><SP WIDTH="11" VPOS="854" HPOS="463"/>
							<String ID="string_179" HPOS="474" VPOS="853" WIDTH="90" HEIGHT="22" WC="0.93" CONTENT="anförda"/><SP WIDTH="10" VPOS="853" HPOS="564"/>
							<String ID="string_180" HPOS="574" VPOS="854" WIDTH="140" HEIGHT="28" WC="0.92" CONTENT="bevillningar"/><SP WIDTH="11" VPOS="854" HPOS="714"/>
							<String ID="string_181" HPOS="725" VPOS="857" WIDTH="39" HEIGHT="26" WC="0.96" CONTENT="gör"/><SP WIDTH="10" VPOS="857" HPOS="764"/>
							<String ID="string_182" HPOS="774" VPOS="856" WIDTH="63" HEIGHT="21" WC="0.96" CONTENT="alltså"/>
						</TextLine>
						<TextLine ID="line_21" HPOS="80" VPOS="884" WIDTH="755" HEIGHT="32">
							<String ID="string_183" HPOS="80" VPOS="884" WIDTH="112" HEIGHT="25" WC="0.91" CONTENT="8,420,000"/><SP WIDTH="16" VPOS="884" HPOS="192"/>
							<String ID="string_184" HPOS="208" VPOS="885" WIDTH="61" HEIGHT="21" WC="0.96" CONTENT="mark"/><SP WIDTH="16" VPOS="885" HPOS="269"/>
							<String ID="string_185" HPOS="285" VPOS="885" WIDTH="51" HEIGHT="22" WC="0.93" CONTENT="eller"/><SP WIDTH="18" VPOS="885" HPOS="336"/>
							<String ID="string_186" HPOS="354" VPOS="888" WIDTH="89" HEIGHT="25" WC="0.91" CONTENT="112,827"/><SP WIDTH="17" VPOS="888" HPOS="443"/>
							<String ID="string_187" HPOS="460" VPOS="887" WIDTH="61" HEIGHT="22" WC="0.96" CONTENT="mark"/><SP WIDTH="17" VPOS="887" HPOS="521"/>
							<String ID="string_188" HPOS="538" VPOS="890" WIDTH="26" HEIGHT="19" WC="0.93" CONTENT="68"/><SP WIDTH="15" VPOS="890" HPOS="564"/>
							<String ID="string_189" HPOS="579" VPOS="889" WIDTH="65" HEIGHT="27" WC="0.92" CONTENT="penni"/><SP WIDTH="15" VPOS="889" HPOS="644"/>
							<String ID="string_190" HPOS="659" VPOS="889" WIDTH="85" HEIGHT="23" WC="0.92" CONTENT="utöfver"/><SP WIDTH="16" VPOS="889" HPOS="744"/>
							<String ID="string_191" HPOS="760" VPOS="891" WIDTH="36" HEIGHT="21" WC="0.93" CONTENT="det"/><SP WIDTH="8" VPOS="891" HPOS="796"/>
							<String ID="string_192" HPOS="804" VPOS="890" WIDTH="31" HEIGHT="22" WC="0.92" CONTENT="of-"/>
						</TextLine>
						<TextLine ID="line_22" HPOS="79" VPOS="919" WIDTH="544" HEIGHT="32">
							<String ID="string_193" HPOS="79" VPOS="923" WIDTH="41" HEIGHT="16" WC="0.96" CONTENT="van"/><SP WIDTH="16" VPOS="923" HPOS="120"/>
							<String ID="string_194" HPOS="136" VPOS="919" WIDTH="72" HEIGHT="21" WC="0.96" CONTENT="såsom"/><SP WIDTH="16" VPOS="919" HPOS="208"/>
							<String ID="string_195" HPOS="224" VPOS="919" WIDTH="135" HEIGHT="28" WC="0.96" CONTENT="erforderligt"/><SP WIDTH="15" VPOS="919" HPOS="359"/>
							<String ID="string_196" HPOS="374" VPOS="921" WIDTH="125" HEIGHT="23" WC="0.96" CONTENT="beräknade"/><SP WIDTH="16" VPOS="921" HPOS="499"/>
							<String ID="string_197" HPOS="515" VPOS="923" WIDTH="108" HEIGHT="28" WC="0.96" CONTENT="beloppet."/>
						</TextLine>
					</TextBlock>
					<TextBlock ID="block_5" HPOS="76" VPOS="953" WIDTH="759" HEIGHT="205">
						<TextLine ID="line_23" HPOS="146" VPOS="953" WIDTH="689" HEIGHT="34">
							<String ID="string_198" HPOS="146" VPOS="953" WIDTH="30" HEIGHT="22" WC="0.96" CONTENT="På"/><SP WIDTH="15" VPOS="953" HPOS="176"/>
							<String ID="string_199" HPOS="191" VPOS="955" WIDTH="69" HEIGHT="26" WC="0.95" CONTENT="grund"/><SP WIDTH="15" VPOS="955" HPOS="260"/>
							<String ID="string_200" HPOS="275" VPOS="955" WIDTH="63" HEIGHT="22" WC="0.96" CONTENT="häraf"/><SP WIDTH="12" VPOS="955" HPOS="338"/>
							<String ID="string_201" HPOS="350" VPOS="955" WIDTH="22" HEIGHT="22" WC="0.93" CONTENT="få"/><SP WIDTH="15" VPOS="955" HPOS="372"/>
							<String ID="string_202" HPOS="387" VPOS="955" WIDTH="124" HEIGHT="24" WC="0.91" CONTENT="Ständerna"/><SP WIDTH="15" VPOS="955" HPOS="511"/>
							<String ID="string_203" HPOS="526" VPOS="958" WIDTH="155" HEIGHT="28" WC="0.91" CONTENT="underdånigst"/><SP WIDTH="15" VPOS="958" HPOS="681"/>
							<String ID="string_204" HPOS="696" VPOS="960" WIDTH="91" HEIGHT="27" WC="0.96" CONTENT="anmäla,"/><SP WIDTH="15" VPOS="960" HPOS="787"/>
							<String ID="string_205" HPOS="802" VPOS="962" WIDTH="33" HEIGHT="20" WC="0.96" CONTENT="att"/>
						</TextLine>
						<TextLine ID="line_24" HPOS="78" VPOS="986" WIDTH="756" HEIGHT="35">
							<String ID="string_206" HPOS="78" VPOS="986" WIDTH="122" HEIGHT="23" WC="0.90" CONTENT="Ständerna"/><SP WIDTH="15" VPOS="986" HPOS="200"/>
							<String ID="string_207" HPOS="215" VPOS="989" WIDTH="32" HEIGHT="21" WC="0.92" CONTENT="till"/><SP WIDTH="15" VPOS="989" HPOS="247"/>
							<String ID="string_208" HPOS="262" VPOS="989" WIDTH="135" HEIGHT="23" WC="0.91" CONTENT="betäckande"/><SP WIDTH="16" VPOS="989" HPOS="397"/>
							<String ID="string_209" HPOS="413" VPOS="991" WIDTH="23" HEIGHT="22" WC="0.96" CONTENT="af"/><SP WIDTH="7" VPOS="991" HPOS="436"/>
							<String ID="string_210" HPOS="443" VPOS="992" WIDTH="42" HEIGHT="21" WC="0.96" CONTENT="den"/><SP WIDTH="9" VPOS="992" HPOS="485"/>
							<String ID="string_211" HPOS="494" VPOS="993" WIDTH="161" HEIGHT="27" WC="0.93" CONTENT="sammanlagda"/><SP WIDTH="8" VPOS="993" HPOS="655"/>
							<String ID="string_212" HPOS="663" VPOS="994" WIDTH="171" HEIGHT="27" WC="0.92" CONTENT="anslagssumma"/>
						</TextLine>
						<TextLine ID="line_25" HPOS="77" VPOS="1021" WIDTH="756" HEIGHT="34">
							<String ID="string_213" HPOS="77" VPOS="1021" WIDTH="23" HEIGHT="21" WC="0.89" CONTENT="af"/><SP WIDTH="22" VPOS="1021" HPOS="100"/>
							<String ID="string_214" HPOS="122" VPOS="1023" WIDTH="125" HEIGHT="27" WC="0.89" CONTENT="11,219,890"/><SP WIDTH="17" VPOS="1023" HPOS="247"/>
							<String ID="string_215" HPOS="264" VPOS="1025" WIDTH="60" HEIGHT="21" WC="0.96" CONTENT="mark"/><SP WIDTH="17" VPOS="1025" HPOS="324"/>
							<String ID="string_216" HPOS="341" VPOS="1027" WIDTH="26" HEIGHT="20" WC="0.93" CONTENT="82"/><SP WIDTH="16" VPOS="1027" HPOS="367"/>
							<String ID="string_217" HPOS="383" VPOS="1026" WIDTH="70" HEIGHT="27" WC="0.92" CONTENT="penni,"/><SP WIDTH="18" VPOS="1026" HPOS="453"/>
							<String ID="string_218" HPOS="471" VPOS="1032" WIDTH="47" HEIGHT="16" WC="0.96" CONTENT="som"/><SP WIDTH="15" VPOS="1032" HPOS="518"/>
							<String ID="string_219" HPOS="533" VPOS="1027" WIDTH="66" HEIGHT="28" WC="0.96" CONTENT="enligt"/><SP WIDTH="16" VPOS="1027" HPOS="599"/>
							<String ID="string_220" HPOS="615" VPOS="1027" WIDTH="62" HEIGHT="22" WC="0.96" CONTENT="ofvan"/><SP WIDTH="16" VPOS="1027" HPOS="677"/>
							<String ID="string_221" HPOS="693" VPOS="1029" WIDTH="89" HEIGHT="22" WC="0.93" CONTENT="anförda"/><SP WIDTH="15" VPOS="1029" HPOS="782"/>
							<String ID="string_222" HPOS="797" VPOS="1029" WIDTH="36" HEIGHT="22" WC="0.93" CONTENT="be-"/>
						</TextLine>
						<TextLine ID="line_26" HPOS="76" VPOS="1056" WIDTH="757" HEIGHT="29">
							<String ID="string_223" HPOS="76" VPOS="1056" WIDTH="116" HEIGHT="28" WC="0.96" CONTENT="räkningar"/><SP WIDTH="22" VPOS="1056" HPOS="192"/>
							<String ID="string_224" HPOS="214" VPOS="1058" WIDTH="106" HEIGHT="23" WC="0.96" CONTENT="erfordras"/><SP WIDTH="16" VPOS="1058" HPOS="320"/>
							<String ID="string_225" HPOS="336" VPOS="1059" WIDTH="71" HEIGHT="23" WC="0.95" CONTENT="såsom"/><SP WIDTH="17" VPOS="1059" HPOS="407"/>
							<String ID="string_226" HPOS="424" VPOS="1061" WIDTH="95" HEIGHT="22" WC="0.96" CONTENT="tillskott"/><SP WIDTH="16" VPOS="1061" HPOS="519"/>
							<String ID="string_227" HPOS="535" VPOS="1062" WIDTH="31" HEIGHT="21" WC="0.96" CONTENT="till"/><SP WIDTH="16" VPOS="1062" HPOS="566"/>
							<String ID="string_228" HPOS="582" VPOS="1063" WIDTH="140" HEIGHT="22" WC="0.96" CONTENT="bestridande"/><SP WIDTH="16" VPOS="1063" HPOS="722"/>
							<String ID="string_229" HPOS="738" VPOS="1063" WIDTH="22" HEIGHT="22" WC="0.93" CONTENT="af"/><SP WIDTH="14" VPOS="1063" HPOS="760"/>
							<String ID="string_230" HPOS="774" VPOS="1064" WIDTH="59" HEIGHT="21" WC="0.91" CONTENT="kost-"/>
						</TextLine>
						<TextLine ID="line_27" HPOS="76" VPOS="1091" WIDTH="757" HEIGHT="29">
							<String ID="string_231" HPOS="76" VPOS="1091" WIDTH="95" HEIGHT="22" WC="0.92" CONTENT="naderna"/><SP WIDTH="22" VPOS="1091" HPOS="171"/>
							<String ID="string_232" HPOS="193" VPOS="1092" WIDTH="33" HEIGHT="22" WC="0.96" CONTENT="för"/><SP WIDTH="22" VPOS="1092" HPOS="226"/>
							<String ID="string_233" HPOS="248" VPOS="1093" WIDTH="68" HEIGHT="22" WC="0.96" CONTENT="finska"/><SP WIDTH="16" VPOS="1093" HPOS="316"/>
							<String ID="string_234" HPOS="332" VPOS="1095" WIDTH="107" HEIGHT="22" WC="0.96" CONTENT="militären"/><SP WIDTH="16" VPOS="1095" HPOS="439"/>
							<String ID="string_235" HPOS="455" VPOS="1096" WIDTH="42" HEIGHT="21" WC="0.93" CONTENT="och"/><SP WIDTH="15" VPOS="1096" HPOS="497"/>
							<String ID="string_236" HPOS="512" VPOS="1096" WIDTH="147" HEIGHT="23" WC="0.91" CONTENT="folkskolorna"/><SP WIDTH="16" VPOS="1096" HPOS="659"/>
							<String ID="string_237" HPOS="675" VPOS="1098" WIDTH="109" HEIGHT="22" WC="0.96" CONTENT="äfvensom"/><SP WIDTH="16" VPOS="1098" HPOS="784"/>
							<String ID="string_238" HPOS="800" VPOS="1099" WIDTH="33" HEIGHT="21" WC="0.96" CONTENT="till"/>
						</TextLine>
						<TextLine ID="line_28" HPOS="76" VPOS="1126" WIDTH="687" HEIGHT="32">
							<String ID="string_239" HPOS="76" VPOS="1126" WIDTH="102" HEIGHT="22" WC="0.96" CONTENT="mötande"/><SP WIDTH="14" VPOS="1126" HPOS="178"/>
							<String ID="string_240" HPOS="192" VPOS="1126" WIDTH="24" HEIGHT="22" WC="0.96" CONTENT="af"/><SP WIDTH="13" VPOS="1126" HPOS="216"/>
							<String ID="string_241" HPOS="229" VPOS="1128" WIDTH="117" HEIGHT="27" WC="0.96" CONTENT="utgifterna"/><SP WIDTH="15" VPOS="1128" HPOS="346"/>
							<String ID="string_242" HPOS="361" VPOS="1129" WIDTH="32" HEIGHT="22" WC="0.93" CONTENT="för"/><SP WIDTH="15" VPOS="1129" HPOS="393"/>
							<String ID="string_243" HPOS="408" VPOS="1130" WIDTH="134" HEIGHT="28" WC="0.92" CONTENT="landtdagen"/><SP WIDTH="16" VPOS="1130" HPOS="542"/>
							<String ID="string_244" HPOS="558" VPOS="1131" WIDTH="23" HEIGHT="21" WC="0.96" CONTENT="år"/><SP WIDTH="18" VPOS="1131" HPOS="581"/>
							<String ID="string_245" HPOS="599" VPOS="1134" WIDTH="53" HEIGHT="19" WC="0.96" CONTENT="1885"/><SP WIDTH="17" VPOS="1134" HPOS="652"/>
							<String ID="string_246" HPOS="669" VPOS="1133" WIDTH="94" HEIGHT="21" WC="0.96" CONTENT="anvisat:"/>
						</TextLine>
					</TextBlock>
					<TextBlock ID="block_6" HPOS="173" VPOS="1163" WIDTH="658" HEIGHT="271">
						<TextLine ID="line_29" HPOS="246" VPOS="1163" WIDTH="381" HEIGHT="30">
							<String ID="string_247" HPOS="246" VPOS="1164" WIDTH="46" HEIGHT="23" WC="0.84" CONTENT="1:0)"/><SP WIDTH="29" VPOS="1164" HPOS="292"/>
							<String ID="string_248" HPOS="321" VPOS="1163" WIDTH="156" HEIGHT="28" WC="0.91" CONTENT="Behållningen"/><SP WIDTH="23" VPOS="1163" HPOS="477"/>
							<String ID="string_249" HPOS="500" VPOS="1166" WIDTH="14" HEIGHT="20" WC="0.84" CONTENT="å"/><SP WIDTH="18" VPOS="1166" HPOS="514"/>
							<String ID="string_250" HPOS="532" VPOS="1166" WIDTH="45" HEIGHT="26" WC="0.95" CONTENT="den,"/><SP WIDTH="16" VPOS="1166" HPOS="577"/>
							<String ID="string_251" HPOS="593" VPOS="1167" WIDTH="34" HEIGHT="26" WC="0.96" CONTENT="pä"/>
						</TextLine>
						<TextLine ID="line_30" HPOS="176" VPOS="1197" WIDTH="449" HEIGHT="30">
							<String ID="string_252" HPOS="176" VPOS="1197" WIDTH="72" HEIGHT="26" WC="0.94" CONTENT="grund"/><SP WIDTH="22" VPOS="1197" HPOS="248"/>
							<String ID="string_253" HPOS="270" VPOS="1197" WIDTH="26" HEIGHT="27" WC="0.96" CONTENT="af"/><SP WIDTH="18" VPOS="1197" HPOS="296"/>
							<String ID="string_254" HPOS="314" VPOS="1200" WIDTH="83" HEIGHT="19" WC="0.93" CONTENT="senaste"/><SP WIDTH="22" VPOS="1200" HPOS="397"/>
							<String ID="string_255" HPOS="419" VPOS="1198" WIDTH="115" HEIGHT="28" WC="0.92" CONTENT="landtdags"/><SP WIDTH="19" VPOS="1198" HPOS="534"/>
							<String ID="string_256" HPOS="553" VPOS="1200" WIDTH="72" HEIGHT="27" WC="0.96" CONTENT="beslut,"/>
						</TextLine>
						<TextLine ID="line_31" HPOS="178" VPOS="1231" WIDTH="449" HEIGHT="30">
							<String ID="string_257" HPOS="178" VPOS="1231" WIDTH="113" HEIGHT="26" WC="0.95" CONTENT="uppburna"/><SP WIDTH="15" VPOS="1231" HPOS="291"/>
							<String ID="string_258" HPOS="306" VPOS="1232" WIDTH="108" HEIGHT="22" WC="0.92" CONTENT="allmänna"/><SP WIDTH="15" VPOS="1232" HPOS="414"/>
							<String ID="string_259" HPOS="429" VPOS="1233" WIDTH="118" HEIGHT="28" WC="0.91" CONTENT="bevillning,"/><SP WIDTH="20" VPOS="1233" HPOS="547"/>
							<String ID="string_260" HPOS="567" VPOS="1237" WIDTH="60" HEIGHT="19" WC="0.94" CONTENT="extra"/>
						</TextLine>
						<TextLine ID="line_32" HPOS="178" VPOS="1265" WIDTH="447" HEIGHT="28">
							<String ID="string_261" HPOS="178" VPOS="1265" WIDTH="110" HEIGHT="28" WC="0.90" CONTENT="bevillning"/><SP WIDTH="17" VPOS="1265" HPOS="288"/>
							<String ID="string_262" HPOS="305" VPOS="1267" WIDTH="35" HEIGHT="26" WC="0.96" CONTENT="för"/><SP WIDTH="14" VPOS="1267" HPOS="340"/>
							<String ID="string_263" HPOS="354" VPOS="1267" WIDTH="52" HEIGHT="22" WC="0.96" CONTENT="röda"/><SP WIDTH="15" VPOS="1267" HPOS="406"/>
							<String ID="string_264" HPOS="421" VPOS="1267" WIDTH="72" HEIGHT="22" WC="0.96" CONTENT="korset"/><SP WIDTH="15" VPOS="1267" HPOS="493"/>
							<String ID="string_265" HPOS="508" VPOS="1269" WIDTH="36" HEIGHT="20" WC="0.93" CONTENT="och"/><SP WIDTH="15" VPOS="1269" HPOS="544"/>
							<String ID="string_266" HPOS="559" VPOS="1271" WIDTH="66" HEIGHT="19" WC="0.92" CONTENT="stäm-"/>
						</TextLine>
						<TextLine ID="line_33" HPOS="173" VPOS="1300" WIDTH="452" HEIGHT="29">
							<String ID="string_267" HPOS="173" VPOS="1300" WIDTH="244" HEIGHT="29" WC="0.77" CONTENT="pelpappersbevillning,"/><SP WIDTH="17" VPOS="1300" HPOS="417"/>
							<String ID="string_268" HPOS="434" VPOS="1303" WIDTH="108" HEIGHT="21" WC="0.96" CONTENT="beräknad"/><SP WIDTH="10" VPOS="1303" HPOS="542"/>
							<String ID="string_269" HPOS="552" VPOS="1306" WIDTH="31" HEIGHT="19" WC="0.93" CONTENT="att"/><SP WIDTH="9" VPOS="1306" HPOS="583"/>
							<String ID="string_270" HPOS="592" VPOS="1306" WIDTH="33" HEIGHT="19" WC="0.93" CONTENT="ut-"/>
						</TextLine>
						<TextLine ID="line_34" HPOS="174" VPOS="1336" WIDTH="657" HEIGHT="30">
							<String ID="string_271" HPOS="174" VPOS="1336" WIDTH="53" HEIGHT="25" WC="0.96" CONTENT="göra"/><SP WIDTH="101" VPOS="1336" HPOS="227"/>
							<String ID="string_272" HPOS="328" VPOS="1353" WIDTH="258" HEIGHT="7" WC="0.39" CONTENT="en."/><SP WIDTH="69" VPOS="1353" HPOS="586"/>
							<String ID="string_273" HPOS="655" VPOS="1340" WIDTH="130" HEIGHT="26" WC="0.89" CONTENT="2,912,718:"/><SP WIDTH="17" VPOS="1340" HPOS="785"/>
							<String ID="string_274" HPOS="802" VPOS="1341" WIDTH="29" HEIGHT="19" WC="0.96" CONTENT="50"/>
						</TextLine>
						<TextLine ID="line_35" HPOS="244" VPOS="1371" WIDTH="379" HEIGHT="28">
							<String ID="string_275" HPOS="244" VPOS="1371" WIDTH="49" HEIGHT="23" WC="0.91" CONTENT="2:0)"/><SP WIDTH="16" VPOS="1371" HPOS="293"/>
							<String ID="string_276" HPOS="309" VPOS="1371" WIDTH="35" HEIGHT="26" WC="0.95" CONTENT="Af"/><SP WIDTH="11" VPOS="1371" HPOS="344"/>
							<String ID="string_277" HPOS="355" VPOS="1371" WIDTH="24" HEIGHT="21" WC="0.95" CONTENT="de"/><SP WIDTH="10" VPOS="1371" HPOS="379"/>
							<String ID="string_278" HPOS="389" VPOS="1371" WIDTH="40" HEIGHT="21" WC="0.92" CONTENT="här"/><SP WIDTH="8" VPOS="1371" HPOS="429"/>
							<String ID="string_279" HPOS="437" VPOS="1372" WIDTH="65" HEIGHT="26" WC="0.96" CONTENT="ofvan"/><SP WIDTH="7" VPOS="1372" HPOS="502"/>
							<String ID="string_280" HPOS="509" VPOS="1373" WIDTH="36" HEIGHT="20" WC="0.93" CONTENT="vid"/><SP WIDTH="8" VPOS="1373" HPOS="545"/>
							<String ID="string_281" HPOS="553" VPOS="1373" WIDTH="70" HEIGHT="26" WC="0.76" CONTENT="a)—e)"/>
						</TextLine>
						<TextLine ID="line_36" HPOS="176" VPOS="1404" WIDTH="449" HEIGHT="30">
							<String ID="string_282" HPOS="176" VPOS="1404" WIDTH="139" HEIGHT="26" WC="0.92" CONTENT="omförmälda"/><SP WIDTH="14" VPOS="1404" HPOS="315"/>
							<String ID="string_283" HPOS="329" VPOS="1405" WIDTH="106" HEIGHT="22" WC="0.93" CONTENT="särskilda"/><SP WIDTH="12" VPOS="1405" HPOS="435"/>
							<String ID="string_284" HPOS="447" VPOS="1406" WIDTH="137" HEIGHT="28" WC="0.90" CONTENT="bevillningar"/><SP WIDTH="9" VPOS="1406" HPOS="584"/>
							<String ID="string_285" HPOS="593" VPOS="1407" WIDTH="32" HEIGHT="21" WC="0.94" CONTENT="till"/>
						</TextLine>
					</TextBlock>
				</ComposedBlock>
			</PrintSpace>
		</Page>
	</Layout>
</alto>
