1011 1673
239 131 27 20 46

459 131 18 20 U.
493 131 19 20 B.
529 142 28 3 —
572 131 54 25 Prop.
641 131 29 20 N:o
685 131 32 20 36.

280 195 31 28 $$
329 197 42 20 145
387 196 35 21 och
437 197 43 20 146
493 196 44 20 lika
551 196 48 20 med
614 197 23 25 $$
654 197 39 20 147
710 195 39 21 och
767 197 39 19 148
821 196 8 20 i
842 196 48 20 nåd.
906 202 57 19 prop.

313 233 56 18 utom
384 233 31 18 att
429 231 7 20 i
452 231 40 20 den
507 237 72 14 senare
594 231 75 20 citeras
685 231 10 26 $
713 231 39 20 145
768 231 8 20 i
791 233 26 18 st.
832 231 14 20 f.
863 231 11 26 $
891 231 46 20 147.

548 306 11 25 8
574 306 44 20 147
633 306 63 24 (149).

348 357 33 20 Då
395 357 101 27 krigsrätt
511 357 54 20 skall
579 357 100 20 tillsättas
694 357 36 20 vid
743 357 176 27 truppafdelning,
930 357 37 21 der

280 391 82 20 auditör
384 392 17 26 ej
424 392 72 25 finnes,
517 392 106 21 äfvensom
642 392 36 20 vid
693 391 124 21 inträffande
832 392 70 20 förfall
917 392 50 20 eller

276 426 35 26 jäf
330 426 32 20 för
384 427 107 20 auditören
513 427 50 20 eller
581 427 139 26 uppkommen
739 426 94 27 ledighet
846 427 8 19 i
869 427 97 25 tjensten,

279 467 38 19 ege
332 460 154 21 befälhafvaren
501 461 97 20 förordna
612 462 75 25 nägon,
703 467 44 14 som
762 461 156 27 (uteslutning)
931 468 35 13 au-

280 495 155 26 ditörstjensten
450 495 103 20 förrättar.
583 495 61 20 Dock
659 496 32 19 mä
707 495 70 20 dertill
792 495 18 26 ej
825 497 58 18 utses
898 503 68 12 annan

280 533 26 16 än
322 530 45 25 den,
383 530 85 20 hvilken
483 530 35 20 vid
533 530 81 20 landets
630 530 123 19 universitet
768 529 63 27 aflagt
844 530 64 20 sädan
919 537 46 13 exa-

278 571 54 18 men,
354 571 50 18 som,
427 565 33 20 för
481 567 31 18 att
533 565 8 20 i
563 565 178 20 domareembeten
763 565 22 20 få
799 565 85 26 nyttjas,
900 565 66 20 finnes

278 599 144 26 föreskrifven,
445 603 53 17 samt
520 600 90 20 derefter
624 600 7 19 i
646 600 64 25 nägot
724 600 172 26 rättegängsverk
912 600 55 26 gjort

279 634 33 26 sig
333 634 56 20 känd
410 634 32 20 för
465 634 126 26 skicklighet
614 634 38 20 och
670 634 172 25 välförhällande;
859 635 38 20 och
912 635 55 20 skall

278 668 162 26 befälhafvaren,
455 673 37 16 när
507 669 191 26 tjenstförrättande
714 669 81 20 auditör
810 669 23 20 af
840 669 74 20 honom
925 669 40 20 till-

278 703 115 26 förordnas,
416 704 74 20 sädant
509 704 63 26 jemte
596 704 107 26 tiden,
676 699 24 36 dä
717 704 147 20 förordnandet
878 704 87 26 upphör,

278 738 38 20 hos
332 734 237 31 Öfverkrigsdomstolen
586 739 86 19 anmäla.

546 814 11 26 8
571 816 45 19 148
630 814 64 25 (150).

347 861 243 31 Öfverkrigsdomstolen,
606 873 43 13 som
660 867 37 19 har
708 866 37 20 sitt
755 868 44 18 säte
809 866 8 19 i
827 866 137 26 Helsingfors,

277 902 85 23 utgöres
385 900 23 20 af
428 907 25 14 en
474 901 83 26 general
576 901 48 21 eller
640 901 94 26 öfverste,
751 901 67 20 såsom
833 900 131 25 ordförande,

277 937 54 17 samt
350 935 36 19 tvä
407 935 170 25 stabsofficerare,
592 942 26 13 en
634 935 77 26 kapten
727 935 37 21 och
779 941 25 14 en
819 935 145 24 öfverauditör,

276 969 68 20 såsom
360 969 118 20 ledamöter.

348 1003 148 27 Ordföranden
515 1004 36 21 och
566 1004 25 21 de
605 1004 94 21 militära
715 1003 139 22 ledamöterna
869 1006 58 19 utses
943 1004 26 27 af

277 1037 225 28 Generalguvernören,
518 1039 35 26 för
568 1039 35 20 två
619 1039 25 20 år
659 1038 9 21 i
682 1038 81 21 sender.
794 1033 169 25 Öfverauditören

275 1074 109 19 utnämnes
404 1073 23 20 af
443 1073 102 26 Kejsaren
565 1073 38 20 och
619 1073 136 24 Storfursten,
770 1073 27 26 pä
811 1073 152 26 framställning

275 1106 24 20 af
312 1105 100 22 Senatens
428 1107 235 26 Justitiedepartement.

343 1141 42 20 Vid
400 1141 123 21 inträffande
537 1142 70 19 förfall
622 1142 51 19 eller
685 1141 34 26 jäf
731 1141 35 20 för
776 1141 145 26 ordföranden,
932 1141 29 20 fö-

274 1181 33 14 res
329 1175 59 21 ordet
407 1176 7 19 i
434 1172 238 30 Öfverkrigsdomstolen
686 1176 23 20 af
722 1176 40 19 den
778 1176 66 20 äldste
860 1176 101 20 stabsoffi-

275 1216 69 18 ceren;
359 1210 39 20 och
413 1210 89 20 inkallar
516 1210 116 21 domstolen
646 1210 8 19 i
669 1211 23 19 sä
707 1210 43 25 fall,
769 1210 106 20 äfvensom
890 1211 7 19 i
912 1211 49 19 hän-

274 1244 57 20 delse
346 1244 24 20 af
378 1244 35 26 jäf
426 1245 50 19 eller
490 1244 69 20 förfall
574 1244 32 20 för
620 1245 69 25 nägon
703 1244 23 20 af
735 1244 24 21 de
769 1244 94 21 militära
873 1245 88 19 ledamö-

273 1280 65 23 terna,
354 1279 122 26 ytterligare
491 1285 24 14 en
525 1279 77 26 kapten
614 1279 33 20 till
656 1279 127 20 domstolens
793 1278 63 20 femte
866 1278 95 21 ledamot.

277 1312 42 22 Vid
333 1313 41 27 jäf
386 1313 47 21 eller
447 1313 72 27 förfall
533 1313 34 27 för
581 1313 168 27 öfverauditören
765 1313 118 21 ankommer
897 1313 34 22 det
948 1314 14 21 å

275 1346 103 23 Senatens
392 1347 230 27 Justitiedepartement
637 1349 31 21 att
683 1347 103 28 förordna
801 1354 71 15 annan
887 1347 8 21 i
908 1347 53 23 hans

273 1382 68 21 ställe.

272 1439 32 28 $$
321 1441 43 20 149
382 1440 37 22 och
433 1442 45 20 150
492 1441 43 20 lika
549 1441 47 20 med
610 1441 23 26 $$
650 1441 39 20 151
707 1440 38 20 och
763 1441 40 20 152
818 1440 7 20 i
840 1440 46 20 nåd.
902 1446 57 20 prop.

272 1479 141 23 Lagutskottets
426 1481 115 17 betänkande
553 1482 36 17 N:o
601 1482 17 16 8.
