1053 1689
236 139 22 18 18
457 138 23 18 U.
493 137 23 20 B.
530 149 21 2 —
564 138 63 24 Prop.
639 137 38 18 N:o
689 136 33 19 42.

211 197 51 27 ning
284 196 39 22 och
346 196 107 23 manstukt
470 197 62 21 torde
547 197 54 21 dock
616 197 53 22 böra
684 195 78 21 räknas
777 194 32 21 till
825 194 136 21 reservmöte-

211 236 39 17 nas
273 231 89 22 främsta
377 231 48 22 mål.
458 231 119 27 Bristfällig
596 229 98 28 disciplin
714 229 70 21 skulle
802 229 6 20 i
824 234 44 15 mer
890 230 26 19 än
932 228 31 21 ett

210 266 123 21 hänseende
356 266 95 21 medföra
473 266 60 21 väda.
570 265 83 22 Genom
676 270 113 15 reservens
804 262 159 27 sammandrag-

211 301 51 26 ning
284 300 28 27 pä
334 300 63 22 ofvan
419 301 85 21 anfördt
526 301 42 20 sätt
590 299 70 22 skulle
679 299 85 21 säledes
780 297 120 22 ändamälet
915 297 48 20 med

203 336 58 21 «dess
284 337 71 20 möten
374 335 130 28 väsentligen
525 335 128 27 äfventyras.
689 333 46 22 Och
750 333 111 26 högeligen
876 331 87 26 beklag-

211 370 42 27 ligt
267 376 58 19 vore,
344 376 33 15 om
397 369 219 22 reservinstitutionen
631 369 36 21 vid
682 368 50 21 dess
748 367 67 22 första
829 365 134 28 tillämpning

211 405 70 22 skulle
303 405 58 27 gifva
383 405 113 27 anledning
518 405 34 21 till
574 402 90 24 klander
686 402 40 22 och
748 402 141 21 misstroende
909 401 55 21 samt

212 440 102 27 möjligen
335 440 63 21 äfven
420 440 38 21 hos
480 440 42 21 den
540 438 158 28 värnepligtiga
712 437 120 27 ungdomen
847 436 70 22 lemna
933 436 32 20 ett

212 475 83 21 mindre
311 474 108 27 allvarligt
432 474 91 28 intryek.

282 509 29 21 Af
325 509 63 21 dessä
403 509 53 27 skäl,
476 509 40 21 och
530 509 76 21 endast
622 507 23 21 af
659 507 71 26 dessa,
745 506 40 21 har
799 505 109 22 Utskottet
923 506 42 20 sett

212 544 34 26 sig
261 545 88 26 tvunget
364 546 32 19 att
410 545 75 20 stanna
500 544 35 20 vid
550 544 41 20 den
606 542 63 26 äsigt,
678 543 33 20 att
726 547 101 15 reserven
842 540 47 21 icke
899 540 66 20 borde

212 579 33 21 till
262 580 71 20 möten
348 579 67 21 under
429 578 142 22 innevarande
586 578 25 21 år
626 576 172 22 sammankallas.
828 575 48 22 Men
892 574 27 22 dä
926 574 39 21 Ut-

213 614 82 20 skottet
316 613 24 21 sä
361 613 83 21 tillvida
462 613 118 27 tillstyrker
595 611 62 21 bifall
671 610 34 22 till
723 611 41 21 den
779 610 77 27 nådiga
870 609 95 27 proposi-

212 648 80 26 tionen,
307 648 50 21 sker
372 648 36 21 det
422 648 67 21 under
507 646 134 28 beklagande
660 645 69 27 deraf,
746 647 31 19 att
792 644 137 27 vidtagandet
943 642 24 22 af

213 682 27 22 de
262 682 34 21 för
317 688 112 16 reservens
451 682 97 26 öfningar
571 680 78 27 nödiga
667 679 157 22 förberedande
840 678 127 27 åtgärderna

212 717 48 21 icke
276 717 57 21 skett
351 717 7 21 i
377 717 25 21 sä
420 717 41 27 god
481 717 31 21 tid
528 716 38 22 och
582 716 48 21 med
646 715 41 21 den
702 720 86 20 omsorg
803 713 39 21 och
856 712 63 27 kraft,
935 713 32 21 att

214 752 41 21 den
271 751 103 22 afvikelse
389 751 48 21 från
452 751 41 27 lag,
509 757 46 15 som
570 752 32 19 ett
616 748 158 28 uppskjutande
790 748 23 21 af
827 748 62 21 dessa
899 746 67 22 öfnin-

214 792 39 20 gar
267 786 96 26 innebär,
379 785 68 22 skulle
462 785 81 21 kunnat
557 783 111 23 undvikas.

282 820 105 22 Deremot
409 826 61 15 anser
492 819 111 21 Utskottet
625 818 46 22 skäl
695 817 48 21 icke
765 816 105 27 föreligga
889 816 32 20 att
934 816 33 20 ut-

214 854 87 22 sträcka
323 854 139 22 förenämnda
484 854 92 26 uppskof
594 853 55 21 ända
664 852 34 21 till
714 852 24 20 är
754 851 60 21 1884.
844 849 123 27 Tillräcklig

214 890 32 21 tid
269 889 92 21 återstår
383 891 32 19 att
437 888 33 22 till
493 887 176 23 nästkommande
693 886 25 22 är
734 886 56 22 1883
804 885 113 21 medhinna
932 884 35 21 be-

214 924 134 21 stämmande
371 923 23 21 af
411 922 235 28 reservkompaniernas
665 920 157 27 mötesplatser,
837 918 130 28 uppförande

216 958 23 21 af
253 958 104 21 baracker
372 958 13 21 &
400 958 69 26 dessa,
485 958 53 21 eller
552 956 85 28 uppköp
653 955 23 22 af
689 955 47 26 tält,
744 954 136 22 anskaffande
890 952 23 22 af
919 952 49 21 fullt

215 992 132 27 tillräckliga
369 992 142 21 beklädnads-
532 991 38 22 och
586 989 230 28 beväringspersedlar,
833 987 135 22 anordnande

216 1027 23 21 af
255 1026 185 30 proviantupplag,
449 1028 38 25 att,
505 1026 49 21 med
574 1026 31 21 ett
620 1025 45 26 ord,
680 1024 87 26 vidtaga
782 1023 98 26 samtliga
895 1022 26 21 de
935 1021 34 21 för

215 1067 113 16 reservens
351 1060 91 23 öfvande
464 1060 131 27 kompanivis
615 1058 141 27 erforderliga
775 1056 137 23 ekonomiska
926 1056 43 20 för-

215 1096 131 22 beredelser.

285 1126 69 26 Äfven
377 1128 64 23 befäl"
457 1130 39 21 och
517 1128 125 22 underbefäl
664 1128 54 20 böra
736 1127 25 21 är
776 1126 56 22 1883
850 1126 71 21 kunna
936 1125 33 21 stä

216 1165 33 22 till
272 1165 54 21 buds
348 1165 7 21 i
378 1164 137 27 erforderligt
534 1163 63 21 antal.
627 1162 61 22 Dock
703 1162 53 20 böra
771 1161 77 26 nödiga
863 1161 60 20 extra
937 1159 32 21 ät-

216 1200 79 27 gärder
316 1199 34 21 för
372 1198 96 22 danande
490 1198 24 21 af
534 1196 125 23 underbefäl
673 1196 35 21 för
723 1201 100 16 reserven
838 1194 132 22 omedelbart

216 1234 105 26 vidtagas.
355 1233 75 21 Såsom
449 1231 133 28 lämpligaste
606 1232 64 20 sättet
688 1230 74 21 härför
777 1230 39 21 har
830 1228 47 22 från
892 1228 77 22 militä-

216 1268 56 22 riskt
293 1267 44 23 håll
359 1268 136 26 framhållits,
515 1268 31 20 att
560 1264 228 23 underofficersskolor
802 1264 65 21 borde
883 1264 36 21 vid
933 1269 36 15 en-

216 1303 55 21 hvar
292 1302 23 22 af
335 1302 27 22 de
385 1301 71 23 aktiva
470 1301 148 27 bataljonerna
636 1300 91 21 inrättas
743 1300 55 20 samt
813 1300 31 20 att
858 1303 111 16 reservens

218 1336 270 23 distriktsstabsofficerare
502 1342 50 15 vore
566 1334 103 28 lämpliga
684 1335 32 20 att
731 1333 81 22 förestå
829 1333 68 21 dessa.
919 1331 51 22 Man

218 1372 39 21 har
272 1372 57 26 gjort
351 1372 33 26 sig
403 1370 140 27 förhoppning
562 1375 41 21 om,
620 1370 31 20 att
665 1368 174 26 organisationen
853 1366 24 22 af
890 1365 80 22 sådana

218 1405 241 27 undervisningskurser
480 1404 36 22 vid
538 1403 105 22 särskilda
665 1402 73 22 aktiva
760 1402 119 26 bataljoner
901 1400 69 22 skulle

218 1446 63 15 mana
296 1440 35 21 vid
347 1439 235 27 reservkompaniernas
598 1437 121 22 ståndorter
736 1437 91 25 bosatte,
841 1435 71 22 dertill
921 1441 49 21 qva-

292 1480 194 22 Värnepligtsutskottets
496 1478 104 18 betänkande
613 1478 32 16 N:o
659 1478 15 16 1.
