1028 1670
294 120 34 27 U.
339 125 31 22 Bi
386 135 22 10 —
426 114 74 44 Pop:
515 119 42 29 N:o
573 118 39 30 88.

346 368 291 39 Bevilluingsutskottets
655 366 157 38 betänkande

278 411 43 28 N:o
340 412 24 31 4,
383 412 9 26 i
410 412 135 34 anledning
559 412 28 26 af
595 412 64 26 Hans
671 412 142 35 Kejserliga

278 451 128 35 Majestäts
433 452 91 35 nådiga
547 452 162 35 proposition
734 454 77 33 angä-

278 491 63 27 ende
360 490 372 51 stämpelpappersbevillning:.

121 539 32 36 I
172 535 97 51 enlighet
291 556 49 21 med
362 557 24 20 de
406 557 137 26 synpunkter,
559 563 46 15 som
620 556 140 21 utvecklats
749 552 15 36 i
775 538 38 38 Ut-

75 589 91 22 skottets
189 589 136 22 betänkande
347 592 36 19 n:o
402 591 19 26 3,
436 591 93 21 rörande
544 591 145 26 maltskattän,
704 597 62 14 anser
781 590 33 26 sig

74 623 111 22 Utskottet
200 624 58 27 böra,
274 625 89 20 oaktadt
378 625 65 27 något
459 625 161 21 Ständerbeslut
635 628 55 17 ännu
696 625 53 20 icke
760 624 54 21 före-

75 659 90 26 ligger-i
180 659 116 27 anledning
311 659 23 20 af
347 659 102 26 kalkylen
465 660 61 20 öfver
541 659 143 21 Statsverkets
700 659 115 27 tillgångar

76 692 40 20 och
138 692 71 25 bebof,
232 695 50 18 utan
304 693 74 20 vidare
393 693 101 27 dröjsmål
509 693 83 27 afgifva
606 694 37 19 sitt
658 692 135 22 betänkande
808 692 7 19 i

75 726 140 22 förevarande
231 727 85 26 ärende,
332 727 81 21 hvilket
428 730 24 18 är
467 727 24 21 af
499 728 101 27 samtliga
609 727 62 21 stånd
682 726 133 22 remitteradt

76 761 32 20 till
123 761 60 21 såväl
199 761 66 21 Stats-
282 768 44 14 som
342 762 243 27 Bevillningsutskottet.

143 796 43 20 Vid
202 796 202 21 remissdebatterna
418 797 7 19 i
440 797 91 20 stånden
546 796 67 21 hafva
625 777 137 40 förekommit
771 798 44 17 sär-

75 829 70 21 skilda
167 830 124 20 uttalanden
306 831 7 19 i
329 833 77 23 ämnet,
429 831 73 20 hvilka:
520 830 108 27 delgifvits
646 830 112 20 Utskottet
775 829 41 21 och

75 864 124 26 lämpligast
214 864 105 26 åbéropas
332 864 36 20 vid
383 864 27 20 de
424 864 126 28 paragrafer
564 865 7 19 i
586 864 158 27 förordningen,
754 863 62 24 hvar-

76 898 31 20 till
123 898 110 20 desamma
245 898 90 20 hänföra
350 898 39 27 sig.
407 898 112 21 Utskottet
532 899 39 20 har
586 898 103 27 derjemte
704 898 47 20 från
766 897 49 27 Kej-

71 933 84 27 -serliga
176 932 94 22 Senaten
285 934 42 20 fått
340 934 28 26 på
382 933 95 27 begäran
493 934 112 26 emottaga
618 932 105 21 särskilda
737 932 78 20 uti:så-

75 967 42 20 ken
139 967 119 21 tillkomna
269 967 133 27 handlingar,
422 967 65 21 bland
502 968 75 20 hvilka
591 968 41 20 bör
644 967 89 21 nämnäs
748 968 31 18 ett
794 966 25 20 af

77 1000 139 22 Guvernören
229 1002 8 19 i
252 1002 68 20 Wasa
334 1002 34 20 län
384 1001 65 21 väckt
464 1001 82 27 förslag
561 1003 38 25 att,
611 1002 32 20 till
653 999 164 23 underlättände

76 1034 24 20 af
120 1034 187 22 Landskontorens
326 1036 39 20 och
380 1036 214 20 Landtränteriernas
610 1036 68 26 dryga
692 1034 74 22 arbete
781 1034 36 22 vid

76 1068 158 28 granskningen
250 1069 24 21 af
287 1070 302 27 kartaförsäljningsmännens
604 1069 168 26 redovisningar,
785 1067 31 21 öf-

76 1102 146 22 vervakandet
237 1104 24 20 af
273 1104 41 20 den
327 1104 49 20 utaf
389 1104 48 20 dem
453 1104 70 20 :stälda
533 1103 99 21 säkerhet
642 1105 55 19 samt
706 1102 35 21 vid
753 1102 64 20 stäm-

75 1136 327 28 pelpappersförsändningarna,
418 1138 42 20 ::.det
484 1144 27 14 nu
527 1136 99 28 gällande
641 1136 176 26 utkrediterings-

76 1172 103 24 systemet
193 1171 45 20 helt
253 1171 40 20 och
307 1171 67 20 hållet
388 1171 68 20 skulle
468 1171 101 20 afskaffas
581 1171 40 20 och
631 1171 7 20 i
649 1171 72 20 stället
731 1169 87 24 enhvar,

76 1209 45 15 som
137 1204 94 21 önskade
249 1205 58 20 hålla
322 1205 174 27 stämpelpapper
510 1205 33 20 till
559 1205 25 20 fri
600 1205 132 26 försäljning,
748 1203 70 21 berät-

76 1238 55 26 tigas
153 1240 34 18 att
201 1239 6 19 i
223 1239 148 20 Landtränteri
394 1241 45 18 mot
460 1239 92 20 kontant
569 1239 109 27 betalning
698 1239 72 19 tillösa
785 1237 33 26 sig

75 1271 77 21 sädänt
167 1272 55 20 efter
236 1273 41 26 val,
293 1272 55 21 dock
363 1273 48 20 icke
424 1272 34 21 för
468 1273 83 21 mindre
561 1272 77 28 belopp
650 1276 26 17 än
687 1270 131 29 fyrahundra

75 1306 67 20 mark.
172 1306 166 27 -Ifrägavarande
360 1307 7 19 i
390 1306 65 28 detalj
478 1306 127 22 utarbetade
627 1306 87 27 förslag,
735 1304 84 22 hvilket

75 1340 121 20 emellertid
210 1341 48 20 icke
273 1341 96 27 påkallat
384 1340 76 28 åtgärd
475 1341 7 20 i
497 1341 121 27 Kejserliga
633 1340 100 26 Senaten,
748 1339 39 21 har
798 1339 19 26 ej

74 1373 68 21 heller
157 1375 75 20 vunnit
246 1374 121 21 Utskottets
382 1374 123 21 understöd.

86 1421 2 3 +
143 1407 86 21 Uti.en
252 1408 23 20 af
292 1408 170 23 Skattekomiten
478 1408 107 27 uppgjord
599 1408 73 27 kalkyl
688 1407 85 27 (Bilaga
788 1405 30 25 A)

75 1440 63 27 visas;.
160 1441 99 22 hurusom.
280 1442 41 21 den
343 1442 32 22 till
398 1448 46 17 mer.
466 1445 29 20 än
509 1442 91 27 200,000
615 1441 62 24 mark
690 1439 128 29 uppgående

143 1479 198 25 Bevillningsutskottets
349 1481 110 17 Detänkande
471 1480 37 18 N:o
520 1481 17 17 4.
