1017 1670
311 113 22 24 U.
350 113 24 24 B.
388 124 30 6 —
434 106 60 35 Prop.
510 113 38 22 N:o
564 113 38 22 34.
779 113 27 21 25

75 172 123 21 densamma
221 171 41 22 den
284 170 153 27 öfvervägande
460 170 62 22 delen
544 170 23 22 af
587 170 153 28 borgerskapet
762 170 7 21 i
785 170 51 21 vära

74 206 72 21 städer
161 205 109 22 sannolikt
284 205 85 21 komme
385 206 32 20 att
432 206 77 20 stanna
523 204 66 22 bland
604 204 145 27 obemedlade,
762 205 19 21 d.
790 211 18 14 v.
818 210 16 15 s.

73 240 47 21 icke
142 239 73 22 kunna
236 239 85 28 päföras
340 239 59 21 skatt
413 238 33 21 till
461 238 47 28 fyra
522 239 110 22 skattören
648 238 62 22 äfven
725 239 54 21 efter
794 239 40 21 den

73 274 69 27 lägsta
150 273 85 28 möjliga
242 273 175 27 skattöresgrund
426 272 23 22 af
455 273 43 22 200
506 273 42 27 mk,
559 285 22 3 —
596 279 26 16 en
637 273 71 27 vanlig
722 273 114 22 handtver-

72 308 64 21 kares
158 308 154 21 ärsinkomster
327 307 54 28 stiga
396 307 68 22 sällan
480 307 33 21 till
528 309 32 20 ett
574 307 85 22 utöfver
674 309 83 20 ettusen
772 307 61 22 mark

73 342 81 27 gäende
176 342 78 27 belopp
277 341 39 22 och
336 341 78 28 jemväl
438 341 26 22 de
480 343 54 20 mest
549 341 142 22 framstäende
705 341 65 22 bland
786 341 47 22 dem

73 376 67 21 räkna
163 377 75 21 endast
261 375 117 28 obetydligt
397 382 65 20 mera,
480 388 26 3 —
522 378 24 19 är
562 376 35 21 det
612 375 41 22 lätt
668 377 32 20 att
714 375 52 27 inse,
782 375 53 21 hvil-

72 410 42 22 ken
139 410 229 27 penningearistokrati
390 410 70 21 denna
474 410 134 27 bestämning
623 409 80 28 åsyftar
718 411 32 20 att
764 409 68 21 införa

72 444 8 22 i
94 445 52 21 vära
161 445 72 21 städer
248 444 107 22 äfvensom
371 444 48 21 med
434 444 86 22 hvilken
536 444 42 22 fart
594 444 68 22 denna
678 446 57 25 magt
749 444 85 22 komme

73 480 32 20 att
126 480 72 26 stegra
218 479 26 21 de
258 478 67 28 ärliga
340 478 125 27 utgifternas
480 478 85 28 belopp.
596 478 78 22 Männe
690 478 33 22 väl
739 478 40 22 den
794 477 40 22 fat-

72 512 54 28 tiges
148 513 68 21 börda
232 513 121 27 derigenom
369 512 68 22 blefve
452 512 69 22 lättad
537 514 32 20 att
584 513 42 21 han
641 513 7 21 i
663 519 26 15 en
704 519 50 15 snar
768 512 64 22 fram-

72 547 31 21 tid
128 547 71 21 älades
225 549 31 19 att
280 547 33 21 för
328 554 25 15 en
370 547 54 21 enda
438 549 46 19 röst
500 547 86 27 erlägga
601 546 79 22 dubbla
694 546 103 28 beloppet
811 546 22 22 af

72 581 56 22 hvad
150 581 42 21 han
216 581 133 22 derförinnan
366 581 67 27 erlagt
448 581 34 21 för
497 582 42 26 tvä,
554 581 118 27 hvarjemte
688 581 59 25 detta
762 580 70 22 afbör-

72 616 69 21 dande
156 616 70 21 skulle
240 616 8 20 i
264 617 98 20 motsatts
377 615 32 21 till
426 616 40 21 den
482 615 57 22 förut
554 616 132 21 existerande
702 615 129 22 ätminstone

72 650 106 21 skenbara
194 650 266 27 sjelfbeskattningsrätten
476 650 37 21 ske
529 650 23 22 af
564 650 69 27 tväng.

140 684 70 27 Ocksä
235 690 61 16 anser
317 684 37 27 jag
379 690 26 15 en
430 684 59 27 dylik
504 684 136 27 ringaktning
655 684 21 22 af
691 684 41 21 den
746 683 85 27 fattiges

72 718 110 22 skattören
207 718 55 22 bäde
285 718 117 28 opassande
422 724 46 16 som
484 719 40 21 ock
539 718 33 22 för
587 718 244 22 nationalmedvetandet

70 752 132 28 kränkande,
226 755 22 25 ty
271 753 39 21 den
336 752 149 22 obemedlades
501 752 59 22 skärf
574 755 24 19 är
612 759 26 15 ur
653 754 85 20 svärare
753 752 77 22 förhäl-

71 787 78 21 landen
165 787 121 21 framburen
302 789 26 19 än
345 787 40 21 den
400 787 57 21 rikes
473 786 101 22 öfverflöd
590 787 39 21 och
644 787 71 21 kunde
730 786 34 22 väl
779 788 53 20 rätt-

70 822 40 21 vist
125 821 107 27 berättiga
247 822 78 20 honom
341 823 37 24 att,
396 828 34 14 om
446 823 27 19 än
490 822 47 20 med
553 821 81 21 mindre
650 821 88 22 röstetal
755 820 33 21 vid
804 820 26 21 si-

70 855 40 22 dan
136 855 22 21 af
182 855 39 22 och
246 855 6 21 i
265 855 111 27 jemlikhet
391 855 48 21 med
455 855 139 22 kommunens
610 854 67 28 öfriga
692 855 138 21 medlemmar

70 889 84 27 deltaga
178 889 8 21 i
211 890 132 21 densammas
369 889 183 27 angelägenheter.
585 889 40 22 Om
641 889 40 22 den
696 889 82 22 mindre
793 888 37 22 be-

68 923 98 22 medlade
182 923 61 22 delen
258 923 22 22 af
294 924 50 21 vära
359 923 83 22 städers
457 923 47 22 frän
518 923 124 22 landsorten
658 923 131 27 smäningom
799 923 31 21 in-

68 957 87 28 flyttade
170 958 130 27 borgerskap
316 957 7 22 i
337 957 239 28 kommunalstadgarne
594 958 109 21 betraktas
718 957 57 22 blott
790 957 39 22 och

68 992 49 21 bart
132 993 70 20 säsom
219 994 31 19 ett
265 992 147 27 skatteobject,
438 992 42 21 blir
496 992 47 22 dess
558 992 85 27 andliga
658 991 57 22 kraft
730 991 40 22 och
786 998 43 15 ma-

68 1026 74 21 teriela
167 1026 121 27 utveckling
302 1027 65 20 redan
383 1026 7 21 i
405 1026 75 27 början
496 1026 97 27 förgväfd
609 1026 39 22 och
664 1026 35 22 det
714 1026 39 21 hos
768 1025 60 22 äldre

68 1060 39 22 och
122 1060 134 27 förmögnare
271 1061 127 21 innevånare
409 1061 131 21 herrskande
550 1060 146 22 fördomsfulla
707 1060 39 22 och
757 1061 71 26 träng-

67 1095 101 21 bröstade
190 1095 204 27 äskädningssättets
417 1094 125 28 öfvergrepp
558 1095 125 27 tillintetgör
698 1094 73 27 hvarje
786 1094 43 21 för-

68 1129 71 27 nyelse
162 1129 40 21 och
217 1128 109 23 lifsfullare
342 1129 136 26 gestaltation
495 1129 22 21 af
531 1129 25 21 de
572 1129 77 22 sociala
665 1129 39 21 och
720 1128 108 22 nationela

66 1163 148 22 förhällanden
236 1163 7 21 i
259 1164 51 21 vära
324 1163 78 22 städer.
434 1163 88 22 Märkas
537 1163 40 22 bör
589 1163 79 27 jemväl
683 1165 33 20 att
731 1163 96 21 kommu-

66 1203 77 16 nernas
158 1197 136 28 sjelfstyrelse
308 1197 7 21 i
331 1198 46 21 värt
392 1197 50 22 land
458 1197 56 22 varit
529 1199 31 20 ett
575 1197 103 28 uräldrigt
686 1197 141 28 privilegium,

67 1231 39 22 och
131 1238 50 15 vore
207 1232 36 21 det
268 1232 55 26 förty
339 1231 86 22 alldeles
442 1233 58 20 emot
515 1231 113 23 historiens
642 1233 55 25 gäng
713 1238 35 15 om
763 1231 7 21 i
786 1231 41 21 den

67 1265 106 22 allmänna
188 1265 158 27 lagstiftningen
362 1266 96 27 vidtoges
468 1266 102 26 ätgärder
579 1266 7 20 i
596 1265 62 27 afsigt
668 1267 32 20 att
711 1264 115 22 inskränka

66 1300 51 21 vära
132 1300 79 21 sociala
226 1300 157 27 befogenheter.
413 1300 113 22 Utskottet
541 1300 73 27 pästär
629 1299 122 27 visserligen
766 1299 8 21 i
788 1298 38 22 sitt

65 1334 136 22 betänkande
226 1336 32 20 att
282 1334 46 22 frän
353 1335 51 21 vära
419 1334 74 22 städer
507 1334 101 22 inkomna
630 1333 90 23 officiela
735 1332 92 22 utlätan-

66 1368 40 22 den
129 1368 89 22 allmänt
240 1369 90 27 päyrkas
346 1375 26 15 en
387 1368 107 27 reglering
509 1368 23 22 af
545 1368 209 27 taxeringssystemet
768 1367 7 21 i
791 1367 36 22 det

65 1402 23 22 af
101 1402 106 22 utskottet
222 1402 119 28 föreslagna
360 1402 70 28 syftet.
461 1402 51 22 Med
526 1402 86 22 hvilken
627 1402 148 27 noggrannhet
790 1408 36 15 an-

66 1436 38 22 dra
129 1439 26 19 än
181 1438 35 21 mä
240 1437 62 22 hafva
317 1438 123 26 genomgätt
458 1436 114 28 desamma,
587 1436 39 22 har
642 1436 54 22 dock
708 1436 38 27 jag
762 1435 65 22 bland

137 1476 144 18 Sammansatta
294 1479 48 21 Lag-
356 1477 32 17 och
400 1477 194 17 Ekonomiutskottets
606 1476 116 18 betänkande
734 1480 32 13 n:o
780 1475 17 17 6.
