1023 1673
224 118 28 22 16
385 118 79 23 Ständ.
479 118 38 23 Sv.
533 130 27 4 —
575 118 73 28 Prop.
663 117 40 23 N:o
718 116 37 23 38.

272 222 13 20 å
299 221 48 21 titel
362 223 52 19 utan
429 221 120 27 åtföljande
563 227 54 21 rang

243 256 34 21 2:0
299 255 34 21 för
356 256 48 25 den,
426 262 45 15 som
493 254 48 22 icke
563 256 25 20 är
606 254 52 22 eller
672 232 56 53 värit
743 254 8 21 i
755 236 77 44 vär

272 289 127 22 skollärare-
415 290 52 21 eller
476 290 150 27 militärtjenst
636 289 50 22 med
695 288 38 22 lön
743 288 28 27 pä
782 290 50 25 stat,

272 330 36 15 om
322 324 41 22 ock
377 324 99 22 fullmakt
492 325 14 21 &
520 324 48 22 titel
583 324 52 21 eller
650 323 113 27 värdighet
774 322 58 22 förut

272 358 70 22 blifvit
364 358 79 22 honom
466 358 122 26 meddelad,
611 357 104 28 stämplas
731 356 102 22 fullmakt

272 393 14 20 å
307 392 48 22 titel
377 393 52 21 eller
448 393 113 26 värdighet
576 392 34 22 till
629 392 115 22 tredubbla
759 391 73 28 belop-

272 428 38 25 pet
332 427 25 21 af
377 427 56 21 hvad
452 427 7 21 i
474 427 181 27 nästföregående
670 426 71 27 punkt
756 427 25 20 är
795 425 37 22 be-

274 462 86 21 stämdt.

266 502 12 14 o
293 495 13 21 å
321 495 95 28 följande
432 495 151 22 ecklesiastika
597 495 148 28 värdigheter:

272 529 103 22 honorär-
390 530 40 21 och
444 530 102 55 föltprost

272 564 122 28 vicepastor
433 583 4 4 .

214 597 162 28 Förordnande,
393 605 22 16 se
430 581 114 40 fullmakt.

218 631 150 30 Gesällbref
353 627 20 38 .

217 665 131 30 Grefvebref,
365 674 23 15 se
404 650 105 45 diplom;

214 701 176 28 Helfrihetsbref,
407 709 22 14 se
444 702 79 22 fribref.

214 735 223 29 Hviloständsbref
422 731 20 38 .

214 770 150 28 Kallelsebref,
381 777 23 14 se
418 749 106 54 fullmakt.

214 804 81 27 Karta,
310 804 161 27 landtmätare-,
487 812 45 14 som
549 804 33 22 till
597 804 85 22 enskild
696 803 102 28 utgifves:

243 840 25 26 a)
287 839 59 21 öfver
367 839 85 28 byalag,
474 839 145 28 samfällighet
634 839 52 22 eller
701 838 85 22 enskild
800 838 32 22 lä-

272 873 90 27 genhet;

271 907 35 22 för
320 907 74 28 hvarje
408 907 46 22 helt
469 908 82 21 mantal
565 908 79 21 kartan
659 907 123 21 innehåller

272 941 108 21 derunder
393 941 34 21 till
442 941 40 22 och
496 943 49 20 med
561 944 30 19 ett
606 941 55 22 halft
676 941 84 22 mantal

272 977 55 20 samt
343 976 107 21 derunder
470 993 4 4 .
540 992 4 5 =

242 1009 22 28 0)
287 1009 59 22 öfver
368 1010 88 27 spridda
479 992 136 46 egostycken,
635 991 159 47 aa
783 1010 49 21 räer

272 1044 40 21 och
327 1043 107 22 förrättad
449 1044 212 28 rähägnadsdelning
677 1045 49 20 med
740 1050 61 15 mera
826 1060 5 5 .

270 1078 90 27 Egande
383 1078 305 28 förrättningslandtmätaren
713 1078 52 21 eller
782 1079 49 26 den,

242 1111 25 22 af
286 1111 87 22 hvilken
394 1112 79 22 kartan
488 1112 98 22 utfärdas
601 1113 41 21 och
657 1112 118 28 bestyrkes,
792 1113 39 25 att,

242 1147 71 20 säsom
324 1146 124 27 lämpligast
458 1147 69 21 finnas
535 1147 49 26 kan,
596 1147 105 27 antingen
711 1147 30 27 pä
751 1147 80 26 stämp-

242 1179 46 22 ladt
304 1187 84 20 papper
402 1181 76 21 affatta
492 1181 85 26 kartan,
592 1181 8 21 i
615 1181 38 22 fall
669 1181 42 21 den
727 1181 13 20 ä
750 1182 32 20 ett
792 1180 40 22 ark

241 1214 122 27 inrymmes,
387 1215 52 21 eller
461 1215 77 21 efteråt
564 1215 46 21 låta
631 1216 14 20 å
662 1215 169 27 kartasigillata-

241 1248 102 22 kontoret
358 1249 94 27 stämpla
467 1250 130 25 densamma,
613 1249 52 22 eller
678 1249 41 21 ock
729 1249 102 27 stämpel-

241 1283 75 21 märke
338 1283 62 21 häfta
414 1283 36 22 vid
466 1284 35 21 det
517 1290 90 21 papper,
623 1283 114 28 hvaruppä
751 1283 80 22 kartan

242 1317 24 21 är
280 1317 64 25 ritad,
360 1317 114 22 hvarutom
489 1318 13 21 å
518 1317 108 28 stämpeln
642 1317 92 22 tecknas
749 1317 39 22 bör
798 1317 34 22 till

242 1351 88 21 hvilken
349 1351 64 22 karta
429 1352 41 21 den
486 1351 64 22 hörer
565 1352 40 21 och
620 1352 60 21 invid
695 1351 108 28 stämpeln
818 1352 14 21 å

241 1385 79 22 kartan
343 1385 33 21 till
398 1385 57 22 hvad
475 1385 78 29 belopp
574 1387 72 20 denna
661 1387 25 21 är
701 1387 49 20 med
765 1387 65 20 stäm-

241 1419 91 27 pelpper
346 1419 94 23 försedd.

214 1452 175 28 Konstitutorial,
406 1461 22 15 se
443 1454 106 22 fullmakt.

877 221 27 21 15

862 529 44 21 120

877 564 27 20 25

878 735 28 21 10

919 942 31 21 50;

919 977 27 20 25]

919 1045 27 20 25]
