1025 1673
234 127 27 21 56

430 127 64 25 Ständ.
510 127 30 25 Sv.
557 140 23 3 —
598 128 53 30 Prop.
667 128 30 24 N:o
712 128 30 24 86.

612 196 16 28 $
642 196 54 30 126.

414 235 49 22 Har
476 237 87 27 förman
577 244 74 20 genom
672 236 34 21 hot
729 236 47 22 eller
791 240 66 17 annat
879 236 82 28 olagligt

343 270 66 21 medel
424 271 43 21 sökt
476 272 77 28 förmå
568 271 154 21 underordnad
735 274 31 17 att
781 272 56 26 afstä
855 272 51 26 från
921 278 39 14 an-

341 306 94 26 förande
451 304 48 22 eller
512 305 140 29 fullföljande
674 306 26 28 af
720 304 107 29 klagomål,
849 305 49 22 eller
920 306 40 20 har

343 338 44 22 han
403 339 110 21 underlåtit
528 344 30 16 att
574 340 31 20 till
620 339 129 29 vederbörlig
760 343 33 17 ori
807 340 97 28 befordra
915 339 46 23 eller

342 377 31 17 att
389 374 31 20 till
432 374 106 28 pröfning
554 377 93 25 upptaga
663 374 36 21 hos
709 374 75 21 honom
799 374 8 21 i
817 374 143 29 föreskrifven

343 408 89 28 ordning
447 408 89 21 anmäld
550 408 86 28 klagan;
660 409 65 21 varde
739 409 64 20 dömd
818 408 32 22 till
864 408 95 28 fängelse,

342 442 50 22 eller
404 444 168 27 förafskedande,
589 443 48 22 eller
654 443 167 28 ordningsstraf.

610 512 14 27 $
638 512 53 22 127.

412 551 100 26 Förman,
534 560 44 13 som
601 552 134 29 uppsätligen
759 552 121 21 underläter
901 556 30 16 att
951 553 8 20 i

342 590 42 17 rätt
400 587 31 21 tid
446 586 32 22 till
496 587 44 21 sine
561 587 162 21 underordnade
743 586 58 28 gifva
822 590 67 18 större
911 586 48 22 eller

340 622 83 20 mindre
439 621 71 29 belopp
534 622 28 28 af
581 622 41 24 lön,
644 622 129 28 penningar,
793 620 164 28 förnödenheter,

340 656 101 28 krigsbyte
456 656 47 21 eller
518 660 72 21 annat,
611 662 43 15 som
670 656 40 21 han
729 656 46 28 fått
799 659 101 24 emottaaa
918 656 39 28 för

340 693 31 17 att
386 692 21 19 ät
423 691 48 21 dem
481 690 109 26 utlemnas,
607 690 47 22 eller
664 690 132 28 orätträdigt
802 689 99 30 fördelar
911 690 46 24 det;

339 725 82 28 strafes
437 726 47 20 med
500 726 82 20 tukthus
597 725 32 21 till
645 725 35 21 och
695 726 47 20 med
756 728 28 18 ett
799 726 32 24 är,
853 724 48 22 eller
913 725 43 27 för-

340 759 132 28 afskedande,
488 759 46 22 eller
548 760 91 28 fängelse
654 760 8 20 i
676 760 56 28 högst
747 767 34 13 sex
798 759 109 21 månader.

606 829 16 28 $
636 829 53 22 128.

408 868 102 29 Förman,
526 877 43 13 som
584 869 28 29 af
623 868 153 22 underordnad
790 871 51 17 utan
861 867 50 21 hans
925 867 30 21 be-

337 903 98 28 gifvande
450 903 90 27 fordrar
555 903 150 22 verkställande
721 903 27 28 af
759 901 95 29 göromål
865 901 46 22 eller
921 909 34 12 ar-

337 937 48 28 bete,
401 945 44 14 som
460 938 18 28 ej
492 938 37 21 hör
544 938 32 21 till
591 939 82 28 tjensten
689 937 36 22 och
745 937 42 20 han
810 935 61 29 enligt
893 935 61 28 regle-

337 976 84 17 menten
438 972 49 21 eller
501 972 105 21 särskilda
618 971 209 30 förhällningsorder
835 971 21 27 ej
865 973 26 18 är
897 970 57 28 plig-

336 1007 31 27 tig
382 1010 31 17 att
427 1007 101 28 förrätta,
545 1007 48 21 eller
608 1008 70 27 någon
693 1007 52 26 från
759 1005 134 29 tjenstgöring
908 1005 45 20 obe-

336 1039 83 29 hörigen
435 1041 86 28 befriar,
544 1041 48 21 eller
606 1040 32 21 till
660 1041 33 20 sin
716 1040 47 21 eller
787 1046 80 14 annans
887 1038 68 28 fördel

334 1075 87 27 förmär
445 1076 150 20 underordnad
616 1079 32 17 att
670 1076 50 27 ingä
736 1073 145 31 förbindelser
904 1072 50 24 eller

333 1112 54 21 Jöra
396 1110 132 28 föräringar,
544 1110 69 20 dömes
623 1109 32 21 till
664 1110 169 30 ordningsstraff,
849 1112 54 24 eller,
920 1120 34 13 om

330 1144 116 28 förseelsen
461 1151 59 14 ans:s
535 1144 42 21 icke
591 1144 70 21 kunna
682 1145 83 21 dermed
786 1146 96 25 försonas
904 1146 49 22 eller

335 1179 70 27 någon
420 1179 47 21 med
480 1178 48 22 slikt
543 1178 55 22 brott
612 1182 68 22 oftare
695 1179 96 26 beträdes,
814 1180 33 21 till
857 1180 96 29 fängelse

334 1213 8 20 i
357 1212 57 28 högst
429 1216 27 18 ett
471 1214 32 19 år.

409 1246 121 22 Enahanda
545 1255 76 13 ansvar
638 1255 46 13 vare
700 1248 35 20 ock
749 1248 40 21 den
804 1249 145 25 underkastad,

334 1288 44 13 som
395 1285 50 17 utan
461 1282 135 27 vederbörligt
610 1282 97 21 tillstånd
721 1282 32 22 till
776 1282 67 22 arbete
865 1284 84 27 tvingar

333 1316 126 28 krigsfånge.

602 1364 16 24 $
634 1361 54 22 129.

405 1401 93 29 Beviljar
511 1402 86 26 förman
612 1402 101 28 olagligen
728 1402 37 20 och
779 1402 47 21 med
841 1402 111 28 öfverskri-

331 1435 68 21 dande
415 1435 28 29 af
454 1436 32 20 sin
501 1436 116 29 befogenhet
642 1438 23 19 åt
689 1436 151 21 underordnad
861 1436 88 27 tjenstle-
