1025 1673
225 161 26 21 42
527 161 36 22 N:o
578 161 36 22 38.

197 230 38 21 der
250 231 75 25 loppet
339 230 23 21 af
378 231 35 20 det
433 231 194 26 nästförutgångna
643 231 47 21 året
706 233 57 18 emot
779 231 66 20 sådan
862 230 88 27 reqvisi-

196 265 45 20 tion
258 264 93 21 erhållit.

268 305 42 20 Vid
326 305 164 27 Länestyrelsen
508 306 6 20 i
531 305 90 27 Wiborg
637 312 50 19 eger
704 305 208 20 kanslibokhållaren
926 305 24 20 li-

196 339 95 26 kaledes,
301 342 57 19 emot
371 340 274 27 redovisningsskyldighet
653 340 33 21 för
695 340 134 23 kalenderår,
842 340 27 26 på
877 339 73 21 skrift-

196 374 30 27 lig
241 374 24 21 af
279 375 108 20 ordinarie
403 375 222 21 Landssekreteraren
645 375 100 26 godkänd
766 375 124 26 reqvisition
911 374 39 21 och

196 408 55 21 efter
267 409 185 21 Landskontorets
469 409 124 25 anordning,
611 409 46 21 från
675 409 177 20 Landtränteriet
863 409 27 26 på
902 409 47 20 kre-

197 443 32 21 dit
243 443 139 21 utbekomma
400 443 36 21 det
456 444 174 26 stämpelpapper
651 444 39 21 och
711 444 25 20 de
756 444 118 26 stämplade
891 443 59 21 blan-

197 477 77 26 ketter,
291 484 44 15 som
353 478 35 21 vid
404 478 167 21 Landskansliet
587 479 115 20 erfordras.

268 519 120 20 Enahanda
402 519 106 26 rättighet
523 521 32 18 att
571 521 57 18 emot
639 519 55 25 årlig
706 519 244 26 redovisningsskyldig-

196 553 37 21 het
248 553 28 26 på
292 553 71 21 kredit
383 553 81 21 erhålla
484 554 117 26 stämplade
622 553 122 21 blanketter
760 553 38 20 och
816 553 31 21 till
864 553 86 26 expedi-

196 587 71 22 tioner
282 587 137 27 erforderligt
435 589 172 26 stämpelpapper
619 588 83 26 åtnjuta
714 587 235 22 Landssekreterarene

195 622 8 21 i
227 622 26 21 de
277 622 69 27 öfriga
365 623 62 20 länen
444 623 109 20 äfvensom
570 623 161 20 vederbörande
748 622 201 21 Landskamrerare.

543 698 10 27 8
571 699 32 19 37.

270 744 110 26 Åstundar
400 749 174 27 Häradshöfding
595 752 32 18 att
643 750 32 20 för
693 749 25 21 de
734 750 153 25 expeditioner,
904 756 44 14 som

196 784 24 21 af
233 784 77 21 honom
327 784 105 26 utfärdas,
452 784 46 21 utfå
516 784 117 26 stämpladt
651 790 82 21 papper
752 784 28 26 på
799 784 76 25 kredit,
895 784 54 20 skall

195 818 43 22 han
254 818 73 21 derom
344 818 84 21 anmäla
446 818 38 21 hos
504 818 163 27 Länestyrelsen
689 818 44 25 och,
756 818 56 27 uppå
833 818 117 27 anordning

196 853 24 21 af
234 853 180 26 Landskontoret,
432 853 46 21 från
494 854 174 20 Landtränteriet
680 853 82 20 erhålla
774 853 101 26 lämpliga
885 859 65 20 qvan-

196 888 81 25 titeter,
295 890 57 18 emot
367 887 95 27 skriftlig
477 888 131 21 förbindelse
624 890 32 18 att
673 888 110 25 betalning
799 887 33 21 för
843 888 108 20 desamma

197 922 65 21 innan
286 922 39 20 den
349 923 24 20 31
396 922 117 21 December
532 923 73 25 hvarje
625 923 24 20 år
669 922 97 26 erlägga;
785 922 53 20 dock
855 922 33 20 må
904 923 47 25 nytt

196 956 96 21 förskott
307 956 23 21 af
345 957 117 26 stämpladt
481 963 80 20 papper
581 957 18 26 ej
621 957 96 26 beviljas,
738 957 63 20 innan
819 956 131 21 Häradshöf-

197 991 51 26 ding
264 991 98 26 fullgjort
378 991 53 20 hvad
448 991 6 20 i
466 991 10 28 $
488 992 26 20 32
527 991 94 26 stadgas.
644 991 146 26 Transporten
804 991 23 20 af
836 991 115 26 stämpladt

196 1031 89 21 papper,
310 1031 46 15 som
379 1025 23 21 af
419 1025 174 26 Häradshöfding
616 1026 27 26 på
660 1025 72 20 kredit
748 1025 149 26 utreqvireras,
915 1025 36 26 på-

197 1059 76 22 kostas
289 1059 46 21 icke
352 1060 22 20 af
388 1060 88 25 kronan,
494 1062 51 19 utan
561 1061 39 20 bör
616 1061 47 24 den,
681 1066 45 14 som
743 1060 123 25 reqvisition
887 1060 64 26 gjort,

197 1093 52 27 sjelf
270 1094 53 21 eller
346 1100 75 20 genom
444 1094 78 21 ombud
546 1094 27 27 på
597 1094 73 21 stället
690 1096 76 23 uttaga
782 1094 36 20 det
833 1094 118 26 stämplade

197 1134 89 21 papper,
303 1128 41 21 han
360 1128 28 27 på
403 1128 71 21 kredit
490 1129 97 20 erhåller.

545 1209 11 27 s
572 1209 33 21 38.

269 1261 168 21 Vederbörande
454 1262 133 20 embetsverk
603 1262 40 20 och
658 1262 136 26 tjenstemän,
806 1267 44 15 som
862 1261 31 21 till
905 1261 48 21 sina

197 1296 149 27 expeditioner
360 1296 99 26 begagna
473 1296 84 26 tryckta
567 1296 129 25 blanketter,
708 1302 51 14 vare
769 1296 134 26 berättigade
914 1297 38 29 att,

197 1330 29 27 på
241 1330 100 21 anmälan
356 1330 40 21 hos
412 1330 138 21 Guvernören
566 1330 6 21 i
589 1330 64 25 länet,
669 1330 102 26 antingen
787 1330 48 20 från
850 1330 104 20 ränteriet

197 1364 48 22 utfå
268 1365 100 26 lämpligt
387 1364 78 27 belopp
486 1364 22 21 af
525 1364 138 26 erforderligt
682 1364 117 26 stämpladt
817 1370 86 20 papper,
920 1364 33 21 för

197 1400 34 20 att
246 1399 124 21 blanketter
384 1399 122 27 påtryckas,
522 1399 52 20 eller
590 1399 39 21 ock
645 1398 21 21 få
683 1398 47 20 sina
746 1398 120 21 blanketter
877 1404 74 20 genom

197 1432 153 22 Guvernörens
374 1433 85 26 försorg
478 1434 32 20 till
531 1432 269 26 Kartasigillatakontoret
819 1432 133 27 öfversända,

196 1466 35 22 för
246 1469 33 19 att
295 1468 112 20 derstädes
427 1468 101 27 stämplas
557 1467 38 21 och
614 1468 72 20 såsom
702 1472 68 15 annan
787 1467 166 26 kartasigillata-
