1045 1686
306 133 19 18 U.
341 133 18 18 B.
376 143 27 3 —
419 133 52 24 Prop.
488 133 29 19 N:o
532 133 23 20 41
571 139 22 14 m.
609 134 18 19 fl.
806 135 12 18 3

93 195 26 22 de
134 196 100 27 grunder,
254 203 45 15 som
314 197 25 21 af
351 197 93 22 stånden
459 198 114 28 godkänts,
589 198 14 22 &
617 198 48 22 sida
676 200 27 20 14
713 199 37 22 det
764 199 34 22 för
812 199 35 21 be-

95 230 203 28 villningsändamä]
313 231 121 28 disponibla
447 233 101 28 beloppet
562 233 25 22 af
599 233 69 28 sagda
682 233 118 28 bevillning
815 233 33 22 till

94 266 90 26 730,000
199 266 61 21 mark
276 272 32 15 om
324 267 48 21 året
387 267 39 21 och
440 269 41 25 gör
495 268 91 22 sålunda
607 268 34 22 för
657 270 12 20 3
685 269 26 21 år
727 268 121 28 2,190,000

92 300 67 21 mark.

159 335 48 21 Den
222 335 69 21 första
312 336 104 27 kalkylen
439 337 13 21 å
467 336 48 22 sida
531 339 26 19 16
580 337 35 22 får
629 337 8 22 i
652 335 117 30 anledning
783 337 65 22 häraf

92 369 95 28 följande
201 369 130 23 förändrade
345 370 91 28 lydelse:

160 404 100 22 Summan
275 404 25 22 af
311 405 27 22 de
347 405 38 23 vid
400 406 22 28 a)
434 418 27 3 —
471 406 20 28 e)
506 406 91 22 anförda
606 407 36 22 be-

91 439 116 28 villningar
221 442 56 25 gör.
307 456 4 4 .
342 457 5 5 so
378 457 5 5 so
414 457 4 5 <
449 457 5 5 <
486 458 4 4 <
521 458 5 4 so
557 458 4 5 .
592 458 4 5 +.
627 459 5 5 .
655 435 11 39 =
677 443 119 27 8,420,000:
812 454 27 3 —

160 480 44 22 Det
219 480 71 28 öfriga
304 482 72 26 utgår.

160 520 75 28 Enligt
257 521 127 23 ständernas
406 522 64 23 ofvan
486 523 139 23 omförmälda
646 524 71 22 beslut
739 524 108 22 erfordras

92 555 76 28 anslag

194 596 35 27 för
242 596 145 28 folkskolorna
415 614 4 5 .
450 615 5 4 .
487 615 4 4 .
522 615 4 5 .
557 615 4 4 .
592 616 5 4 .
628 616 4 4 .
669 599 127 28 1,596,000:
811 611 34 10 —

202 647 10 12 »
235 631 71 27 finska
320 632 110 22 militären
451 649 4 5 .
487 650 4 4 .
594 651 39 4 <.
665 634 128 28 9,373,890:
807 634 37 22 82.

193 665 115 28 hvarjemte
327 666 105 22 Utskottet
441 646 96 54 föreslår
553 650 32 39 att
599 667 34 23 det

195 700 8 21 i
218 700 142 23 betänkandet
370 701 43 22 N:o
423 701 28 22 14
466 703 14 20 å
490 703 143 22 bankvinsten

194 737 112 26 upptagna
328 736 101 29 anslaget
448 737 33 21 till
496 737 137 22 bestridande

194 770 27 27 af
233 770 147 22 kostnaderna
400 771 36 28 för
459 771 134 29 landtdagen
607 773 26 21 år

194 804 57 22 1885
267 805 63 28 äfven
344 805 42 22 här
399 805 102 29 uppföres
516 807 47 21 med
588 814 40 14 .-.
686 808 109 27 250,000:
812 820 23 3 —

541 852 88 23 Summa
657 853 137 27 11,219,890:
806 854 38 21 82.

158 903 34 22 På
206 904 71 27 grund
290 904 65 22 häraf
372 904 35 22 får
421 904 114 23 Utskottet
556 906 109 21 vördsamt
684 906 110 27 tillstyrka
811 907 35 20 att

90 938 117 22 ständerna
221 938 51 23 ville
294 939 24 21 åt
335 939 144 23 resolutionen
500 940 30 28 på
547 940 48 22 sida
617 942 26 20 16
666 940 62 29 gifva
748 940 96 28 följande

88 972 131 23 förändrade
233 974 91 27 lydelse:

259 1022 32 20 att
306 1022 122 21 ständerna
442 1022 71 21 såsom
524 1022 88 22 tillskott
627 1022 32 22 till
669 1022 137 22 bestridande
820 1022 28 28 af

191 1055 147 23 kostnaderna
358 1056 36 28 för
415 1056 146 28 folkskolorna
583 1057 36 21 och
641 1057 72 27 finska
734 1057 111 22 militären

191 1091 55 20 samt
267 1090 35 28 för
317 1090 129 23 betäckande
469 1092 27 27 af
515 1092 120 28 utgifterna
654 1093 35 27 för
711 1092 133 28 landtdagen

191 1124 26 21 år
231 1124 58 21 1885
304 1125 89 22 anvisa:

258 1159 40 24 1:0)
321 1159 162 30 Behällningen
499 1161 14 22 &
528 1161 42 22 den
585 1161 31 27 pä
630 1161 74 28 grund
719 1161 27 28 af
758 1162 86 21 senaste

191 1195 115 28 landtdags
317 1195 68 22 beslut
394 1195 116 28 uppburna
525 1196 112 22 allmänna
647 1196 122 28 bevillning,
782 1197 62 20 extra

190 1229 115 28 bevillning
324 1229 36 28 för
373 1231 55 21 röda
442 1230 71 22 korset
533 1231 36 22 och
591 1231 251 28 stämpelpappersbevill-

190 1264 61 28 ning,
267 1264 109 22 beräknad
391 1267 33 20 att
437 1267 79 26 utgöra
554 1282 5 5 .
590 1282 4 5 .
625 1282 4 5 .
665 1265 125 28 2,912,718:
805 1265 37 22 50.

257 1299 45 25 2:0)
310 1299 35 28 Af
350 1300 25 21 de
382 1299 42 22 här
432 1299 65 29 ofvan
505 1300 36 22 vid
549 1301 20 26 a)
578 1313 24 2 —
613 1301 17 26 €)

190 1333 140 28 omförmälda
352 1334 110 22 särskilda
481 1335 148 28 bevilmingar,

191 1368 32 21 till
231 1368 159 28 sammanlagat
398 1369 71 28 belopp
478 1369 27 28 af
507 1369 124 28 8,420,000

190 1403 67 27 mark,
273 1410 27 14 en
315 1410 85 15 summa
414 1403 37 28 af.
486 1420 2 5 .
520 1420 4 5 .
556 1420 4 5 .
591 1420 4 5 .
626 1420 4 5 .
663 1403 128 28 8,307,172:
806 1404 37 21 32.

537 1444 88 22 Summa
653 1444 137 28 11,219,890:
804 1444 38 22 82.

156 1482 75 23 Bihang
244 1482 30 18 till
287 1483 149 27 Statsutskottets
449 1484 117 18 betänkande
579 1484 35 18 N:o
626 1484 27 18 14.
