1011 1670
227 122 27 20 32
532 120 37 23 N:o
586 120 33 23 36.

537 187 13 26 8
568 189 46 19 105.

269 226 44 22 Gör
333 227 156 26 underordnad,
511 227 27 21 dä
557 227 42 21 han
619 228 6 20 i
645 227 52 21 eller
715 226 33 22 för
767 227 93 27 tjensten
876 227 23 21 af
911 226 43 22 för-

198 267 49 15 man
270 260 154 28 tillrättavisas,
449 262 70 27 nägon
541 262 138 27 motsägelse,
703 262 53 22 eller
775 262 80 22 brister
869 262 42 22 han
927 261 28 28 pä

198 296 68 21 annat
283 295 101 23 liknande
405 298 45 20 sätt
464 297 7 21 i
488 297 40 21 den
544 297 96 27 aktning,
657 296 82 22 förman
754 302 51 22 eger
820 296 23 22 af
856 297 78 21 honom
948 297 7 21 i

198 330 54 22 eller
267 329 33 23 för
315 330 93 28 tjensten
424 330 81 28 fordra;
523 331 73 22 dömes
612 331 33 22 till
661 331 169 27 ordningsstraff,
847 332 58 25 eller,
918 332 38 21 der

199 365 63 21 detta
280 371 63 15 anses
362 366 48 21 icke
428 366 207 27 tillfyllestgörande,
657 366 31 21 till
704 366 96 28 fängelse
816 366 6 21 i
838 366 65 27 högst
919 372 37 16 sex

199 400 108 21 månader.

539 429 12 26 8
569 431 46 20 106.

269 469 104 21 Utmanar
395 469 70 28 nägon
488 470 32 21 sin
544 469 82 22 förman
650 469 31 22 till
702 470 62 27 envig
783 470 7 21 i
806 469 114 28 anledning
936 469 22 22 af

199 503 68 26 nägot
282 502 134 24 förhällande
426 505 7 20 i
444 505 103 26 tjensten;
565 504 84 23 straffes
660 505 49 21 med
720 504 171 26 förafskedande,
905 504 52 22 eller

199 536 98 28 fängelse
314 538 18 27 ej
349 538 69 22 under
434 544 37 16 sex
486 539 108 21 månader.

269 572 95 28 Antager
378 572 82 22 förman
476 574 67 21 sådan
559 574 123 26 utmaning;
699 580 50 14 vare
764 573 36 27 lag
816 579 87 15 samma.

270 607 54 21 Kom
340 608 86 26 enviget
441 608 32 21 till
488 608 175 27 verkställighet;
676 608 66 22 varde
753 608 26 20 de
790 608 113 26 brottslige
914 608 42 21 för-

199 641 119 22 afskedade
334 642 40 22 och
390 642 111 22 dessutom
517 642 102 22 straffade
635 643 67 27 enligt
717 642 78 22 allmän
811 642 41 27 lag.

541 706 13 26 8
572 707 45 20 107.

272 745 117 27 Angäende
405 752 77 16 ansvar
497 746 32 22 för
544 746 132 22 misshandel
687 746 40 22 och
738 746 162 26 ärekränkning,
913 752 45 15 som

201 779 69 27 begäs
293 780 22 21 af
336 779 73 23 officer
432 781 52 21 eller
502 780 143 22 underofficer
660 783 58 19 emot
732 780 109 22 vederlike
857 780 52 22 eller
924 780 35 21 vid

201 814 148 26 krigsmakten
373 815 85 21 anstäld
482 816 46 20 civil
551 816 130 26 tjensteman
701 816 7 20 i
729 816 52 21 eller
804 815 32 21 för
857 815 101 26 tjensten,

202 849 90 26 stadgas
309 849 6 20 i
334 851 22 18 11
373 849 104 27 kapitlet;
494 850 39 21 och
550 856 34 15 om
600 849 130 22 misshandel
745 849 39 22 och
796 849 162 28 ärekränkning,

201 882 113 22 föröfvade
329 883 22 21 af
364 883 82 22 förman
464 885 39 21 och
518 884 93 22 förmans
626 885 109 22 vederlike
746 886 44 19 mot
801 884 157 26 underordnad,

201 917 7 21 i
227 920 27 19 14
270 918 97 27 kapitlet.

533 1008 20 19 11
569 1008 62 24 Kap.

202 1056 39 22 Om
257 1056 141 22 ohörsamhet
413 1058 57 21 emot
486 1058 102 28 postkarl
604 1058 41 22 och
655 1058 63 27 vakt;
735 1057 111 22 äfvensom
857 1063 34 16 om
901 1057 60 21 miss-

202 1090 83 22 handel
305 1091 40 21 och
361 1092 171 28 ärekränkning
548 1092 57 22 emot
620 1092 49 22 dem
684 1092 56 22 eller
756 1091 68 22 deras
840 1091 121 25 vederlike,

202 1124 59 22 eller
281 1125 56 22 emot
357 1126 52 22 civil
429 1126 133 28 tjensteman
581 1126 36 22 vid
633 1126 163 28 krigsmakten,
813 1126 56 22 eller
884 1126 78 28 dejour

314 1160 56 21 eller
386 1160 7 22 i
409 1160 110 23 likartadt
534 1160 137 29 tjenstevärf
683 1160 65 22 stadd
764 1166 87 22 person.

544 1220 13 25 $
575 1221 46 19 108.

273 1257 64 27 Hvar,
355 1264 47 16 som
417 1259 49 22 med
473 1253 63 36 väld:
545 1259 54 22 eller
614 1259 39 21 hot
669 1265 33 15 om
718 1259 48 21 väld
783 1260 68 20 sätter
862 1258 33 27 sig
907 1260 56 19 emot

203 1291 54 22 eller
277 1292 18 27 ej
317 1292 134 22 hörsammar
466 1293 55 22 hvad
537 1293 104 28 postkari,
657 1293 89 22 militär-
762 1293 53 21 eller
831 1292 133 28 skyddsvakt

203 1325 69 28 enligt
287 1326 114 22 meddelad
416 1327 123 28 befallning,
555 1328 6 21 i
578 1328 65 26 afsigt
659 1329 33 20 att
706 1327 135 22 förekomma
851 1326 112 22 utförande

203 1359 23 21 af
240 1361 71 26 någon
332 1361 113 28 förbjuden
467 1363 106 26 handling,
591 1362 22 21 af
627 1363 79 20 honom
722 1361 92 27 fordrar;
832 1361 84 22 straffes
933 1361 30 26 så,

204 1400 46 15 som
268 1401 34 15 om
319 1395 113 22 enahanda
448 1397 58 21 brott
522 1399 57 19 emot
589 1397 82 21 förman
683 1397 6 20 i
700 1397 28 26 $$
740 1398 26 19 94
778 1396 40 21 och
831 1397 25 20 95
869 1395 94 27 stadgas.

276 1429 75 22 Såsom
374 1431 98 26 postkarl
496 1438 62 15 anses
582 1432 77 25 soldat,
684 1431 85 21 hvilken
792 1433 24 18 är
836 1431 81 20 utstäld
937 1431 28 26 på

203 1465 52 25 post
278 1464 48 21 med
349 1467 67 24 gevär
439 1465 52 21 eller
510 1466 100 26 utdraget
631 1464 77 22 blankt
727 1470 75 22 vapen.
834 1464 131 22 Militärvakt
