1023 1673
237 129 29 22 12
405 129 81 23 Ständ.
501 129 38 23 Sv.
555 141 26 4 —
597 129 72 28 Prop.
684 129 41 22 N:o
739 128 36 23 38.

284 232 117 27 penninge-
424 233 39 21 och
486 233 27 20 12
532 235 90 25 procent
637 232 25 22 af
673 231 69 22 indelt
757 231 37 22 lön
809 231 34 22 för

285 266 53 26 året,
361 266 33 22 för
416 267 48 26 den,
480 267 87 22 hvilken
581 267 70 21 första
665 267 85 27 gången
765 265 77 22 tillträ-

285 301 39 21 der
338 301 66 28 tjenst
419 302 49 21 med
482 301 36 22 lön
533 302 29 27 på
579 301 101 25 kronans,
696 301 71 26 någon
783 301 59 20 stads

285 334 52 22 eller
356 335 80 22 allmän
451 335 130 28 inrättnings
597 337 54 25 stat;
667 335 40 22 och
722 334 55 22 skall
792 341 50 15 ena-

284 369 74 22 handa
379 369 201 28 beräkningsgrund
597 370 110 27 tillämpas
719 369 81 28 jemväl
816 369 27 21 då

285 410 86 21 person,
387 410 45 15 som
447 404 67 21 sådan
529 404 66 27 tjenst
607 403 60 22 förut
677 403 105 26 innehaft,
794 410 48 14 men

286 437 95 22 derifrån
403 438 86 21 undfått
508 438 81 27 afsked,
605 439 56 27 ånyo
677 437 54 22 efter
745 437 98 22 ansökan

285 471 108 22 tillträder
411 473 66 27 tjenst
492 473 25 21 af
530 473 142 21 omförmälda
687 472 155 21 beskaffenhet.

285 505 50 22 Men
354 507 36 21 vid
411 506 116 22 befordran
547 507 34 21 till
596 514 73 14 annan
684 507 67 27 tjenst
766 506 77 21 beräk-

285 547 40 15 nas
347 541 80 22 kartan
443 542 76 21 endast
535 541 54 22 efter
605 541 120 25 skilnaden,
741 541 103 22 hvarmed

286 575 41 21 den
353 575 112 22 tillträdda
489 575 64 22 lönen
577 575 44 22 kan
646 575 133 28 öfverskjuta
802 576 41 20 den

285 609 59 22 förut
359 609 123 23 innehafda.
512 606 29 25 Är
556 611 65 21 lönen
636 611 36 21 vid
683 611 42 20 den
736 617 42 21 nya
788 609 55 28 tjen-

286 646 48 20 sten
355 643 48 23 icke
419 645 74 26 större,
508 645 99 21 utfärdas
622 644 129 22 fullmakten
766 644 30 28 på
811 645 33 20 så-

286 678 43 22 dan
348 678 70 27 karta,
434 686 44 14 som
493 679 34 21 för
542 679 169 22 embetsverkets
726 679 117 27 expeditio-

286 719 39 15 ner
339 713 8 21 i
362 713 118 22 allmänhet
494 714 74 27 gäller.
599 714 75 21 Såsom
684 713 82 27 verklig
777 713 67 28 tjenst

286 746 111 23 betraktas
413 748 62 22 äfven
488 748 189 26 senatorsembete,
692 747 88 22 hvarför
796 748 48 25 den,

286 788 47 15 som
355 782 72 21 dertill
451 783 28 27 pä
494 782 75 28 längre
585 782 52 22 eller
651 782 88 22 kortare
755 782 32 21 tid
802 781 42 21 för-

286 818 35 20 sta
342 816 85 28 gängen
444 816 69 22 kallas
529 817 38 22 och
583 817 120 26 förordnas,
719 816 38 22 bör
772 816 73 22 betala

286 851 250 28 stämpelpappersafgift
551 851 66 28 enligt
633 851 137 22 förestäende
780 857 64 20 grun-

287 885 45 26 der,
355 892 34 15 om
413 886 40 21 ock
475 886 100 21 särskildt
597 885 140 22 kallelsebref
749 885 48 22 icke
812 885 33 21 till

285 919 80 22 honom
380 919 104 23 utfärdas.

316 955 159 28 Anmärkning.
504 955 41 21 Vid
567 955 147 22 uträknandet
736 954 24 21 af
780 955 64 20 stäm-

287 987 222 29 pelpappersafgiften
527 989 34 22 för
575 989 100 22 fullmakt
691 990 14 20 &
719 988 125 22 häradshöf-

287 1022 139 28 dingetjenst,
449 1023 55 22 skall
527 1024 69 21 säsom
615 1024 96 27 tjensten
726 1023 119 27 ätföljande

287 1055 37 22 lön
339 1063 63 15 anses
417 1057 19 28 ej
453 1058 82 21 mindre
549 1057 209 28 penningeanslaget
773 1058 13 21 ä
796 1057 49 21 kro-

287 1097 55 15 nans
357 1093 44 20 stat
416 1093 28 20 än
459 1092 208 28 häradshöfdingens
683 1091 64 22 andel
760 1092 7 21 i
778 1092 67 27 tings-

287 1125 136 28 gästningen,
446 1126 87 22 hvilken
554 1127 64 21 andel
641 1128 28 20 dä
687 1129 89 24 antages
791 1128 54 19 mot-

287 1165 64 16 svara
366 1162 86 19 ettusen
466 1161 129 22 femhundra
608 1161 61 22 mark
679 1161 8 20 i
696 1161 99 27 Piippola
806 1160 39 21 och

287 1193 130 23 femhundra
431 1195 61 21 mark
506 1195 8 21 i
529 1195 83 22 Torneå
627 1196 104 26 domsaga
746 1197 56 19 samt
815 1195 30 28 fy-

287 1230 89 20 ratusen
398 1229 62 22 mark
481 1230 8 20 i
504 1230 41 21 den
561 1230 73 26 första,
650 1232 97 19 tretusen
763 1230 61 21 mark
838 1230 8 20 i

287 1262 42 21 den
352 1264 69 21 andra
443 1264 39 21 och
505 1265 98 21 tvätusen
618 1264 63 22 mark
695 1264 8 20 i
719 1264 41 21 den
775 1264 71 27 tredje

287 1296 25 22 af
325 1297 26 21 de
366 1296 89 28 klasser,
466 1298 85 22 hvartill
561 1298 85 22 landets
657 1299 120 26 domsagor,
786 1300 59 18 utom

286 1330 174 28 Lappmarkens,
475 1334 37 20 äro
528 1332 106 22 hänförda
648 1333 7 21 i
671 1332 102 22 afseende
784 1332 13 20 å
806 1332 40 20 fin-

287 1364 40 22 ska
349 1365 133 23 civilstatens
504 1367 64 21 enke-
584 1367 40 21 och
640 1366 146 28 pupillkassas
802 1367 44 20 rätt

286 1402 33 19 att
329 1399 49 22 frän
389 1401 50 21 dem
449 1401 85 28 ätnjuta
541 1401 200 27 vakansbesparing
749 1400 24 22 af
778 1400 67 28 tings-

287 1434 136 28 gästningen.

257 1469 36 22 2:0
309 1468 12 21 å
337 1467 131 30 beställning
482 1471 29 26 pä
527 1470 110 22 obestämd
652 1470 33 21 tid
701 1468 50 22 eller
766 1470 29 26 pä
810 1468 35 22 be.
