1034 1673
366 134 10 10 «
402 120 34 20 N:o
453 119 34 21 37.
722 114 12 24 f
778 119 12 20 5

66 188 94 28 följande
175 188 83 21 läseärs
273 188 76 27 början
365 189 46 20 äter
426 188 129 27 tillkomma,
570 187 65 21 hafva
647 188 129 27 sedermera,
786 187 33 21 för

66 222 123 22 beredande
212 222 23 21 af
255 222 75 27 nödigt
353 224 105 24 utrymme
481 222 33 21 för
531 222 54 27 dem,
606 222 94 27 antagits
716 223 67 26 nägra
798 221 24 22 af

68 256 98 22 enskilda
180 263 103 20 personer
299 257 76 27 gjorda
390 254 72 23 anbud
478 258 32 19 att
526 256 92 27 uppföra
634 256 38 22 och
689 257 41 21 den
746 258 10 20 1
769 256 50 27 Sep-

66 291 84 22 tember
167 292 52 20 1881
237 291 33 21 till
286 291 207 27 läroinrättningens
506 291 142 27 begagnande
658 292 45 20 mot
714 291 106 21 öfverens-

67 326 98 20 kommen
181 326 188 26 hyresersättning
383 326 90 26 uppläta
489 326 26 20 de
531 326 28 20 dä
575 326 141 26 erforderliga
726 326 94 26 byggna-

68 361 73 26 derna,
162 360 67 27 jemte
249 360 36 21 det
301 356 172 30 Öfverstyrelsen
489 360 34 20 för
538 360 115 21 Allmänna
668 360 152 27 byggnaderna

68 395 6 21 i
90 395 74 21 landet
179 395 7 20 i
202 395 95 27 enlighet
312 395 49 21 med
376 395 114 27 godkända
506 395 96 21 eskisser
612 395 100 27 uppgjort
722 395 98 21 fullstän-

69 430 49 26 diga
140 429 107 28 ritningar
270 430 33 21 till
327 430 68 26 öfriga
418 430 33 21 för
472 430 109 21 anstalten
601 430 105 27 behöfliga
724 430 40 21 hus
780 429 40 22 och

69 465 131 26 byggnader,
216 465 73 20 hvilka
304 464 100 27 uppföras
421 465 13 20 &
450 466 31 19 ett
496 464 24 21 af
534 464 117 21 Sordavala
660 465 161 20 stadskommun

69 499 41 21 den
126 499 11 20 5
153 499 62 26 April
232 500 54 19 1880
305 499 34 20 till
359 499 106 26 tomtplan
485 499 33 20 för
535 499 125 21 seminariet
674 501 52 19 utan
742 500 79 20 ersätt-

68 533 52 26 ning
141 533 98 26 upplätet
260 533 125 27 jordstycke
408 539 33 15 om
465 533 47 27 fyra
534 533 39 21 och
590 535 31 19 ett
637 533 53 21 halft
705 533 116 21 tunnlands

69 568 56 26 vidd,
133 568 161 26 underlydande
303 568 76 21 staden
389 568 111 27 tillhöriga
510 568 124 21 hemmanet
644 568 38 21 N:o
694 569 13 19 4
716 568 6 21 i
733 567 89 22 Loblola

68 603 34 26 by.
132 602 70 21 Dessa
217 602 130 28 byggnader,
363 603 73 20 hvilka
452 603 53 20 böra
521 609 52 14 vara
588 603 134 20 fullbordade
738 602 40 21 och
790 602 31 20 in-

68 637 67 20 redda
157 637 34 20 till
213 637 168 21 höstterminens
404 637 76 27 början
503 638 25 19 är
553 638 60 26 1883,
637 637 93 26 päkalla,
756 636 66 27 enligt

69 671 165 26 approximativt
257 671 193 27 kostnadsförslag,
474 678 25 14 en
523 671 66 27 utgift
609 671 22 21 af
648 672 90 26 377,000
754 671 67 26 mark,

68 705 87 21 hvartill
171 705 119 27 besparade
306 707 73 20 räntor
394 706 7 20 i
418 706 41 21 den
475 705 23 22 af
512 706 103 21 Finlands
632 705 136 22 Statskontor
779 705 42 21 för-

69 740 85 21 valtade
171 740 118 21 Siitoinska
304 740 186 21 folkskolefonden
506 741 88 20 komma
610 742 32 19 att
657 741 109 20 användas
782 740 40 21 och

70 775 123 20 äterstoden
209 775 118 26 tillskjutas
343 781 25 14 ur
384 775 109 20 allmänna
509 775 134 20 statsmedel.

140 809 29 20 Af
183 809 37 20 det
235 809 48 21 utaf
297 809 120 21 Ständerna
432 809 34 21 för
482 809 138 21 seminarium
635 810 6 20 i
657 809 117 21 Sordavala
789 809 33 21 för

70 845 52 19 ären
147 844 60 26 1880,
232 845 52 20 1881
309 844 39 21 och
369 845 52 20 1882
446 844 103 21 anvisade
565 844 76 27 anslag
656 845 90 26 224,885
761 844 62 20 mark

70 880 30 25 är,
123 878 93 20 förutom
240 878 25 21 de
289 878 33 21 till
345 878 67 21 första
436 879 170 26 uppsättningen
627 879 103 26 anslagna
746 879 77 27 50,000

69 912 68 27 mark,
153 913 28 25 pä
197 912 231 28 Skolöfverstyrelsens
444 913 160 27 framställning
617 913 6 21 i
634 913 148 27 utgiftsstaten
790 912 33 21 för

70 947 157 21 läroanstalten
249 949 105 25 upptaget
377 947 32 21 för
431 947 96 21 läseäret
545 948 137 20 1880—1881
700 949 30 19 ett
745 947 77 27 belopp

70 980 23 22 af
107 982 76 26 52,560
198 981 62 21 mark
276 981 39 21 och
331 981 34 21 för
379 982 95 20 läseäret
487 982 139 20 1881—1882
638 982 22 20 af
669 982 77 27 82,070
754 981 68 21 mark.

142 1016 10 20 I
168 1016 95 26 enlighet
278 1016 49 20 med
348 1016 25 21 de
394 1016 22 21 af
434 1016 123 21 Ständerna
577 1016 36 21 vid
630 1017 52 20 1877
700 1018 35 19 ärs
752 1016 70 20 landt-

70 1050 42 26 dag
138 1050 115 27 godkända
275 1050 82 27 förslag
379 1051 34 20 till
429 1050 150 27 utgiftsstater
595 1051 34 21 för
644 1050 156 22 seminarierna
815 1050 7 20 i

70 1084 125 28 Jyväskylä,
218 1084 86 21 Ekenäs
328 1085 39 21 och
389 1085 125 27 Nykarleby
537 1085 64 21 hafva
617 1085 72 27 dylika
705 1087 69 19 stater
789 1084 34 22 för

71 1119 63 21 dessa
150 1119 109 21 anstalter
273 1120 72 20 blifvit
361 1120 41 20 den
419 1121 26 19 13
462 1120 106 21 Februari
588 1121 53 20 1879
657 1120 122 27 faststälda,
791 1121 33 19 att

71 1153 57 27 gälla
143 1153 49 21 frän
208 1154 40 20 och
263 1154 49 21 med
328 1154 41 21 den
387 1156 9 19 1
414 1154 92 22 Januari
524 1156 54 20 1878
594 1154 34 22 till
644 1161 80 15 samma
741 1154 41 27 dag
798 1155 25 19 är

72 1188 59 27 1883,
156 1188 55 21 dock
233 1188 98 28 sålunda,
354 1191 33 19 att
409 1189 93 21 berörda
523 1191 68 19 stater
612 1189 117 27 tillämpats
749 1189 33 21 för
798 1189 25 20 år

71 1223 53 20 1878
147 1223 78 21 endast
247 1224 72 20 sävidt
341 1224 27 20 de
391 1226 97 24 upptaga
510 1224 135 20 förbättrade
664 1224 159 20 löneförmäner

70 1257 34 21 för
120 1258 40 20 den
183 1257 36 21 vid
242 1258 156 21 seminarierna
421 1258 101 21 anstälda
540 1258 182 28 lärarepersonal,
738 1258 84 21 hvadan

70 1292 46 26 ock,
132 1292 33 20 till
181 1292 53 27 följd
251 1292 22 21 af
287 1292 218 22 lefnadskostnadens
522 1293 123 21 successiva
660 1292 103 28 stegring,
779 1292 43 20 till-

70 1326 59 21 skott
144 1326 33 21 till
200 1326 7 21 i
228 1327 26 21 de
277 1327 60 21 äldre
357 1328 97 20 staterna
473 1327 128 27 förslagsvis
620 1329 110 25 upptagna
746 1326 76 26 anslag

70 1360 33 21 för
118 1360 153 28 kosthällning,
295 1362 40 20 ved
355 1362 38 21 och
413 1362 49 26 ljus,
480 1361 85 21 diverse
580 1362 96 27 utgifter,
692 1362 49 20 med
756 1367 66 21 mera,

70 1394 33 21 för
118 1396 24 19 är
159 1396 61 26 1878,
243 1396 84 20 liksom:
343 1396 33 20 för
396 1396 25 20 de
442 1396 181 26 nästföregäende
639 1397 59 26 åren,
713 1395 110 21 befunnits

70 1428 78 28 nödiga
171 1432 56 18 samt
249 1430 142 21 utanordnats
411 1430 33 20 för
466 1431 24 19 är
507 1431 54 20 1876
577 1430 49 21 med
642 1431 62 26 7,933
720 1430 62 21 mark
799 1431 25 20 13
