1031 1717
282 151 62 22 Säät.
359 152 63 22 Vast.
439 164 22 3 —
479 152 38 22 Es.
532 152 40 22 N:o
586 152 36 22 45.
780 154 12 20 7

435 221 14 21 3
464 220 69 22 Luku.

400 272 167 27 Päällekirjoitus.

385 322 100 22 Esityksen
497 322 86 18 mukaan.

418 364 83 20 16—19
514 363 36 28 $$.

408 403 143 23 Muutoksitta.

448 456 30 21 20
493 456 20 27 $.

370 494 154 19 Suomenkieliset
536 497 58 16 sanat.

317 529 119 23 Yhtäläiset
451 530 51 22 kuin
518 530 128 29 esityksessä.

374 581 152 18 Ruotsinkieliset
537 583 59 16 sanat.

242 615 77 21 Denna
338 615 134 28 förordning
496 616 75 21 träder
594 617 8 19 i
627 615 131 22 verksamhet
780 615 40 21 den

146 667 66 2 —
300 668 41 2 n
429 651 37 20 18.
521 667 8 4 .
559 645 33 26 Är
606 650 69 27 straf
686 651 14 20 å
712 651 72 26 någon
794 649 30 28 af

146 683 26 20 de
189 683 150 29 förbrytelser,
361 691 43 14 som
426 684 41 21 här
486 686 131 24 omnämnas,
632 685 29 20 då
676 686 59 19 ännu
752 685 21 26 ej
788 683 32 21 be-

145 718 81 21 stämdt
240 725 73 20 genom
328 719 78 27 utslag,
422 725 43 15 som
481 719 75 21 vunnit
571 719 52 20 eller
633 718 43 27 får
690 719 65 20 vinna
769 719 50 26 laga

145 752 66 27 kraft,
232 753 58 20 skall
308 753 35 21 det
361 760 79 14 ansvar
458 754 94 21 ådömas,
568 760 43 14 som
626 754 8 19 i
649 753 69 21 denna
728 752 92 27 förord-

146 787 52 27 ning
215 786 69 26 finnes
303 790 73 23 utsatt,
397 794 32 15 om
448 788 35 21 det
500 790 26 19 är
542 788 119 26 lindrigare
676 789 29 18 än
720 787 40 25 det,
776 793 44 14 som

146 821 67 26 enligt
227 821 62 20 äldre
300 821 140 28 författning
455 823 13 19 &
483 823 116 26 gerningen
611 822 60 26 följa
686 821 52 20 bort.

146 877 154 22 Suomenmaan
315 879 79 28 Säädyt
408 881 48 20 ovat
471 879 49 22 alati
533 879 15 28 j.
564 887 20 14 n.
600 887 17 13 e.
710 881 7 11 N

145 924 137 29 Helsingissä,
299 925 26 21 13
340 929 48 24 p:nä
402 925 132 22 Joulukuuta
550 933 18 14 v.
586 925 59 21 1877.

226 1500 112 22 Helsingissä,
350 1500 17 16 J.
381 1499 111 17 Simelius'en
504 1498 100 23 perillisillä,
618 1497 50 18 1878.
