1103 1767
275 134 27 20 74
464 133 28 22 U.
507 133 26 21 B.
549 146 27 2 —
591 133 70 27 Prop.
679 132 41 22 N:o
735 132 35 22 24.

246 191 163 21 statsbanorna
424 191 7 20 i
446 191 82 26 landet,
549 191 57 21 blott
624 196 54 16 man
695 191 21 25 ej
735 196 82 22 genom
837 190 156 22 obetänksam-

245 230 39 15 ma
306 224 105 26 åtgärder
434 224 41 22 och
494 224 29 26 pä
542 224 152 22 omotiverade
714 224 51 22 skäl
780 224 132 21 framkallar
928 225 66 21 dessa

245 258 85 27 hinder,
342 258 26 22 sä
383 258 71 22 finnes
470 258 20 26 ej
505 258 69 22 heller
593 259 2 21 i
610 258 177 22 kommisionens
803 259 143 26 andragande
960 258 34 21 be-

246 292 111 22 träffande
381 293 159 27 vagnsparken
558 293 74 27 nägon
650 293 69 21 orsak
737 292 36 22 till
787 293 94 26 ändring
896 292 26 22 af
935 292 59 28 spär-

248 327 50 21 vidd
313 327 35 21 för
363 327 235 27 Keuru—Jyväskylä
613 328 80 20 banan.

315 361 68 22 Hvad
406 362 68 20 sedan
498 362 69 26 angär
586 362 27 21 de
632 362 26 20 af
672 362 179 21 kommissionen
865 362 131 27 föreslagna

246 396 153 26 rälsvigterna
422 396 26 20 af
466 402 58 20 resp.
548 396 28 21 20
598 396 42 22 och
658 396 28 21 25
699 396 32 26 kg
746 396 49 27 vigt
810 402 39 20 per
864 396 42 26 löp.
922 397 73 21 meter

246 430 26 21 sä
294 430 41 21 har
356 427 186 30 Öfverstyrelsen
564 431 34 21 för
621 432 50 26 väg-
695 431 41 21 och
754 431 241 27 vattenbyggnaderna

246 465 60 27 tagit
328 465 51 21 dem
402 464 35 21 för
459 465 26 21 sä
507 465 106 27 ofelbara,
636 467 36 19 att
691 465 41 21 den
753 465 139 22 försummat
910 466 36 20 att
962 464 34 22 till

247 499 113 27 förslagen
398 498 35 21 för
468 500 256 26 Keuru—Jyväskylä—
733 494 143 37 Suonenjoki
902 499 94 27 jernväg

246 533 137 21 konstruera
408 533 114 27 rälstyper
548 534 34 20 för
608 534 173 26 ifrägavarande
805 534 73 26 vigter
899 534 42 21 och
962 535 34 19 ut-

247 568 72 20 räkna
337 568 181 26 uppkommande
539 568 240 26 motständsmoment,
795 568 106 22 hvarföre
917 568 20 26 ej
953 568 42 21 hel-

246 602 32 20 ler
300 601 74 27 nägon
397 608 49 15 som
466 602 61 22 helst
545 602 94 22 teknisk
653 602 121 27 utredning
788 603 7 20 i
811 602 64 22 detta
890 602 106 22 afseende

246 636 119 27 föreligger
385 637 41 21 och
444 638 35 20 ett
497 636 78 28 rigtigt
594 637 138 21 bedömande
748 637 26 21 af
786 637 26 21 de
828 638 100 26 antagna
943 636 53 22 räls-

247 671 116 26 vigternas
383 670 132 28 lämplighet
534 671 35 21 för
584 670 109 23 behofvet
707 671 42 21 blir
765 671 108 27 omöjligt.
903 671 94 21 Ganska

247 705 156 27 besynnerligt
421 706 114 21 förefaller
554 706 38 22 det
610 706 132 26 emellertid,
758 706 58 21 huru
831 712 54 15 man
899 706 54 26 just,
970 705 27 21 dä

246 740 39 21 det
307 740 70 27 gäller
399 742 37 20 att
458 740 84 22 föreslå
561 741 99 27 billigare
678 740 204 28 jernvägssystem,
901 740 20 22 d.
940 745 22 16 v.
979 746 17 15 s.

247 774 84 22 främst
346 775 41 21 och
403 775 158 27 förnämligast
576 776 71 20 banor
662 776 52 20 med
728 776 85 21 lättare
829 775 168 27 öfverbyggnad

250 819 20 3 —
286 810 26 25 ty
327 809 6 20 i
350 808 98 22 främsta
462 811 100 20 rummet
578 812 24 19 är
618 810 38 21 det
671 809 204 27 öfverbyggnaden,
891 815 50 15 som
961 809 34 21 be-

247 843 111 21 träffande
379 843 274 27 anläggningskostnaden
673 844 26 20 af
711 850 27 15 en
753 844 95 26 jernväg
863 845 25 19 är
903 844 41 21 den
960 844 35 20 be-

248 877 144 22 stämmande
412 877 98 25 faktorn,
530 878 74 20 banan
627 877 38 22 mä
687 878 70 21 sedan
780 883 56 16 vara
858 878 61 21 bred-
942 877 54 22 eller

247 911 134 27 smalspärig
404 922 20 2 —
446 912 58 20 utan
522 912 131 26 förebragta
671 912 50 21 skäl
739 911 60 21 ifrän
815 912 42 21 den
873 912 122 21 bestäende

246 946 84 21 lättare
349 945 199 27 öfverbyggnaden
566 946 52 26 gätt
636 946 6 20 i
661 946 52 21 rakt
732 947 100 20 motsatt
846 945 101 27 riktning
962 945 34 21 till

247 986 27 15 en
293 981 88 26 tyngre.
411 980 57 21 Sant
488 981 24 20 är
531 980 36 21 väl
584 982 37 20 att
636 981 26 21 de
679 980 108 27 skarpare
803 980 155 27 stigningarne
973 980 26 20 af

245 1014 55 26 0,020
323 1016 50 20 mot
393 1014 55 26 0,012
470 1015 6 20 i
500 1014 73 28 någon
595 1015 53 21 män
671 1014 76 22 kunna
765 1014 92 28 påkalla
875 1020 27 16 en
922 1016 73 20 större

247 1048 182 28 säkerhetsgrad,
452 1049 140 27 exempelvis
615 1055 27 15 en
664 1049 99 28 8-falldig
786 1049 114 27 säkerhet,
920 1055 49 16 som
989 1048 6 20 i

246 1083 190 21 kommissionens
455 1084 143 21 betänkande
614 1084 40 21 N:o
670 1084 28 20 20
712 1084 119 26 uttryckts
847 1084 97 26 dermed,
960 1084 35 20 att

246 1117 61 21 rälen
331 1118 20 21 ej
374 1118 67 21 borde
465 1118 148 21 konstrueras
635 1118 34 21 för
688 1119 73 20 större
779 1118 111 26 spänning
909 1119 29 19 än
954 1117 42 21 700

246 1148 32 30 kg
292 1157 39 21 per
347 1152 52 26 cm”,
415 1157 52 16 men
482 1151 59 22 efter
557 1152 42 22 allt
614 1152 60 21 hvad
689 1152 38 26 jag
742 1153 57 20 utan
814 1152 117 21 företedda
942 1152 53 21 räls-

246 1186 110 27 ritningar
378 1187 47 21 kan
442 1186 102 27 bedöma,
563 1187 103 21 kommer
684 1192 53 16 man
756 1186 121 28 ingalunda
891 1186 7 21 i
914 1186 81 22 sädant

246 1220 41 22 fall
304 1226 46 21 upp
369 1221 35 21 till
423 1220 27 21 20
468 1221 42 21 och
524 1221 28 21 25
567 1221 31 27 kg
612 1222 58 20 räler
685 1221 35 21 för
735 1227 59 21 resp.
811 1220 13 21 3
840 1220 41 22 och
895 1220 32 27 4,1
943 1222 53 20 tons

246 1255 116 27 hjultryck
385 1257 61 19 samt
468 1255 46 27 76,2
533 1261 36 16 cm
589 1254 200 28 sleepersafständ,
804 1256 56 20 utan
875 1255 36 22 till
926 1255 69 27 nägot

245 1289 64 22 öfver
325 1289 27 21 18
367 1290 40 21 och
423 1289 27 21 23
465 1290 37 27 kg.

313 1322 65 22 Hade
399 1328 52 16 man
471 1324 118 20 dessutom
604 1323 102 21 minskat
721 1323 225 27 sleepersafständet,
962 1323 33 21 sä-

246 1362 49 15 som
315 1356 70 27 enligt
400 1357 54 21 mitt
468 1356 145 22 förmenande
629 1357 51 21 bort
695 1357 48 27 ske,
758 1357 58 22 hade
831 1362 51 16 man
899 1356 50 23 icke
964 1362 31 16 er-

246 1391 65 21 hällit
326 1396 40 17 ens
382 1392 66 21 dessa
464 1391 122 27 rälsvigter
601 1392 42 21 och
657 1391 7 21 i
679 1392 45 21 alla
735 1391 41 22 fall
786 1392 89 22 kunnat
886 1392 73 21 räkna
966 1391 29 27 pä

246 1432 28 14 en
289 1425 52 23 fullt
356 1426 47 21 lika
418 1426 74 27 stadig
504 1438 26 3 —
541 1426 23 26 ja
578 1426 38 28 jag
631 1426 70 28 vägar
717 1426 68 28 pästä
801 1426 113 28 stadigare
929 1426 66 22 bana.

313 1476 178 23 Jernvägsutskottets
504 1477 110 18 betänkande
626 1477 36 18 N:o
674 1477 18 17 2.
