1128 1767
257 146 28 20 22
443 144 29 22 U.
487 144 27 22 B.
529 156 27 3 —
571 144 73 27 Prop.
660 144 42 21 N:o
717 143 38 22 29.

230 216 43 21 nat
300 214 91 23 sådant
417 214 117 22 vållande
561 214 13 22 å
594 214 144 22 arbetarens
761 214 54 22 sida
834 214 142 28 föreligger,

229 249 88 22 kunna
335 249 111 22 deremot
463 248 8 22 i
490 249 85 28 regeln
593 248 54 22 icke
660 249 167 28 undantagas.
855 248 58 22 Dels
927 248 51 22 kan

229 283 125 29 nemligen
381 283 68 22 detta
476 283 116 22 vållande
611 283 60 22 bero
693 283 78 26 deraf,
792 284 35 20 att
846 282 132 23 arbetaren

230 324 91 23 genom
339 318 42 22 det
399 318 134 22 oafbrutna
552 317 141 28 sysslandet
710 317 57 22 med
786 318 34 21 ett
838 317 85 29 farligt
942 323 37 16 ar-

229 351 57 23 bete
305 352 8 22 i
331 352 52 22 viss
401 352 58 22 mån
477 352 107 22 förslöas
608 352 39 22 för
665 352 79 25 faran,
765 351 53 23 dels
837 352 28 21 är
884 352 94 27 olycks-

229 386 90 23 fallens
338 386 68 22 antal
423 386 81 22 under
522 386 106 29 dygnets
647 386 67 22 olika
732 386 72 26 tider,
824 386 32 28 på
870 386 49 22 sätt
931 387 48 21 sta-

230 420 102 23 tistiken
358 420 104 27 utvisar,
491 422 34 20 ett
552 421 80 28 troget
658 420 99 29 uttryck
786 420 25 22 af
833 420 146 22 arbetarens

231 456 80 21 större
329 455 60 22 eller
413 455 96 22 mindre
528 455 96 28 fysiska
642 455 158 28 utmattning.
838 455 47 21 Det
903 461 76 21 synes

231 489 85 22 derför
340 489 99 28 skäligt,
468 490 35 21 att
530 489 199 29 arbetsgifvaren
748 489 46 22 bör
814 495 108 16 ansvara
941 489 39 22 för

230 523 197 30 ifrågavarande
454 523 55 29 slag
528 523 25 22 af
571 523 137 28 olycksfall,
728 523 105 22 såframt
851 523 21 28 ej
893 523 86 22 vårds-

230 558 114 22 lösheten
363 557 14 22 å
397 557 144 22 arbetarens
561 558 54 21 sida
634 558 27 21 är
681 558 35 21 att
732 564 73 15 anses
819 557 82 22 såsom
914 557 64 29 grof.

299 592 70 22 Enär
387 591 144 30 uppsåtliga
549 592 151 28 handlingar
718 592 7 21 i
745 591 135 22 allmänhet
898 591 8 22 i
921 591 60 30 juri-

232 626 55 23 disk
306 626 101 29 mening
425 626 161 29 grundlägga
605 633 30 15 en
654 633 34 21 ny
705 626 221 26 kausalitetsserie,
941 633 39 21 sy-

231 667 44 15 nes
295 660 201 29 arbetsgifvaren
514 660 54 22 icke
586 660 77 22 heller
681 660 63 22 böra
764 667 108 15 ansvara
884 660 40 22 för
937 660 44 28 dy-

230 695 51 21 lika
299 694 159 29 handlingar,
469 694 135 29 begångna
624 695 24 21 af
661 694 79 22 andra
753 700 120 22 personer
886 695 32 21 än
931 694 49 22 den

232 729 120 26 skadade,
381 729 103 21 såframt
512 729 21 28 ej
563 729 155 28 handlingen
736 728 122 22 föröfvats
879 728 24 22 af
922 729 56 25 den,

233 769 52 16 som
310 763 28 22 är
360 763 49 22 satt
432 763 35 21 att
484 762 58 22 leda
561 763 58 22 eller
637 762 77 22 hafva
732 763 103 28 uppsigt
854 763 70 22 öfver
944 769 37 15 ar-

232 797 67 22 betet
317 797 46 21 och
381 797 8 21 i
409 797 117 21 afseende
545 797 14 20 å
578 797 101 22 hvilken
702 797 41 22 det
764 797 46 22 bör
828 797 86 22 kunna
932 797 49 22 for-

233 831 66 26 dras,
320 833 35 20 att
374 831 200 28 arbetsgifvaren
601 832 66 28 gjort
694 832 42 21 sitt
761 831 43 22 val
828 831 56 22 med
903 831 78 28 nödig

231 865 150 29 urskilning.

301 900 74 22 Utom
402 899 68 22 hvad
497 905 34 16 nu
551 899 27 22 är
597 899 81 29 sagdt,
697 899 47 22 bör
762 899 92 29 jemväl
873 899 48 22 den
940 900 41 21 be-

233 934 140 29 gränsning
400 933 73 29 gälla,
503 935 35 20 att
565 933 97 22 skadan
689 933 63 22 skall
771 934 77 21 hafva
866 934 115 22 inträffat

232 969 43 22 vid
303 968 108 22 arbetets
439 968 115 29 utöfning
573 969 45 21 och
636 968 21 28 ej
678 969 16 20 t.
714 975 38 15 ex.
772 969 80 21 under
870 968 57 22 färd
945 968 36 22 till

234 1003 59 22 eller
310 1003 57 21 från
387 1002 190 28 arbetsplatsen,
598 1004 63 20 samt
680 1004 34 20 att
727 1003 99 22 skadan
840 1003 20 28 ej
874 1002 40 22 får
925 1003 57 21 här-

232 1037 59 22 röra
319 1037 25 21 af
362 1036 80 22 sådan
464 1037 166 28 öfvermäktig
649 1036 152 29 tilldragelse
820 1037 59 21 eller
898 1043 84 16 annan

233 1071 128 25 händelse,
387 1077 53 15 som
464 1071 22 28 ej
510 1071 51 21 står
579 1071 8 21 i
606 1071 121 22 samband
746 1071 56 22 med
822 1071 41 22 det
881 1071 101 22 utförda

233 1105 110 22 arbetets
363 1107 38 20 art
419 1105 59 22 eller
496 1105 56 22 med
563 1105 29 22 de
606 1105 181 26 förhållanden,
803 1105 80 22 under
896 1105 87 22 hvilka

234 1139 42 23 det
294 1139 139 22 bedrifvits.
463 1139 43 22 Ett
524 1139 102 29 åskslag
645 1140 16 21 t.
681 1145 47 20 ex.,
742 1146 53 15 som
806 1139 79 22 dödar
896 1146 30 16 en
946 1146 37 15 ar-

232 1173 88 23 betare
338 1173 81 22 under
438 1173 102 26 arbetet,
551 1173 50 22 kan
621 1173 20 28 ej
662 1173 120 22 hänföras
792 1173 36 23 till
840 1174 141 25 händelser,

233 1208 40 22 för
291 1208 87 22 hvilka
397 1208 200 29 arbetsgifvaren
616 1208 46 22 bör
681 1214 116 21 ansvara,
817 1208 8 21 i
845 1210 76 21 annat
940 1208 43 22 fall

234 1243 33 21 än
295 1243 35 21 att
357 1242 89 28 sjelfva
473 1242 124 29 företaget
623 1242 127 22 inneburit
768 1242 55 22 fara
844 1242 25 22 af
888 1242 95 28 antydd

235 1278 39 20 art
292 1277 46 22 och
357 1277 36 21 att
411 1277 93 28 nödiga
517 1277 233 28 försigtighetsmått
760 1277 43 22 det
812 1277 105 22 oaktadt
929 1277 54 22 icke

234 1311 128 27 vidtagits.
391 1310 92 22 Likaså
501 1311 50 20 kan
570 1310 87 25 skada,
676 1310 150 22 förorsakad
846 1311 25 21 af
889 1316 30 16 en
929 1311 55 21 utaf

235 1344 101 28 okynne
354 1344 26 21 in
398 1343 33 28 på
450 1343 182 27 arbetsplatsen
650 1344 92 22 kastad
751 1345 63 25 sten,
825 1344 54 22 icke
892 1345 92 28 grund-

234 1378 76 29 lägga
329 1378 84 29 någon
433 1377 161 29 ansvarighet
612 1378 56 22 från
687 1378 214 29 arbetsgifvarens
920 1379 62 22 sida.

304 1412 105 23 Utöfver
435 1412 68 22 hvad
530 1412 77 22 ofvan
633 1412 148 23 framhällits
809 1420 76 22 synas
904 1414 80 28 några

236 1447 88 22 vidare
341 1447 202 29 begränsningar
561 1446 8 22 i
588 1447 213 29 arbetsgifvarens
821 1448 164 30 ansvarighet

303 1490 48 22 Lag-
364 1490 32 18 och
408 1490 180 18 Ekonomiutskottets
600 1489 110 19 betänkande
722 1490 36 18 N:o
772 1491 30 17 12.
