1109 1773
154 1190 21 16 10
188 1190 15 22 $.

260 156 26 20 12
418 155 82 23 Ständ.
516 155 38 23 Sv.
611 156 73 26 Prop.
699 155 42 23 N:o
756 156 35 21 29.

230 220 183 28 arbetsgifvaren
432 220 56 21 eller
506 228 28 14 ur
549 220 122 28 sjukkassa
686 220 102 29 ätnjuter
802 220 127 22 understöd
943 220 37 21 för

230 254 154 28 ofvergäende
407 254 202 29 arbetsoförmåga.
638 254 34 22 Af
690 255 56 27 skäl,
762 255 80 21 hvilka
857 254 41 22 vid
912 255 67 21 moti-

229 289 113 28 veringen
364 288 25 22 af
409 290 13 20 2
444 296 68 15 mom.
535 291 14 20 4
564 291 13 26 8
593 289 94 27 anförts,
702 289 42 22 bör
758 290 74 20 likväl
846 289 134 21 invaliditet

230 330 65 14 anses
318 330 55 14 vara
394 323 128 22 förhanden
537 324 52 21 frän
606 326 38 20 121
662 324 73 28 dagen
751 324 59 21 efter
826 323 152 29 olycksfallet,

229 364 54 14 vare
298 357 37 28 sig
350 359 34 19 att
399 357 87 21 skadan
500 358 29 21 dä
543 358 80 21 blifvit
637 358 50 21 läkt
702 358 56 21 eller
772 358 58 22 icke.

296 386 34 26 Är
348 391 39 21 det
402 392 29 28 pä
446 392 76 28 grund
537 392 26 21 af
575 392 186 22 invaliditetsfall
776 392 116 29 utgående
908 392 72 27 ärliga

229 426 164 21 skadeståndet
418 426 181 28 understigande
625 428 28 20 20
677 426 71 28 mark,
772 433 68 21 synes
864 426 38 21 det
924 425 56 21 böra

228 460 130 28 medgifvas
373 462 107 26 parterne
494 462 40 26 att,
550 468 38 14 om
603 460 28 22 de
646 460 78 22 derom
737 460 90 29 sämjas,
838 460 83 28 utbyta
932 460 48 20 det-

229 502 86 14 samma
329 498 49 18 mot
393 496 59 20 visst
467 496 85 28 belopp
568 496 8 21 i
592 498 33 19 ett
639 496 38 21 för
692 496 47 21 allt.

296 530 46 21 Det
356 530 42 22 har
414 532 65 26 synts
494 530 137 29 lämpligare
646 530 43 22 och
704 531 8 21 i
727 530 56 22 flera
798 530 42 22 fall
850 537 63 14 mera
923 531 56 19 rätt-

228 564 52 28 vist,
296 566 34 20 att
346 565 56 21 söka
416 565 76 21 direkt
502 566 83 20 utröna
596 565 86 21 skadad
693 565 114 21 arbetares
818 564 106 28 verkliga
934 564 46 21 års-

228 599 116 29 förtjenst,
360 600 13 26 i;
388 599 77 21 stället
479 600 37 21 för
531 602 40 26 att,
588 600 75 21 såsom
678 600 8 20 i
701 601 13 21 9
730 601 13 26 8
759 599 25 21 af
797 599 182 29 propositionen,

228 634 37 21 till
280 634 76 28 grund
370 634 37 21 för
422 634 132 21 densamma
568 634 70 28 lägga
654 642 28 13 en
692 634 52 22 icke
754 634 98 28 verklig,
864 635 58 19 utan
932 633 48 21 kal-

228 668 96 28 kylerad
340 668 171 29 dagsförtjenst.

295 702 12 22 I
322 702 104 29 enlighet
441 703 53 21 med
508 703 62 21 hvad
584 704 9 20 i
608 704 13 21 5
636 704 13 26 $
665 702 25 22 af
701 702 175 29 propositionen
886 702 92 28 stadgas

227 737 42 21 har
286 738 126 20 maximum
427 736 37 22 för
478 737 177 29 årsförtjensten
670 737 111 21 bestämts
797 737 37 21 till
850 738 42 20 720
906 736 72 21 mark.

228 772 68 21 Hvad
318 772 109 21 beträffar
450 772 38 21 det
510 772 122 21 minimum
654 772 25 21 af
699 772 146 28 årsförtjenst
864 771 57 21 eller
935 771 43 21 400

227 806 72 28 mark,
310 813 50 15 som
372 807 74 28 enligt
454 806 176 29 propositionen
637 806 80 29 lägges
726 806 37 22 till
771 806 76 28 grund
854 806 37 21 för
900 804 79 22 skade-

228 841 103 21 ståndets
354 841 153 28 beräknande,
531 842 25 20 så
571 841 61 21 afser
647 841 75 21 denna
736 840 158 29 begränsning
910 840 70 21 nedåt

228 878 34 19 att
280 875 144 22 tillförsäkra
442 876 50 28 lågt
507 876 108 21 aflönade
630 876 104 21 arbetare
750 878 34 19 ett
797 875 94 22 relativt
906 874 71 29 högre

228 911 146 28 skadestånd,
397 911 29 28 på
448 911 39 21 det
509 911 52 21 dess
581 911 106 22 absoluta
706 911 83 28 belopp
806 911 20 28 ej
842 911 37 20 må
895 909 83 22 under-

228 945 62 29 stiga
312 945 231 22 existensminimum.
573 945 128 22 Ständerna
724 952 54 15 anse
801 944 129 22 emellertid
946 946 34 19 ett

227 980 85 28 belopp
336 979 25 22 af
383 980 41 21 180
445 980 65 21 mark
531 979 37 22 för
584 981 48 20 året
647 980 8 21 i
671 979 63 22 detta
749 979 108 22 afseende
873 986 55 14 vara
942 979 37 21 för

228 1014 44 22 full
293 1014 133 21 invaliditet
441 1014 124 29 tillfyllest,
585 1014 28 21 då
628 1021 28 14 en
672 1017 48 18 stor
736 1014 37 21 del
788 1013 25 22 af
825 1013 155 22 landtbefolk-

227 1049 88 28 ningen
329 1049 52 21 icke
396 1049 46 21 kan
456 1049 79 28 uppnå
550 1056 29 14 en
590 1051 73 20 större
671 1048 154 29 årsförtjenst.
843 1047 135 28 Ständerna,

228 1090 49 14 som
300 1083 37 21 för
356 1083 176 21 skadeståndets
546 1083 85 28 belopp
647 1083 89 28 antagit
752 1091 29 13 en
796 1084 144 27 procentsats
956 1081 25 22 af

228 1118 29 21 60
264 1118 28 27 9/,
307 1117 25 21 af
346 1117 44 21 den
406 1117 111 21 skadades
532 1117 164 22 förutvarande
707 1117 192 29 arbetsförtjenst,
910 1116 70 22 hafva

228 1152 63 28 förty
308 1151 94 22 nedsatt
419 1151 177 29 ifrågavarande
613 1152 161 28 minimigräns
793 1152 37 21 till
849 1153 42 21 300
906 1151 71 21 mark.

296 1186 82 28 Enligt
401 1187 13 21 5
429 1187 13 26 $
457 1186 9 21 i
481 1186 174 28 propositionen
670 1186 46 21 kan
732 1186 140 21 skadestånd
886 1186 38 21 till
939 1185 38 21 dö-

228 1220 44 21 dad
292 1220 114 21 arbetares
423 1220 60 21 enka
498 1220 55 21 eller
568 1220 57 22 barn
640 1220 24 22 få
679 1221 56 28 utgå
750 1221 112 27 antingen
877 1220 53 21 med
945 1220 33 20 år-

227 1254 46 28 ligt
296 1254 82 28 belopp
402 1254 55 21 eller
478 1254 53 21 med
553 1254 60 22 visst
628 1254 88 28 kapital
730 1255 8 21 i
754 1256 34 20 ett
802 1254 37 22 för
854 1254 48 22 allt.
932 1254 46 21 Det

229 1295 79 15 senare
323 1288 42 22 har
379 1288 58 22 dock
452 1289 52 20 icke
520 1291 66 26 synts
601 1288 143 28 välbetänkt,
756 1289 136 28 isynnerhet
902 1288 78 22 såvidt

228 1321 40 21 det
282 1322 74 27 gäller
370 1322 64 21 barn.
464 1322 170 21 Skadeständet
649 1322 41 21 har
706 1323 7 20 i
729 1323 63 20 detta
806 1323 42 20 fall
863 1323 38 20 till
911 1322 68 20 ända-

228 1355 46 21 mäl
289 1357 40 25 att,
345 1355 63 21 intill
419 1354 51 22 dess
482 1355 82 21 barnet
573 1355 47 21 kan
628 1355 99 28 försörja
737 1356 37 28 sig
784 1355 70 29 sjelft,
866 1356 114 28 betrygga

228 1389 52 21 dess
303 1389 101 21 existens
428 1389 42 21 och
492 1388 144 30 uppfostran,
658 1390 25 20 sä
698 1392 34 19 att
747 1390 39 21 det
800 1390 52 22 icke
867 1390 112 22 behöfver

227 1423 56 22 falla
297 1424 159 28 fattigvården
470 1424 38 21 till
522 1424 52 22 last.
596 1424 55 22 Men
666 1424 36 22 för
716 1424 63 22 detta
789 1424 106 23 ändamål
906 1426 72 20 måste

228 1458 94 29 hjelpen
341 1459 57 28 utgä
411 1458 74 22 under
500 1458 60 22 form
576 1458 25 22 af
614 1459 70 29 ärligt
699 1460 132 22 understöd.
861 1460 47 22 Det
923 1468 55 14 vore
