1111 1773
269 144 26 21 18

428 143 82 23 Ständ.
526 145 38 22 Sv.
581 158 22 2 —
621 145 74 27 Prop.
709 146 43 22 N:o
766 146 36 21 31.

444 210 66 21 stånd
531 211 100 22 beroende
654 211 131 28 anordning,
809 211 44 22 böte
872 211 61 28 högst
951 213 40 19 tre-

444 244 87 22 hundra
553 245 71 27 mark;
646 252 49 15 vare
717 245 36 22 ock
770 245 84 28 skyldig
872 247 32 20 att
918 247 73 26 genast

443 279 92 28 försätta
556 279 130 29 fastigheten
701 280 9 21 i
725 280 45 21 dess
792 279 61 28 förra
874 280 64 26 skick,
955 280 36 21 vid

444 315 100 27 äfventyr
562 317 32 20 att
611 315 80 21 sådant
708 315 48 27 eljes
778 315 92 21 kommer
890 317 33 20 att
937 315 54 28 utfö-

444 356 37 14 ras
495 356 75 20 genom
589 351 143 26 guvernörens
750 349 83 28 försorg
846 350 30 27 på
892 349 41 22 den
947 349 45 28 för-

444 383 101 28 sumliges
560 383 118 22 bekostnad.

513 418 98 21 Böterna
626 417 86 28 tillfalla
727 417 91 22 kronan.
849 418 86 22 Saknas
951 418 41 21 till-

444 453 60 27 gång
526 453 32 21 till
581 453 61 21 deras
663 452 56 27 fulla
736 453 113 27 gäldande,
865 453 127 27 förvandlas

446 487 24 21 de
486 487 67 28 enligt
567 487 82 22 allmän
663 486 109 29 strafflag.

513 521 69 27 Brott,
605 529 43 14 som
670 521 41 22 här
729 523 26 20 är
769 522 99 27 nämndt,
885 522 69 21 åtalas
969 522 27 27 af

445 556 81 22 allmän
542 556 101 28 åklagare
657 556 36 21 vid
709 557 87 21 domstol
806 557 9 21 i
822 557 169 28 gerningsorten,

444 591 68 22 sedan
532 591 187 28 fästningsbefälet
742 591 38 22 hos
801 594 132 25 guvernören
956 599 36 14 an-

445 626 53 21 mält
512 626 67 22 saken
594 625 33 22 till
642 626 51 21 åtal.

512 655 32 26 Är
565 660 81 22 sådant
667 660 45 22 åtal
735 659 101 23 beroende
854 661 27 27 af
896 661 97 21 domstols

444 695 111 28 pröfning,
577 702 36 21 ege
629 697 108 25 guvernör
754 694 34 22 det
803 695 93 27 oaktadt,
912 696 29 26 på
955 696 38 21 mi-

446 729 185 29 litärmyndighets
654 729 128 28 anfordran,
802 730 126 22 omedelbart
941 730 29 28 gå
984 730 9 22 i

444 764 135 28 författning
601 771 33 14 om
657 764 148 28 aflägsnande
826 764 28 28 af
867 764 74 28 hvarje
957 772 36 14 an-

445 798 101 28 ordning,
562 805 43 15 som
621 798 92 22 innebär
728 798 149 28 öfverträdelse
892 799 28 27 af
927 799 65 28 espla-

445 832 150 29 nadreglerna.

685 902 28 21 17
727 905 22 23 $.

518 955 82 22 Varder
621 954 161 28 fästningsverk
802 955 79 27 försatt
898 955 10 21 i
925 955 68 28 krigs-

446 989 104 27 tillständ,
573 989 37 22 och
631 989 60 22 skola
708 996 62 21 egare
789 989 49 22 eller
852 989 141 28 innehafvare

447 1024 27 27 af
495 1024 101 28 fastighet
621 1023 59 22 inom
706 1023 202 28 esplanadomrädet
935 1024 59 28 förty

444 1058 54 27 från
514 1059 115 21 detsamma
644 1057 149 28 undanskaffa
808 1058 129 28 byggnader,
949 1059 44 27 för-

445 1092 133 29 rådsupplag
601 1093 49 21 eller
673 1093 71 21 andra
767 1093 169 28 anläggningar,
953 1093 41 22 låte

445 1129 134 26 guvernören
601 1127 32 27 på
657 1126 197 29 fästningsbefälets
884 1127 110 22 anmodan

447 1161 45 21 dem
508 1162 69 21 derom
592 1161 25 22 så
631 1161 37 21 ock
683 1168 32 14 om
736 1161 59 22 tiden
810 1161 35 27 för
859 1161 135 28 undanskaf-

445 1195 77 27 fandet
537 1195 154 28 ofördröjligen
705 1195 135 22 underrätta.
871 1189 88 34 Åtlydes
974 1196 20 27 ej

446 1229 70 22 sådan
531 1229 142 28 uppmaning,
685 1228 79 28 besörje
774 1231 133 26 guvernören
919 1231 76 26 genast

446 1269 33 14 om
493 1263 188 28 verkställigheten.

685 1330 28 21 18
727 1332 21 24 $.

515 1380 45 23 För
575 1381 42 22 den
631 1381 74 27 skada,
720 1388 43 16 som
774 1388 76 22 genom
860 1381 134 29 undanskaf-

446 1416 77 27 fandet
546 1416 26 28 af
592 1416 25 22 de
639 1416 8 21 i
669 1416 28 21 17
713 1418 17 24 $
744 1416 98 22 nämnda
864 1416 129 28 byggnader,

448 1451 81 27 upplag
545 1451 48 21 eller
609 1451 72 21 andra
696 1451 162 29 anläggningar
867 1451 127 27 tillskyndas
