1111 1764
297 138 83 23 Ständ.
396 138 37 23 Sv.
449 151 27 3 —
491 139 72 27 Prop.
578 139 43 22 N:o
636 139 36 22 25.
817 140 12 20 5

109 204 81 21 dernas
198 204 151 29 obestridliga
361 206 45 20 rätt
417 206 34 20 att
462 204 8 21 i
480 204 285 29 näringslagstiftningens
779 204 79 22 vidare

108 238 137 28 utveckling
260 238 97 28 deltaga.
388 238 35 28 Ty
444 238 137 29 afgörandet
599 239 25 20 af
636 239 88 27 frågan,
740 239 7 20 i
762 238 97 21 hvilken

109 273 52 20 mån
184 274 34 19 ett
241 274 53 26 nytt
317 273 155 28 näringsyrke
494 272 77 22 kunde
593 273 107 21 störande
718 272 97 21 inverka
829 273 30 28 på

107 306 91 22 landets
224 307 129 28 ,naturliga
374 307 314 28 produktionsförhållanden
711 306 42 22 och
777 307 81 20 intres-

107 342 62 27 sen”,
191 341 73 21 måste
277 341 26 29 ju
318 341 49 21 ofta
381 348 47 21 nog
442 341 80 22 basera
538 341 35 28 sig
588 341 29 28 pä
632 341 120 22 omdömen
768 341 25 21 af
805 341 54 21 sub-

105 375 78 29 jektiv
198 376 42 21 och
257 375 76 22 derför
349 375 93 23 alldeles
458 375 150 29 oberäknelig
622 377 42 26 art,
681 376 41 21 allt
738 375 58 22 efter
814 375 44 22 den

108 410 144 29 ståndpunkt
271 411 121 28 Styrelsen
411 411 91 27 intager
517 411 8 21 i
540 410 82 29 frågan
637 417 37 14 om
689 409 168 30 näringsfrihet

108 445 57 22 eller
180 445 131 28 skråtvång,
328 445 116 22 frihandel
459 445 55 21 eller
529 444 185 29 protektionism,
726 445 52 21 med
788 444 71 22 andra

108 480 47 27 ord,
171 479 38 22 till
223 479 136 28 riktningen
375 479 25 22 af
413 481 87 20 statens
515 479 150 22 ekonomiska
680 479 42 22 och
738 479 120 22 finansiela

108 514 84 29 politik
215 513 161 22 öfverhufvud.
409 513 48 22 Och
480 515 12 20 å
512 514 71 22 andra
608 513 67 22 sidan
698 513 74 22 skulle
795 513 64 22 detta

108 549 79 21 kunna
209 549 65 28 gifva
297 548 106 22 enskilda
424 548 151 29 yrkesidkare
597 547 126 29 anledning
745 549 34 20 att
802 547 56 22 söka

108 583 127 22 motarbeta
250 583 156 28 uppkomsten
420 582 26 22 af
458 590 46 21 nya
518 583 131 27 industrier,
666 582 40 21 der
718 581 65 23 dessa
798 581 61 23 blott

108 620 95 26 antoges
219 617 114 22 kollidera
347 617 53 22 med
414 617 39 22 det
464 625 59 20 egna
537 617 80 29 yrkets
633 617 105 28 verkliga
752 616 57 21 eller
823 617 35 20 in-

107 651 86 23 billade
217 652 106 21 fördelar.
360 651 88 22 Hvilka
469 651 134 23 hämmande
632 651 63 22 band
723 651 135 28 härigenom

107 687 91 22 komme
222 688 34 20 att
277 687 82 28 läggas
380 687 30 28 på
430 686 90 22 landets
536 686 136 29 utveckling
686 686 9 21 i
710 685 148 22 ekonomiskt

108 721 114 28 afseende,
238 721 76 29 ligger
329 721 36 22 för
380 724 76 25 öppen
472 721 51 28 dag.

176 757 46 21 För
245 755 72 29 öfrigt
339 755 75 22 skulle
437 755 45 22 den
497 755 8 21 i
520 755 174 29 propositionen
709 755 96 29 intagna
820 755 38 22 be-

109 791 146 28 stämningen
278 798 37 14 om
337 792 47 20 rätt
405 790 37 21 för
463 790 154 29 Regeringen,
641 792 35 19 att
698 797 79 15 ensam
799 790 60 22 före-

110 825 89 22 skrifva
213 825 107 22 vilkoren
335 825 37 22 för
386 825 138 21 utöfvandet
540 825 24 21 af
577 833 29 13 en
625 832 33 21 ny
677 825 83 28 näring
784 843 5 10 ,
796 825 63 21 intill

109 860 51 21 dess
183 860 81 28 slutlig
286 859 150 28 lagstiftning
458 859 8 21 i
487 859 94 21 ärendet
604 859 44 21 kan
672 859 185 28 ävägabringas*,

108 895 76 21 lemna
196 894 149 29 Regeringen
361 895 70 28 öppet
445 895 34 20 att
490 894 58 21 efter
557 893 165 30 godtfinnande
732 893 127 22 bestämma

108 929 65 22 tiden
187 929 36 22 för
238 929 106 22 ärendets
361 928 187 23 öfverlemnande
562 929 37 21 till
615 928 134 28 Ständerna,
768 928 91 22 hvilket

109 971 55 14 vore
180 964 24 21 så
219 963 94 30 mycket
328 963 158 30 oegentligare
502 971 49 14 som
566 963 180 29 lagstiftningen
756 964 29 28 på
795 963 64 22 detta

109 998 98 29 område,
224 998 52 22 med
291 999 91 28 hänsyn
400 998 37 22 till
457 997 45 22 den
518 998 115 22 enskildes
649 999 47 20 rätt
711 997 42 22 och
768 997 90 22 landets

109 1033 107 23 ekonomi
239 1033 162 28 öfverhufvud,
423 1033 114 22 erfordrar
553 1033 44 22 den
612 1033 169 28 mångsidigare
796 1032 63 29 pröf-

109 1069 64 28 ning,
204 1076 48 14 som
279 1075 84 22 genom
390 1068 140 22 Ständernas
555 1067 141 23 medverkan
718 1067 141 22 härutinnan

109 1103 46 22 kan
178 1103 119 28 päräknas.
329 1103 47 22 Och
392 1103 8 21 i
415 1103 79 28 hvarje
517 1103 42 22 fall
580 1103 98 26 komme,
698 1103 74 20 säsom
789 1101 70 22 ofvan

109 1137 140 29 3dagalagts,
272 1137 162 29 lagförslagets
458 1137 129 28 antagande
607 1138 34 21 att
658 1136 104 21 medföra
777 1143 29 14 en
821 1136 38 22 be-

108 1172 92 29 tänklig
215 1172 173 28 inskränkning
402 1172 7 21 i
426 1171 45 22 den
485 1172 215 28 lagstiftningsrätt,
717 1178 48 14 som
774 1171 85 28 grund-

108 1206 126 29 lagsenligt
249 1210 24 18 är
289 1206 129 22 Ständerna
432 1205 165 23 tillförsäkrad.

176 1241 33 21 Pä
231 1241 77 28 grund
330 1241 26 22 af
376 1241 40 22 det
431 1241 97 21 anförda
543 1241 23 22 fä
581 1240 129 22 Ständerna
724 1239 8 22 i
747 1239 112 22 underdä-

109 1275 82 28 nighet
206 1275 96 28 anmäla,

373 1347 31 20 att
426 1345 34 22 det
482 1345 8 20 i
509 1345 159 26 propositionen
691 1343 102 28 ingäende
814 1343 45 27 för-

307 1379 206 26 fattningsförslaget
536 1379 41 21 icke
599 1379 81 21 kunnat
700 1379 26 25 af
738 1377 120 22 Ständerna

308 1415 95 24 antagas.
