1125 1773
312 162 83 24 Ständ.
410 163 39 23 Sv.
464 176 27 4 —
507 164 71 28 Prop.
594 165 41 23 N:o
649 165 37 23 27.
835 168 11 20 9

327 230 80 22 handel
414 231 70 21 under
494 232 136 21 marknader
640 232 38 21 och
686 233 123 27 torgdagar
817 234 59 20 samt

327 264 71 27 dagen
413 265 145 27 derförinnan
573 266 113 27 äfvensom
700 267 36 21 vid
750 267 73 21 andra
834 267 41 21 till-

324 298 76 28 fällen,
416 298 30 22 dä
461 300 69 22 större
543 300 144 28 folksamling
702 307 49 21 eger
766 307 58 15 rum.

577 388 47 24 78.

397 436 152 29 Omförmälda
571 438 92 28 drycker
684 438 38 23 mä
744 438 21 28 ej
785 440 33 20 till
843 440 32 26 af-

325 471 113 28 hemtning
459 473 110 21 utlemnas
590 474 32 20 till
644 474 88 21 mindre
755 474 74 27 belopp
844 475 30 21 än

325 507 32 20 tre
372 506 93 22 deciliter
480 508 8 20 i
499 508 150 22 minuthandel
660 508 37 22 och
708 507 106 29 tjugufem
826 508 48 22 liter

324 540 9 20 i
346 541 151 26 partihandel.

574 612 14 20 8
597 612 25 25 $.

397 661 65 21 Viner
483 662 38 21 och
543 663 73 21 andra
631 669 94 21 svagare
739 663 134 27 rusdrycker

324 695 29 27 af
370 696 152 27 ofvannämnd
544 698 132 22 alkoholhalt
690 697 38 22 mä
742 698 38 21 vid
794 699 78 21 minut-

323 729 80 23 handel
417 730 45 22 icke
477 732 44 20 mot
531 734 60 25 pant
604 734 109 26 föryttras
728 731 20 28 ej
762 732 66 22 heller
838 734 34 20 ut-

324 764 84 23 lemnas
429 766 33 21 till
484 766 47 28 den,
555 773 47 16 som
624 769 28 21 är
673 767 96 22 drucken
784 768 51 21 eller
850 768 19 27 ej

322 800 51 27 fyllt
386 801 83 26 femton
485 802 34 22 år.

575 872 11 21 9
597 872 23 24 8.

391 924 48 21 Den
460 930 48 16 som
529 925 9 21 i
555 925 71 20 minut
646 922 107 29 försäljer
768 925 37 20 vin
820 924 51 21 eller

323 965 78 16 annan
422 965 94 21 svagare
531 959 109 27 rusdryck
656 959 28 27 af
693 959 134 26 förenämnd
841 959 29 21 al-

322 993 115 28 koholhalt,
453 995 56 20 utan
523 995 38 26 att,
574 993 34 28 pä
623 994 44 21 sätt
681 994 66 27 ofvan
762 994 108 27 stadgats,

322 1035 57 16 vara
394 1028 71 22 dertill
480 1029 127 26 berättigad,
621 1028 51 22 eller
681 1029 111 21 utlemnar
802 1029 70 21 annat

323 1065 31 20 än
376 1064 32 21 till
427 1062 138 29 försäljning
587 1063 116 27 medgifvet
724 1063 81 28 belopp,
821 1063 50 22 eller

323 1099 129 21 annorledes
459 1099 137 27 öfverträder
603 1098 171 28 föreskrifterna
781 1099 9 20 i
799 1099 73 21 denna

321 1133 140 29 förordning,
476 1133 43 21 böte
528 1134 74 26 första
612 1132 88 28 gängen
708 1132 56 28 frän
775 1133 37 21 och
822 1133 50 21 med

323 1168 108 28 tjugufem
445 1168 32 22 till
492 1168 37 22 och
544 1168 50 22 med
603 1168 192 27 etthundrafemtio
805 1168 66 21 mark

323 1203 37 22 och
375 1203 75 21 andra
464 1202 88 28 gängen
564 1202 56 28 frän
636 1202 36 22 och
688 1202 49 22 med
752 1201 119 28 sjuttiofem

323 1238 33 21 till
378 1237 38 21 och
437 1237 50 21 med
508 1237 122 21 trehundra
650 1236 71 22 mark.
759 1236 56 22 Sker
838 1236 34 22 det

323 1272 66 27 tredje
404 1272 88 27 gången
506 1272 50 21 eller
571 1272 77 27 oftare,
663 1278 53 15 vare
726 1271 33 22 bot
767 1270 56 28 från
834 1271 37 22 och

322 1306 50 22 med
394 1306 191 28 etthundrafemtio
607 1307 33 21 till
655 1306 38 22 och
708 1306 50 22 med
771 1306 99 27 femhun-

322 1342 44 22 dra
381 1342 72 22 mark.

397 1376 85 22 Varder
504 1376 80 28 någon,
607 1376 86 22 hvilken
712 1376 65 22 idkar
792 1377 79 21 minut-

322 1412 80 20 handel
417 1411 50 20 med
481 1411 62 20 viner
558 1411 38 21 och
612 1411 73 21 andra
700 1410 171 26 alkoholhaltiga

322 1445 93 27 drycker
437 1444 29 26 af
485 1445 66 26 ofvan
566 1445 104 27 angifven
684 1445 83 25 styrka,
782 1445 89 26 förvun-

321 1487 43 17 nen
387 1486 35 16 om
444 1480 31 22 att
490 1480 9 21 i
511 1481 104 27 förening
630 1479 89 23 dermed
733 1479 53 22 idka
801 1480 70 27 oloflig
