1134 1778
365 152 29 23 U.
410 152 27 23 B.
453 166 28 3 —
496 153 74 28 Pröp.
586 153 42 22 N:o
644 153 35 22 31.
843 153 26 20 13

214 221 31 27 $$
262 222 14 19 6
290 221 40 22 och
350 223 12 20 7
377 221 71 22 kunde
457 221 55 22 efter
521 222 124 22 Utskottets
653 221 139 22 förmenande
803 221 24 21 af
836 221 63 21 Stän-

147 254 65 22 derna
227 257 52 19 utan
295 255 90 29 ändring
399 255 130 28 godkännas.

213 289 15 27 $
254 289 21 22 8
307 289 47 21 Här
376 289 86 28 stadgas
485 297 33 14 om
541 292 64 19 sättet
626 290 35 21 för
684 289 110 22 väckande
816 289 24 21 af
861 297 38 13 an-

147 323 64 29 spräk
232 323 29 28 pä
283 324 118 28 ersättning
422 324 35 21 för
479 324 122 28 minskning
623 325 7 20 i
655 323 75 22 värdet
750 324 22 21 af
782 323 117 28 fastighet

146 357 52 21 eller
212 357 154 29 nyttjanderätt
381 357 70 22 dertill
467 362 54 18 samt
536 358 111 28 angäende
662 358 59 22 tiden
733 358 34 21 för
782 357 117 28 anhängig-

146 391 94 29 görande
264 392 23 21 af
308 392 66 21 sådan
397 392 63 22 talan.
489 393 49 21 Den
559 392 134 29 kungörelse,
707 392 137 29 hvarigenom
860 399 39 21 gu-

145 427 104 20 vernören
270 426 35 21 för
325 427 59 20 detta
405 426 97 22 ändamäl
522 427 84 21 komme
628 429 32 19 att
682 427 56 21 kalla
762 427 137 27 sakegarena,

146 460 69 22 skulle
235 461 101 21 särskildt
359 461 108 22 meddelas
489 461 71 22 kände
582 463 122 26 rättsegare.
734 461 34 21 Då
790 460 37 21 det
846 461 53 20 oak-

145 494 47 21 tadt
206 495 68 22 sädan
289 496 110 28 sakegare,
414 496 66 28 enligt
495 496 41 21 den
551 495 79 28 nädiga
645 496 166 28 propositionen,
826 494 71 22 kunde

145 528 85 23 försitta
252 530 31 21 sin
299 530 57 21 talan
373 533 51 18 utan
440 533 31 18 att
486 538 37 13 ens
538 530 66 21 hafva
618 529 43 22 fått
677 529 97 29 kunskap
792 537 34 13 om
841 529 57 22 före-

147 563 88 23 stående
254 565 155 28 inskränkning
428 565 7 21 i
450 566 32 20 sin
504 567 43 19 rätt
569 565 51 21 eller
642 565 34 21 del
698 564 23 21 af
735 563 66 29 sagda
815 563 83 30 kungö-

147 599 61 26 relse,
227 599 38 21 har
279 599 114 22 Utskottet
407 599 59 22 såväl
481 599 32 21 till
528 599 175 21 förekommande
718 599 23 20 af
755 599 41 20 slik
812 601 86 26 oegent-

146 632 67 29 lighet
227 641 46 14 som
288 633 90 22 framför
393 634 38 21 allt
445 634 7 21 i
468 634 65 28 afsigt
547 636 32 19 att
594 633 114 29 tillgodose
717 633 26 21 de
754 632 69 22 kände
836 635 63 19 rätts-

147 675 101 20 egarenas
266 667 133 29 berättigade
419 669 89 20 intresse
523 667 111 30 föreslagit
650 670 31 19 att
695 667 58 22 tiden
769 667 35 21 för
819 667 79 22 anhän-

145 702 132 28 giggörande
293 702 23 21 af
329 702 58 21 talan
403 702 65 21 borde
483 702 34 21 för
532 702 62 22 desse
610 702 103 21 beräknas
729 701 131 21 annorlunda
871 704 26 19 än

146 736 34 21 för
194 736 87 28 möjliga
296 736 86 22 okända
397 736 112 28 sakegare;
523 736 94 22 hvarhos
633 744 26 14 en
674 736 82 21 mindre
772 736 126 28 förändring

146 770 102 29 vidtagits
271 770 34 22 för
325 767 32 25 att
371 770 79 22 bereda
465 772 67 20 större
548 770 134 28 offentlighet
696 770 22 21 ät
733 770 127 28 kungörelse
875 770 23 21 af

146 804 81 29 antydd
242 804 153 22 beskaffenhet.
411 819 27 2 —
454 805 32 21 Af
507 805 111 29 praktiska
641 805 46 21 skäl
702 812 51 14 vore
775 805 37 21 det
834 805 64 21 önsk-

146 840 40 28 ligt
206 842 32 19 att
252 840 26 21 de
294 840 138 28 pästäenden,
447 847 62 21 egare
525 840 40 22 och
580 839 139 23 innehafvare
734 839 23 21 af
771 847 80 14 samma
865 840 33 21 fa-

146 874 80 29 stighet
247 876 7 19 i
277 874 123 23 förberördt
421 874 102 23 afseende
538 874 72 23 kunde
625 874 122 27 framställa,
762 874 68 22 skulle
845 875 6 20 i
868 877 31 19 ett

145 909 153 29 sammanhang
313 910 122 21 behandlas.
457 909 44 22 För
515 913 32 18 att
561 909 120 22 underlätta
691 909 136 28 möjligheten
837 909 62 22 häraf

146 944 40 21 och
208 945 7 20 i
238 945 32 20 sin
294 945 48 21 män
365 945 64 21 äfven
452 945 32 20 till
507 943 173 23 förekommande
703 943 23 21 af
741 944 100 29 dröjsmäl
861 944 37 21 vid

145 978 186 29 handläggningen
353 979 24 21 af
398 979 115 21 omordade
528 979 98 26 ärenden,
642 979 38 20 har
694 978 70 22 denna
778 978 32 21 tid
826 979 72 21 blifvit

145 1013 110 21 förkortad
276 1013 48 22 frän
339 1015 36 20 nio
390 1014 33 20 till
443 1016 32 18 tre
495 1013 107 26 mänader,
625 1013 83 21 hvilket
722 1013 112 22 Utskottet
849 1013 49 21 med

146 1047 102 21 afseende
270 1047 12 21 &
305 1048 26 20 de
353 1047 66 22 ofvan
441 1047 121 29 föreslagna
584 1047 176 28 förändringarna
780 1050 70 18 ansett
865 1048 33 27 sig

145 1081 72 21 kunna
231 1083 52 27 göra
298 1084 51 19 utan
365 1084 30 19 att
410 1081 112 29 äfventyra
537 1082 141 28 sakegarenas
693 1083 48 19 rätt.

213 1116 15 28 $
245 1117 19 21 9.
285 1116 13 21 I
313 1116 70 21 denna
398 1117 12 27 8
425 1116 39 22 har
473 1116 113 22 Utskottet
596 1115 111 29 föreslagit
718 1115 116 22 förändrad
845 1115 53 21 tids-

145 1150 135 29 bestämning
295 1151 6 21 i
317 1158 79 14 samma
412 1151 56 28 syfte
483 1158 45 14 som
543 1152 7 20 i
565 1151 13 27 $
594 1152 18 20 8.

213 1186 13 26 $
241 1186 34 20 10.
307 1185 12 21 1
334 1185 190 21 rättssäkerhetens
540 1186 90 20 intresse
646 1184 64 22 borde
721 1192 26 14 en
758 1184 93 22 ansökan
863 1192 34 14 om

145 1220 123 27 ersättning,
278 1226 34 14 om
322 1219 55 21 blott
392 1220 147 28 ansökningen
554 1220 7 20 i
576 1219 48 28 laga
631 1219 90 27 ordning
732 1218 40 22 och
779 1218 23 22 af
809 1219 88 28 behörig

145 1261 77 20 person
237 1254 104 20 inlemnas
355 1254 34 20 till
403 1256 140 26 guvernören,
557 1254 48 22 icke
620 1255 8 20 i
638 1254 70 28 nägon
716 1253 101 21 händelse
826 1253 72 22 kunna

145 1288 113 26 förkastas,
272 1291 52 18 utan
340 1291 31 18 att
377 1289 133 27 sakkunnige
521 1288 140 22 derförinnan
672 1288 87 28 afgifvit
770 1287 109 22 utlätande
890 1289 7 20 i

146 1322 93 21 ärendet.
260 1322 48 21 Den
317 1323 7 19 i
333 1323 44 26 :ns
386 1322 67 21 första
461 1325 94 19 moment
570 1322 104 28 ingående
691 1322 160 27 bestämningen
867 1325 31 18 att

145 1355 95 29 antydda
255 1355 92 28 omgäng
361 1356 48 21 icke
424 1363 51 14 vore
491 1356 22 20 af
529 1356 76 27 nöden,
620 1356 72 21 derest
701 1355 65 21 sädan
778 1356 120 28 ansökning

146 1390 105 21 befunnes
266 1389 168 28 uppenbarligen
450 1390 113 28 obefogad,
575 1391 61 21 torde
648 1390 54 21 altså
711 1390 47 21 icke
769 1389 71 22 kunna
851 1390 46 21 afse

145 1425 65 18 annat
231 1422 39 20 fall
292 1424 26 18 än
334 1422 37 21 det
386 1425 31 18 att
431 1423 147 27 ansökningen
594 1423 68 21 skulle
677 1430 51 13 vara
743 1423 6 20 i
764 1423 86 20 formelt
865 1423 32 20 af-

146 1456 78 22 seende
247 1456 114 29 bristfällig
379 1457 52 21 eller
445 1456 84 22 sentida
545 1457 103 28 ingifven.
678 1456 34 21 Då
728 1456 114 22 emellertid
859 1464 38 20 gu-

214 1496 130 24 Lagutskottets
358 1496 109 19 betänkande
479 1496 37 18 N:o
530 1497 16 18 6.
