1117 1775
441 120 45 24 N:o
506 122 38 22 32.
802 120 38 22 XV

120 186 207 28 skrifningsnämden
351 187 65 22 innan
447 188 100 22 hästarna
570 188 48 23 från
641 189 198 28 lottningsområdet
861 188 6 22 i

120 221 60 27 fråga
196 221 99 27 slutligen
311 222 126 22 utskrifvits.

187 256 79 21 Besvär
276 256 59 22 öfver
345 256 246 28 utskrifningsnämdens
606 258 98 28 åtgärder
713 265 39 21 ega
760 259 46 21 icke
815 265 54 15 rum.

466 326 12 28 8
493 328 34 20 40.

187 364 112 28 Klagomäl
314 367 45 20 mot
374 366 90 22 medlem
479 366 6 21 i
501 366 139 28 besigtnings-
655 366 52 22 eller
717 366 150 27 utskrifnings-

120 399 62 21 nämä
205 399 32 21 för
259 398 28 22 fel
303 400 52 21 eller
370 400 147 22 försummelse
531 400 7 22 i
553 401 92 27 tjensten
662 401 95 22 anmäles
772 400 39 22 hos
826 400 43 22 Gu-

119 435 110 25 vernören,
245 439 51 22 som,
312 434 7 21 i
334 434 37 22 fall
387 434 23 22 af
424 435 41 27 fog,
481 434 112 22 förordnar
613 442 33 15 om
663 435 54 22 ätals
733 435 135 22 anställande

119 468 35 21 vid
176 468 78 21 allmän
276 468 97 28 domstol,
389 469 74 21 sävida
479 469 127 27 angifvelsen
621 470 68 26 gäller
704 469 47 22 civil
767 469 100 28 ledamot,

119 509 53 20 men,
197 509 33 15 om
254 503 121 21 densamma
391 504 66 26 angär
472 504 179 27 militärledamot,
668 504 72 22 derom
755 504 113 22 underrät-

118 540 34 19 tar
174 537 160 21 vederbörande
353 537 143 23 befälhafvare
511 538 7 21 i
534 538 98 22 afseende
647 539 13 21 &
676 538 76 22 sakens
767 538 49 27 laga
831 538 37 21 be-

119 572 107 27 handling.

425 703 76 22 Kar.
525 705 36 21 IX.

158 767 36 19 Om
207 772 75 14 ansvar
293 765 32 21 för
337 765 144 21 öfverträdelse
493 766 24 21 af
526 765 155 22 föreskrifterna
694 766 6 20 i
713 766 68 21 denna
793 766 40 27 lag.

467 829 11 27 $
493 831 34 20 41.

185 869 52 27 Den,
253 875 45 15 som
313 869 121 27 egenvilligt
449 870 150 27 undandrager
615 869 32 27 sig
663 871 32 20 att
709 869 92 27 fullgöra
811 870 56 21 hvad

117 904 77 21 honom
217 903 69 22 såsom
305 904 95 22 ledamot
415 904 6 20 i
438 903 140 28 besigtnings-
597 904 51 22 eller
663 904 203 27 utskrifningsnämd

118 938 86 27 åligger,
220 938 84 21 straffas
319 938 48 21 med
383 938 62 22 böter
459 938 63 27 högst
537 940 85 20 ettusen
638 938 68 21 mark.

465 1006 12 27 8
493 1008 33 20 42.

186 1047 125 22 Uraktlåter
326 1046 69 28 någon
411 1049 51 19 utan
477 1047 48 27 laga
540 1047 46 21 skäl
606 1048 31 20 att
647 1046 35 22 vid
692 1046 176 28 hästmönstring,

118 1081 121 27 besigtning
254 1081 51 22 eller
321 1080 130 28 utskrifning
466 1080 155 22 frambefordra
636 1081 33 21 sin
679 1081 51 22 häst
740 1082 33 21 till
783 1082 83 21 behöri-

118 1122 40 21 gen
181 1115 104 28 kungjord
308 1116 165 27 samlingsplats,
489 1116 84 21 straffes
589 1116 33 21 för
637 1116 72 27 hvarje
725 1116 88 22 sålunda
828 1122 38 15 un-

119 1150 114 22 danhållen
248 1150 49 22 häst
312 1151 48 21 med
375 1150 61 22 böter
450 1151 65 27 högst
529 1150 125 22 femhundra
664 1150 67 27 mark,
743 1150 38 22 och
791 1151 76 21 veder-

118 1186 95 21 börande
236 1185 141 28 besigtnings-
395 1186 52 21 eller
462 1185 206 28 utskrifningsnämd
683 1184 62 23 hafve
759 1185 61 22 makt
835 1187 32 20 att

118 1222 75 26 genast
208 1220 44 22 låta
267 1220 66 22 sådan
348 1221 49 22 häst
412 1221 27 27 på
455 1227 89 20 egarens
559 1221 119 22 bekostnad
693 1221 94 21 inställa.

466 1290 11 26 8
493 1290 32 21 43.

186 1330 71 27 Böter,
280 1336 45 15 som
345 1329 67 27 enligt
428 1329 24 28 $$
468 1331 25 20 41
511 1329 38 22 och
564 1330 27 21 42
607 1329 94 27 ådömas,
716 1329 87 21 tillfalla
817 1329 49 21 kro-

119 1371 40 14 nan
176 1364 38 21 och
229 1364 122 21 förvandlas
367 1364 34 21 vid
417 1363 109 22 bristande
542 1363 88 27 tillgång
643 1363 33 21 till
687 1363 62 22 deras
760 1363 107 28 gäldande

118 1398 69 21 såsom
204 1405 32 14 om
252 1399 115 20 vitesböter
382 1400 25 19 är
422 1399 51 19 eller
489 1399 113 20 framdeles
617 1398 76 20 varder
709 1397 104 26 stadgadt.
