1125 1770
273 165 26 20 18
465 163 30 23 U.
510 164 29 21 B.
554 176 26 3 —
596 163 74 28 Prop.
685 163 42 22 N:o
743 163 39 21 28.

312 232 36 21 Af
359 232 41 20 alla
416 232 62 20 dessa
494 232 47 20 skäl
555 238 66 20 synes
635 231 118 21 klokheten
768 232 70 26 bjuda,
855 234 32 18 att
901 231 33 21 för
949 231 48 21 när-

243 269 69 18 maste
331 265 169 28 finansperioder
521 266 48 20 icke
596 266 31 20 till
655 265 216 28 järnvägsbygnader
894 265 102 22 använda

243 300 69 21 större
327 307 94 14 summor
436 300 27 20 än
478 300 88 26 ungefär
583 305 10 21 3
609 300 13 20 4
639 300 48 26 31/,
702 300 96 26 miljoner
817 300 61 21 mark
893 307 36 13 om
943 300 54 21 året.

243 334 52 21 Med
311 337 32 19 ett
357 334 76 27 anslag
448 334 24 21 af
481 335 61 20 detta
556 334 82 28 belopp
647 334 72 25 skulle,
729 336 6 19 i
744 334 104 21 händelse
855 334 142 28 tillgångarna

243 368 33 21 för
291 368 65 28 öfrigt
371 369 77 21 sädant
462 368 116 28 medgifva,
594 368 41 21 alla
649 369 38 20 här
703 368 65 21 ofvan
782 368 94 22 nämnda
885 368 113 28 järnvägs-

243 403 65 25 linier,
324 402 79 22 hvaraf
414 403 66 27 nägra
494 402 101 28 möjligen
609 402 87 22 komme
712 406 31 18 att
758 402 88 28 utbytas
862 406 46 18 mot
923 403 73 25 andra,

243 437 66 20 under
325 437 77 27 loppet
418 436 23 21 af
456 442 25 20 14
496 436 31 22 till
544 436 25 21 16
583 438 23 19 är
621 437 63 20 hinna
699 436 123 21 fullbordas.
852 437 39 20 Ett
905 437 92 21 tillskott

243 471 24 20 af
287 470 89 28 ungefär
399 475 23 22 55
439 470 113 22 kilometer
567 471 80 27 årligen
662 471 32 20 till
707 471 49 21 vårt
768 471 145 27 järnvägsnät,
930 471 68 21 sedan

244 505 27 20 de
286 505 61 21 flesta
363 505 69 21 större
447 505 59 20 linier
517 505 67 21 redan
599 506 38 20 äro
653 505 80 27 bygda,
745 512 65 20 synes
818 505 48 22 icke
874 505 53 21 böra
942 512 57 21 upp-

244 539 83 21 skattas
342 539 73 21 säsom
430 538 62 22 altför
507 541 66 25 ringa.

312 573 29 21 Pä
363 573 69 27 grund
452 573 26 21 af
496 574 38 21 det
548 573 90 22 anförda
653 573 72 25 skulle,
741 574 51 21 med
806 573 109 22 anlitande
929 574 26 21 af
966 577 32 18 ett

244 607 109 22 utländskt
376 607 34 21 län
432 607 31 22 till
484 609 77 20 sädant
584 608 81 27 belopp
688 615 47 14 som
751 609 64 20 ofvan
830 608 76 27 gjorda
921 608 77 21 beräk-

244 644 51 26 ning
315 641 82 26 kräfva,
421 641 66 22 under
508 642 178 21 nästkommande
707 641 146 29 finansperiod
874 643 48 21 icke
942 643 58 21 blott

244 676 105 21 Karelska
371 676 42 21 och
434 676 173 28 Björneborgska
621 677 96 21 banorna
731 681 56 17 samt
802 677 150 28 förgreningen
967 677 32 22 till

244 710 102 22 Harakka
361 711 43 21 och
419 711 71 20 H:fors
506 711 121 21 hamnbana
641 711 70 21 kunna
719 711 107 26 slutföras,
835 715 52 18 utan
895 712 104 26 derjämte

245 745 115 22 förskottet
376 752 23 14 ur
414 745 104 22 särskilda
533 746 132 21 statsfonder
679 746 25 21 af
715 746 158 27 sammanlagdt
885 751 115 22 4,430,000

245 779 60 21 mark
327 779 129 28 ätergäldas,
478 779 111 22 äfvensom
611 781 84 20 arbetet
714 781 71 20 kunna
806 781 113 21 fortsättas
934 782 6 20 i
956 781 42 21 den

246 814 59 21 skala
320 813 137 22 förestäende
471 814 156 28 framställning
642 814 68 28 gifver
722 815 38 21 vid
769 815 92 21 handen.

315 881 26 23 0.
357 883 107 22 Donner.
718 884 29 22 A.
762 884 134 22 Meurman.

314 934 94 23 Kustaa
423 934 108 29 Kiipula.
719 936 28 22 A.
764 936 166 22 Tuomikoski.

318 1504 130 17 Statsutskottets
460 1505 103 16 betänkande
575 1505 34 16 N:o
622 1510 21 11 10
655 1505 20 16 A.
