1125 1767
389 142 28 23 U.
432 143 27 22 B.
476 156 27 2 —
518 143 73 28 Prop.
608 143 46 22 N:o
670 142 36 23 27.
875 144 12 20 3

162 210 174 28 striktionerna,
352 210 111 22 särskildt
477 211 175 28 bestämningen
663 213 35 19 att
708 210 106 22 tillstånd
823 211 36 21 till
869 213 47 19 rät-

162 244 76 29 tighet
254 247 34 19 att
303 244 55 22 idka
374 245 159 21 minuthandel
549 244 51 22 med
615 245 67 21 viner
695 244 70 22 borde
775 244 141 22 hvartannat

162 279 26 21 år
203 278 98 22 ansökas
316 278 43 22 hos
374 279 264 29 stadsmyndigheterna,
649 278 74 21 skulle
736 278 121 22 afskräcka
867 278 48 22 väl-

162 312 77 22 kända
262 312 42 22 och
326 312 97 22 redbara
445 313 130 22 handlande
597 313 51 21 från
672 315 34 19 att
725 315 88 19 utsätta
829 313 35 28 sig
879 312 36 22 för

162 346 45 22 den
222 346 54 28 risk,
286 354 48 14 som
349 354 57 14 vore
421 347 139 29 förknippad
571 347 52 21 med
634 354 28 14 en
673 347 31 28 på
714 347 25 21 så
746 346 82 22 osäker
840 346 75 29 grund

161 380 109 23 hvilande
293 381 90 29 näring,
407 381 43 21 och
472 384 35 18 att
521 381 85 22 sådana
626 380 123 30 lagstadga
761 381 57 27 .den,
835 388 37 14 om
887 380 28 22 de

162 423 77 14 vunne
255 415 140 29 öfverhetlig
411 416 151 27 stadfästelse,
574 416 88 21 således
678 415 73 21 skulle
763 415 152 29 omöjliggöra

161 450 102 21 handeln
278 450 53 21 med
346 450 105 28 verkliga
465 450 72 28 viner,
553 458 52 13 men
620 450 8 21 i
644 449 78 22 stället
736 450 107 21 befordra
858 450 57 21 han-

162 484 55 22 deln
238 484 52 22 med
312 484 141 22 förfalskade
476 484 104 29 billigare
602 484 66 22 viner
684 484 42 22 och
742 484 122 22 allehanda
879 484 36 22 för

161 518 80 22 helsan
259 518 107 29 skadliga
378 518 161 30 blandningar.

230 554 63 20 Enär
308 553 60 21 dock
381 553 87 29 jemväl
483 554 74 28 enligt
571 553 125 29 styrelsens
714 552 152 29 uppfattning
881 560 33 14 er-

162 588 136 21 farenheten
324 588 68 26 visat,
417 588 39 21 det
481 595 28 14 en
533 588 97 21 särskild
655 587 138 29 förordning
817 587 97 21 rörande

162 622 102 22 handeln
279 622 52 21 med
348 629 95 21 svagare
459 622 137 28 rusdrycker
616 630 41 13 var
672 621 26 22 af
711 621 110 29 behofvet
836 622 79 28 påkal-

161 656 46 28 lad,
222 657 35 21 lät
271 656 111 28 styrelsen
397 656 106 22 utarbeta
517 664 32 14 nu
563 656 159 29 föreliggande
737 656 86 28 nådiga
833 663 82 22 propo-

162 691 70 22 sition
248 691 8 21 i
271 694 85 18 ämnet.

230 726 62 21 Från
316 725 44 21 den
384 725 26 21 af
430 725 129 21 Ständerna
581 725 39 22 vid
643 728 91 18 senaste
748 724 113 30 landtdag
877 732 38 14 an-

162 762 72 27 tagna
248 760 120 21 motionen
384 760 78 28 skiljer
477 760 36 28 sig
529 760 43 21 den
584 760 87 28 nådiga
681 760 171 28 propositionen
863 759 53 22 huf-

162 794 152 29 vudsakligen
332 794 58 22 deri:

232 831 35 19 att
281 828 192 29 minimigränsen
497 828 36 22 för
549 828 172 22 alkoholhalten
743 828 9 22 i
767 828 28 22 de
811 828 104 28 drycker,

163 870 48 14 som
227 863 70 21 borde
320 863 57 21 falla
392 863 73 21 under
486 862 202 22 bestämmelserna
708 862 8 22 i
732 862 76 22 denna
828 862 88 22 förord-

162 897 65 29 ning,
248 897 75 22 skulle
338 900 83 26 utgöra
438 898 24 20 12
477 897 175 29 volymprocent
672 897 8 21 i
696 897 79 21 stället
794 897 37 22 för
845 898 20 26 4,
881 898 34 21 så-

163 939 48 15 som
226 932 9 21 i
252 932 140 21 Ständernas
408 932 87 21 motion
511 932 139 28 föreslagits;

232 968 34 20 att
288 966 259 28 stadsmyndigheterna
568 965 128 29 medgifvas
720 966 139 28 befogenhet
881 968 35 19 att

163 1001 128 21 bestämma
306 1000 89 22 antalet
410 1000 286 29 försäljningsrättigheter
713 1000 36 22 för
760 1000 39 21 två
810 1000 25 21 år
845 1000 8 21 i
865 1008 50 13 sen-

163 1035 47 27 der,
233 1038 59 18 samt
307 1034 84 29 pröfva
413 1035 142 21 sökandenes
577 1034 137 30 lämplighet
734 1035 37 21 till
790 1035 125 28 näringens

166 1069 132 27 utöfvande,
321 1068 84 22 medan
427 1069 74 28 enligt
524 1069 117 21 motionen
666 1070 82 20 endast
773 1068 143 22 sistnämnda

162 1104 170 28 pröfningsrätt
346 1104 31 28 på
391 1103 97 21 berörda
502 1103 161 29 myndigheter
678 1103 91 21 ankom.

231 1138 11 21 I
257 1137 107 22 afseende
376 1138 13 21 å
400 1137 75 29 öfriga
487 1137 195 29 inskränkningar
698 1137 101 21 ansluter
815 1137 35 29 sig
865 1137 49 21 der-

164 1175 61 19 emot
239 1172 174 29 propositionen
428 1176 57 17 nära
500 1172 36 21 till
551 1171 218 29 motionsförslaget,
782 1171 82 21 sådant
877 1171 39 21 det

163 1206 115 30 godkänts
294 1206 40 22 vid
349 1208 91 20 senaste
455 1206 161 22 ständermöte.

231 1241 47 21 Vid
293 1240 172 28 behandlingen
487 1241 26 21 af
532 1240 152 22 förevarande
705 1240 143 28 proposition
872 1240 43 21 och

163 1275 29 22 de
218 1274 172 22 ofvannämnda
414 1274 218 29 motionsförslagen
657 1274 42 21 har
718 1274 62 21 inom
801 1274 115 21 utskottet

163 1309 82 22 endast
269 1317 29 13 en
322 1309 95 28 mening
441 1308 62 22 varit
524 1308 103 22 rådande
650 1308 84 26 derom,
760 1311 35 19 att
819 1316 28 14 en
869 1308 46 22 för-

163 1344 100 28 ordning
286 1343 120 29 angående
429 1343 101 21 handeln
552 1343 52 21 med
620 1350 96 21 svagare
738 1342 138 29 rusdrycker
891 1346 24 18 är

163 1378 27 21 af
211 1378 110 21 behofvet
344 1377 116 28 påkallad.
499 1378 109 20 Deremot
638 1376 71 22 hafva
736 1376 116 28 åsigterna
877 1384 38 13 va-

162 1411 32 21 rit
209 1410 81 22 delade
312 1410 85 26 derom,
419 1410 114 22 huruvida
555 1410 166 28 förordningen
743 1410 83 20 endast
845 1410 70 20 borde

163 1444 49 22 afse
228 1444 128 22 ordnandet
372 1444 26 22 af
411 1444 75 22 denna
500 1444 84 22 handel
603 1444 9 21 i
627 1444 61 28 syfte
704 1446 34 18 att
754 1443 69 29 stäfja
838 1443 28 21 de
881 1444 34 20 rå-

232 1485 182 18 Ekonomiutskottets
426 1485 110 18 betänkande
549 1486 36 17 N:o
599 1484 30 18 10.
