1117 1764
475 397 10 9 N

325 435 250 27 Jernvägsutskottets
592 434 94 29 förslag
699 434 40 22 till
756 440 114 17 samman-

116 475 60 8 =
254 469 168 31 jemkning
393 464 31 40 af
440 468 115 24 Ständens
571 469 152 29 skiljaktliga
737 469 80 23 beslut
830 469 40 22 vid

117 511 3 2 i
187 507 3 2 |
256 504 176 31 behandlingen
448 504 28 21 af
488 504 134 23 utskottets
637 504 150 23 betänkande
801 504 41 22 N:o
857 504 13 21 2

256 539 9 21 i
288 539 128 26 anledning
441 538 27 22 af
489 539 86 28 nådiga
590 539 182 27 propositionen
787 538 41 23 N:o
842 538 29 23 24

257 573 120 28 angående
399 573 81 22 vidare
494 573 249 28 jernvägsbyggnader
758 573 9 21 i
781 573 89 22 landet.

189 703 82 28 Enligt
280 703 234 28 Jernvägsutskottet
524 703 201 22 tillhandakomna
732 703 138 29 protokolls-

119 737 86 29 utdrag
227 737 70 22 hafva
319 737 28 22 de
366 737 134 29 Höglofliga
516 737 110 27 Stånden,
642 737 41 22 vid
697 737 174 28 behandlingen

120 771 27 22 af
166 772 125 21 utskottets
307 771 172 22 ofvannämnda
494 771 154 28 betänkande,
664 774 94 19 stannat
772 771 41 22 vid
827 772 44 21 föl-

119 805 72 29 jande
206 805 87 22 beslut:

189 841 158 28 Ridderskapet
369 841 39 20 och
421 841 73 21 Adeln
510 840 42 21 har
566 840 52 22 med
633 840 149 21 förkastande
797 839 27 22 af
835 844 36 17 ut-

121 874 98 21 skottets
235 874 9 21 i
259 874 157 21 betänkandet
430 874 146 21 framställda
590 874 229 28 resolutionsförslag
833 875 38 20 be-

120 908 68 21 slutit
213 910 34 19 att
269 908 137 27 Ständerna,
422 909 74 21 såsom
512 916 52 13 svar
580 909 12 20 å
607 904 45 25 den
668 908 85 28 nådiga
767 909 104 28 proposi-

121 943 86 28 tionen,
223 943 74 21 skulle
313 943 100 22 anmäla:
514 963 5 5 .

190 980 47 26 nätt
259 977 130 22 Ständerna
404 978 80 20 funnit
498 977 311 22 kommunikationsfondens
825 977 46 21 till-

121 1012 90 28 gångar
228 1012 125 28 medgifva,
369 1014 35 20 att
418 1012 40 21 det
473 1013 27 20 af
513 1012 91 21 landets
620 1012 149 22 ekonomiska
789 1012 82 21 intres-

117 1054 47 20 sen
178 1046 123 28 påkallade
317 1046 90 22 arbetet
420 1047 31 27 pä
462 1046 189 29 jernvägsnätets
666 1046 137 28 utveckling
818 1046 54 21 full-

117 1080 73 29 följes
212 1081 8 21 i
243 1083 73 19 större
339 1081 141 28 omfattning
505 1085 29 17 än
548 1080 9 22 i
574 1080 45 22 den
633 1080 86 28 nådiga
733 1087 64 22 prop.
813 1080 58 22 före-

121 1115 92 27 slagits;

134 1149 36 12 "jr
189 1151 36 19 natt-
240 1148 130 22 Ständerna
385 1149 8 21 i
408 1149 155 21 betraktande
578 1148 70 22 häraf
660 1148 105 22 beslutit:

144 1199 11 5 +
176 1185 49 20 vatt
246 1183 103 21 närmast
371 1183 57 21 efter
451 1182 28 22 de
502 1191 32 13 nu
556 1182 74 23 under
644 1182 111 29 byggnad
770 1182 102 22 varande

120 1214 156 32 jernvägarna
297 1218 36 20 för
355 1217 151 23 statsverkets
529 1217 101 28 räkning
646 1217 65 21 skola
726 1216 88 22 utföras
830 1216 42 22 föl-

119 1252 302 28 jande:bansträckningar,
436 1252 126 28 nämligen:
578 1259 29 14 en
620 1252 98 28 jernväg
729 1251 52 21 från
791 1251 82 21 Keuru

120 1287 95 21 station:
224 1286 41 22 vid
279 1286 139 23 Vasabanan
433 1286 38 22 till
486 1286 132 28 Jyväskylä
632 1284 60 28 stad,
705 1285 97 21 hvilken
813 1285 60 21 bana

93 1346 2 2 =
122 1320 257 30 bygges
225 1315 11 39 :
242 1320 137 30 smalspårig
407 1320 53 22 med
483 1328 28 13 en
534 1319 110 29 spårvidd
669 1327 36 13 om
721 1320 28 22 75
763 1326 37 14 cm
815 1319 57 21 eller

67 1367 33 10 sx.
122 1354 119 23 eventuelt
264 1356 10 20 1
298 1362 29 20 m,
353 1354 115 22 beroende
484 1354 25 21 af
521 1354 160 28 Regeringens
696 1353 117 29 pröfning,
830 1354 43 21 och

87 1385 2 2 —
116 1396 39 15 em
163 1390 100 28 jernväg
277 1390 54 20 från
346 1382 51 28 Åbo
413 1389 52 20 stad
482 1395 83 21 genom:
581 1388 54 21 Salo
650 1388 88 27 köping
753 1388 38 20 till
803 1388 69 20 Karis

118 1423 91 22 station
230 1423 41 21 vid
292 1423 85 27 Hangö
393 1422 76 21 banan
485 1424 60 19 samt
560 1421 79 21 vidare
654 1421 51 20 frän
720 1420 112 22 närheten
848 1421 26 20 af

190 1475 179 22 Jernvägsutskottets
381 1474 109 17 betänkande
505 1473 37 17 N:o
554 1473 18 17 2.
