1136 1764
383 131 28 22 U.
425 131 27 22 B.
469 144 23 3 —
510 132 71 27 Prop.
597 132 40 22 N:o
652 132 35 22 24.
852 133 28 20 45

229 189 123 22 Utskottet
367 190 46 26 har,
424 189 38 22 vid
477 190 161 27 behandlingen
654 189 26 22 af
692 189 147 22 förevarande
852 189 55 26 jern-

160 223 149 27 vägsförslag,
325 223 51 22 haft
393 223 93 27 tillgång
501 224 84 26 jemväl
599 223 35 22 till
645 229 32 24 jen
692 224 36 21 för
742 223 70 27 några
826 223 26 21 år
866 223 42 21 till-

160 257 61 20 baka
238 257 123 22 utarbetad
379 257 238 27 rentabilitetskalkyl,
636 257 93 22 hvilken
747 257 136 26 publicerats
902 257 7 20 i

160 290 114 22 Tekniska
292 291 144 27 föreningens
453 291 181 27 Förhandlingar.
665 291 121 21 Utskottet
805 291 48 21 tror
875 297 34 20 sig

161 325 54 20 böra
227 324 102 21 meddela
341 325 38 21 det
389 325 176 26 hufvudsakliga
574 325 123 22 innehållet
708 325 25 20 af
740 325 73 21 denna
822 324 86 27 kalkyl.

229 369 37 17 Vid
288 369 119 22 uppgörande
428 369 20 18 af
468 369 149 23 beräkningarna
634 369 35 18 har
689 369 96 18 förutsatts
804 370 27 16 att
850 369 60 17 banan

160 397 72 18 komme
251 399 27 16 att
295 397 53 18 ledas
366 397 40 18 från
421 398 117 22 Helsingfors
553 398 48 18 förbi
616 397 50 19 Esbo
681 398 34 17 och
731 397 96 22 Kyrkslätt
842 397 68 22 kyrkor

160 431 67 18 genom
245 425 82 23 Sjundeå
345 426 29 17 till
393 426 83 18 Gerknäs
494 427 62 21 vexel;
578 429 46 15 samt
642 426 63 18 vidare
724 426 39 17 från
782 426 60 21 Karis,
861 425 49 18 förbi

161 454 68 18 Koskis
247 455 52 17 öfver
321 454 47 22 Salo,
385 454 29 18 till
434 451 47 25 Åbo;
503 461 71 12 summa
591 455 58 25 längd
666 454 33 18 178
716 455 101 17 kilometer.
845 454 65 17 Denna

161 483 109 22 sträckning
284 484 35 17 har
333 488 38 13 som
386 483 81 23 naturlig
479 483 132 23 förutsättning
623 483 95 20 samtrafik
730 483 41 17 med
783 482 127 23 Hangö-—Hy-

161 512 54 22 vinge
227 512 68 23 banan;
308 512 48 17 dock
368 512 54 17 hafva
434 512 6 17 i
453 512 87 23 kalkylen
552 512 98 23 medtagits
660 512 83 17 hvarken
751 511 103 18 inkomster
864 511 47 17 eller

161 540 76 23 utgifter
250 540 29 17 för
291 540 80 19 trafiken
384 541 10 17 &
407 540 90 18 bandelen
509 541 169 18 Karis—Gerknäs.

229 569 34 17 Att
278 569 116 22 någorlunda
408 569 115 23 tillförlitligt
537 569 85 18 beräkna
634 569 35 18 den
682 568 60 22 trafik,
754 573 38 12 som
804 568 37 18 kan
854 570 57 16 emot-

162 602 29 13 ses
204 597 11 18 å
227 603 23 12 en
263 597 119 23 projekterad
394 597 54 22 bana,
462 598 88 22 erbjuder
562 598 48 17 allra
622 599 68 16 största
701 597 119 22 svårigheter.
844 597 67 17 Kunde

162 630 42 13 man
220 626 54 16 äfven
290 626 71 17 erhålla
376 626 56 22 något
446 626 56 17 sånär
517 626 86 22 pålitliga
622 626 42 17 data
682 631 28 12 om
729 625 101 18 bestående
848 625 63 17 trafik-

162 653 130 19 förhållanden
304 654 7 18 i
324 654 35 18 den
372 654 90 22 landsdel,
471 660 39 12 som
520 656 59 16 banan
590 654 123 23 genomlöper,
723 655 21 16 så
754 656 20 16 är
783 654 77 18 härmed
869 654 42 17 icke

162 683 74 23 mycket
251 684 76 20 vunnet,
341 685 45 15 enär
400 683 115 18 tillkomsten
531 683 20 18 af
565 688 23 13 en
601 684 79 22 jernväg
695 683 111 22 fullkomligt
820 682 92 18 omkastar

162 711 56 19 dessa
231 712 134 24 förhållanden.
390 712 64 18 Under
468 712 69 18 sådana
552 712 157 23 omständigheter
723 712 34 17 har
769 712 90 22 knappast
871 711 41 17 fun-

162 740 37 18 nits
215 740 60 22 någon
291 746 60 12 annan
367 742 61 21 utväg,
440 742 23 16 än
477 743 27 15 att
515 741 30 17 till
557 741 140 23 utgångspunkt
708 742 43 20 taga
763 740 35 18 den
811 740 100 18 bestående

162 768 80 18 trafiken
258 769 11 17 &
285 769 69 17 sådana
367 769 51 18 delar
430 769 21 17 af
458 770 145 22 jernvägsnätet,
616 769 41 18 med
670 769 63 17 hvilka
744 775 25 11 nu
781 768 131 24 projekterade

163 797 48 17 bana
226 797 100 23 lämpligen
341 798 63 17 kunde
415 798 96 22 jemföras.
536 799 6 16 I
556 798 50 18 detta
618 798 48 23 syfte
679 798 33 17 har
724 798 52 20 valts,
794 798 6 16 ä
812 802 35 13 ena
859 796 53 19 sidan

163 826 93 18 bandelen
273 826 222 23 Helsingfors—Turengi
511 828 34 16 och
562 826 58 18 andra
632 827 54 17 sidan
701 824 147 23 Åbo—Urdiala,
860 826 53 17 hvar-

164 854 29 18 vid
209 855 6 17 i
232 854 105 23 möjligaste
350 856 55 16 måtte
419 855 115 18 eliminerats
547 855 36 18 alla
595 855 23 18 de
630 854 135 22 förhållanden,
778 860 38 12 som
830 854 17 23 ej
860 854 54 18 hafva

163 883 30 17 sin
205 883 133 22 motsvarighet
349 884 12 17 å
373 889 25 12 nu
410 883 141 23 ifrågavarande
563 884 52 18 bana.

232 918 13 16 I.
269 917 134 23 Passagerare
417 918 94 18 trafiken.
535 920 21 16 A.
584 918 134 27 Genomgående
733 918 59 22 trafik.
816 918 36 18 För
868 919 45 16 stor-

164 945 56 19 leken
234 946 21 17 af
265 946 62 18 denna
339 947 71 17 lemnar
421 947 191 23 Jernvägsstyrelsens
624 947 100 21 berättelse
737 946 28 18 för
777 946 50 21 1889,
838 945 35 19 den
886 950 27 13 se-

164 976 52 16 naste
235 980 38 12 som
292 975 72 18 funnits
381 975 29 18 till
425 975 59 18 hands
499 976 31 17 vid
547 976 107 18 utförandet
670 975 20 18 af
702 974 114 23 kalkylerna,
832 974 81 23 följande

164 1002 69 19 siffror:

164 1038 54 17 Antal
232 1042 121 18 passagerare
369 1038 80 22 emellan
463 1038 119 23 Helsingfors
594 1039 34 17 och
644 1038 42 19 dess
699 1038 73 22 omnejd
784 1038 11 17 å
807 1042 35 13 ena

234 1066 54 17 sidan
300 1069 48 15 samt
359 1063 39 21 Åbo
411 1067 34 17 och
458 1067 42 17 dess
513 1066 74 24 omnejd
599 1067 11 17 &
622 1066 36 18 den
672 1066 60 18 andra
765 1080 4 3 .
799 1079 3 4 .
834 1080 3 4 .
864 1066 49 20 7,031

164 1095 55 17 Antal
232 1100 121 17 passagerare
370 1095 79 18 emellan
464 1095 116 22 Helsingfors
592 1096 35 17 och
640 1095 43 18 dess
696 1094 74 22 omnejd
782 1095 11 17 &
805 1099 36 13 ena

234 1123 54 17 sidan
303 1125 48 16 samt
366 1124 65 22 Hangö
447 1124 70 18 banans
533 1124 89 18 stationer
634 1126 12 15 t.
660 1129 16 12 o.
688 1129 23 11 m.
723 1124 46 21 Lojo
782 1124 10 16 &
806 1122 35 18 den

239 1152 60 17 äldM
322 1166 4 4 <
357 1166 38 4 cn
426 1146 37 31 koa
493 1146 72 31 moka
596 1166 4 4 s
630 1166 4 4 w
658 1151 10 19 lo
698 1166 4 3 <
732 1166 4 3 x
766 1146 15 31 wm
800 1164 4 4 =
834 1165 4 4 x
865 1150 48 22 9041

164 1180 58 18 Antal
235 1185 120 18 passagerare
371 1181 78 17 emellan
465 1178 40 20 Åbo
521 1181 33 17 och
571 1180 43 18 dess
630 1180 75 23 omnejd
718 1180 11 17 &
740 1184 36 14 ena
788 1178 53 19 sidan

234 1211 47 15 samt
294 1209 65 23 Hangö
372 1209 72 18 banans
456 1210 91 17 stationer
559 1210 11 17 &
582 1209 36 18 den
630 1209 72 18 andra.
733 1222 3 4 .
767 1222 3 3 .
801 1221 3 3 .
834 1221 4 4 .
882 1207 33 17 493

768 1242 74 17 Summa
855 1241 61 21 17,265

235 1283 67 18 Denna
316 1282 139 24 genomgäende
468 1283 56 17 trafik
537 1284 57 17 mäste
606 1282 48 18 dock
666 1283 7 17 i
685 1283 36 21 hög
733 1282 45 23 grad
790 1282 47 18 ökas
850 1286 65 18 genom

168 1311 35 18 den
219 1312 71 17 lättnad
305 1312 7 16 i
324 1312 166 21 kommunikation,
502 1317 40 12 som
553 1318 26 11 nu
592 1310 140 24 ifrägavarande
745 1311 48 17 bana
805 1310 72 18 komme
890 1312 26 15 att

167 1340 74 18 bereda.
267 1340 43 18 Med
323 1340 71 23 hänsyn
406 1340 62 18 härtill
481 1340 51 22 höjes
545 1340 52 18 ofvan
610 1340 57 22 funna
679 1339 51 19 siffra
742 1339 42 17 med
796 1338 54 18 cirka
861 1338 55 22 25%,

168 1369 46 18 eller
225 1369 30 17 till
269 1369 70 22 21,500
348 1374 125 18 passagerare.

236 1398 19 16 B.
280 1397 40 17 Den
338 1397 59 17 lokala
413 1402 121 17 passagerare
549 1396 82 22 trafiken.
656 1395 98 18 Storleken
769 1395 20 16 af
803 1395 37 16 den
855 1395 62 16 lokala

168 1424 79 18 trafiken
266 1425 59 17 under
343 1425 22 17 år
383 1425 44 17 1889
445 1425 11 17 &
471 1424 92 18 bandelen
578 1423 226 23 Helsingfors—Turengi,
821 1422 17 17 d.
854 1424 11 15 ä
880 1421 36 18 den

235 1471 180 23 Jernvägsutskottets
428 1469 109 19 betänkande
548 1469 38 18 N:o
598 1469 18 18 2.
