1125 1767
278 151 27 21 30
469 149 29 22 U.
514 150 27 22 B.
556 162 27 4 —
599 150 74 27 Prop.
688 150 43 21 N:o
746 149 36 22 27.

247 219 74 24 ningen
337 218 102 25 angående
455 219 55 18 viner
525 218 36 20 och
576 224 82 18 svagare
673 218 127 24 rusdrycker.
825 218 29 19 Då
870 218 55 20 såväl
939 218 63 24 några

248 247 57 19 viner
327 252 43 14 som
393 247 47 19 flera
462 253 82 19 svagare
563 246 183 26 spritblandningar
760 246 101 20 innehålla
876 247 55 19 öfver
945 247 56 25 tjugo

246 278 83 22 procent
352 275 79 20 alkohol
454 275 36 20 och
514 275 76 20 således
611 276 54 18 äro
658 271 16 34 i
686 275 39 25 hög
745 275 49 25 grad
813 276 116 23 berusande,
944 276 57 19 torde

246 304 34 20 det
302 310 47 13 vara
369 304 19 19 af
408 304 70 24 nöden,
498 306 30 17 att
541 304 7 19 i
562 304 141 25 förordningen
721 304 102 24 angående
842 304 100 20 desamma
959 304 43 19 från

245 332 236 25 bränvinsförordningen
496 332 66 26 intaga
576 338 25 14 en
617 332 37 20 och
669 338 66 14 annan
749 333 131 25 bestämning,
896 338 43 14 som
949 333 52 19 visat

247 362 31 24 sig
300 362 21 18 af
341 361 95 20 behofvet
457 361 97 25 påkallad.
583 361 30 20 En
627 361 76 20 allmän
721 362 112 19 erfarenhet
848 361 35 20 har
898 362 104 24 onekligen

247 390 109 26 ådagalagt,
371 391 29 19 att
415 390 136 24 aflägsnandet
565 391 20 19 af
599 390 39 20 den
653 390 34 20 vid
696 390 144 20 marknaderna
849 390 86 20 rådande
945 390 57 25 dryc-

246 419 121 25 kenskapen,
390 419 74 19 hvilket
481 419 123 24 lagstiftaren
619 419 60 19 afsett
698 419 45 19 med
758 419 34 19 det
807 419 7 19 i
828 419 141 24 förordningen
983 419 20 19 af

247 448 38 19 den
301 448 26 19 26
342 447 40 20 Juli
399 448 53 19 1886
467 447 98 26 ingående
579 447 92 20 förbudet
686 450 41 17 mot
744 447 26 20 all
788 447 116 25 försäljning
914 447 19 20 af
943 447 57 20 brän-

248 476 33 19 vin
297 477 37 19 och
349 476 136 25 spritdrycker
495 477 63 19 under
567 476 200 25 marknadsdagarna,
776 476 66 19 blifvit
852 475 147 26 omöjliggjordt

247 505 116 25 därigenom
381 506 30 18 att
425 511 83 18 svagare
524 505 83 24 drycker
622 505 130 19 obehindradt
767 505 37 19 fått
819 505 95 24 försäljas.
943 504 57 20 Lika-

247 534 56 19 ledes
325 533 36 19 har
383 539 45 13 man
450 533 45 19 hört
515 533 98 25 klagomål
628 533 95 24 däröfver,
737 535 30 17 att
781 533 113 20 handlande
910 534 91 23 enträget

247 563 68 24 trugat
336 561 27 26 på
386 562 42 19 sina
450 561 82 24 kunder,
548 564 12 17 t.
576 569 16 12 o.
608 568 25 13 m.
649 561 26 25 pä
691 561 101 26 gvinnliga
808 561 78 25 sådana,
903 562 34 19 vin
952 561 50 20 eller

247 590 80 25 punsch
341 590 31 19 till
387 590 99 25 förtäring.
516 590 37 19 För
567 591 39 19 den
622 590 53 19 skull
690 596 46 13 vore
752 590 54 19 såväl
821 591 71 18 förbud
907 591 42 18 mot
964 590 38 19 för-

249 619 84 24 säljning
351 619 19 19 af
385 625 81 18 svagare
482 619 120 24 rusdrycker
617 619 63 18 under
695 619 193 24 marknadsdagarna
903 624 43 13 som
961 619 39 18 för-

247 647 40 20 bud
303 647 30 19 för
347 647 113 19 handlande
474 649 30 17 att
520 647 65 20 såsom
601 647 57 25 gäiva
674 647 88 20 utlemna
776 647 55 20 däraf
845 649 29 17 att
889 647 6 19 i
910 647 91 19 handels-

248 676 77 19 lokalen
345 676 12 19 å
375 675 66 20 stället
456 675 89 25 förtäras,
561 677 123 18 verksamma
699 675 64 20 medel
778 676 30 19 för
822 675 146 20 motarbetande
983 675 20 20 af

248 705 71 19 bruket
341 706 29 17 att
392 704 90 19 använda
504 705 124 24 rusdrycker.
658 704 204 25 Landtbefolkningen
876 705 36 18 har
927 704 25 25 pä
967 705 36 19 sitt

249 735 44 23 eget
308 733 85 24 omräde,
408 733 7 19 i
430 733 87 24 enlighet
532 733 45 19 med
592 734 32 19 sin
639 733 80 24 önskan,
733 733 66 20 blifvit
814 733 22 19 sä
850 733 48 24 godt
908 739 42 13 som
961 733 42 19 helt

249 762 37 19 och
307 761 62 20 hället
391 761 75 20 befriad
488 761 44 19 frän
554 761 38 20 alla
614 762 125 24 rusdrycker.
772 762 45 19 Men
832 761 46 19 med
892 761 110 20 arbetare
990 757 14 33 i

249 790 93 19 städerna
365 792 22 17 är
401 789 131 20 förhällandet
546 792 65 17 annat.
641 790 49 19 Lika
704 790 96 25 innerligt
815 790 64 19 skulle
894 790 38 19 den
946 790 55 19 arbe-

249 818 59 19 tande
323 818 141 24 befolkningen
478 818 7 19 i
501 819 92 19 städerna
608 819 61 19 önska
684 819 90 19 befrielse
788 818 45 19 frän
843 819 59 18 dessa
912 818 88 25 drycker.

249 847 42 19 Och
306 847 39 19 den
361 846 105 19 moraliska
482 847 82 24 styrkan
579 849 29 17 att
623 847 74 19 motstä
712 847 105 20 frestelsen
832 847 56 19 torde
899 847 35 19 hos
945 853 55 12 man-

249 881 39 14 nen
311 875 20 19 af
352 875 25 20 de
400 875 60 25 djupa
481 875 56 19 leden
558 876 7 18 i
586 875 44 20 stad
651 875 42 20 icke
708 881 47 14 vara
771 877 62 18 större
848 877 25 17 än
888 875 26 25 pä
928 875 74 20 landet.

250 904 45 19 Men
310 903 34 20 vid
358 905 73 18 nästan
445 903 68 25 hvarje
530 906 47 23 steg,
593 910 24 13 en
633 904 144 19 stadsarbetare
788 906 44 23 tage
843 906 55 17 utom
909 904 32 19 sin
951 910 51 18 egen

250 933 79 22 tröskel,
345 934 62 17 mötes
423 933 39 18 han
477 932 20 19 af
512 933 104 19 frestelsen
631 934 28 17 att
675 933 29 18 till
720 932 129 26 rusgifvande
860 932 84 25 drycker
956 934 47 23 göra

250 961 19 19 af
283 961 46 19 med
344 961 34 19 det
392 961 39 18 han
446 961 97 24 förtjenat.
573 961 48 24 Salt,
637 961 44 24 mjöl
698 961 37 20 och
749 961 63 20 andra
827 961 123 24 oumbärliga
959 961 42 18 lifs-

248 989 152 20 förnödenheter
415 989 39 19 kan
469 995 45 13 man
529 989 6 19 i
551 990 45 19 flere
612 989 67 20 städer
693 990 99 25 knappast
804 989 74 20 erhälla
888 989 43 20 frän
941 989 63 24 nägot

249 1017 191 26 försäljningsställe,
463 1018 35 19 där
519 1018 43 19 icke
583 1018 107 19 vinflaskor
711 1024 47 13 vore
773 1018 30 19 till
818 1018 117 25 försäljning
949 1023 52 20 upp-

249 1047 78 18 ställda.
354 1046 82 19 Därföre
451 1052 47 13 vore
513 1047 33 18 det
562 1047 145 24 otvifvelaktigt
722 1047 48 24 skäl,
786 1049 28 17 att
829 1046 128 25 fullständigt
971 1046 28 19 af-

249 1075 58 25 skilja
323 1075 86 19 handeln
424 1075 46 19 med
484 1075 120 24 rusdrycker
618 1075 44 19 frän
678 1075 25 19 all
719 1081 65 14 annan
796 1075 76 19 handel.

317 1103 38 20 Om
374 1103 86 20 handeln
481 1103 44 19 med
541 1104 56 19 viner
611 1104 6 19 i
633 1104 49 24 stad,
699 1103 56 20 såväl
770 1104 46 19 med
831 1104 93 19 afseende
939 1103 12 19 &
965 1104 39 19 för-

248 1132 86 25 säljning
349 1132 30 19 till
394 1131 124 25 afhemtning
533 1138 43 13 som
592 1132 140 25 utskänkning,
748 1133 72 18 ordnas
835 1138 71 19 genom
922 1138 24 13 en
961 1134 42 17 sär-

249 1160 51 19 skild
323 1160 120 25 förordning,
466 1160 22 19 sä
504 1161 54 18 torde
573 1161 32 19 det
619 1161 43 18 icke
679 1167 45 12 vara
739 1161 20 19 af
774 1161 66 19 nöden
855 1163 29 16 att
900 1161 29 18 uti
945 1161 10 23 $
972 1161 26 18 20

247 1189 20 18 af
281 1189 140 24 förordningen
437 1194 32 13 om
484 1189 119 24 näringarne
619 1189 37 19 den
672 1190 12 18 31
714 1189 53 20 Mars
784 1190 54 19 1879
854 1189 97 19 bibehålla
964 1189 37 19 för-

247 1217 62 19 budet
331 1219 42 16 mot
394 1217 114 25 försäljning
530 1217 20 19 af
568 1218 32 18 vin
615 1217 27 26 pä
656 1217 72 20 landet.
758 1213 65 24 Äfven
838 1217 64 20 denna
917 1218 85 19 bestäm-

247 1245 49 25 ning
311 1245 68 19 kunde
394 1245 105 20 öfverföras
516 1246 28 19 till
560 1246 138 24 förordningen
714 1245 102 26 angäende
828 1246 125 23 vinhandeln,
964 1245 38 20 och

247 1274 45 19 med
314 1274 107 24 anledning
443 1274 56 19 däraf
522 1274 58 19 borde
599 1274 72 25 jämväl
695 1274 107 25 försäljning
816 1275 21 18 af
851 1275 34 18 vin
900 1275 55 24 fogas
971 1274 30 19 till

247 1303 25 17 de
286 1303 7 17 i
310 1303 10 22 8
337 1303 26 18 14
378 1303 6 17 i
400 1303 139 23 näringslagen
556 1303 128 23 uppräknade
699 1303 99 23 näringar,
814 1308 44 13 som
871 1303 43 18 icke
926 1305 33 16 äro
971 1303 30 18 att

247 1330 80 18 hänföra
349 1330 64 18 under
428 1330 143 24 *stadgandena
593 1330 6 18 i
619 1330 88 19 nämnda
722 1330 120 24 förordning.
871 1330 129 24 Följaktligen

246 1358 78 19 komme
345 1359 10 23 $
373 1358 25 19 20
414 1358 20 18 af
448 1358 141 25 förordningen
605 1364 31 13 om
651 1359 124 24 näringarne,
791 1358 62 20 sädan
868 1358 38 20 den
921 1358 58 25 lyder
993 1358 7 19 i

246 1386 144 26 förordningen
411 1386 19 20 af
445 1386 38 19 den
499 1387 25 19 12
540 1386 37 26 Maj
595 1387 60 24 1884,
671 1389 28 17 att
715 1387 95 25 antingen
826 1388 111 24 upphäifvas
952 1387 50 19 eller

247 1415 96 20 ombildas
366 1415 30 19 till
418 1421 24 13 en
465 1416 109 24 uttrycklig
589 1416 126 25 bestämning
729 1416 74 25 därom,
819 1418 29 18 att
864 1416 135 26 berättigande

247 1445 29 18 att
298 1443 61 26 enligt
382 1444 60 25 sagda
457 1444 114 26 förordning
586 1444 63 20 drifva
663 1444 72 20 handel
750 1444 26 26 pä
791 1445 67 20 landet
873 1445 47 20 eller
934 1446 7 18 i
956 1445 46 19 stad

315 1488 183 18 Ekonomiutskottets
510 1488 109 18 betänkande
632 1489 37 17 N:o
682 1490 29 17 10.
