1125 1767
275 154 28 20 32
462 153 29 23 U.
509 154 28 22 B.
552 167 27 3 —
594 154 73 29 Prop.
683 154 44 22 N:o
743 154 38 22 27.

602 224 11 18 3
631 225 17 23 8.

315 273 103 25 Rättighet
434 273 31 20 till
480 273 137 21 minuthandel
632 274 48 20 eller
694 274 137 24 utskänkning
845 274 7 19 i
862 273 45 20 stad
917 274 20 19 af
947 273 54 20 viner

248 302 37 20 och
301 308 82 18 svagare
398 302 121 25 rusdrycker
533 308 50 19 eger,
599 302 50 20 efter
663 302 66 20 därtill
747 302 4 19 i
765 302 142 20 nedannämnd
917 302 85 26 ordning

247 330 108 21 utverkadt
370 330 97 26 tillstånd,
483 331 51 19 finsk
549 331 132 25 medborgare,
697 337 42 14 som
756 330 26 26 på
797 331 66 25 grund
874 331 21 19 af
905 330 24 27 $$
941 331 12 19 2
965 331 36 19 och

248 360 13 19 3
283 360 8 18 i
311 359 74 25 nådiga
403 359 141 25 förordningen
562 366 31 13 om
608 360 118 25 näringarne
741 360 20 19 af
776 360 38 19 den
830 360 25 19 31
871 359 53 20 Mars
941 360 60 24 1879,

249 388 124 20 sistnämnde
390 389 10 23 $
416 388 62 20 sådan
493 388 39 20 den
546 388 57 24 lyder
617 388 7 19 i
639 388 140 26 förordningen
794 389 20 19 af
828 388 39 20 den
884 388 25 20 17
920 388 81 20 Decem-

248 417 35 19 ber
299 416 60 24 1888,
373 418 23 18 är
412 416 82 26 behörig
508 418 29 18 att
552 417 77 19 anmäla
644 417 31 25 sig
689 416 30 20 till
733 417 86 19 idkande
834 417 20 19 af
867 416 74 20 handel
951 418 51 18 samt

248 445 80 25 pröfvas
345 444 6 20 i
370 445 59 25 öfrigt
447 446 29 19 till
492 446 97 19 rörelsens
605 445 105 20 utöfvande
725 445 83 25 lämplig
823 451 52 19 vara,
889 445 43 20 icke
946 445 57 19 idkar

248 480 66 13 annan
331 473 20 20 af
369 474 94 19 särskildt
478 473 91 20 tillstånd
582 474 99 20 beroende
695 473 73 20 handel
782 474 49 19 eller
845 474 49 24 yrke
909 474 36 19 och
959 473 43 20 icke

247 502 64 20 heller
332 504 22 18 är
375 504 30 18 att
419 502 92 20 hänföras
526 503 31 19 till
571 503 50 24 dem,
637 502 67 20 hvilka
719 502 34 20 det
768 504 21 18 är
803 502 101 26 förbjudet
918 504 29 18 att
961 502 40 20 till-

249 531 59 19 verka
323 531 38 19 och
376 530 80 26 försälja
471 532 88 19 bränvin.

316 559 150 26 Utminutering
487 560 21 19 af
529 560 55 19 viner
605 560 37 20 och
664 566 82 18 svagare
768 560 120 24 rusdrycker
906 559 30 19 får
954 560 48 19 utan

249 588 95 20 särskildt
365 588 92 20 tillstånd
474 588 79 20 utöfvas
567 589 20 19 af
601 589 44 24 den,
661 594 44 14 som
719 588 83 20 innehar
817 590 40 18 rätt
871 590 29 18 att
915 588 86 20 utminu-

249 618 41 18 tera
313 617 92 25 bränvin;
432 617 38 19 och
484 617 94 20 likaledes
593 624 46 18 eger
653 617 44 25 den,
714 622 43 14 som
772 616 78 20 erhållit
865 616 91 20 tillstånd
971 616 30 20 till

248 646 137 24 utskänkning
406 646 20 19 af
448 646 88 24 bränvin,
557 646 75 25 jämväl
654 646 57 19 viner
732 646 38 19 och
786 652 82 18 svagare
882 645 121 25 rusdrycker

250 674 29 19 till
294 674 98 24 förtäring
406 674 26 25 på
447 674 67 20 stället
528 674 90 25 föryttra.

317 702 141 26 Berättigande
481 704 29 18 att
525 703 77 25 försälja
617 703 56 19 viner
687 703 37 19 och
739 708 83 20 svagare
837 702 120 26 rusdrycker
972 702 30 20 till

249 731 124 25 afhemtning
394 731 83 20 innebär
498 732 44 19 icke
563 732 118 25 befogenhet
695 733 29 17 att
738 731 41 19 låta
793 731 101 19 desamma
901 727 12 35 ä
936 731 66 20 stället

249 760 88 19 förtäras.

249 810 2 2 N
357 787 68 19 landet
447 788 37 19 och
505 788 7 19 i
534 788 73 25 köping
628 794 46 13 vare
689 788 147 25 utminutering
850 788 20 19 af
884 788 56 20 viner
955 788 48 19 eller

249 816 60 19 andra
325 821 83 19 svagare
423 816 121 25 rusdrycker
556 817 43 19 icke
614 816 82 24 tilläten,
711 816 37 20 och
762 816 44 20 icke
820 816 63 20 heller
895 822 65 14 annan
970 818 31 18 ut-

251 844 111 25 skänkning
377 844 20 19 af
412 844 60 26 sagda
487 844 89 26 drycker,
591 847 25 17 än
632 844 62 20 sädan
709 851 43 13 som
766 845 8 19 i
790 846 10 24 $
817 846 12 18 6
845 847 65 23 säges.

319 872 99 20 Tillständ
435 873 30 19 till
480 873 61 20 sädan
557 874 116 25 försäljning
687 874 20 18 af
722 880 81 18 svagare
818 874 125 24 rusdrycker,
959 879 43 13 som

249 902 7 19 i
276 907 59 14 mom.
358 903 11 18 1
393 903 63 23 säges,
478 902 99 20 meddelas
592 903 7 19 i
615 902 44 20 stad
673 902 31 19 för
718 908 25 14 en
759 902 29 19 tid
802 902 21 19 af
836 902 59 26 högst
910 901 34 21 två
959 902 22 19 är
996 902 7 19 i

239 953 5 3 —
251 930 76 25 sender,
343 930 38 20 och
396 930 96 20 beräknas
507 931 172 25 försäljningsäret
694 930 45 20 från
754 931 38 19 den
806 931 10 19 1
828 930 46 20 Juni
885 930 30 20 till
928 936 75 14 samma

249 958 39 25 dag
303 958 62 26 därpå
380 958 85 26 följande
480 958 27 20 år.

603 1050 47 24 483.

319 1106 57 20 Inom
399 1107 80 19 Januari
501 1107 73 19 månad
595 1108 119 18 hvartannat
734 1107 23 19 år
771 1113 37 19 ege
822 1107 103 25 magistrat
939 1108 63 19 öfver-

249 1136 66 19 lemna
330 1135 21 20 åt
366 1136 183 25 stadsfullmäktige
564 1136 53 24 eller,
632 1136 35 19 där
682 1135 182 25 stadsfullmäktige
878 1136 44 20 icke
932 1136 70 24 finnas,

249 1163 163 21 rådhusstämma
427 1166 29 18 att
471 1164 83 25 besluta,
569 1164 98 20 huruvida
682 1164 38 20 och
734 1164 30 20 till
779 1164 75 20 hvilket
868 1164 55 20 antal
934 1164 69 26 rättig-

249 1193 57 19 heter
320 1192 31 20 till
367 1193 145 25 utminutering
527 1194 36 19 och
578 1193 137 25 utskänkning
729 1193 20 19 af
764 1193 56 19 viner
834 1194 38 18 och
887 1193 62 19 andra
959 1199 44 14 sva-

249 1226 47 20 gare
311 1221 120 25 rusdrycker
446 1222 46 19 böra
506 1222 30 19 för
551 1222 181 20 nästinstundande
747 1221 35 20 två
793 1222 149 25 försäljningsår
953 1228 50 19 upp-

249 1249 58 25 låtas,
329 1250 105 20 äfvensom
456 1250 6 19 i
484 1250 67 20 hvilka
571 1251 74 19 trakter
665 1250 20 19 af
699 1250 71 20 staden
785 1251 166 24 utminuterings-
967 1250 37 20 och

251 1278 221 25 utskänkningsställen
486 1278 44 20 icke
544 1278 20 20 få
578 1279 71 19 finnas.

318 1307 84 19 Besluta
416 1307 180 23 stadsfullmäktige
611 1308 47 18 eller
672 1306 162 20 rådhusstämma
848 1308 28 17 att
893 1307 110 18 utminute-

249 1334 46 25 ring
310 1334 49 19 eller
374 1334 137 26 utskänkning
524 1334 43 20 icke
583 1335 50 19 skall
647 1340 36 19 ega
693 1340 50 19 rum,
754 1334 48 20 eller
812 1336 21 18 är
843 1335 103 24 magistrat
958 1334 46 19 med

251 1362 183 26 stadsfullmäktige
448 1362 49 20 eller
511 1362 161 20 rådhusstämma
687 1368 48 14 ense
749 1362 103 26 angående
864 1362 139 20 utminuterin-

250 1396 50 20 gens
322 1390 49 20 eller
392 1391 174 25 utskänkningens
582 1391 105 25 ordnande,
702 1391 60 20 blifve
776 1391 72 20 därvid
862 1391 103 20 beroende.
995 1391 9 19 I

249 1421 61 18 annat
325 1420 35 19 fall
375 1420 131 20 öfverlemnar
521 1420 129 25 magistraten
665 1420 82 20 ärendet
758 1420 30 20 till
798 1420 149 25 länestyrelsen,
960 1426 44 14 som

249 1454 47 19 eger
310 1448 43 20 däri
367 1448 88 26 besluta;
471 1448 51 20 dock
536 1448 33 20 må
583 1449 74 20 antalet
671 1449 165 26 utminuterings-
851 1449 48 21 eller
908 1449 97 20 utskänk-

319 1486 185 19 Ekonomiutskottets
516 1487 110 19 betänkande
638 1489 36 16 N:o
686 1488 27 17 10.
