1153 1767
370 137 29 22 U.
415 137 28 22 B.
459 150 26 2 —
500 137 74 28 Prop.
591 137 41 21 N:o
648 136 38 22 29.
846 137 26 19 27

154 209 51 22 ofta
224 208 126 29 försiggär
369 208 89 22 endast
475 208 81 22 under
574 214 31 16 en
623 208 51 22 helt
691 208 58 22 kort
767 208 35 22 tid
813 207 26 22 af
848 207 53 22 äret

154 242 56 23 med
229 249 31 15 en
279 242 79 22 starkt
376 242 131 26 vexlande,
527 242 107 28 tillfällig
653 242 209 28 arbetspersonal,
874 242 27 20 är

154 276 208 30 genomförandet
381 276 25 22 af
427 276 164 29 obligatorisk
609 276 144 28 försäkring
771 276 46 21 här
834 276 66 21 dess-

153 312 69 21 utom
248 311 9 21 i
275 311 92 28 mänga
385 310 44 22 fall
447 311 89 21 nästan
556 310 120 29 omöjligt.
712 310 131 22 Likaledes
863 316 38 21 sy-

153 352 45 16 nes
225 345 181 29 författningen
433 345 35 22 till
490 352 30 15 en
538 344 91 29 början
648 345 20 28 ej
689 344 78 22 heller
784 344 63 22 böra
866 344 35 21 ut-

153 380 111 22 sträckas
286 380 36 22 till
343 380 31 22 de
396 379 69 23 delar
484 380 26 21 af
526 379 149 29 jordbruket
693 379 46 22 och
757 379 58 22 dess
833 378 69 22 binä-

152 415 94 29 ringar,
274 414 8 22 i
309 414 87 22 hvilka
419 413 118 29 ängkraft
556 414 137 26 användes,
713 413 88 22 såvida
821 412 80 23 sådan

152 449 118 28 binäring
288 449 21 28 ej
330 448 127 23 bedrifves
475 448 209 28 fabriksmässigt,
704 448 8 21 i
727 448 102 22 hvilken
842 447 60 21 hän-

153 483 68 23 delse
242 483 49 22 den
312 483 73 21 faller
406 482 80 22 under
504 483 31 21 de
553 484 8 20 i
579 489 73 15 mom.
673 482 23 28 a)
716 482 105 22 afsedda
839 482 62 21 före-

153 519 50 27 tag.
240 517 98 22 Jemväl
361 517 8 22 i
391 517 127 29 Tyskland
537 517 143 28 undantogs
698 516 149 29 jordbruket
866 516 35 22 till

154 559 30 15 en
203 552 90 28 början
311 552 57 22 från
387 552 50 22 den
449 552 180 28 obligatoriska
642 551 185 29 försäkringen.
853 550 48 22 Un-

152 586 45 22 der
219 592 73 16 mom.
317 586 19 29 %)
363 586 93 26 kunde,
486 586 42 22 vid
555 586 49 22 den
623 586 125 22 allmänna
768 585 133 28 affattning

153 621 68 22 detta
239 627 73 15 mom.
326 621 54 25 har,
394 621 99 22 komma
507 622 35 20 att
554 621 120 21 hänföras
690 626 31 16 en
732 620 94 28 mängd
838 620 63 21 före-

152 656 51 28 tag,
225 655 86 22 hvilka
330 655 77 29 enligt
426 655 37 22 sin
482 656 74 21 natur
574 655 97 22 mindre
690 655 32 21 än
740 654 102 29 mänget
861 660 38 16 an:

152 691 43 21 nat
208 690 78 22 borde
300 690 166 22 underkastas
480 690 88 28 skärpt
581 689 168 29 ansvarighet.
775 689 126 22 Utskottet

152 724 47 22 har
217 724 32 28 pä
268 724 74 22 dessa
361 724 54 22 skäl
433 724 111 22 uteslutit
562 730 72 16 mom.
654 724 34 28 g),
708 724 26 28 k)
754 723 45 22 och
818 723 28 28 i.

220 764 88 34 Öfriga
338 770 7 22 i
373 770 82 22 denna
474 770 14 29 $
508 770 90 29 gjorda
616 770 179 28 förändringar
813 770 44 22 äro
877 769 25 22 af

152 804 180 23 företrädesvis
351 804 88 23 formel
457 806 74 21 natur
550 805 45 22 och
614 805 71 21 torde
703 804 54 22 icke
770 804 83 22 tarfva
865 806 36 20 ut-

153 839 118 29 förligare
290 839 157 29 motivering.

222 885 40 23 Uti
282 885 83 23 denna
384 886 14 28 $
417 885 47 23 har
482 886 120 22 utskottet
615 885 65 22 ifrän
697 884 203 30 propositionens

153 920 12 22 1
195 920 45 22 och
262 920 34 22 24
319 920 31 29 $$
383 920 162 22 sammanfört
576 920 192 22 definitionerna
797 919 32 28 pä
859 919 41 22 be-

155 961 113 23 greppen
288 955 183 29 arbetsgifvare
490 955 46 22 och
556 955 121 22 arbetare.

221 1001 86 29 Enligt
335 1001 49 23 den
411 1001 8 22 i
445 1002 49 21 den
512 1002 93 28 nädiga
623 1000 189 30 propositionen
831 1000 69 30 gifna

153 1036 162 22 definitionen
334 1036 33 28 pä
386 1036 138 28 begreppet
544 1036 182 28 arbetsgifvare
739 1035 80 22 skulle
829 1037 17 20 t.
861 1042 38 15 ex.

153 1070 56 26 den,
237 1070 103 22 hvilken
359 1070 25 22 ät
402 1071 38 28 sig
458 1070 64 22 låter
539 1070 108 29 uppföra
666 1072 34 20 ett
718 1070 47 22 hus
785 1071 64 21 samt
867 1070 34 22 öf-

152 1104 108 23 verläter
279 1105 56 21 hela
355 1104 96 23 arbetet
468 1105 33 28 pä
520 1104 167 29 entreprenad
697 1105 26 21 ät
734 1111 91 20 annan,
837 1104 63 22 dock

152 1146 63 15 vara
234 1140 35 21 att
288 1146 73 15 anses
380 1139 82 22 säsom
482 1139 182 29 arbetsgifvare
682 1140 65 21 samt
765 1139 83 22 säsom
864 1139 37 22 sä-

152 1174 50 22 dan
230 1174 126 29 ansvarig.
394 1174 74 22 Detta
495 1180 61 16 vore
584 1174 63 22 dock
670 1174 77 28 enligt
763 1173 134 23 utskottets

152 1208 76 22 tanke
252 1208 103 29 obilligt,
375 1208 103 22 hvarför
497 1209 120 21 utskottet
635 1208 130 29 föreslagit
783 1209 34 21 ett
836 1208 65 22 stad-

152 1242 83 29 gande
254 1243 93 26 derom,
359 1244 36 20 att
408 1243 43 21 vid
461 1243 86 28 dylika
557 1242 267 28 total-entreprenader
833 1242 67 22 inom

154 1276 48 23 alla
230 1283 91 22 grenar
349 1277 25 22 af
391 1277 282 28 bygnadsverksamhet
691 1277 163 27 entreprenör
873 1277 28 21 är

153 1312 35 21 att
204 1311 82 22 säsom
300 1311 182 29 arbetsgifvare
496 1318 80 15 anses.
602 1311 48 22 Vid
660 1311 104 28 partiela
776 1312 124 26 entrepre-

152 1346 79 21 nader
241 1345 47 22 har
296 1346 121 21 utskottet
427 1345 111 22 deremot
548 1347 81 21 ansett
640 1345 54 21 skäl
701 1345 54 22 icke
761 1345 139 21 förefinnas

153 1380 35 21 att
197 1379 116 22 betrakta
324 1380 195 26 entreprenören
529 1380 82 21 säsom
618 1379 49 22 den
674 1379 125 27 egentliga
808 1378 92 22 arbets-

153 1412 122 28 gifvaren,
304 1413 60 21 enär
391 1412 90 22 sädant
508 1412 79 22 skulle
605 1412 40 22 för
662 1412 97 22 mindre
783 1413 118 20 samvets-

153 1453 97 22 granna
269 1446 183 29 arbetsgifvare
469 1446 150 29 möjliggöra
628 1446 88 29 lagens
725 1446 174 29 kringgäende

221 1492 46 20 Lag-
280 1490 31 17 och
325 1489 179 18 Ekonomiutskottets
517 1489 109 18 betänkande
639 1491 36 15 N:o
688 1488 27 18 12.
