1131 1767
355 148 29 23 U.
400 149 27 23 B.
444 162 25 2 —
485 150 74 28 Prop.
574 150 43 22 N:o
633 150 38 22 29.
832 151 26 21 47

136 218 70 30 villig
224 219 255 23 öfverenskommelse
498 222 21 27 ej
539 221 51 21 kan
610 221 97 26 träffas,
721 222 68 21 talan
802 222 85 21 derom

136 253 94 22 väckas
248 253 46 22 hos
312 254 59 28 laga
390 254 114 22 domstol.

475 356 33 22 24
528 356 22 29 8.

202 424 58 22 Har
279 424 116 22 arbetare
413 424 54 22 icke
485 425 78 29 enligt
583 426 71 22 hvad
672 425 78 23 ofvan
767 426 117 28 stadgats

135 458 86 23 blifvit
248 458 140 23 försäkrad
417 458 40 23 för
479 459 142 29 olycksfall,
642 460 60 22 eller
720 460 49 22 har
788 460 95 22 försäk-

134 494 59 28 ring
211 493 53 22 icke
282 493 79 29 enligt
381 494 84 22 denna
484 494 151 28 förordning
654 494 85 22 behöft
756 490 46 33 ega
818 501 64 20 rum,

134 528 60 22 eller
216 528 49 22 har
293 528 176 26 meddelande,
494 535 54 15 som
571 529 10 21 i
599 528 38 23 20
654 530 15 26 $
687 529 17 21 2
721 535 74 16 mom.
815 530 67 27 sägs,

134 562 23 28 e
193 562 85 22 blifvit
314 562 49 22 den
396 562 41 22 till
463 562 156 22 skadestånd
649 563 158 28 berättigade
833 563 50 21 till-

133 596 87 26 stäldt,
240 596 43 22 må
302 596 56 27 den,
377 603 54 16 som
449 603 75 15 anser
541 597 39 28 sig
594 596 38 29 på
649 597 86 29 grund
753 597 32 22 af
797 597 85 22 denna

134 631 43 28 lag
197 637 46 22 ega
260 631 52 21 rätt
330 631 41 22 till
389 630 162 27 skadestånd,
565 631 81 22 väcka
659 632 74 21 talan
746 631 86 22 derom
843 638 39 21 ge-

133 672 59 15 nom
215 665 131 29 stämning
371 665 11 22 i
405 665 58 22 stad
482 666 69 21 inom
570 664 42 23 två
631 664 30 23 år
679 665 45 22 och
738 664 38 30 på
795 665 87 22 landet

134 700 86 22 senast
246 699 45 22 vid
321 700 41 21 det
389 699 62 29 ting,
487 706 54 16 som
565 699 60 23 efter
643 699 42 22 två
704 699 30 23 år
759 699 62 23 först
844 699 37 22 in-

134 733 84 26 faller,
238 734 142 22 beräknadt
397 734 45 22 vid
460 733 175 29 kroppsskada
653 735 63 21 utan
735 734 91 28 dödlig
834 733 47 29 på-

134 768 66 28 följd
228 767 59 23 från
315 768 48 22 den
391 768 51 29 dag
468 768 101 22 skadan
587 768 75 22 timat
680 768 45 22 och
743 768 45 22 vid
807 768 74 22 döds-

134 802 49 22 fall
201 801 59 23 från
279 802 157 29 dödsdagen.

460 939 23 19 V
499 940 55 23 Kap.

178 1007 46 23 Om
243 1014 95 16 ansvar
357 1008 40 22 för
415 1007 194 23 öfverträdelser
627 1008 32 22 af
675 1008 84 22 denna
779 1008 50 28 lag.

468 1111 33 23 25
522 1111 23 29 8.

196 1180 150 23 Underlåter
374 1179 184 29 arbetsgifvare
585 1180 44 25 att,
658 1180 62 21 efter
747 1179 68 22 hvad
836 1179 8 22 i
863 1180 16 21 4

127 1216 46 22 och
202 1215 32 22 16
262 1215 32 29 88
314 1215 66 28 sägs,
399 1214 39 22 för
457 1214 129 28 olycksfall
604 1213 116 22 försäkra
739 1213 55 23 sina
810 1213 69 22 arbe-

126 1251 62 25 tare,
213 1255 61 16 vare
298 1248 117 23 förfallen
434 1248 35 22 till
488 1248 71 22 böter
577 1247 57 23 från
653 1248 46 21 och
717 1247 56 22 med
793 1247 84 22 femtio

126 1284 37 22 till
181 1284 46 22 och
245 1284 57 22 med
321 1284 95 21 ettusen
434 1282 79 26 mark,
533 1282 46 22 och
597 1282 40 22 må
657 1281 139 23 domstolen
814 1282 63 21 före-

124 1318 78 29 lägga
226 1318 92 22 honom
336 1317 53 22 viss
407 1316 44 26 tid,
471 1317 21 28 ej
513 1316 100 22 utöfver
631 1316 84 22 trettio
733 1316 88 29 dagar,
842 1317 36 21 att

125 1352 177 28 försäkringen
320 1351 44 23 vid
382 1350 118 30 lämpligt
517 1350 50 23 vite
584 1350 117 29 fullgöra.

192 1386 109 21 Pröfvas
328 1384 184 28 arbetsgifvare
538 1384 80 22 hafva
645 1385 40 27 egt
702 1384 57 22 skäl
778 1385 37 21 att
833 1390 45 16 an-

125 1421 69 27 taga,
205 1420 38 21 att
261 1420 122 27 företaget
400 1418 53 22 icke
471 1419 32 21 är
520 1417 186 23 underkastadi
723 1417 154 22 bestämnin-

124 1460 84 24 garna
226 1454 10 22 i
255 1453 84 23 denna
359 1452 50 29 lag,
428 1452 44 23 mä
490 1452 53 22 han
562 1450 59 24 från
641 1451 68 23 böter
729 1451 103 23 befrias.

194 1497 48 23 Lag-
255 1496 32 18 och
299 1495 182 19 Ekonomiutskotteis
494 1494 109 19 betänkande
616 1496 37 16 N:o
665 1494 29 18 12.
