1111 1775
276 147 25 21 12

433 146 82 22 Ständ.
530 146 37 22 Sv.
586 158 22 4 —
625 146 71 27 Prop.
712 146 41 22 N:o
767 145 37 22 31.

696 212 16 21 2
726 214 21 23 S.

517 263 262 28 Fästningsesplanadens
797 264 91 27 gränser
906 262 63 27 skola,
985 262 9 22 i

448 298 92 28 enlighet
567 299 47 21 med
643 298 55 22 hvad
726 305 32 14 om
783 299 61 20 deras
868 297 126 28 sträckning

448 332 69 28 blifvit
538 332 106 27 bestämdt,
668 333 28 27 af
712 333 144 21 landtmätare
876 332 8 21 i
899 333 94 21 närvaro

447 367 27 27 af
493 367 152 22 vederbörande
667 374 61 21 egare
750 366 37 22 och
809 367 140 27 innehafvare
970 367 27 27 af

445 401 102 28 fastighet
572 404 56 19 samt
652 401 76 22 ombud
748 401 36 28 för
805 401 188 28 fästningsbefälet

446 436 95 22 utstakas
561 437 13 21 &
594 436 89 22 marken
698 436 36 21 och
749 436 66 28 förses
830 436 48 21 med
894 436 99 21 rästenar

446 471 27 27 af
485 470 112 29 tillräcklig
612 471 81 22 storlek.

513 505 147 22 Rästenarnes
683 505 46 28 läge
748 505 35 22 bör
803 505 111 21 utmärkas
929 505 14 22 &
957 505 35 22 rä-

444 540 139 28 gängskarta.
613 539 34 28 Af
658 539 79 22 kartan
752 540 37 21 och
805 539 33 22 det
853 539 36 22 vid
904 539 87 28 förrätt-

444 575 84 28 ningen
549 574 64 28 förda
631 574 112 28 protokoll,
765 574 63 22 hvari
850 574 140 22 rämärkenas

444 608 141 28 beskaffenhet
600 609 37 21 och
652 609 46 28 läge
705 609 80 27 jemväl
791 608 55 23 skall
853 616 57 20 noga
919 609 72 27 angif-

443 650 42 21 vas,
497 644 36 21 bör
541 645 28 20 ett
576 643 105 28 exemplar
689 643 175 22 tillhandahållas
872 643 120 28 fästnings-

444 678 75 27 befälet
534 677 35 22 och
580 680 30 20 ett
619 680 71 20 annat
699 677 98 29 förvaras
805 677 37 22 hos
850 680 141 25 guvernören.

691 754 15 20 3
720 755 23 23 5.

511 800 73 28 Egare
599 800 26 28 af
632 800 45 28 fast
687 800 100 28 egendom
796 799 112 23 tillkomme
916 801 74 20 ersätt-

442 835 56 27 ning
513 835 27 27 af
551 835 70 27 finska
636 835 86 21 kronan
736 835 34 27 för
781 835 74 27 hvarje
862 834 128 29 minskning

441 870 9 20 i
471 869 139 28 fastighetens
630 869 71 28 värde,
723 876 44 15 som
790 870 25 21 de
833 869 9 22 i
856 869 12 22 1
883 869 15 28 $
912 869 77 28 omför-

441 903 72 22 mälda
532 903 189 28 inskränkningar
734 904 35 27 för
783 904 77 21 honom
875 903 66 28 hafva
957 903 31 22 till

437 938 93 28 påföljd,
555 938 34 27 för
612 938 70 22 sävidt
703 938 74 29 dylika
799 938 190 29 inskränkningar

440 973 45 22 icke
498 972 148 28 härförinnan
661 973 67 22 hvilat
741 974 14 21 å
770 973 139 28 fastigheten.

512 1007 170 28 Utbetalningar,
697 1015 43 14 som
752 1008 32 27 på
793 1008 75 28 grund
878 1007 28 28 af
914 1007 73 22 denna

439 1041 130 29 förordning
598 1042 120 22 verkställas
743 1043 27 28 af
788 1043 92 26 kronan,
908 1044 81 20 stanna

438 1076 71 28 finska
522 1077 123 22 statsverket
660 1077 33 22 till
708 1077 47 22 last.

506 1112 159 28 Ersättningen
686 1112 54 21 skall
761 1112 54 27 utgå
836 1112 69 21 såsom
927 1111 56 28 årlig

438 1145 67 28 afgift
524 1145 53 28 efter
591 1153 36 15 sex
640 1146 36 27 för
690 1146 113 22 hundrade
819 1146 26 28 af
858 1147 34 21 det
907 1146 78 28 belopp,

437 1180 101 22 hvarmed
564 1181 139 27 egendomens
726 1181 64 21 värde
812 1180 116 28 minskats;
950 1180 37 22 och

437 1214 54 22 skall
505 1215 129 27 rättigheten
645 1215 33 21 till
688 1215 72 22 denna
771 1215 66 28 afgift
847 1215 55 28 följa
911 1215 76 29 fastig-

437 1248 62 23 heten
515 1249 28 21 åt.

504 1283 47 21 Der
576 1291 32 15 nu
635 1284 98 22 nämnda
758 1284 71 28 årliga
852 1284 66 28 afgift
938 1284 45 21 icke

435 1318 67 20 skulle
527 1318 114 27 öfverstiga
662 1318 42 27 fem
726 1318 68 27 mark,
816 1318 104 21 utbetalas
939 1318 48 21 hela

435 1351 149 27 ersättningen
604 1353 81 25 genast.
719 1351 42 22 Vill
781 1352 87 21 kronan
887 1352 9 21 i
914 1353 71 20 annat

433 1383 41 28 fall
493 1384 86 29 erlägga
598 1385 48 22 hela
665 1385 150 30 ersättningen
828 1386 29 28 på
872 1393 27 15 en
913 1386 64 28 gång,

434 1425 36 22 ege
487 1419 80 28 jemväl
584 1420 70 22 dertill
668 1422 50 20 rätt.
753 1421 89 29 Uppgår
856 1421 122 22 minsknin-

433 1460 42 21 gen
497 1453 28 28 af
542 1454 138 29 fastighetens
702 1456 64 21 värde
787 1456 33 22 till
838 1463 28 15 en
881 1457 94 27 tredjede
