1128 1770
270 133 13 20 2
567 133 44 23 N:o
631 133 41 23 28.

243 199 255 28 anslagspropositionen,
521 201 106 25 upptagen
646 199 33 21 för
694 199 50 21 åren
763 199 52 21 1893
832 199 40 21 och
889 199 53 21 1894
958 199 34 20 till

242 233 157 28 sammanlagdt
423 234 111 26 1,000,000
550 233 66 27 mark,
632 239 47 16 men
694 239 44 16 som
755 233 72 27 hvarje
843 233 34 22 års
892 233 100 22 vinstme-

242 269 34 21 del
292 269 93 21 fördelas
410 268 53 21 först
478 268 120 27 påföljande
614 269 30 26 år,
660 267 84 28 inflyter
759 268 33 21 till
807 268 78 21 fonden
901 268 91 21 berörda

242 303 65 22 andel
321 303 68 21 under
403 302 169 28 finansperioden
589 303 138 22 1892—1894
743 303 74 21 endast
833 303 32 21 för
877 305 30 19 ett
918 303 24 21 år
953 303 38 21 och

242 338 36 21 det
293 337 33 22 till
342 337 107 22 minskadt
463 337 84 27 belopp,
563 339 51 20 enär
630 337 152 22 meranämnda
797 337 68 27 andel,
879 344 44 15 som
939 337 6 22 i
957 337 36 22 det

243 372 32 22 till
292 371 130 22 Ständernas
438 372 157 27 handläggning
615 371 154 22 öfverlemnade
785 372 102 25 förslaget
902 372 34 22 till
950 372 43 21 för-

244 407 90 27 ordning
351 407 109 26 angående
483 406 126 27 försäljning
631 413 27 14 m.
681 413 28 14 m.
728 406 24 22 af
768 407 88 21 bränvin
872 407 38 21 och
926 407 67 21 andra

244 441 82 21 brända
349 441 52 21 eller
424 441 130 21 distillerade
576 441 143 27 spritdrycker
738 441 109 27 upptagits
862 441 33 21 till
911 441 81 21 hälften

244 476 23 22 af
280 476 149 26 nettovinsten,
445 475 69 22 blifvit
534 476 22 20 af
572 475 118 22 Ständerna
711 475 86 22 nedsatt
819 476 33 21 till
868 477 35 20 två
919 475 74 22 femte-

244 512 59 20 delar
327 511 66 21 deraf.
423 510 103 28 Slutligen
546 511 38 21 har
600 511 40 21 den
657 510 184 27 omständigheten
857 513 32 19 att
904 510 89 22 fondens

244 546 158 22 räntebärande
418 546 140 26 obligationer
576 546 6 21 i
601 546 53 21 brist
670 546 27 26 på
711 545 69 22 medel
795 546 92 26 nödgats
901 545 92 27 tidigare

243 583 28 19 än
294 580 119 22 beräknadt
427 586 39 15 var
480 580 112 21 realiseras
611 580 91 21 medfört
717 586 26 15 en
761 580 98 22 kännbar
875 580 119 26 minskning

245 616 7 21 i
267 615 111 28 påräknad
393 614 160 22 ränteinkomst.

311 650 47 21 Den
373 649 69 22 totala
457 649 147 28 minskningen
619 650 6 21 i
640 649 89 22 fondens
744 650 121 22 beräknade
880 649 114 28 tillgångar

246 687 43 20 kan
311 685 34 21 för
366 684 170 27 finansperioden
560 685 70 21 anslås
644 684 32 22 till
693 684 98 27 omkring
806 685 112 27 5,800,000
933 685 61 21 mark

247 719 38 22 och
301 719 39 21 har
356 718 73 21 verkat
444 725 25 14 en
485 719 106 26 väsentlig
606 719 105 26 rubbning
721 719 6 20 i
739 719 78 26 planen
828 719 32 21 för
870 719 124 22 utförandet

244 753 23 22 af
279 753 209 28 jernvägsarbetena,
504 753 6 21 i
528 754 36 21 det
579 753 60 21 dessa
655 753 84 21 komma
755 755 33 20 att
804 754 32 21 för
851 754 143 22 innevarande

245 789 25 21 år
291 787 107 23 bedrifvas
421 788 47 21 med
492 787 104 28 betydligt
618 787 130 22 reducerade
771 789 80 26 anslag,
877 789 117 27 hvarjemte

244 822 148 22 fulländandet
407 822 23 21 af
441 822 248 27 jernvägsbyggnaderna
704 823 48 21 med
767 825 32 19 ett
810 823 24 22 år
844 823 148 28 framskjutits.

246 857 94 22 Oaktadt
355 857 91 21 berörda
461 857 149 27 förändringar
625 857 7 21 i
648 857 191 28 byggnadsplanen,
856 858 39 21 har
910 859 36 21 det
959 859 34 20 be-

244 892 79 21 funnits
346 890 130 28 nödvändigt
499 893 32 19 att
553 890 33 22 för
602 892 215 26 jernvägsarbetenas
832 892 114 22 utförande
962 899 32 15 er-

244 926 116 26 forderliga
382 926 182 27 penningebelopp
587 928 117 24 temporärt
719 926 134 27 disponerats
869 934 24 14 ur
909 928 85 26 tillgån-

244 967 38 21 gar
297 961 7 21 i
320 960 65 21 andra
400 960 68 20 under
484 960 170 22 Statskontorets
668 960 129 28 förvaltning
813 961 88 22 stäende
913 961 80 28 fonder,

244 996 52 20 enär
311 997 31 19 ett
356 994 134 27 fullständigt
505 994 81 22 afbrott
601 995 6 20 i
624 994 60 22 dessa
699 996 87 20 arbeten
803 996 23 21 af
839 995 52 22 flera
906 996 89 22 orsaker

245 1029 55 21 varit
316 1030 77 26 ytterst
408 1028 125 28 betänkligt.
563 1029 103 27 Beloppet
681 1028 24 22 af
718 1029 32 21 till
766 1030 77 21 fonden
860 1032 68 20 under
943 1031 50 21 ären

247 1064 53 21 1892
323 1063 39 21 och
380 1063 53 21 1893
456 1062 47 22 frän
528 1063 67 21 andra
620 1063 74 22 fonder
709 1064 89 22 sälunda
817 1064 118 28 förskjutna
950 1072 44 15 me-

245 1098 33 22 del
293 1097 82 28 uppgår
391 1098 34 21 till
440 1099 112 26 4,430,000
568 1099 66 25 mark,
650 1098 110 22 hvaremot
773 1100 6 20 i
790 1099 77 22 fonden
879 1100 115 28 befintliga,

244 1132 185 27 hufvudsakligast
444 1132 7 21 i
467 1132 97 22 utlandet
579 1133 112 26 placerade
703 1133 117 28 tillgångar
831 1135 67 27 jemte
908 1136 6 20 i
925 1135 69 21 landt-

244 1167 132 21 ränterierna
391 1167 137 21 innestående
540 1167 238 23 bränvinsskattsmedel
794 1169 34 21 vid
839 1170 112 26 periodens
962 1172 32 20 ut-

244 1201 56 28 gång
314 1201 106 21 beräknas
431 1202 165 26 approximativt
607 1202 32 22 till
650 1204 110 25 1,530,000
769 1204 66 26 mark,
844 1204 7 21 i
860 1204 50 27 följd
919 1204 77 22 hvaraf

245 1236 81 21 bristen
342 1236 7 21 i
365 1235 78 22 fonden
457 1236 84 21 komme
558 1238 31 20 att
604 1238 75 26 utgöra
694 1238 97 27 omkring
803 1239 113 25 2,900,000
927 1240 67 21 mark.

312 1337 60 22 Intill
388 1337 105 28 utgången
511 1339 23 21 af
548 1340 24 20 år
588 1340 53 21 1893
657 1339 63 22 hafva
736 1340 138 22 förenämnda
887 1341 107 28 jernvägs-

245 1373 124 27 byggnader
392 1372 24 21 af
437 1372 141 28 tillgångarne
600 1374 7 21 i
629 1375 273 23 kommunikationsfonden
919 1376 74 28 tagit
981 1368 15 40 i

245 1408 99 27 anspråk,
367 1408 105 21 Karelska
493 1408 115 28 jernvägen
631 1410 126 26 22,533,273
778 1410 61 22 mark
855 1411 38 22 och
908 1412 87 27 Björne-

246 1442 93 28 borgska
354 1443 70 22 banan
440 1444 112 26 8,275,000
568 1444 69 22 mark.
