1131 1781
273 158 26 21 14
461 157 28 22 U.
505 157 28 23 B.
547 169 29 3 —
591 156 73 28 Prop.
678 156 44 22 N:o
737 156 37 23 31.

241 227 76 20 vernör
339 226 67 28 enligt
427 225 75 22 allmän
525 224 213 29 rättegångsordning
756 224 48 22 icke
820 232 50 20 eger
884 224 33 22 till
932 224 59 28 pröf-

240 260 51 28 ning
312 262 95 26 upptaga
421 267 27 14 en
463 261 5 20 i
485 260 24 21 så
526 258 66 23 måtto
607 258 107 29 obefogad
728 258 64 28 talan,
806 258 39 22 har
859 258 131 22 bestämnin-

240 302 40 20 gen
295 296 7 19 i
317 294 62 28 fråga
394 297 81 19 ansetts
490 294 71 22 kunna
576 294 81 21 saklöst
671 293 109 22 uteslutas.

308 339 35 21 De
357 339 68 29 begge
440 339 95 29 följande
550 342 119 18 momenten
685 340 7 20 i
707 339 69 21 denna
792 339 12 28 &
818 338 66 22 hafva
894 339 48 21 icke
954 338 38 30 pä-

240 374 65 21 kallat
320 374 70 28 någon
405 373 138 28 anmärkning
557 372 48 22 från
619 373 124 22 Utskottets
759 373 52 21 sida.

307 419 102 21 Likasom
431 418 66 22 ofvan
512 420 6 20 i
534 420 13 20 8
563 419 12 27 $
589 418 70 22 blifvit
679 418 116 30 föreslaget
810 422 32 18 att
856 418 92 29 anspråk
963 418 28 30 pä

240 454 117 28 ersättning
378 454 35 20 för
434 453 41 21 den
503 454 122 28 minskning
650 453 112 29 fastighets
785 453 65 22 värde
877 452 114 30 undergått

240 488 72 26 borde,
327 488 37 22 vid
378 488 69 22 talans
462 488 83 26 förlust,
559 488 79 22 väckas
654 488 57 22 inom
727 489 43 21 viss
786 488 38 26 tid,
838 488 61 21 torde
914 487 78 23 sådant

240 522 117 29 stadgande
372 522 65 22 äfven
452 530 51 14 vara
518 522 23 22 af
555 522 71 22 nöden
642 522 130 22 beträffande
784 523 57 21 talan
853 530 33 14 om
898 522 92 22 kronans

240 556 197 30 skyldigkännande
459 560 32 18 att
512 557 68 21 inlösa
601 557 48 21 hela
671 557 135 29 fastigheten.
836 557 69 21 Innan
924 557 66 22 sådan

238 592 57 21 talan
312 591 47 21 med
375 591 38 28 fog
423 591 72 21 kunde
505 594 62 26 göras
579 592 112 28 anhängig,
705 591 65 22 borde
781 590 116 23 emellertid
910 592 81 21 minsk-

239 626 78 28 ningen
339 626 8 20 i
368 625 140 28 fastighetens
528 626 71 25 värde,
614 626 87 21 hvilken
716 628 62 25 utgör
792 626 97 28 grunden
904 626 34 21 för
954 633 37 14 an-

240 659 92 29 språket,
347 667 51 14 vara
412 659 47 22 med
475 660 82 21 visshet
571 659 143 22 konstaterad.
736 659 69 22 Tiden
820 660 34 21 för
868 661 69 20 talans
953 668 37 13 an-

240 694 103 21 ställande
365 694 61 21 torde
447 694 55 21 altså
523 694 50 21 böra
595 694 77 22 räknas
687 694 47 22 från
750 695 41 21 den
808 695 42 28 dag
864 694 75 29 frågan
956 702 34 14 om

240 729 65 28 sagda
313 728 188 29 värdeminskning
510 728 71 22 blifvit
587 737 77 20 genom
673 729 82 29 slutligt
761 729 70 29 utslag
837 729 104 27 bestämd,
949 729 41 22 och

240 763 65 22 borde
320 771 79 14 samma
414 763 37 26 tid,
466 763 48 22 med
529 764 122 27 anslutning
665 764 33 21 till
713 763 103 22 likartade
833 764 158 28 bestämningar

239 799 6 20 i
261 797 247 29 författningsförslaget,
530 800 75 26 utgöra
627 801 31 18 tre
683 798 105 22 månader.
817 798 144 22 Föreskrifter
983 800 7 20 i

240 833 58 21 detta
317 832 56 29 syfte
392 832 67 27 torde,
474 833 66 28 enligt
554 833 123 22 Utskottets
693 835 91 26 mening,
798 833 122 29 lämpligast
934 833 56 22 infö-

238 875 34 13 ras
287 868 31 21 uti
334 870 31 18 ett
379 867 32 21 till
426 866 69 23 denna
511 868 12 27 $
539 867 76 28 fogadt
629 867 141 22 slutmoment.

306 915 15 25 $
336 915 29 20 11.
398 913 45 22 Vid
464 913 157 22 fastställandet
643 914 22 21 af
685 913 65 27 tiden,
767 913 49 22 från
831 914 87 21 hvilken
932 914 58 29 jord-

240 955 76 20 egaren
331 947 116 22 tillkomme
463 949 123 26 ersättning,
601 948 28 21 då
645 948 40 21 den
701 949 86 27 utginge
802 948 71 21 såsom
888 944 54 32 årlig
958 949 32 20 af-

238 982 47 28 gift,
297 982 51 21 eller
357 984 61 19 ränta
430 981 13 22 å
455 983 123 27 ersättning,
594 982 27 21 då
637 982 41 22 den
694 983 27 28 på
736 990 26 13 en
777 982 57 29 gång
850 983 64 22 borde
931 983 58 22 beta-

238 1016 37 27 las,
290 1023 63 22 synes
373 1017 35 20 för
422 1016 27 21 de
464 1017 6 20 i
486 1016 70 22 denna
572 1018 11 26 8
599 1016 105 29 ingående
726 1017 146 28 stadgandena
894 1017 95 22 härutin-

238 1059 42 13 nan
302 1051 41 21 den
363 1051 138 28 uppfattning
522 1051 66 21 hafva
607 1051 58 28 legat
686 1051 32 21 till
736 1051 70 28 grund
821 1054 32 19 att
867 1052 123 28 minskning

238 1086 6 21 i
267 1093 26 13 en
315 1085 28 29 på
365 1085 198 28 esplanadområdet
585 1086 89 28 belägen
695 1085 113 29 fastighets
830 1086 65 21 värde
917 1086 71 22 kunde

238 1120 77 29 uppstå
334 1119 55 22 först
403 1119 28 22 då
446 1120 66 28 sagda
523 1119 97 23 områdes
635 1122 88 27 gränser
738 1120 72 22 blifvit
826 1121 13 21 å
853 1121 87 21 marken
956 1124 33 19 ut-

239 1154 86 21 märkta.
349 1154 78 21 Likväl
437 1155 61 20 torde
513 1154 37 21 det
566 1162 51 14 vara
631 1154 134 29 obestridligt
780 1157 32 19 att
826 1155 66 22 sådan
907 1155 82 22 minsk-

238 1189 51 28 ning
302 1188 97 21 inträffar
416 1189 3 20 i
435 1188 39 21 och
489 1188 49 21 med
557 1188 117 22 detsamma
689 1188 127 29 författning
831 1189 110 28 angående
956 1191 33 20 in-

238 1222 192 28 skränkningarnas
446 1222 52 21 vidd
513 1223 40 21 och
568 1222 147 22 beskaffenhet
729 1226 55 18 samt
798 1223 151 28 sträckningen
965 1224 23 21 af

236 1259 115 25 gränserna
365 1256 35 21 för
415 1257 198 28 esplanadområdet
627 1257 57 20 trädt
699 1258 7 19 i
720 1257 98 28 gällande
834 1257 63 22 kraft.
926 1257 13 22 I
951 1265 37 14 an-

237 1290 87 28 ledning
345 1290 62 21 häraf
427 1290 38 21 har
480 1291 35 27 $:n
531 1291 7 20 i
553 1291 70 21 denna
638 1291 34 21 del
688 1291 113 28 undergått
816 1291 95 28 ändring,
927 1292 61 21 hvar-

238 1324 36 20 vid
296 1323 82 28 hänsyn
393 1325 63 25 tagits
471 1325 78 26 jemväl
563 1325 32 19 till
611 1324 122 21 Utskottets
747 1325 91 27 tidigare
853 1325 75 27 gjorda
944 1325 44 22 för-

238 1357 45 28 slag
304 1356 110 29 angående
436 1359 65 18 sättet
515 1357 34 20 för
565 1358 154 27 ersättningens
734 1358 145 21 utbetalande.
908 1358 80 23 Tillika

237 1391 38 21 har
295 1390 113 22 Utskottet
429 1390 111 29 föreslagit
561 1394 31 18 att
614 1391 41 21 den
677 1393 66 25 ränta,
758 1392 89 22 hvarom
862 1393 44 27 $:ns
922 1393 66 22 andra

237 1428 94 19 moment
352 1425 94 26 handlar,
466 1425 64 22 måtte
546 1425 103 22 beräknas
665 1426 55 21 efter
734 1426 42 22 den
791 1427 7 21 i
813 1427 73 21 landet
900 1428 88 22 allmänt

236 1460 98 28 gällande
349 1460 94 21 räntefot
458 1460 51 21 eller
523 1467 38 14 sex
576 1460 35 21 för
624 1460 110 22 hundrade
750 1468 34 14 om
800 1462 50 21 året.

305 1500 128 22 Lagutskottets
446 1500 109 18 betänkande
567 1500 37 18 N:o
617 1501 17 17 6.
