1111 1773
228 169 26 19 14
450 165 25 24 U.
490 165 23 22 B.
530 179 27 2 —
573 165 64 28 Prop.
653 164 37 23 N:o
706 163 34 24 32.

297 237 31 21 Af
346 236 89 22 anförda
448 236 75 21 siffror
538 236 61 21 torde
613 235 83 28 framgå
710 235 18 28 ej
745 231 54 25 blott
814 235 88 22 hvilken
917 235 52 21 tids-

226 273 86 28 utdrägt
327 272 37 22 det
378 266 76 39 skulle
468 272 88 21 medföra
571 274 32 19 att
617 270 65 23 bland
697 271 97 28 samtliga
805 271 111 28 hästägare
926 270 43 21 för-

227 309 47 21 dela
295 309 27 21 de
341 309 23 21 af
379 307 158 23 vederbörande
553 307 148 29 myndigheter
715 306 113 22 utfärdade
844 306 125 22 kallelserna

226 345 32 22 till
273 345 120 28 besigtning
408 344 40 22 och
463 343 136 28 utskrifning,
611 345 27 20 än
653 343 34 21 för
702 343 125 28 hästägarne
842 337 32 28 att
888 342 82 22 infinna

226 382 34 27 sig
280 381 33 22 till
329 388 56 21 resp.
406 379 221 29 utskrifningsställen.
658 375 83 26 Genom
762 386 27 14 en
804 379 86 28 delning
905 379 23 22 af
943 378 27 22 de

226 419 68 20 större
307 416 214 29 uppbädsomrädena
543 423 82 15 vunnes
644 415 34 22 väl
694 415 41 22 den
750 415 102 27 fördelen,
867 418 32 19 att
913 415 57 22 häst-

226 455 77 26 ägarne
323 452 49 22 icke
392 452 73 22 blefve
486 455 95 25 tvungna
602 454 31 19 att
652 451 83 22 inställa
754 453 46 20 sina
818 451 71 22 hästar
904 450 28 30 pä
947 451 24 22 sä

226 489 62 28 länga
310 489 91 26 afständ,
416 495 49 15 men
485 487 37 24 det
541 487 83 22 faktum
640 490 32 19 att
687 487 8 21 i
710 490 57 19 stora
783 487 58 22 delar
856 487 23 22 af
893 487 78 27 landet,

226 524 93 22 särdeles
334 525 7 20 i
358 524 49 22 dess
422 531 62 14 norra
499 523 41 22 och
552 525 57 20 östra
626 523 64 26 delar,
705 523 151 28 befolkningen
871 523 48 22 icke
931 523 40 22 bor

226 561 7 20 i
249 562 67 20 större
330 560 59 29 byar,
404 562 51 19 utan
466 560 8 21 i
485 559 87 26 enstaka
584 559 82 28 gårdar,
678 561 31 19 att
718 559 49 22 icke
777 561 76 19 nämna
865 559 37 22 det
914 561 57 20 stora

226 596 57 22 antal
292 598 90 27 torpare,
395 603 45 14 som
451 597 36 20 äro
501 595 83 22 bosatta
594 595 13 21 å
614 595 96 28 aflägsna
718 595 114 26 utmarker,
839 594 76 31 ändras
923 594 48 23 icke

226 633 128 27 derigenom.
363 631 80 22 Härtill
450 631 95 22 kommer
552 631 73 22 vidare
632 630 41 22 den
680 626 200 33 omständighet,
849 622 32 42 att
886 631 86 21 utöfver

226 668 28 21 de
261 666 325 30 skärgårdskommuner,
516 661 67 39 hvilka
595 667 7 20 i
610 667 41 21 den
660 666 48 22 nåd.
715 674 60 22 prop.
783 666 135 29 undantagits
923 666 48 23 från

226 704 211 28 hästutskrifningen,
452 703 37 22 det
505 703 69 22 finnes
592 710 26 15 en
638 706 45 18 stor
700 702 78 29 mängd
794 716 28 3 —
838 704 7 20 i
860 696 49 29 Åbo
931 703 39 22 och

226 740 142 29 Björneborgs
393 740 35 21 län
448 741 63 27 utgör
533 739 79 22 antalet
632 738 240 29 skärgårdskommuner
893 740 27 21 35
943 752 27 5 —

226 784 45 13 som
292 776 23 21 af
336 783 79 14 samma
430 776 63 20 orsak
508 775 67 21 brrde
590 775 82 28 åtnjuta
688 774 105 26 befrielse,
808 775 82 21 hvilket
905 774 66 22 också

226 811 37 21 vid
278 811 175 22 remissdebatten
469 811 31 27 uti
512 810 163 22 Bondeståndet
686 810 132 22 framhållits.
841 810 51 22 Men
906 810 65 22 äfven

225 848 8 20 i
248 847 38 21 det
300 848 45 20 inre
360 846 77 27 landet,
452 846 44 22 rikt
510 846 29 28 på
554 846 130 23 vidsträckta
697 846 55 28 sjöar
762 853 45 14 som
819 846 36 21 det
865 847 29 25 är,
904 845 67 23 måste

226 882 240 29 sjökommunikationen
490 882 14 21 å
523 882 76 28 många
620 881 81 22 trakter
716 882 83 27 anlitas,
815 889 33 14 om
864 881 48 22 icke
927 889 44 14 om-

226 921 67 26 vägen:
314 919 55 21 skall
389 918 68 22 blifva
481 918 64 21 altför
566 921 52 18 stor.
654 917 64 22 Huru
741 918 46 21 litet
809 917 27 22 de
858 917 112 27 farkoster,

226 955 72 22 hvilka:
319 954 13 22 &
350 955 106 28 insjöarna
477 953 115 27 användas,
612 955 36 20 äro
670 953 81 29 egnade
771 956 32 19 att
817 953 154 22 frambefordra

226 991 24 22 så
270 994 57 19 stora
348 990 101 29 mängder
472 988 77 29 hästar,
572 997 44 16 som
639 989 27 22 de
686 989 73 22 hvilka
776 989 51 22 böra
842 989 82 22 hemtas
939 990 33 21 till

226 1025 225 30 lottningsområdenas
471 1026 185 29 samlingsplatser,
676 1025 103 22 behöfver
795 1025 34 22 väl
844 1025 48 22 icke
907 1026 66 21 fram-

226 1062 71 22 hållas.

297 1097 13 22 I
325 1098 100 21 afseende
440 1097 13 22 å
468 1097 27 22 de
511 1097 134 28 olägenheter
660 1097 206 28 hästutskrifningen
875 1097 43 22 kan
927 1096 56 23 för--

226 1134 75 22 orsaka.
316 1134 42 25 den
373 1133 96 22 enskilde
484 1133 34 24 må
533 1133 100 29 påpekas,
648 1133 101 21 hurusom
765 1133 65 21 redan
842 1133 128 22 hästmönst-

225 1171 105 27 ringarna,
351 1177 34 14 om
405 1169 41 22 ock
466 1169 120 22 anordnade
601 1169 48 21 med
665 1169 82 27 hänsyn
762 1168 33 21 till
809 1168 41 21 den
866 1169 34 20 för
914 1169 57 21 häst-

226 1208 80 26 ägarne
324 1205 131 29 lämpligaste
475 1202 99 29 årstiden,
593 1202 101 25 innebära
715 1211 26 14 en
756 1203 78 22 förlust
848 1204 22 21 af
886 1204 37 27 tid,
937 1205 35 21 för

226 1241 87 22 hvilken
327 1241 70 28 någon
412 1241 117 28 ersättning
544 1240 48 22 icke
607 1239 94 23 tillfaller
716 1240 54 21 dem.
790 1240 51 21 Men
852 1241 119 28 egentligen

226 1280 23 19 är
253 1277 37 23 det
297 1277 56 22 dock
361 1277 76 29 sjelfva
445 1276 139 29 utskrifnings
590 1275 132 30 procedyren
729 1283 46 15 som
781 1275 41 23 blir
828 1276 42 30 den
876 1279 55 19 mest
936 1277 35 21 be-

225 1314 111 27 tungande.
352 1313 104 20 Inträffar
465 1312 144 27 mobilisering
622 1312 68 20 under
701 1312 52 20 bråd
760 1312 108 26 arbetstid,
876 1312 43 21 kan
929 1312 41 21 den

225 1348 77 23 förlust
310 1355 46 13 som
366 1347 90 21 drabbar
464 1354 23 14 en
493 1354 82 22 person
577 1342 10 38 i
601 1346 52 28 följd
663 1346 23 21 af
695 1349 31 18 att
734 1347 96 27 samtliga
839 1347 78 21 honom
929 1347 42 21 till-

224 1383 73 28 höriga
312 1382 71 22 hästar
398 1382 68 21 under
481 1382 52 21 flere
545 1382 71 27 dagar,
625 1381 143 22 inberäknadt
778 1382 59 21 tiden
847 1382 34 21 för
891 1382 80 21 hästar-

224 1427 38 13 nas
277 1418 197 22 frambefordrande
489 1418 36 30 till
539 1418 120 28 besigtning
675 1417 39 22 och
730 1417 130 29 utskrifning
875 1421 54 18 samt
944 1418 27 22 de

294 1496 301 24 Hästutskrifningsutskottets
610 1495 131 19 belänkande.
