1106 1773
279 146 14 20 4
450 144 82 23 Ständ.
547 144 36 22 Sv.
599 157 27 2 —
640 144 72 26 Prop.
728 143 42 22 N:o
785 143 35 21 29.

250 210 42 21 fall
307 209 78 22 kunde
399 208 96 22 beredas
510 208 126 22 understöd
652 208 112 28 antingen
780 208 141 22 omedelbart
931 206 25 22 af
968 214 34 14 ar-

251 243 159 29 betsgifvaren
421 243 55 22 eller
486 250 27 14 ur
524 244 76 28 någon
614 242 213 28 understödskassa,
835 242 66 22 torde
908 242 95 27 tvångs-

252 278 164 28 försäkringen
437 278 52 22 icke
507 278 55 22 böra
581 278 37 22 till
634 278 66 21 dessa
713 277 102 29 lindriga
829 276 124 29 olycksfall
967 277 36 19 ut-

251 313 109 22 sträckas.
391 312 129 22 Ständerna
533 312 71 22 hafva
618 313 26 21 sä
658 312 94 28 mycket
767 312 89 21 mindre
870 312 89 21 kunnat
969 312 34 21 bi-

250 347 66 22 träda
337 347 46 21 den
405 348 85 28 nädiga
511 348 176 28 propositionen
708 347 8 21 i
738 346 76 22 denna
831 346 44 28 del,
894 354 49 14 som
964 346 39 22 det

251 384 66 26 synts
336 382 145 28 nödvändigt
501 384 35 20 att
555 381 40 23 vid
612 380 192 30 genomförandet
820 380 25 22 af
858 388 29 14 en
901 381 102 29 lagstift-

251 417 64 28 ning,
331 416 96 22 hvilken
443 418 25 20 sä
483 417 67 28 djupt
565 424 48 15 som
630 416 44 22 den
690 416 175 28 ifrägavarande
880 416 123 28 ingriperi

251 451 39 21 det
305 451 152 22 ekonomiska
471 451 68 22 lifvet
554 451 42 22 och
611 451 96 21 hvilken
721 451 8 20 i
739 450 84 29 mänga
833 449 97 30 detaljer
941 453 61 18 ännu

250 485 150 29 ingenstädes
415 485 111 29 pröfvats,
541 485 104 29 iakttaga
660 484 137 29 varsamhet,
813 485 61 21 helst
884 485 61 21 intet
953 484 50 23 hin-

251 520 52 21 drar
318 521 34 20 att
366 519 129 29 framdeles,
512 527 37 15 om
564 521 25 20 sä
603 520 104 21 befinnes
723 519 152 29 erforderligt,
891 519 66 29 gifva
971 520 32 21 la-

250 562 57 21 gens
323 554 144 29 stadganden
483 557 73 19 större
571 555 169 28 utsträckning.

319 589 131 22 Yttermera
465 590 37 21 mä
516 589 139 27 framhållas,
667 591 35 19 att
712 596 29 14 en
752 588 153 29 obligatorisk
913 589 90 28 olycks-

250 623 188 28 fallsförsäkring
461 623 25 22 af
506 623 45 22 den
571 623 169 28 beskaffenhet,
764 631 49 14 som
831 623 8 21 i
855 623 44 22 den
919 623 85 28 nådiga

251 658 174 29 propositionen
448 658 103 29 föresläs,
575 658 19 29 ej
619 658 77 21 kunde
716 658 79 29 undgä
815 658 56 21 atti
886 657 49 22 viss
950 658 53 21 män

251 693 97 21 förlama
370 692 110 22 intresset
498 692 37 22 för
553 692 286 29 arbetare-sjukkassorna,
855 693 86 28 hvilka,
957 695 46 18 sär-

251 727 74 21 skildt
339 727 8 21 i
363 734 29 14 en
408 727 37 21 del
460 727 131 28 industrier,
608 727 74 22 säsom
698 734 29 14 en
742 727 25 22 af
780 727 51 22 sina
840 727 97 22 främsta
947 733 56 22 upp-

251 761 71 29 gifter
332 761 70 22 hafva
412 761 141 22 beredandot
560 762 26 21 af
591 761 127 22 understöd
726 762 40 21 vid
773 761 126 22 inträffade
907 761 96 29 kropps-

251 795 84 22 skador
358 796 25 21 af
403 795 153 30 öfvergäende
579 798 75 20 natur.
684 796 102 22 Alldeles
809 798 96 20 motsatt
926 796 77 22 blefve

250 831 104 21 deremot
375 830 90 29 följden
480 831 25 21 af
518 831 142 28 stadganden
676 837 37 15 om
729 831 195 29 arbetsgifvarens
941 831 62 28 skyl-

251 865 81 29 dighet
355 867 34 20 att
403 865 9 21 i
427 865 60 22 slika
504 865 42 23 fall
560 865 196 29 omedelbarligen
771 866 91 28 utgifva
877 865 127 23 understöd

251 900 24 20 åt
294 899 87 22 skadad
403 900 109 28 arbetare,
528 904 54 18 enär
598 900 184 28 arbetsgifvaren
798 900 131 28 säkerligen
944 900 60 21 skall

250 934 63 21 finna
336 934 39 21 det
397 941 63 15 mera
480 935 192 28 ändamålsenligt
688 937 40 26 att,
744 934 107 22 öfverallt
866 935 41 21 der
921 934 82 22 sådant

250 968 86 22 blifver
358 968 99 29 möjligt,
476 968 56 22 söka
552 969 84 22 bereda
656 970 50 20 sina
722 970 103 21 arbetare
838 969 93 22 tillfälle
947 971 34 19 att
995 970 8 21 i

251 1002 67 22 dessa
332 1002 42 22 fall
390 1003 87 21 erhålla
491 1003 63 28 hjelp
569 1003 53 22 från
636 1004 78 27 någon
728 1003 214 22 understödskassa.

318 1036 69 22 Hvad
405 1038 50 20 åter
472 1037 111 22 beträffar
602 1038 196 22 föreskrifvandet
812 1038 26 22 af
851 1038 152 29 obligatorisk

249 1071 134 28 försäkring
404 1071 36 22 för
463 1071 28 22 de
513 1073 129 28 olycksfall,
665 1073 81 21 hvilka
768 1073 103 22 medföra
891 1073 112 28 antingen

251 1105 115 22 arbetares
378 1105 45 22 död
436 1106 56 22 eller
502 1107 43 21 ock
556 1107 123 22 bestående
691 1107 85 22 förlust
786 1107 26 22 af
818 1108 55 21 eller
881 1108 123 21 inskränk-

251 1139 58 29 ning
324 1139 9 22 i
347 1139 58 22 hans
421 1140 187 31 arbetsförmåga,
625 1142 25 21 så
664 1141 78 22 kunde
753 1142 69 22 äfven
833 1143 104 21 häremot
947 1144 56 20 utan

251 1173 84 22 tvifvel
350 1175 180 29 anmärkningar
547 1179 73 25 göras.
650 1176 55 21 Men
720 1177 29 21 då
760 1177 39 22 det
808 1177 51 21 icke
870 1179 66 26 synts
947 1177 56 28 möj-

249 1208 46 29 ligt
317 1210 34 19 att
374 1209 135 22 härförutan
527 1209 83 23 bereda
629 1210 121 22 arbetaren
764 1211 45 22 full
823 1211 107 22 säkerhet
945 1213 35 20 att
994 1212 9 21 i

250 1242 163 29 verkligheten
421 1243 72 22 undfå
501 1244 85 23 honom
594 1245 177 23 tillkommande
779 1246 146 28 skadestånd,
933 1246 70 22 hafva

251 1276 130 23 Ständerna
400 1278 87 28 jemväl
509 1279 37 22 för
568 1280 37 21 sin
625 1279 37 22 del
680 1280 103 22 faststält
797 1281 206 30 försäkringspligt

250 1311 36 20 för
309 1311 67 21 dessa
394 1312 48 20 fall.
472 1313 46 20 För
539 1316 33 18 att
588 1314 58 20 dock
662 1315 140 20 härutinnan
816 1315 85 21 bereda
915 1316 88 21 arbets-

249 1344 121 29 gifvarene
385 1345 31 21 all
432 1345 45 22 den
491 1346 96 28 lättnad,
604 1354 48 14 som
667 1350 57 18 utan
739 1348 171 22 åsidosättande
925 1349 26 22 af
964 1349 38 22 det

250 1378 95 22 afsedda
368 1379 130 22 ändamålet
515 1383 25 18 är
554 1381 88 29 möjlig,
658 1381 42 22 har
714 1382 9 21 i
737 1382 266 31 författningsförslaget

249 1413 98 29 intagits
363 1413 124 29 stadgande
502 1415 78 22 derom
596 1417 34 20 att
645 1416 173 30 arbetsgifvare,
833 1417 97 23 hvilken
947 1419 54 21 stäl-
