1114 1770
340 142 8 33 I
371 151 30 35 U.
417 152 23 23 B.
457 165 28 4 —
500 137 64 45 Prop.
581 152 37 29 N:o
633 153 35 22 32.
866 155 26 20 67

147 219 152 26 kommunerna
321 225 8 20 i
351 223 74 29 utbyte
448 227 46 18 mot
514 224 42 22 den
578 224 48 21 dem
648 224 76 28 älagda
746 221 148 35 skyldigheten

147 259 61 22 skola
229 259 34 21 för
283 259 59 22 hvad
363 259 28 22 de
412 260 56 21 afstä
491 259 23 22 få
536 260 40 21 full
597 260 123 28 ersättning,
739 260 97 22 hvarken
850 257 46 27 mer

125 300 6 8 *
148 295 51 21 eller
214 294 89 22 mindre.
333 295 67 22 Detta
416 295 42 22 kan
474 295 75 22 endast
564 295 61 22 ernäs
641 295 129 28 derigenom,
780 298 32 19 att
822 295 73 28 hvarje

148 331 23 21 af
185 330 128 21 kommunen
329 327 110 25 levererad
454 331 49 21 häst
518 331 101 21 särskilät
633 331 35 21 för
686 331 32 28 sig
734 331 106 22 värderas.
861 330 34 22 [De

147 366 133 29 principiella
295 366 53 26 skäl,
362 366 74 22 hvilka
451 367 42 21 tala
508 366 35 21 för
557 369 31 19 att
603 366 40 22 full
662 367 116 28 ersättning
792 367 36 21 för
841 367 55 26 häst,

149 409 50 15 vare
221 402 32 27 sig
274 401 66 22 sedan
362 404 31 19 att
408 401 41 22 den
465 404 23 19 är
503 402 99 29 frivilligt
616 402 110 22 levererad
742 402 51 22 eller
808 410 14 13 u

148 445 48 19 ven,
211 438 7 20 i
233 437 74 29 hvarje
322 437 39 22 fall
375 437 40 23 bör
430 437 56 29 utgå,
501 439 37 20 är>
554 439 94 20 närmare
658 436 133 23 framhällna
806 439 32 20 uti
868 445 27 15 den

148 474 33 21 till
195 473 116 22 utskottets
321 472 135 23 betänkande
466 472 121 29 vidfogade,
597 473 23 21 af
630 473 50 21 herr
693 473 25 22 L.
731 481 43 14 von
786 473 110 29 Knorring

149 509 172 22 undertecknade
342 509 159 22 reservationen
523 509 41 22 och
579 509 89 22 hänvisa
687 510 29 26 vi,
730 509 35 22 för
779 512 32 19 att
825 510 72 28 undgå

149 546 164 28 upprepningar,
334 544 33 22 till
382 544 127 23 densamma.
539 544 40 22 Då
589 545 40 21 full
644 546 119 28 ersättning
778 545 66 28 enligt
874 549 22 18 det

148 581 35 21 för
202 580 60 22 tiden
275 582 93 31 gängse
370 581 68 28 priset
452 580 89 22 sålunda
556 580 34 22 för
605 581 73 28 hvarje
694 581 48 21 häst
757 582 140 28 erlägges,
868 576 32 41 är

149 616 38 22 det
203 617 64 28 högst
277 604 109 45 antagligt
400 619 32 19 att
447 616 98 22 enskilda
559 616 112 29 hästägare
686 616 66 22 äfven
762 598 86 81 infinna
864 602 33 73 tig

149 653 33 22 till
199 653 247 28 levereringsplatserna,
461 652 85 22 hvadan
561 653 49 22 med
625 655 45 19 stor
685 653 135 22 sannolikhet
829 661 37 19 mät

149 689 100 26 förutses,
264 691 31 19 att
309 688 38 23 vid
365 688 63 22 dessa
444 689 97 22 tillfällen
556 689 88 28 tillgång
659 688 29 29 pä
703 689 73 21 hästar
790 689 7 21 i
813 688 27 23 de
875 696 22 14 fle-

150 728 33 17 sta
198 725 38 21 fall
251 724 129 22 ätminstone
394 724 124 27 förefinnes,
533 724 25 21 sä
572 727 31 19 att
618 725 7 20 i
640 723 102 23 händelse
757 724 70 29 nägon
837 725 60 20 kom-

150 768 51 13 mun
217 760 68 22 skulle
301 760 67 22 brista
382 761 8 20 i
405 761 33 21 sin
453 759 257 30 levereringsskyldighet,
725 760 72 28 mobili
871 768 26 14 en

150 797 49 20 icke
218 796 72 21 blefve
305 795 103 29 fördröjd;
423 796 66 28 enligt
503 795 241 29 författningsförslaget
759 797 50 27 äger
823 796 74 21 nemli-

151 839 41 21 gen
211 831 224 29 besigtningsnämden
450 832 102 28 rättighet
566 834 32 19 att
612 831 29 29 på
655 831 140 22 kommunens
811 827 87 66 bokott-

152 867 42 22 nad
209 868 102 28 uppköpa
326 867 38 22 det
378 867 85 24 felande
478 868 80 21 antalet
572 867 77 21 hästar.

223 903 50 21 För'
287 905 32 19 att
338 902 154 29 åskådliggöra,
506 903 56 21 huru
577 903 22 21 vi
614 890 62 34 tänkt
692 910 35 14 oss
744 902 118 22 ordnandet
869 880 30 43 jaf

152 939 173 27 hästleverering,
340 938 71 29 byggd
432 938 29 29 pä
483 938 156 22 ofvananförda
661 938 114 29 principer,
789 939 71 27 intaga
875 938 23 21 vi

153 975 38 21 här
206 974 37 22 det
257 974 24 22 af
295 982 36 14 oss
346 975 57 21 inom
419 974 113 22 Utskottet
547 974 129 28 framlagda
669 970 10 37 ,

872 1042 1 7 H

431 1056 5 8 €
872 1052 1 8 |

157 1096 2 2 *
179 1094 117 33 Förslag
313 1093 43 27 till
374 1094 50 32 lag
442 1100 46 20 om
508 1093 200 27 anskaffandet
726 1093 30 27 af
773 1091 101 29 hästar

406 1135 46 26 för
469 1134 176 34 krigsbehof.
874 1140 2 22 i

477 1206 70 21 KAP.
563 1206 17 21 I.

360 1260 128 35 Allmänna
503 1260 189 28 bestämningar.

504 1327 12 26 S
533 1327 19 20 1
878 1342 1 3 |

225 1367 44 22 För
289 1367 106 29 fyllandet
416 1367 23 22 af
457 1367 27 21 de
503 1367 72 22 finska
593 1367 40 22 och
652 1367 27 21 de
696 1368 9 20 i
722 1366 93 22 Finland
833 1345 68 82 under

133 1419 5 4 +
154 1403 92 21 fredstid
265 1403 98 29 förlagda
382 1403 65 28 ryska
466 1406 126 25 truppernas
615 1402 66 22 behof
700 1403 23 20 af
737 1402 79 26 hästar,
830 1402 29 20 dä

154 1438 74 22 ställas
249 1438 30 28 på
298 1438 100 29 krigsfot,
420 1440 55 19 samt
496 1438 33 20 för
550 1437 32 21 att
603 1437 67 21 under
684 1437 91 29 krigstid
794 1436 106 22 bibehålla

226 1474 300 32 Hästutskrifningsutskottets
539 1463 133 43 betänkande.
707 1470 4 5 i
879 1436 8 91 |
