1103 1778
254 131 31 37 54
450 135 27 22 U.
493 135 26 21 B.
535 147 27 3 —
578 135 73 27 Prop.
665 135 41 21 N:o
722 135 34 21 24.

230 192 109 27 kalkylen
353 192 142 27 verkställts,
507 192 74 22 blifvit
596 192 106 27 nedlagdt
714 194 62 20 samt
788 193 36 20 att
835 191 144 28 uppgifterna

229 227 85 26 jemväl
329 227 35 20 för
379 226 71 27 öfriga
465 227 56 22 verk
537 228 80 25 syntes
633 231 56 16 vara
704 232 44 21 nog
759 227 64 26 höga.
847 226 49 21 Den
906 226 74 21 första

230 261 179 27 anmärkningen
420 267 51 21 eger
484 262 34 21 sin
526 261 116 27 riktighet,
654 261 72 21 ehuru
734 260 118 27 möjlighet
859 260 73 22 finnes
944 261 36 20 att

230 295 177 22 verksamheten
426 295 14 21 å
457 295 85 22 Koskis
557 295 59 28 ånyo
632 295 58 22 skall
705 297 120 25 upptagas,
841 301 37 16 om
892 295 87 26 jernvä-

229 336 43 21 gen
287 330 104 21 kommer
406 330 34 21 till
456 330 76 26 stånd;
549 330 108 27 derjemte
672 330 41 21 har
729 329 96 26 anförts,
837 331 36 20 att
885 329 14 22 å
910 329 70 21 andra

231 364 63 22 sidan
310 366 35 19 ett
360 365 53 26 nytt
429 364 128 22 industrielt
572 364 63 27 verk,
647 364 96 22 Vattola
758 363 121 27 träsliperi,
889 363 91 27 beläget

229 404 53 16 norr
301 404 37 16 om
357 398 80 27 Hangö
455 399 100 27 jernväg,
575 398 139 26 tillkommit,
730 398 41 22 och
790 398 37 22 att
845 398 64 21 detta
924 397 56 22 verk

229 434 36 20 för
287 433 52 21 hela
361 433 35 21 sin
419 434 183 26 sommarexport
624 432 29 28 på
670 432 105 22 utlandet
793 432 66 27 längs
877 432 42 21 den
934 437 46 22 nya

229 468 75 20 banan
323 467 96 22 erhåller
438 467 104 22 kortaste
561 469 45 25 väg
630 467 34 21 till
687 466 150 28 Helsingfors.
867 466 67 22 Hvad
953 466 27 22 de

230 502 71 27 öfriga
327 502 182 26 inrättningarna
534 502 114 26 beträffar,
671 502 26 21 sä
722 503 26 19 är
771 502 40 21 det
832 501 148 27 naturligtvis

230 537 65 21 svårt
313 538 36 20 att
367 537 52 21 med
437 537 151 26 bestämdhet,
608 536 29 27 på
656 536 84 27 siffran,
756 536 7 21 i
781 536 80 26 förväg
881 536 99 21 beräkna

229 572 57 21 huru
306 572 49 21 stor
370 571 69 21 trafik
453 572 26 20 de
495 571 77 21 kunna
587 570 86 22 tillföra
687 571 133 27 jernvägen;
839 576 52 16 men
906 570 73 22 skulle

229 606 68 22 äfven
319 606 108 26 kalkylen
449 605 35 21 för
505 606 70 26 något
597 605 26 21 af
642 605 52 21 dem
712 610 56 16 vara
785 605 35 21 för
839 606 49 26 hög,
909 604 27 22 så
954 606 26 20 är

229 641 102 21 deremot
346 640 39 21 det
403 640 78 27 belopp
497 640 26 21 af
536 640 41 21 625
592 641 46 25 ton,
655 646 48 15 som
719 640 102 26 antagits
836 640 35 20 för
886 639 93 27 Billnäs,

228 674 149 26 Matildedals,
399 674 134 27 Dahlsbruk,
552 674 134 27 Björkboda,
705 674 144 27 Skinnarvik,
871 674 107 27 Iloniemi,

228 709 83 22 Littois
327 709 41 21 och
380 709 120 26 Strömsby
511 708 134 22 industriela
656 708 151 27 inrättningar
820 709 158 26 tillsammans,

229 743 127 27 säkerligen
374 743 35 20 för
427 743 57 22 litet.
514 743 25 26 Ej
558 743 69 22 heller
645 743 41 21 har
704 743 6 21 i
734 743 152 27 beräkningen
909 742 69 23 förut-

229 779 66 25 setts,
312 779 36 20 att
367 777 79 21 Arima
465 777 41 22 och
524 777 176 22 Johannislunds
720 777 116 28 glasbruk,
851 777 79 22 hvilka
948 783 31 16 nu

229 812 191 27 hufvudsakligen
434 813 51 21 med
500 812 54 21 häst
569 813 158 26 transportera
743 813 50 21 sina
807 812 173 27 tillverkningar

228 847 33 21 till
278 847 150 27 Helsingfors,
440 847 59 22 efter
514 847 42 22 den
572 853 46 22 nya
633 847 87 21 banans
736 847 113 22 tillkomst
865 847 115 21 sannolikt

229 881 64 22 skola
315 881 72 22 anlita
412 881 100 28 jernväg.
546 881 172 22 Totalsumman
742 881 170 22 industrialster
934 881 45 22 kan

228 916 75 21 derför
317 916 50 22 icke
383 921 67 17 anses
465 922 56 16 vara
537 916 34 22 för
588 917 50 26 hög.

296 950 45 22 Att
355 952 101 25 uppgöra
471 957 28 16 en
511 951 241 27 rentabilitetskalkyl,
764 951 70 21 hvars
845 951 73 22 siffror
930 951 50 22 icke

228 985 77 22 kunna
319 985 63 27 gifva
397 985 119 28 anledning
530 985 35 22 till
580 985 182 28 anmärkningar,
777 986 64 21 torde
857 986 51 27 föga
924 991 56 16 vara

227 1019 95 28 möjligt.
353 1020 33 21 En
405 1019 70 22 sädan
490 1020 125 27 beräkning
630 1021 46 20 kan
690 1020 111 27 nemligen
816 1020 49 21 icke
880 1021 100 26 grundas

228 1054 29 26 pä
273 1054 79 26 siffror,
363 1054 79 21 hvilka
457 1060 54 16 vore
526 1055 51 21 med
592 1055 151 21 matematisk
758 1055 109 21 säkerhet
882 1055 98 22 bestäm-

227 1088 62 27 bara,
305 1089 57 21 utan
380 1088 74 22 måste
474 1089 128 27 uppställas
620 1090 51 21 med
686 1089 91 27 ledning
791 1090 26 20 af
830 1090 149 27 antaganden,

227 1128 38 16 om
286 1123 91 22 hvilkas
401 1124 144 21 sannolikhet
563 1123 60 22 olika
641 1123 87 28 åsigter
747 1124 77 21 kunna
842 1124 78 27 hysas,
938 1124 42 21 allt

227 1157 59 22 efter
309 1158 99 21 enhvars
437 1158 130 27 subjektiva
592 1158 148 27 uppfattning
761 1159 26 20 af
808 1159 26 21 de
857 1158 29 27 på
909 1159 72 21 saken

228 1191 115 22 verkande
358 1191 138 22 faktorerna.
520 1193 44 21 Att
579 1193 26 21 de
621 1192 69 21 ofvan
704 1192 7 21 i
722 1192 154 28 beräkningen
886 1193 95 22 anförda

228 1225 103 22 siffrorna
354 1226 73 21 skulle
449 1232 57 15 vara
528 1226 86 22 exakta
637 1227 41 21 och
702 1226 51 22 fullt
773 1227 143 27 tillförlitliga
934 1227 46 21 kan

227 1259 74 30 derför
323 1259 110 28 klarligen
454 1260 50 21 icke
521 1261 87 26 påstås.
638 1261 51 21 Men
711 1261 118 21 utskottet
854 1261 48 26 har,
921 1261 59 22 efter

227 1299 28 15 en
277 1299 117 22 noggrann
417 1295 40 20 och
479 1295 158 27 omsorgsfullt
654 1295 105 26 pröfning
778 1295 26 21 af
819 1295 161 26 beräkningen,

227 1327 97 20 kommit
336 1327 34 20 till
382 1327 43 20 den
435 1327 154 27 uppfattning,
601 1329 36 20 att
651 1328 133 21 densamma
794 1329 120 26 uppgjorts
928 1329 52 20 med

227 1360 42 21 den
288 1360 151 27 försigtighet,
457 1361 37 20 att
513 1362 49 20 stor
581 1361 144 22 sannolikhet
744 1361 71 22 finnes
834 1361 35 22 för
887 1362 36 21 att
942 1362 38 21 det

227 1394 101 21 erhållna
350 1394 172 23 slutresultatet
546 1395 7 21 i
574 1395 158 28 verkligheten
754 1396 59 21 skall
831 1396 89 27 uppnås
938 1397 42 21 och

226 1428 115 22 måhända
354 1428 113 28 betydligt
482 1429 161 23 öfverskridas.

294 1475 86 30 Jernvägs
385 1475 90 30 utskottets
489 1480 110 18 betänkande
612 1480 35 18 N:o
659 1480 17 18 2.
