1109 1770
301 151 82 23 Ständ.
399 151 37 23 Sv.
452 165 28 3 —
495 152 72 28 Prop.
583 153 41 22 N:o
640 153 36 21 29.
809 154 26 21 19

466 249 48 27 58

183 293 107 29 Företag,
314 300 49 16 som
385 293 117 23 bedrifves
516 294 38 22 för
569 296 88 20 statens
673 294 55 22 eller
743 294 122 22 kommuns

114 328 108 28 räkning,
238 334 54 16 vare
308 328 20 29 ej
344 328 168 22 underkastadt
526 328 45 23 den
586 329 8 21 i
609 330 14 21 4
638 330 13 26 8
666 328 101 22 nämnda
776 329 89 22 försäk-

114 362 134 30 ringspligt.

464 461 13 21 6
492 462 21 26 8.

182 506 178 29 Arbetsgifvare
381 506 47 22 kan
450 506 27 22 af
496 507 101 21 Senaten
612 506 86 22 befrias
712 506 54 22 frän
780 507 86 22 honom

114 540 75 29 enligt
204 540 76 22 denna
294 541 39 28 lag
348 541 124 28 äliggande
482 541 212 29 försäkringspligt,
706 541 25 22 sä
741 541 71 22 framt
820 541 47 22 han

114 575 37 22 för
165 575 159 29 fullgörandet
338 575 26 22 af
376 575 51 22 sina
442 575 162 30 skyldigheter
618 576 9 21 i
641 575 108 22 afseende
764 575 102 22 äinträf-

114 609 71 22 fande
207 609 124 30 olycksfall
353 609 26 22 af
392 609 44 22 den
451 610 9 21 i
474 611 14 20 4
509 611 7 26 $
530 609 102 23 nämnda
646 612 36 19 art
695 610 79 21 ställer
789 609 77 23 säker-

114 645 47 27 het,
178 651 49 15 som
240 644 26 22 af
279 644 102 22 Senaten
395 644 47 22 kan
457 644 142 29 godkännas.

184 679 76 22 Sådan
282 678 108 23 befrielse
412 679 38 22 mä
472 679 58 22 dock
552 679 21 29 ej
590 679 129 29 medgifvas
734 679 37 22 för
784 679 82 28 längre

116 713 34 22 tid
165 717 31 18 än
210 715 36 20 tre
262 714 24 21 år
301 714 8 21 i
324 713 89 22 sender.

183 747 49 23 När
253 748 124 28 olycksfall
399 748 26 22 af
444 755 32 15 nu
490 748 84 22 berörd
589 749 35 21 art
637 748 111 28 inträffar,
764 748 103 29 iakttage

116 782 184 29 arbetsgifvaren
315 782 117 22 dessutom
448 782 61 22 hvad
523 783 9 21 i
548 784 27 21 15
590 784 13 26 $
619 782 99 29 stadgas.

469 881 11 21 7
496 881 20 25 8.

184 925 49 22 Har
249 924 184 30 arbetsgifvaren
448 926 53 21 med
516 925 140 22 åtminstone
672 932 29 14 en
715 925 113 29 tredjedel
834 925 34 22 bi-

117 960 76 29 dragit
214 959 38 22 till
269 959 148 29 inbetalning
431 960 9 21 i
454 960 140 29 hjelpkassa,
609 966 28 15 ur
652 959 96 22 hvilken
764 960 103 22 arbetare

116 998 24 18 är
163 994 132 29 berättigad
314 996 35 20 att
364 994 90 28 åtnjuta
468 994 128 22 understöd
610 994 64 22 såväl
689 994 40 22 vid
744 994 123 29 olycksfall

116 1030 9 21 i
140 1029 88 22 arbetet
244 1036 49 14 som
308 1028 41 23 vid
364 1028 114 30 sjukdom,
493 1029 38 21 mä
545 1029 40 21 det
598 1028 133 29 understöd,
748 1035 49 15 som
812 1028 56 22 ian-

116 1064 98 28 ledning
232 1063 25 22 af
270 1063 123 29 olycksfall
407 1063 9 21 i
430 1063 90 22 arbetet
534 1063 52 22 frän
602 1062 71 22 sädan
688 1063 68 22 kassa
770 1062 100 22 kommit

118 1099 120 21 arbetaren
253 1098 37 22 till
306 1098 44 28 del,
366 1098 106 28 afdragas
487 1098 52 21 frän
555 1097 146 28 skadeständ,
717 1104 49 15 som
781 1096 87 23 arbets-

117 1133 107 29 gifvaren
240 1134 74 27 enligt
329 1133 76 21 denna
419 1132 39 29 lag
473 1133 89 29 äligger
578 1134 35 20 att
626 1132 99 29 utgifva.

444 1253 28 22 II
487 1253 61 28 Kap.

340 1316 39 22 Om
393 1317 162 21 skadeständets
570 1316 78 28 belopp.

471 1379 13 21 8
499 1380 21 26 8.

188 1425 49 22 Har
260 1425 104 21 arbetare
386 1430 84 22 genom
494 1423 123 28 olycksfall
631 1422 41 22 vid
688 1423 77 21 arbete
780 1423 91 28 ådragit

120 1460 36 29 sig
171 1458 166 30 kroppsskada,
353 1465 50 15 som
417 1457 101 22 medfört
532 1456 155 30 öfvergäende
703 1456 119 30 oförmäga
833 1457 38 21 till
