1125 1764
272 149 27 20 38
463 148 29 22 U.
507 148 28 22 B.
551 161 26 3 —
593 148 74 28 Prop.
683 148 44 23 N:o
743 148 36 22 27.

579 449 41 19 Litt
631 449 27 18 II.

311 469 149 26 (Öfversättning).

386 531 50 20 Till
457 531 163 25 Högvördiga
641 531 212 20 Presteständet.

311 600 29 19 De
361 599 147 20 inskränkande
530 599 152 25 bestämningar,
705 605 43 14 som
771 605 72 20 genom
858 600 63 25 bägge
936 601 60 18 stats-

244 629 112 19 makternas
378 628 58 25 ifriga
458 629 116 18 samverkan
594 627 49 20 fätts
663 628 30 19 till
709 627 60 20 ständ
784 628 6 19 i
805 628 141 25 förordningen
961 635 34 13 an-

243 657 77 25 gäende
339 657 117 25 försäljning
477 657 21 18 af
518 657 89 24 bränvin,
629 657 58 18 hafva
707 656 148 25 otvifvelaktigt
869 657 75 24 verkat,
966 659 30 18 att

243 686 34 19 det
299 685 103 25 omättliga
424 685 121 20 förtärandet
567 686 19 19 af
605 685 86 20 bränvin
706 685 6 19 i
727 685 43 20 viss
784 685 47 20 män
846 685 75 25 aftagit.
951 685 45 20 Men

243 714 139 25 beklagligtvis
402 713 36 20 har
458 713 243 26 köpmannafyndigheten
722 713 26 26 pä
766 714 54 19 detta
835 713 80 21 omräde
930 715 67 18 funnit

243 745 85 23 utvägar
342 743 31 20 till
388 744 30 18 ett
432 743 52 24 groft
499 742 133 25 kringgäende
647 742 20 19 af
681 743 60 24 sagda
757 742 120 26 förordning.
907 743 90 19 Allmänt

245 771 72 20 bekant
327 773 26 22 är,
368 773 30 17 att
409 771 104 19 allehanda
523 771 135 25 blandningar,
674 771 174 24 hufvudsakligast
857 771 140 20 innehällande

244 800 83 19 orenadt
341 799 51 26 sprit
407 802 52 17 samt
473 799 62 20 andra
550 799 28 20 för
593 799 69 20 helsan
677 799 89 26 skadliga
776 801 76 23 ämnen,
868 799 129 20 obehindradt

243 828 90 25 försäljas
354 828 38 19 och
406 829 29 18 att
450 828 24 19 de
489 827 31 20 till
535 828 48 25 följd
598 829 20 18 af
633 828 35 19 sitt
683 827 44 26 läga
741 829 42 24 pris
798 828 6 19 i
820 829 128 24 synnerligen
963 829 32 19 be-

242 857 87 25 tänkliga
344 857 122 25 gvantiteter
479 857 90 19 förtäras.

311 885 42 20 Allt
368 887 55 18 ännu
439 885 71 20 saknas
523 885 160 26 lagstadganden,
698 891 42 14 som
751 885 63 20 skulle
825 885 98 26 berättiga
932 885 64 20 stads-

244 914 166 25 myndigheterna
430 916 30 17 att
482 914 119 19 kontrollera
622 915 37 19 och
681 914 58 25 stäfja
761 913 88 20 handeln
871 915 45 18 med
937 914 60 25 sprit-

243 943 137 25 blandningar.

312 972 160 24 Lagstiftningen
493 971 101 26 angäende
609 977 82 20 svagare
705 972 125 27 rusdrycker
839 973 111 18 motsvarar
965 972 32 19 sä-

244 1000 61 20 lunda
327 1000 44 20 icke
394 1000 33 20 det
440 1000 64 20 finska
520 1000 70 20 folkets
605 1000 187 20 rättsmedvetande.
822 996 95 24 Öfverallt
932 1001 6 19 i
953 1000 44 20 hela

244 1029 67 19 landet
333 1029 36 19 har
391 1034 45 14 man
454 1029 44 19 hört
513 1028 37 20 och
565 1028 30 20 får
608 1029 37 19 allt
659 1029 120 19 fortfarande
794 1029 47 20 höra
856 1029 60 19 bittra
930 1029 68 25 klago-

244 1057 41 20 mäl
299 1058 55 19 öfver
367 1058 34 19 det
416 1058 121 19 sedeförderf
551 1057 84 20 handeln
655 1057 44 20 med
715 1063 16 14 s.
746 1057 20 20 k.
782 1064 82 18 svagare
878 1058 120 24 rusdrycker

245 1086 106 20 allestädes
377 1086 117 20 framkallar.
532 1086 139 25 Synnerligast
695 1085 53 20 inom
771 1086 24 19 de
818 1086 59 25 djupa
899 1086 58 20 leden
978 1086 21 19 af

245 1114 210 20 stadskommunernas
478 1114 210 25 arbetarebefolkning,
711 1114 81 20 hvilken
811 1116 88 18 närmast
914 1114 84 20 drabbas

244 1144 20 18 af
279 1142 55 20 detta
348 1142 136 26 kringgäende
499 1144 20 18 af
533 1142 255 26 brännvinsförordningen,
805 1144 34 18 har
854 1143 6 19 i
875 1143 123 20 närvarande

245 1172 30 19 tid
290 1171 72 19 vaknat
377 1178 25 13 en
412 1172 118 19 berömvärd
541 1171 94 23 sträfvan,
649 1172 30 18 att
688 1170 19 20 få
718 1171 81 19 berörda
808 1171 73 19 handel
891 1178 72 18 genom
974 1177 25 14 en

246 1199 207 26 lagstiftningsätgärd
467 1200 106 20 inskränkt
587 1200 37 19 och
640 1200 51 28 med
706 1196 292 40 kommunalmyndigheternas

245 1228 84 26 tillhjelp
352 1228 95 26 reglerad.
478 1228 87 20 Sälunda
585 1228 37 19 har
643 1228 20 19 af
680 1222 42 26 Äbo
738 1228 56 20 stads
809 1229 88 19 arbetare
912 1228 31 20 till
957 1229 42 25 mig

245 1257 142 20 Ofverlemnats
405 1263 26 13 en
446 1257 111 23 skrifvelse,
575 1257 41 19 däri
631 1257 75 19 inemot
721 1257 61 24 2,000
798 1263 95 19 personer
908 1259 91 23 enträget

245 1285 80 20 anhälla
339 1291 39 17 om,
400 1288 29 17 att
444 1285 33 19 vid
492 1286 65 19 denna
572 1285 94 25 landtdag
681 1291 25 14 en
721 1272 33 38 lag
769 1286 61 19 måtte
845 1286 154 24 åstadkommas,

245 1314 129 23 hvarigenom
390 1314 57 18 äfven
462 1314 119 24 försäljning
595 1314 20 17 af
628 1319 81 18 svagare
719 1313 122 24 rusdrycker
850 1313 65 20 blefve
925 1314 72 18 under-

243 1341 70 19 kastad
328 1341 102 19 enahanda
446 1340 75 25 villkor,
537 1347 43 13 som
595 1341 87 19 handeln
698 1341 44 19 med
757 1341 104 20 brännvin,

313 1368 30 21 Då
357 1369 86 19 handeln
458 1369 46 19 med
519 1375 84 19 svagare
617 1369 135 25 spritdrycker
766 1371 55 17 ännu
836 1370 43 19 icke
893 1369 48 20 fåtts
952 1370 45 19 ord-

244 1398 39 19 nad
297 1398 26 25 på
337 1399 30 18 ett
382 1399 46 23 sätt,
443 1404 44 13 som
501 1400 23 17 är
538 1398 19 19 af
572 1398 92 19 behofvet
678 1398 106 25 påkalladt,
800 1398 61 25 vågar
874 1398 33 26 jag
921 1398 76 26 ödmju-

243 1427 46 19 kast
308 1427 111 24 hemställa,
440 1428 29 18 att
492 1426 108 20 Ständerne
623 1426 156 26 underdånigast
800 1427 47 20 ville
868 1427 79 20 anhålla
965 1433 33 14 om

244 1455 126 20 stadfästelse
392 1455 13 20 å
419 1457 29 18 ett
463 1455 166 26 motionsförslag,
650 1455 7 19 i
672 1455 33 20 det
720 1455 143 26 väsentligaste
877 1456 120 20 anslutande

312 1493 182 19 Ekonomiutskottets
506 1493 111 19 betänkande
628 1493 37 18 N:o
677 1494 29 17 10.
