1092 1770
334 127 27 23 U.
377 128 26 22 B.
419 141 28 3 —
463 129 72 28 Prop.
551 130 40 22 N:o
605 130 36 22 24.
808 131 27 20 43

113 185 122 22 äfvensom
250 185 83 22 föreslå
348 187 27 21 de
391 187 163 28 sträckningar,
568 188 79 21 hvilka
657 189 38 21 vid
704 189 160 22 undersöknin-

112 225 45 21 gen
171 220 68 21 borde
254 219 172 28 ifrågakomma.
449 222 44 21 Det
508 221 26 22 af
546 222 130 27 delegerade
691 223 51 21 med
758 223 106 22 afseende

113 253 57 21 härå
189 253 84 27 afgifna
292 255 154 21 betänkandet
461 255 40 21 har
516 255 76 22 blifvit
609 256 255 26 petitionsmemorialen

113 286 92 27 bilagdt.
235 287 68 27 Efter;
321 289 36 20 att
375 288 104 27 utförligt
497 289 69 20 hafva
586 285 150 29 skärskädadt
758 290 26 21 de
804 290 60 21 olika

114 320 165 27 sträckningar,
296 327 49 15 som
362 321 73 22 blifvit
450 322 143 27 ifrågasatta,
607 323 116 22 förordade
734 324 130 26 delegerade

113 355 36 21 att
156 355 177 28 "undersökning
352 356 73 21 skulle
444 356 138 22 verkställas
598 357 14 22 &
626 359 84 20 tvenne
726 358 138 21 alternativa

113 389 64 21 linier
196 389 97 22 emellan
311 389 144 28 Helsingfors
471 391 52 22 stad
538 391 41 22 och
594 391 81 28 Hangö
690 392 82 26 banan,
788 393 75 20 nemli-

111 429 44 21 gen
178 423 14 21 å
214 429 28 16 en
264 424 52 21 linie
339 431 81 20 genom
438 425 65 26 Esbo,
519 426 124 26 Kyrkslätt
658 426 41 22 och
717 426 98 26 Sjundeå
830 427 34 20 till

113 456 104 23 Gerknäs
233 458 66 21 vexel
315 460 62 20 samt
392 458 13 22 å
420 464 28 16 en
464 464 81 22 annan,
560 459 94 21 hvilken
668 460 74 21 skulle
753 460 67 26 skilja
831 460 33 26 sig

112 491 51 22 från
186 492 43 22 den
251 492 158 22 förstnämnda
427 492 7 21 i
449 493 111 22 närheten
575 493 25 21 af
612 493 97 22 Pikkala
725 495 61 21 samt
801 494 63 22 ledas

112 532 82 20 genom
217 526 103 27 Degerby
339 527 41 21 och
395 527 55 27 Ingå
465 527 35 22 till
515 528 78 25 Karis;
610 528 86 21 banans
714 528 150 26 fortsättning

113 560 73 22 skulle
201 561 56 26 utgå
273 561 51 21 från
339 561 67 21 Karis
423 562 41 21 och
479 562 64 21 öfver
558 562 51 21 Salo
625 562 81 26 dragas
723 562 35 21 till
773 555 57 29 Åbo.

180 618 71 22 Detta
269 618 86 27 förslag
373 618 48 23 blef
438 618 26 21 af
476 619 58 22 båda
551 620 89 21 städers
655 619 143 28 fullmäktige
813 619 50 27 god-

112 653 73 21 kändt
205 653 41 22 och
261 653 109 22 träffades
387 659 79 16 senare
482 653 57 22 aftal
554 654 51 21 med
621 651 170 30 Öfveringeniör
807 654 55 21 Tall-

112 687 64 27 qvist
191 693 37 16 om
244 688 171 21 verkställande
431 687 25 22 af
469 688 202 27 undersökningen,
687 688 93 22 hvilken
795 689 68 21 äfven

112 723 72 21 under
199 728 130 17 sommaren
348 722 55 22 1893
422 723 49 21 blef
490 723 86 26 utförd;
592 723 77 22 dervid
687 723 121 22 tillkomna
825 723 38 22 rit-

113 757 80 27 ningar
208 757 41 22 och
264 757 263 28 kostnadsberäkningar
542 758 70 21 hafva
628 757 186 22 tillhandahåliits
829 759 33 20 ut-

113 790 96 23 skottet.
232 791 33 21 Af
278 791 168 22 mellankomna
462 791 50 22 skäl
527 792 119 21 uträcktes
660 791 202 28 undersökningen,

114 825 100 22 förutom
241 825 34 23 till
295 826 162 27 ofvanangifna
479 826 71 27 linier,
574 828 126 25 yttermera
722 826 34 22 till
779 828 84 20 tvenne

113 860 139 22 alternativa
275 860 164 26 sträckningar,
462 861 111 26 nemligen
592 862 100 20 österom
707 861 156 26 Hangöbanan

111 894 35 22 till
162 900 27 16 en
205 894 52 22 linie
272 894 51 21 från
344 895 93 21 trakten
453 894 25 22 af
490 894 53 22 Fins
558 894 135 27 gästgifveri
708 900 80 21 genom
804 894 58 21 Haa-

112 928 89 28 pajärvi
215 928 35 22 till
265 928 122 22 Nummela
399 929 85 21 station
499 930 61 20 samt
576 930 77 20 vester
662 934 36 16 om
708 934 90 16 samma
805 928 59 21 bana

112 962 35 22 till
162 969 29 15 en
213 963 52 21 linie
288 963 52 21 från
354 963 91 22 Ekenäs
461 964 51 20 stad
527 968 81 22 genom
625 962 83 22 Tenala
724 962 82 22 socken
822 963 41 21 och

112 997 83 27 Bjerno
210 997 97 27 kyrkby.

180 1054 299 27 Kostnadsberäkningarna
501 1056 39 20 äro
562 1055 135 21 utarbetade
720 1054 35 21 för
777 1056 84 20 tvenne

112 1088 60 22 olika
188 1089 213 27 byggnadssystem,
414 1088 26 21 af
448 1088 79 22 hvilka
536 1090 38 20 det
585 1094 42 17 ena
638 1088 46 25 (alt.
695 1088 17 26 I)
727 1088 137 22 förutsätter

114 1123 117 22 enahanda
255 1124 106 26 skenvigt
377 1124 35 23 (80
430 1123 35 27 kg.
486 1130 39 20 per
540 1125 87 23 meter),
647 1128 49 16 som
711 1122 13 22 ä
740 1123 26 21 de
782 1124 81 26 tyngre

114 1157 169 27 statsbanorna,
300 1158 40 21 och
363 1157 117 27 möjliggör
499 1164 28 15 en
542 1158 152 26 farhastighet
710 1157 34 21 för
758 1162 105 22 passage-

112 1192 92 26 raretäg
227 1192 25 20 af
271 1192 29 20 45
319 1192 46 20 km.
384 1192 7 20 i
410 1192 101 26 timmen,
531 1192 81 21 medan
630 1191 35 21 för
680 1191 148 21 alternativet
843 1190 21 21 II

113 1226 103 26 antagits
239 1231 28 16 en
281 1226 104 26 rälsvigt,
400 1226 46 21 lika
461 1226 52 22 med
527 1226 43 21 den
586 1226 14 20 å
615 1226 89 20 landets
719 1225 59 21 lätta
793 1225 70 20 banor

114 1260 76 27 (22,355
206 1260 36 26 kg.
258 1266 40 20 per
313 1262 44 24 m.),
374 1260 41 21 och
433 1260 181 26 farhastigheten
628 1260 8 20 i
652 1259 63 21 detta
731 1259 39 21 fall
786 1258 76 22 beräk-

112 1296 54 20 nats
180 1294 36 22 till
231 1294 27 20 32
273 1294 46 21 km.
335 1294 7 21 i
357 1294 101 22 timmen.

180 1350 43 22 För
246 1351 26 21 de
295 1351 60 21 olika
377 1351 201 26 jernvägslinierna
600 1352 39 19 äro
662 1349 138 28 banlängder
822 1349 42 22 och

113 1385 273 27 anläggningskostnader
401 1385 105 27 följande:

180 1468 180 23 Jernvägsutskottets
372 1468 109 18 betänkande
493 1467 37 19 N:o
542 1467 18 18 2.
