1114 1778
597 103 6 9 .

237 165 27 20 20
464 162 23 23 U.
503 162 22 23 B.
551 176 13 2 —
578 161 71 30 Prop.
669 161 37 24 N:o
721 163 38 22 32.

236 234 31 22 bli
282 233 106 22 beroende
403 234 23 21 af
440 236 85 19 senaste
535 233 120 28 fördelning
665 233 40 22 och
715 233 73 22 kunde
798 233 54 22 altsä
862 234 18 28 ej
891 233 92 22 bestäm-

238 277 44 14 mas
298 270 42 21 fixt
355 277 27 14 en
397 269 55 29 gäng
472 269 33 22 för
521 269 46 22 alla.
598 269 42 22 Om
659 269 98 22 inträdda
772 269 148 28 förändringar
934 269 49 22 med

238 306 100 21 afseende
354 306 13 21 &
381 305 246 28 leveransskyldigheten
640 305 67 24 borde
717 305 199 29 lottningsomrädet
925 305 59 29 sjelf-

237 342 61 21 fallet
312 341 68 21 undfä
396 341 125 21 kännedom.

307 377 13 21 I
339 376 54 29 följd
411 376 23 22 af
451 376 42 22 den
513 376 62 22 korta
590 376 33 22 tid
637 376 115 22 Utskottet
767 378 36 27 ägt
818 377 32 21 till
865 378 37 20 sitt
917 377 67 21 förfo-

237 412 69 29 gande
326 413 66 21 hafva
414 412 26 22 de
461 413 125 28 rättigheter
608 413 41 21 och
671 412 151 29 skyldigheter,
842 420 45 14 som
907 420 76 21 genom

237 449 169 28 kontraktsenlig
423 449 145 21 hästleverans
585 449 130 28 uppkomma
730 449 36 21 för
780 448 204 29 lottningsomrädet,

238 485 69 22 såsom
329 487 15 19 t.
364 492 32 14 ex.
418 485 92 21 friheten
531 485 48 21 från
601 484 122 29 skyldighet
741 487 32 19 att
788 485 37 22 vid
840 484 144 29 mobilisering

237 521 84 21 inställa
344 520 98 31 hästarna
464 521 15 20 å
499 521 106 22 områdets
629 521 158 28 samlingsplats
808 521 35 22 för
863 523 31 20 att
916 521 68 21 under

237 557 72 22 kastas
332 557 121 28 besigtning
475 557 39 22 och
530 557 97 29 lottning,
642 559 56 19 samt
712 556 209 29 lottningsområdets
937 557 47 21 der-

238 596 57 19 emot
317 593 105 22 svarande
443 593 132 29 förpligtelse
597 596 31 19 att
650 593 8 21 i
680 593 101 22 händelse
801 593 27 22 de
849 593 32 22 till
896 593 88 22 utskrif-

237 629 134 29 ningsstället
385 629 98 22 hemtade
499 629 98 22 hästarna
605 631 8 19 i
622 629 54 29 följd
685 629 23 22 af
718 629 134 29 kasseringar
862 629 48 22 icke
920 630 64 21 räcka

237 666 33 21 till
288 665 35 22 för
342 665 94 28 fyllande
455 665 23 21 af
496 665 109 27 behofvet,
620 665 101 22 anskaffa
739 673 42 21 nya
796 666 71 21 hästar
882 665 55 22 ända
951 666 34 21 tili

238 701 51 21 dess
307 701 48 21 hela
371 701 37 21 det
423 701 138 28 erforderliga
577 701 80 21 antalet
672 701 102 27 erhällits,
789 701 82 21 kunnat
886 701 76 22 endast
977 702 7 20 i

237 737 105 21 allmänna
357 736 53 28 drag
424 736 103 28 angifvas.
558 736 75 29 Enligt
649 736 123 22 Utskottets
785 737 137 21 förmenande
933 737 50 21 böra

238 772 55 22 dock
303 772 65 29 några
379 772 168 28 betänkligheter
558 772 49 22 icke
617 772 118 22 förefinnas
745 773 35 21 för
790 775 32 19 att
831 773 22 21 åt
860 769 127 32 regeringen

237 809 131 22 öfverlemna
390 808 118 22 ordnandet
531 809 22 21 af
574 809 27 21 de
625 810 96 20 närmare
745 808 115 30 detaljerna
880 816 77 22 genom
977 810 7 20 i

237 845 156 21 administrativ
408 846 42 27 väg
465 844 127 22 utfärdande
608 844 132 29 författning.

306 880 85 29 Frägan
406 888 35 14 om
456 882 65 20 sättet
535 881 35 21 för
586 881 170 21 bestämmandet
771 882 23 20 af
808 881 42 22 den
862 882 121 28 ersättning,

238 924 45 15 som
303 917 54 21 skall
377 916 81 22 betalas
478 916 34 22 för
531 917 122 22 utskrifven
675 917 53 27 häst,
745 918 40 21 har
799 918 57 21 inom
871 917 113 22 Utskottet

238 953 64 28 gifvit
324 952 114 28 anledning
461 953 30 21 till
515 952 123 29 längvariga
663 953 191 29 öfverläggningar,
872 954 40 21 och
927 954 57 20 olika

238 988 78 29 åsigter
334 988 66 22 hafva
418 988 76 22 dervid
509 989 111 28 försports.
653 988 84 22 Härvid
753 989 39 21 har
806 989 132 27 framhållits,
952 992 32 19 att

236 1024 29 22 dä
279 1024 157 28 utskrifningen
451 1024 89 22 innebär
555 1032 27 14 en
598 1024 166 28 tvängslösning,
784 1025 42 21 den
839 1032 46 14 som
895 1025 89 21 sälunda

236 1060 80 28 nödgas
332 1060 56 21 afstä
403 1061 33 20 sin
451 1060 54 29 häst,
520 1060 39 21 bör
573 1060 91 21 tilldelas
681 1067 26 14 en
721 1060 135 29 godtgörelse
871 1061 49 20 fullt
929 1064 55 17 mot-

236 1096 104 28 svarande
360 1097 155 27 prestationens
535 1096 72 27 värde,
626 1096 82 22 hvilket
723 1097 48 21 icke
787 1096 72 22 blefve
874 1096 60 21 fallet
949 1103 34 14 om

236 1133 143 27 ersättningen
396 1132 61 28 utgär
473 1132 54 21 efter
542 1133 28 28 pä
583 1132 90 21 förhand
683 1132 93 22 klassvis
786 1132 109 22 bestämda
905 1131 79 22 medel-

236 1169 50 28 pris.
316 1167 86 23 Värdet
421 1168 23 21 af
463 1168 72 21 hästar
554 1169 57 20 inom
633 1169 73 28 hvarje
721 1169 65 26 klass,
800 1169 8 20 i
824 1169 114 28 synnerhet
953 1169 30 20 uti

235 1204 41 21 rid-
286 1204 41 21 och
338 1203 177 27 artilleriklassen,
524 1205 93 21 varierar
624 1204 114 29 betydligt;
747 1205 94 28 erlägges
848 1205 136 27 betalningen.
1006 1220 3 3 -

236 1239 55 22 efter
314 1239 120 29 medelpris,
456 1240 86 21 utfaller
564 1240 123 21 densamma
708 1241 76 22 rättvis
806 1240 75 22 endast
900 1240 34 21 för
957 1240 26 21 de

236 1275 77 27 hästar,
333 1282 46 14 som
399 1275 115 21 innehafva
533 1275 59 22 detta
612 1275 146 27 medelvärde;
778 1277 7 19 i
806 1276 41 21 alla
863 1276 68 28 öfriga
946 1276 38 21 fall

236 1310 41 21 blir
288 1310 38 21 det
337 1311 100 26 antingen
452 1311 77 20 förlust
541 1311 52 20 eller
607 1311 84 26 oskälig
706 1312 58 20 vinst
778 1311 35 21 för
828 1312 94 27 säljaren.
952 1311 32 21 Pä

236 1345 69 20 denna
320 1345 68 28 grund
404 1345 38 20 har
457 1345 54 21 altså
525 1345 80 28 yrkats,
619 1348 31 18 att
662 1345 64 21 äfven
738 1346 39 21 hos
791 1353 41 19 oss,
844 1346 70 21 såsom
924 1347 60 20 fallet

236 1381 23 20 är
276 1381 8 20 i
299 1380 102 28 Tyskand
416 1380 49 21 med
481 1381 53 21 flere
549 1381 81 26 länder,
647 1381 155 30 utskrifningen
818 1381 23 21 af
855 1381 48 22 häst
915 1382 68 21 skulle

235 1415 84 29 föregås
335 1416 23 21 af
373 1415 133 22 densammas
521 1416 141 22 individuella
678 1416 118 29 värdering.

306 1500 299 29 Hästutskrifningsutskottets
619 1500 131 20 betänkande.
