1128 1764
355 140 29 23 U.
401 141 27 22 B.
443 154 27 3 —
486 141 75 28 Prop.
577 141 44 23 N:o
635 142 39 22 29.
835 143 25 20 21

140 211 221 22 tillbakasättande
380 212 25 21 af
423 212 145 22 arbetarens
587 213 57 26 rätt,
663 212 83 23 blefve
765 213 125 28 betydligt

139 245 137 29 lindrigare
304 246 32 21 än
363 246 77 28 enligt
459 246 188 28 propositionen
675 247 45 21 och
739 246 97 22 således
856 247 34 21 äf-

139 285 51 16 ven
216 279 96 22 mindre
341 280 32 21 än
391 280 68 21 hvad
478 286 35 16 nu
532 280 104 22 anförda
656 280 84 22 siffror
759 281 69 27 gifva
846 281 44 22 vid

140 313 109 27 handen,
277 313 62 22 böra
358 320 30 15 ur
406 321 34 14 nu
458 313 93 23 berörd
569 314 129 29 synpunkt
716 314 174 29 betänklighe-

140 349 38 20 ter
205 347 27 22 så
259 348 100 28 mycket
381 348 96 23 mindre
496 349 86 22 kunna
600 349 137 22 förefinnas
756 350 66 21 emot
840 349 49 22 den

141 382 104 22 afsedda
273 382 138 23 reformens
438 383 205 28 genomförande,
667 389 53 16 som
737 383 97 22 landets
854 389 36 16 ar-

140 417 153 28 betsgifvare
321 417 75 22 äfven
422 417 131 27 härintills,
581 424 39 16 om
639 419 31 20 än
688 419 61 20 utan
768 419 36 20 att
822 424 62 16 vara

141 451 82 22 dertill
250 451 159 29 förpligtade,
437 451 104 30 tillgjort
566 453 50 21 rätt
643 451 98 29 mycket
762 452 39 21 för
823 452 70 22 bere-

141 485 83 22 dande
252 485 25 22 af
303 486 138 22 understöd
466 486 25 22 ät
518 486 112 23 skadade
658 487 114 21 arbetare
791 487 45 21 och
855 487 37 22 sä-

140 519 78 22 lunda
237 520 129 22 allaredan
384 520 105 22 faktiskt
507 521 67 22 burit
592 527 31 16 en
642 521 40 21 del
701 521 25 21 af
741 521 49 21 den
803 521 87 25 börda,

142 560 53 15 som
214 561 33 14 nu
265 554 98 22 komme
383 555 35 21 att
436 554 56 23 dem
510 561 91 22 genom
619 555 42 28 lag
680 554 140 22 ähvälfvas.

210 588 56 22 Med
292 588 102 29 hänsigt
421 588 36 22 till
486 589 104 22 anförda
618 589 156 28 synpunkter
792 589 47 22 har
856 590 36 21 ut-

143 623 92 21 skottet
262 623 79 26 alltsä,
361 623 39 22 för
423 624 35 21 att
476 623 148 22 säkerställa
644 623 114 22 arbetare
777 624 66 21 emot
862 624 31 22 de

143 657 162 22 ekonomiska
323 657 125 29 följderna
467 657 25 22 af
510 657 182 28 kroppsskada,
713 663 53 16 som
784 657 109 22 drabbat

142 691 93 22 honom
261 691 81 22 under
370 691 108 22 arbetets
505 692 123 29 utöfning,
656 691 82 23 funnit
756 692 137 29 anledning

143 725 91 22 föreslä
254 725 213 30 arbetsgifvarens
486 726 167 28 förpligtande
673 727 35 21 att
726 726 14 21 ä
751 733 47 15 ena
811 726 81 26 sidan,

143 759 43 22 vid
205 759 190 28 kroppsskador
414 760 25 21 af
457 759 169 30 öfvergäende
646 761 44 25 art,
710 760 94 22 bereda
824 760 69 22 arbe-

143 795 71 20 taren
241 794 62 22 visst
327 793 125 23 bestämdt
470 794 154 23 skadestånd
643 795 63 21 samt
726 795 35 21 att
780 795 14 21 å
814 794 79 22 andra

145 828 81 26 sidan,
253 828 57 22 med
337 828 183 22 ofvannämndt
546 829 138 28 undantag,
704 828 115 22 försäkra
838 829 55 21 sina

145 862 115 22 arbetare
279 864 66 20 emot
363 862 123 29 följderna
506 863 26 21 af
550 863 95 22 sädana
658 862 137 28 olycksfall,
806 862 86 22 hvilka

144 896 129 22 medförde
300 897 136 22 bestående
462 903 57 16 men
537 897 39 22 för
594 897 133 22 framtiden
746 897 59 21 eller
825 897 69 22 arbe-

145 933 83 20 tarens
247 931 58 22 död.
333 931 57 22 Med
410 931 118 22 afeeende
548 931 14 22 ä
580 931 49 22 den
647 931 106 22 sälunda
772 931 122 28 vidtagna

144 965 181 29 förändringen
344 965 7 22 i
371 965 89 29 sjelfva
478 966 115 28 grunden
612 966 38 21 för
667 965 165 29 lagförslaget
847 965 47 22 har

145 1006 31 15 en
204 999 175 29 omarbetning
407 999 24 22 af
454 1000 138 22 detsamma
620 1000 6 21 i
646 999 123 23 särskiläa
788 999 106 29 detaljer

145 1033 82 23 blifvit
247 1034 25 22 af
289 1034 120 22 bebofvet
427 1034 125 28 påkallad.

214 1068 37 22 Dä
279 1068 48 22 den
346 1069 151 28 utvidgning
518 1069 25 21 af
567 1068 212 29 arbetsgifvarens
807 1068 88 22 skade-

146 1102 160 29 ständspligt,
335 1109 53 16 som
416 1109 90 22 genom
526 1109 31 15 en
574 1102 158 29 lagstiftning
752 1102 25 22 af
797 1102 97 22 föreva-

145 1137 79 22 rande
243 1138 39 21 art
301 1137 73 26 afses,
394 1137 112 26 innebär,
519 1138 35 21 att
573 1136 213 29 arbetsgifvarens
806 1143 89 15 ansva-

145 1171 82 29 righet
256 1171 53 22 icke
329 1171 87 22 vidare
434 1171 51 22 kan
503 1171 61 22 bero
583 1171 78 26 deraf,
681 1171 35 22 att
734 1171 50 21 han
804 1177 90 22 genom

145 1205 94 29 uppsåt
256 1205 61 22 eller
335 1205 117 22 vållande
470 1205 68 29 gjort
556 1205 38 29 sig
612 1205 102 29 skyldig
732 1205 36 22 till
788 1205 105 26 skadan,

146 1241 27 20 sä
201 1239 112 22 kommer
339 1240 126 29 sjelffallet
494 1240 213 28 arbetsgifvarens
732 1239 164 28 ansvarighet

146 1274 39 22 för
203 1273 30 22 de
253 1273 138 30 olycksfall,
411 1280 53 16 som
483 1274 75 22 träffa
578 1274 132 22 arbetaren
723 1273 42 22 vid
778 1273 116 28 utöfning

147 1309 25 21 af
200 1308 92 26 arbete,
313 1310 36 20 att
366 1308 79 22 blifva
463 1309 75 28 regel,
558 1308 64 22 hans
641 1308 182 22 ansvarsfrihet
842 1307 53 22 der-

147 1344 65 20 emot
239 1343 138 28 undantag.
415 1343 76 21 Hvad
517 1349 35 16 nu
578 1342 122 22 beträffar
722 1342 30 21 de
771 1342 51 25 fall,
842 1348 53 15 som

146 1377 63 22 böra
232 1377 57 21 frän
314 1377 213 27 arbetsgifvarens
547 1376 161 27 ansvarighet
726 1376 168 27 undantagas,

147 1410 28 21 sä
193 1410 62 22 höra
273 1410 36 21 hit
327 1409 88 22 främst
434 1410 100 26 skador,
550 1409 86 22 hvilka
650 1409 132 22 arbetaren
794 1409 102 27 uppsät-

145 1444 68 29 ligen
231 1443 152 22 framkallat.
419 1443 37 22 De
474 1443 51 27 fall,
550 1443 32 22 dä
600 1443 158 22 värdslöshet
776 1443 60 22 eller
855 1449 41 15 an-

215 1489 48 20 Lag-
275 1487 33 17 och
321 1486 183 18 Ekonomiutskoitets
516 1486 110 17 betänkande
639 1488 33 15 N:o
684 1486 28 17 12.
