1125 1767
271 164 13 20 4
568 164 45 23 N:o
633 164 38 23 27.

242 230 41 22 den
298 230 38 26 tid,
351 230 123 22 hvarunder
498 231 38 21 och
560 230 41 22 den
616 230 65 25 trakt,
697 229 59 23 inom
771 230 94 27 hvilken
874 229 122 29 minuthan-

242 264 49 22 deln
314 264 35 22 må
371 264 91 28 utöfvas,
486 265 109 21 äfvensom
619 265 26 21 de
660 264 69 27 öfriga
743 263 142 27 föreskrifter,
901 270 47 15 som
962 263 34 22 till

241 299 43 26 god
307 298 100 27 ordnings
429 298 145 28 befrämjande
596 299 71 21 kunna
690 298 68 22 finnas
780 298 34 21 för
835 298 108 21 särskilda
957 298 39 21 fall

242 339 51 15 vara
308 333 24 21 af
345 333 77 21 nöden.

315 366 68 22 Göres
399 366 118 28 ansökning
531 366 24 22 af
568 366 69 28 bolag,
653 366 40 22 bör
707 366 71 22 tillika
794 366 40 22 den
849 372 84 21 person,
949 372 47 15 som

241 402 87 20 komme
351 402 33 20 att
406 401 95 21 rörelsen
517 401 86 27 förestå,
618 403 89 19 nämnas
722 401 39 21 och
778 400 78 22 dennes
872 400 55 27 goda
942 400 56 27 frejd

244 435 117 28 behörigen
377 435 91 27 styrkas.

314 470 142 27 Försäljning,
479 471 88 20 hvarom
583 477 28 14 nu
627 472 24 19 är
666 469 67 28 fråga,
749 469 35 22 får
798 469 85 22 utöfvas
900 469 76 22 endast
990 469 8 21 i

243 506 69 25 öppen
334 504 43 21 bod
400 505 48 21 med
470 505 80 27 utgång
573 505 33 21 till
620 507 58 24 gata,
701 507 48 24 torg
764 504 53 21 eller
832 510 71 15 annan
918 504 80 21 allmän

243 539 56 27 plats
314 541 55 19 samt
384 539 68 22 under
466 539 78 28 helgfri
560 540 41 26 dag
616 539 48 22 från
679 539 92 21 klockan
787 539 35 21 nio
838 538 28 27 på
881 545 116 20 morgonen

243 573 35 22 till
292 573 91 22 klockan
399 574 36 21 nio
450 575 28 26 på
494 574 94 21 aftonen.

317 608 45 21 Der
386 609 211 27 omständigheterna
615 609 76 21 sådant
705 608 95 27 påkalla,
815 613 49 22 eger
878 607 120 27 Guvernör,

247 643 55 21 efter
323 642 138 23 inhemtande
484 643 23 22 af
520 643 158 22 vederbörande
693 643 125 26 magistrats
833 643 108 26 yttrande,
957 642 42 21 för-

245 677 66 27 bjuda
326 677 42 22 slik
383 677 79 22 handel
472 678 68 21 under
550 677 127 22 marknader
687 677 39 22 och
741 677 116 27 torgdagar
864 679 56 19 samt
931 677 68 27 dagen

243 711 138 22 derförinnan
396 712 109 22 äfvensom
520 711 36 22 vid
571 713 67 21 andra
652 711 108 28 tillfällen,
776 711 27 22 då
818 713 69 20 större
897 711 102 22 folksam-

243 746 46 27 ling
304 752 50 21 eger
369 753 55 15 rum.

598 827 47 28 48.

317 867 148 22 Omförmälda
487 868 90 27 drycker
599 868 36 21 må
657 867 18 28 ej
695 867 34 22 till
744 867 135 27 afhemtning
894 867 107 21 utlemnas

246 902 34 22 till
302 902 83 21 mindre
407 902 77 27 belopp
501 904 27 20 än
542 902 149 27 trefjerdedels
707 902 51 21 liter
776 902 4 21 i
796 901 149 22 minuthandel
960 901 41 22 och

245 936 105 28 tjugufem
365 937 50 20 liter
430 937 7 20 i
452 936 142 27 partihandel.

599 1017 13 21 5
628 1017 19 27 8.

317 1056 55 26 Den,
395 1062 45 15 som
463 1057 7 21 i
493 1057 69 21 minut
586 1056 99 27 försäljer
707 1057 36 21 vin
758 1056 53 21 eller
826 1062 70 15 annan
912 1061 89 22 svagare

246 1091 106 27 rusdryck
374 1090 23 22 af
418 1090 125 23 förenämnd
558 1091 140 27 alkoholhalt,
714 1094 53 18 utan
782 1092 38 26 att,
836 1091 28 26 pä
879 1092 45 20 sätt
939 1090 63 21 ofvan

247 1125 103 27 stadgats,
365 1131 53 16 vara
433 1125 71 22 dertill
519 1126 128 27 berättigad,
655 1125 53 22 eller
726 1126 106 21 utlemnar
847 1127 65 20 annat
927 1127 28 19 än
969 1125 33 21 till

247 1159 124 27 försäljning
395 1160 115 27 medgifvet
534 1160 85 27 belopp,
639 1160 52 21 eller
715 1159 127 22 annorledes
868 1159 135 22 öfverträder

247 1193 165 22 föreskrifterna
433 1195 7 20 i
463 1195 69 21 denna
554 1194 129 28 förordning,
705 1194 51 22 böte
772 1194 69 21 första
855 1193 82 28 gängen
953 1193 48 21 frän

248 1228 41 21 och
304 1228 49 21 med
370 1228 103 27 tjugufem
492 1229 33 21 till
543 1229 38 21 och
600 1229 47 21 med
672 1227 190 23 etthundrafemtio
885 1228 61 21 mark
961 1227 41 22 och

247 1262 67 21 andra
337 1262 81 27 gängen
440 1262 47 22 frän
510 1263 38 22 och
569 1263 48 22 med
640 1262 117 28 sjuttiofem
779 1262 34 21 till
836 1262 40 22 och
896 1261 49 22 med
960 1264 42 19 tre-

247 1297 85 20 hundra
354 1297 68 21 mark.
452 1297 54 21 Sker
528 1298 36 20 det
586 1298 69 26 tredje
677 1298 84 25 gängen
784 1297 52 20 eller
859 1297 75 26 oftare,
950 1303 51 14 vare

247 1330 39 21 bot
307 1329 48 22 frän
377 1330 40 22 och
438 1331 49 21 med
502 1331 190 21 etthundrafemtio
707 1331 33 21 till
756 1330 39 21 och
810 1330 49 22 med
874 1330 128 21 femhundra

249 1364 67 21 mark.

319 1398 83 22 Varder
424 1399 75 27 nägon,
522 1399 86 23 hvilken
631 1400 62 21 idkar
716 1399 148 22 minuthandel
879 1399 49 21 med
943 1399 60 21 viner

248 1434 40 22 och
310 1434 67 22 andra
399 1434 169 28 alkoholhaltiga
583 1435 91 27 drycker
692 1434 23 22 af
729 1434 63 22 ofvan
808 1434 97 28 angifven
921 1434 80 28 styrka,

247 1469 117 22 förvunnen
380 1475 35 15 om
430 1471 33 20 att
484 1470 7 20 i
507 1468 98 29 förening
621 1469 86 23 dermed
722 1470 51 21 idka
788 1470 72 27 oloflig
874 1469 129 28 försäljning
