1114 1770
354 134 28 22 U.
396 135 27 21 B.
440 147 25 4 —
484 135 70 28 Prop.
589 141 21 16 N:o
625 137 35 21 25.
821 137 22 20 11

127 199 48 14 sam
202 191 144 22 öfverlemna
372 191 140 29 befogenhet
538 195 34 18 att
600 193 83 27 pröfva
714 192 43 22 och
787 191 88 30 afgöra,

125 225 117 22 huruvida
264 233 27 14 en
316 233 32 21 ny
371 226 84 28 näring
478 229 24 18 är
525 227 25 20 af
568 227 45 20 den
632 229 42 24 art,
694 229 34 18 att
744 227 131 21 densamma

125 261 57 20 utan
206 259 79 22 vidare
308 259 42 22 bör
369 260 146 28 undantagas
534 261 51 21 frän
604 261 44 21 den
663 261 92 21 landets
770 261 106 21 medbor-

125 300 55 21 gare
202 293 9 21 i
234 294 127 21 allmänhet
383 294 118 28 medgifna
523 295 172 28 näringsfrihet,
718 295 10 21 i
750 295 39 20 det
810 297 34 19 att
863 295 13 21 &

121 328 151 28 Regeringen
293 328 75 21 skulle
388 329 122 21 ankomma
530 331 40 25 att,
586 329 62 21 intill
664 329 51 21 dess
732 329 80 28 slutlig
828 329 48 28 lag-

125 361 110 30 stiftning
254 362 9 21 i
283 363 95 20 ärendet
398 363 77 21 kunde
491 363 175 28 ävägabringas,
682 363 109 22 förordna
806 364 70 20 huru-

125 395 55 22 vida
196 397 44 21 och
255 397 74 21 under
344 397 80 21 hvilka
440 397 76 22 vilkor
531 397 86 22 sädana
632 405 46 21 nya
694 397 110 29 näringar
814 397 62 28 finge

124 431 101 27 utöfvas,
234 439 48 13 som
293 432 98 27 ansäges
399 432 97 21 inverka
505 433 108 20 störande
622 433 29 27 pä
661 432 91 21 landets
758 432 118 28 naturliga

125 464 318 29 produktionsförhällanden
452 466 44 22 och
507 466 121 22 intressen.
651 466 80 28 Enligt
743 466 133 22 Utskottets

125 500 72 22 tanke
221 500 78 22 kunde
325 502 33 20 ett
384 501 82 21 sädant
490 500 118 29 Styrelsen
632 501 102 22 lemnadt
758 501 118 28 bemyndi-

125 535 76 27 gande
226 534 52 22 icke
303 534 100 22 allenast
427 538 56 25 göra
506 535 44 21 den
572 536 8 21 i
604 536 54 21 1879
681 536 36 20 års
740 534 136 30 förordning

126 569 104 22 uttalade
253 569 156 29 grundsatsen
428 577 36 14 om
482 570 168 29 näringsfrihet
664 570 146 29 fullkomligt
824 570 52 22 illu-

126 604 82 27 sorisk,
227 606 57 19 utan
304 604 44 22 ock
364 604 121 22 efterhand
500 604 90 22 minska
607 604 141 22 Ständernas
764 604 112 22 obestrid-

125 638 48 28 liga
195 640 47 20 rätt
261 641 35 19 att
314 639 8 21 i
341 639 289 29 näringslagstiftningens
645 639 80 21 vidare
740 638 136 29 utveckling

126 673 98 29 deltaga.
256 674 35 28 Ty
314 672 138 29 afgörandet
474 673 26 21 af
519 674 89 28 frågan,
628 674 8 20 i
659 674 96 21 hvilken
774 674 54 20 män
844 676 32 18 ett

125 710 54 26 nytt
203 707 154 29 näringsyrke
382 708 78 21 kunde
482 708 108 22 störande
613 708 97 21 inverka
730 709 31 27 pä
784 707 92 22 landets

125 742 132 28 »naturliga
271 742 317 28 produktionsförhällanden
604 743 43 21 och
657 743 135 25 intressen",
804 743 72 21 måste

123 776 28 28 ju
174 776 50 22 ofta
246 784 47 21 nog
316 776 82 22 basera
420 777 36 28 sig
474 778 30 28 på
522 777 122 21 omdömen
660 777 25 20 af
700 776 117 30 subjektiv
833 777 43 21 och

126 810 78 23 derför
226 811 97 21 alldeles
347 811 150 29 oberäknelig
520 814 40 24 art,
585 812 42 21 allt
650 812 59 20 efter
732 811 44 21 den
798 811 78 21 stånd-

127 846 75 28 punkt
222 845 120 29 Styrelsen
357 846 93 27 intager
464 846 8 20 i
488 846 82 28 frågan
586 853 36 13 om
637 845 169 29 näringsfrihet
820 846 57 20 eller

126 880 133 28 skråtvång,
275 880 119 21 frihandel
409 880 57 21 eller
480 880 185 28 protektionism,
678 880 52 21 med
742 879 71 22 andra
830 880 46 26 ord,

126 914 37 21 till
187 914 136 28 riktningen
347 915 25 20 af
390 916 86 19 statens
493 914 150 21 ekonomiska
658 913 43 22 och
716 913 161 28 finanspolitik

127 948 162 21 öfverhufvud.
321 949 49 20 Och:
395 949 13 20 å
432 948 74 21 andra
530 948 66 21 sidan
620 948 74 21 skulle
717 948 39 21 det
779 948 67 21 alltid
868 949 8 20 i

127 982 83 22 sådant
229 983 41 21 fall
289 983 38 21 för
342 983 106 21 enskilda
463 983 151 27 yrkesidkare
628 982 72 21 varda
716 983 44 20 lätt
776 983 33 20 att
824 982 52 21 med

126 1017 47 21 alla
195 1017 75 22 medel
294 1018 56 21 söka
372 1017 130 22 motarbeta
524 1017 153 28 uppkomsten
700 1017 25 21 af
745 1024 46 20 nya
810 1016 66 22 indu-

127 1051 74 28 strier,
225 1052 40 21 der
287 1051 67 22 dessa
372 1051 61 22 blott
452 1054 96 26 antoges
564 1051 114 22 kollidera
695 1051 52 21 med
763 1051 39 21 det
817 1059 59 20 egna

125 1086 80 28 yrkets
227 1086 107 29 verkliga
358 1086 55 21 eller
435 1086 112 21 inbillade
570 1086 106 21 fördelar.
707 1085 89 22 Hvilka
814 1086 62 21 häm-

125 1120 83 22 mande
230 1121 63 21 band
316 1121 135 28 härigenom
475 1121 89 21 komme
588 1123 34 19 att
640 1120 82 29 läggas
740 1120 31 28 på
786 1120 90 21 landets

125 1155 137 29 utveckling
277 1155 8 22 i
301 1155 148 21 ekonomiskt
464 1155 116 28 afseende,
596 1155 76 28 ligger
686 1154 37 22 för
739 1157 74 26 öppen
825 1153 51 29 dag.

194 1190 47 21 För
263 1190 74 27 öfrigt
357 1189 75 22 skulle
452 1189 44 22 den
512 1189 8 21 i
535 1189 175 29 propositionen
726 1189 98 27 intagna
840 1188 37 21 be-

126 1224 149 28 stämningen
302 1232 37 13 om
363 1226 47 19 rätt
431 1223 36 22 för
489 1224 155 28 Regeringen,
660 1226 35 19 att
717 1231 78 14 ensam
818 1223 59 21 före-

126 1258 88 22 skrifva
233 1259 107 21 vilkoren
361 1259 37 21 för
416 1258 138 21 utöfvandet
570 1259 26 20 af
608 1265 28 14 en
652 1265 33 21 ny
700 1258 84 29 näring
801 1257 76 28 ,,intill

126 1293 51 21 dess
202 1293 81 29 slutlig
305 1293 151 28 lagstiftning
478 1293 8 20 1
509 1293 95 21 ärendet
622 1293 46 21 kan
685 1293 191 28 åvägabringas'',

129 1327 76 21 lemna
221 1328 119 27 Styrelsen
359 1329 71 27 öppet
445 1329 35 19 att
495 1327 58 21 efter
567 1327 168 29 godtfinnande
750 1327 126 21 bestämma

124 1361 65 21 tiden
206 1362 36 20 för
257 1362 107 21 ärendets
380 1361 185 22 öfverlemnande
581 1362 37 20 till
635 1361 136 27 Ständerna,
788 1360 90 22 hvilket

126 1402 54 14 vore
196 1396 25 20 så
236 1396 94 27 mycket
346 1396 159 27 oegentligare
521 1403 47 13 som
584 1396 180 26 lagstiftningen
774 1396 30 26 på
813 1395 63 20 detta

127 1430 98 26 område,
234 1430 52 20 med
297 1430 91 27 hänsyn
400 1429 37 21 till
446 1430 46 20 den
504 1430 104 20 enskilde
618 1429 42 21 och
669 1429 91 21 landets
769 1429 108 21 ekonomi

193 1486 48 23 Lag-
253 1487 32 17 och
299 1486 182 18 Ekonomiutskottets
494 1486 110 18 betänkande
616 1486 36 18 N:o
665 1487 17 17 4.
