1109 1775
267 141 25 21 16
440 140 80 22 Ständ.
537 140 37 22 Sv.
589 152 28 2 —
632 141 72 25 Prop.
719 140 41 21 N:o
775 140 35 21 29.

236 205 74 21 denne
325 205 142 27 funktionär,
483 205 49 21 lika
546 206 38 20 väl
600 212 48 14 som
663 204 205 28 polismyndighet,
885 203 41 21 har
941 202 46 22 till-

236 240 62 28 gång
312 239 38 21 till
365 239 172 28 aflöningsbok.

302 274 13 21 I
337 274 84 28 många
440 274 41 21 fall
501 274 46 21 kan
563 274 39 21 det
617 274 35 21 för
667 272 59 22 båda
740 274 109 27 parterna
863 279 55 14 vara
934 278 53 22 syn-

235 308 106 28 nerligen
364 308 130 27 obeqvämt,
518 316 37 14 om
578 309 58 20 tvist
658 307 118 28 angående
798 307 132 28 ersättning
951 306 37 22 för

235 342 159 29 kroppsskada
409 343 60 21 skall
483 343 89 22 utföras
588 344 14 21 å
616 343 45 21 den
677 345 42 25 ort,
736 342 40 21 der
791 341 149 29 olycksfallet
953 341 34 22 in-

235 377 85 22 träffat,
343 377 30 21 Så
388 377 77 22 blefve
480 377 132 28 händelsen,
629 379 16 19 t.
662 384 34 15 ex.
710 384 37 14 om
758 376 179 29 tågpersonalen
948 376 39 21 vid

234 411 99 29 jernväg
355 411 79 22 träffas
458 411 25 22 af
496 412 72 21 skada
581 411 75 22 under
670 411 51 22 färd
736 413 40 19 ute
791 411 30 28 på
835 411 80 28 linien,
932 411 56 21 eller

236 447 29 20 då
286 454 30 13 en
338 448 92 19 montör
449 447 52 21 från
516 447 78 28 någon
610 446 108 22 verkstad
732 446 112 21 förrättar
859 447 33 20 ett
907 445 81 22 tillfäl-

235 481 45 28 ligt
303 481 78 21 arbete
404 481 12 20 å
432 489 76 14 annan
523 483 37 20 ort
575 485 29 18 än
620 481 44 21 den
680 480 117 29 egentliga
812 480 175 29 arbetsplatsen.

235 515 46 22 För
296 515 86 22 sådana
396 515 42 22 fall
453 523 68 21 synes
536 515 57 22 böra
608 515 99 29 stadgas,
724 517 40 26 att,
780 522 37 14 om
830 515 45 21 den
887 515 99 21 skadade

236 550 82 21 sådant
332 550 139 29 föredrager,
488 551 58 21 tvist
561 551 35 21 får
612 551 186 28 anhängiggöras
811 550 88 29 jemväl
914 550 13 21 å
942 549 45 22 den

236 587 41 27 ort,
294 585 40 22 der
349 585 183 29 arbetsgifvaren
548 589 26 18 är
588 585 84 23 bosatt.
687 598 29 4 —
730 585 12 22 I
756 584 188 30 propositionens
959 585 27 22 28

236 622 12 26 $
275 620 159 28 föreskrifves,
456 623 35 19 att
512 620 160 30 tilläfventyrs
695 620 186 29 uppkommande
904 620 83 21 tvister

235 655 71 21 borde
327 655 65 22 slitas
408 662 83 22 genom
507 655 175 29 skiljedomstol,
699 656 8 20 i
721 655 42 22 fall
778 654 41 22 vid
833 654 155 29 försäkrings-

236 689 92 22 aftalets
351 690 114 29 ingående
487 690 115 22 förbehåll
620 690 78 22 derom
713 690 84 28 gjorts;
814 697 52 14 men
882 693 56 18 enär
954 691 34 19 ett

235 724 111 22 särskildt
360 724 168 22 framhållande
542 724 69 22 häraf
624 725 19 29 ej
660 727 66 26 synts
741 724 125 29 påkalladt,
882 724 61 21 helst
953 731 34 14 ar-

235 759 95 21 betaren
352 759 21 29 ej
397 766 55 14 vore
474 760 8 20 i
497 759 93 22 tillfälle
609 762 34 19 att
657 759 41 21 vid
712 759 93 21 aftalets
820 758 115 29 ingående
950 758 37 22 be-

235 794 59 20 vaka
310 794 36 21 sin
361 796 52 25 rätt,
429 794 41 21 har
486 794 96 21 berörda
596 794 150 28 bestämning
760 794 126 21 uteslutits.

304 823 80 34 Öfriga
392 828 130 29 ändringar,
531 828 81 22 hvilka
619 829 8 21 i
635 828 152 28 lagförslaget
794 828 118 28 vidtagits,
921 827 66 22 torde

234 863 52 21 icke
301 862 103 22 erfordra
418 866 106 18 närmare
538 863 148 28 motivering.

302 898 34 21 På
357 897 76 28 grund
456 897 25 21 af
501 897 39 22 det
562 897 96 22 anförda
672 897 24 22 få
711 897 130 22 Ständerna
856 897 42 22 hos
913 897 73 22 Eders

235 932 131 29 Kejserliga
381 932 108 28 Majestät
504 932 8 22 i
527 931 186 29 underdånighet
728 932 96 28 anmäla,

508 997 31 21 att
557 996 121 22 Ständerna
692 996 42 21 icke
749 996 80 21 kunnat
844 996 88 27 omfatta
947 997 39 20 den

438 1031 80 27 nådiga
538 1031 159 26 propositionen
720 1031 136 26 oförändrad,
879 1033 51 19 utan
952 1031 34 26 för

439 1065 34 21 sin
488 1065 32 21 del
536 1065 82 27 antagit
632 1071 25 15 en
672 1065 26 21 så
713 1065 100 27 lydande:

472 1163 50 27 Lag
532 1162 120 28 angående
664 1162 188 27 arbetsgifvares
864 1163 120 27 ansvarig-

405 1196 41 22 het
456 1197 40 21 för
506 1196 172 28 kroppsskada,
690 1203 50 16 som
750 1197 105 21 drabbar
865 1198 118 21 arbetare.

566 1260 11 21 1
593 1260 61 28 Kap.

496 1323 116 21 Allmänna
625 1323 98 26 grunder.

587 1380 46 25 18

300 1418 176 30 Arbetsgifvare
499 1419 8 21 i
530 1418 96 30 företag,
650 1426 49 14 som
722 1422 24 18 är
764 1418 168 22 underkastadt
947 1418 38 22 be-

233 1454 174 28 stämningarna
429 1454 8 21 i
460 1454 76 21 denna
558 1454 45 28 lag,
619 1461 54 15 vare
688 1454 86 28 pligtig
789 1456 33 20 att
837 1454 37 22 för
889 1454 96 29 kropps-
