1114 1775
249 144 37 34 48
493 155 24 23 U.
533 156 67 22 B.:—
616 155 63 29 Prop.
696 154 36 23 N:o
748 154 36 24 32.

250 228 112 28 godkänts,
382 228 8 20 i
406 227 87 27 klasser,
509 227 111 21 hvaremot
634 227 27 21 de
677 226 98 28 odugliga
791 225 132 22 omedelbart
925 224 75 48 mui

252 263 110 22 förlofvas.

321 299 32 21 Af
369 299 27 21 de
412 270 120 61 godkända
541 298 100 22 hästarna
650 300 84 26 uttagas
746 297 92 22 klassvis
848 297 49 21 icke
907 297 89 22 allenast

252 335 24 22 så
291 334 83 29 många,
390 342 46 14 som
453 335 66 28 enligt
534 334 147 29 fördelningen
694 334 59 21 skola
765 333 48 22 från
825 332 172 30 lottningsområ-

252 371 38 22 det
304 370 57 29 utgå,
374 374 51 18 utan
439 371 65 21 äfven
514 370 38 22 det
561 371 64 25 antal,
634 371 54 28 från
701 370 62 28 tjugu
772 367 36 24 till
819 369 76 28 femtio
902 368 95 29 procent,

252 414 46 14 som
320 406 125 22 derutöfver
468 406 103 22 bestämts
591 406 35 22 till
645 405 122 23 ersättande
785 405 23 22 af
827 405 78 27 hästar,
924 404 73 23 hvilka

254 443 72 21 kunna
350 442 68 22 blifva
443 443 23 21 af
490 442 230 29 utskrifningsnämden
742 441 120 27 kasserade,
883 441 41 22 och
946 441 52 23 böra

253 478 77 22 härvid
346 480 7 20 i
369 478 89 22 främsta
468 481 92 19 rummöt
569 482 60 26 tagas
641 479 77 25 hästar,
728 486 46 14 som
784 478 99 29 frivilligt
893 478 105 28 erbjudas,

254 518 54 19 samt
323 515 23 21 af
361 515 27 21 de
404 515 75 29 öfriga,
498 515 55 21 efter
568 514 48 22 dem
632 515 88 21 emellan
735 514 151 30 försiggången
901 514 97 30 lottning,

253 551 28 21 så
297 550 77 29 många
396 559 46 13 som
461 551 107 21 erfordras
588 551 34 21 för
639 554 32 18 att
688 550 53 30 fylla
759 550 158 22 ofvannämnda
935 550 63 21 antal.

254 587 62 27 Häst,
332 586 90 23 hvilken
437 587 38 22 vid
490 587 172 30 lottdragningen
678 587 57 29 lägre
750 594 96 14 nummer
856 586 97 27 tillfallit,
964 589 35 19 ut-

253 626 60 26 tages
329 623 90 21 framför
434 623 48 26 den,
498 631 46 14 som
559 623 83 22 erhållit
656 623 70 28 högre.

325 649 138 43 Öfverstiger
482 656 80 24 antalet
580 659 22 22 af
620 659 26 21 de
666 659 99 28 frivilligt
783 659 102 28 erbjudna
900 658 99 21 hästarna

253 694 43 27 det,
316 702 46 14 som
383 695 47 25 från
448 695 200 29 lottningsområdet
667 695 53 21 skall
741 695 131 26 utskrifvas,
884 694 50 21 sker
948 694 51 21 lott-

253 730 105 29 dragning
379 731 65 21 äfven
465 731 89 21 emellan
574 731 49 22 dem
642 730 29 29 på
690 732 43 20 sätt
752 730 66 22 ofvan
838 730 74 22 blifvit
931 729 67 30 sagdt.

325 765 120 30 Angående
464 767 41 21 den
524 769 96 19 närmare
639 766 115 29 tillgången
769 766 38 21 vid
821 766 123 29 besigtning
959 766 40 21 och

255 802 92 29 lottning
362 803 67 28 gäller
444 803 58 21 hvad
517 802 73 22 derom
605 802 77 23 varder
697 802 102 22 särskildt
813 801 105 30 stadgadt.

597 892 12 27 s
617 877 42 36 29.

326 933 34 21 De
377 933 23 21 af
414 932 225 30 besigtningsnämden
654 931 88 31 uttagna
754 933 101 21 hästarna
866 933 60 21 skola
935 927 11 40 &
962 932 38 27 tid,

256 969 87 25 som.af
360 968 93 22 nämden
472 969 181 29 tillkännagifves,
668 968 83 22 skodda
765 972 56 18 samt
835 968 101 22 försedda
950 968 50 21 med

255 1006 89 28 grimma
359 1005 42 21 och
415 1005 119 28 grimskaft,
550 1005 48 22 frän
610 1005 183 28 samlingsplatsen
806 1004 23 22 af
841 1006 89 27 ägarene
942 1004 57 22 föras

256 1035 33 27 till
309 1040 222 29 utskrifningsstället,
551 1041 68 22 under
638 1041 87 29 uppsigt
739 1041 23 21 af
777 1040 160 22 vederbörande
952 1040 49 22 kro-
1022 1043 3 5 '

256 1076 116 29 nobetjent.

597 1156 13 26 $
626 1156 34 20 30.

327 1196 243 29 Utskrifningsnämden
585 1197 189 21 sammankommer
785 1197 12 21 ä
810 1196 191 30 utskrifningsstäl-
1023 1198 1 3 '

257 1233 30 21 let
301 1231 29 30 pä
344 1232 43 21 den
406 1233 46 28 dag,
472 1240 44 14 som
532 1234 8 20 i
555 1233 221 21 öfverensstämmelse
791 1233 50 21 med
857 1233 12 27 $
885 1234 28 20 24
928 1233 74 21 blifvit

257 1268 103 22 bestämd.

263 1312 2 7 b
328 1303 12 20 I
359 1303 42 21 den
420 1303 90 28 ordning
528 1304 100 21 hästarna
645 1304 48 21 frän
711 1304 26 21 de
758 1304 57 21 olika
830 1305 171 27 lottningsomrä-

258 1339 65 20 denas
344 1338 182 29 samlingsplatser
545 1339 33 21 till
598 1338 214 29 utskrifningsstället
831 1338 96 26 anlända,
947 1339 54 21 skall

256 1374 99 26 nämden,
374 1374 54 21 efter
446 1374 124 28 ytterligare
584 1373 111 22 verkstäld
710 1374 127 29 besigtning,
851 1375 8 20 i
874 1376 90 19 närvaro
979 1375 23 20 af

258 1409 143 22 ordföranden
416 1410 8 21 i
440 1409 226 29 besigtningsnämden
681 1410 40 21 och
732 1410 41 25 den
783 1410 162 29 militärperson,
956 1418 45 14 som

257 1446 111 22 beordrats
388 1449 31 18 att
439 1449 114 27 emottaga
563 1446 105 25 hästarna,
684 1445 107 23 utskrifva
806 1446 37 22 det
857 1447 34 22 för
907 1446 96 23 omrädet

329 1479 304 32 Hästutskrifningsutskottets
646 1488 131 19 betänkande.
