1128 1773
338 145 28 22 U.
382 145 28 22 B.
426 158 26 3 —
470 146 74 28 Prop.
560 146 42 22 N:o
618 145 38 22 28.
831 146 12 20 5

191 213 155 22 Trafikvinsten
361 214 39 21 blir
416 215 27 20 dä
458 215 66 26 enligt
540 214 124 21 Utskottets
684 213 73 27 kalkyl
779 213 46 27 (Bil
840 214 32 25 B.)

167 266 51 25 1895
235 265 119 26 4,610,000:
370 278 28 3 —
420 269 60 18 emot
504 267 110 25 3,800,000
637 265 65 27 enligt
717 265 28 20 K.
760 265 25 20 E.
801 265 28 20 K.

167 299 54 26 1896
236 304 118 21 5,290,000:
369 312 28 3 —
442 316 10 11 ',
498 305 112 21 3,920,000
666 314 12 9 ”
767 315 10 11 n

167 334 52 26 1897
236 338 117 22 5,590,000:
371 346 24 3 —
442 351 10 10 x
496 339 114 21 —4,020,000
670 349 9 12 =
769 349 10 12 n

193 379 9 21 I
217 379 59 28 fråga
292 386 35 14 om
343 380 37 21 det
398 380 88 27 belopp,
510 386 48 15 som
579 380 43 21 kan
640 386 51 14 vara
713 382 32 19 att
766 379 107 28 päräknas

122 414 45 21 från
181 414 187 21 bränvinsskatten
382 414 38 21 har
437 414 122 26 Utskottet,
572 421 48 14 som
635 415 7 20 i
657 417 64 18 annat
736 413 137 22 betänkande

121 449 77 21 uttalat
214 450 33 25 sig
266 450 6 19 i
294 449 115 27 anledning
431 449 25 20 af
474 449 78 27 nädiga
574 449 165 27 propositionen
761 448 112 27 angäende

121 483 187 21 bränvinsskatten
323 483 42 21 och
380 483 50 21 dess
450 483 142 27 användning,
615 483 46 20 lätit
682 482 53 21 bero
756 482 36 21 vid
814 482 59 21 deti

122 517 42 22 den
178 518 78 27 nädiga
271 519 165 26 propositionen
451 525 35 13 om
505 517 275 21 kommunikationsfonden
803 517 23 26 (s.
849 516 24 27 4)

121 555 113 25 upptagna
249 552 82 27 belopp
347 552 22 21 af
383 552 114 27 7,620,000
512 552 60 21 mark
587 551 50 22 eller
659 553 7 19 i
687 551 63 27 ärligt
772 550 101 22 medeltal

122 591 113 22 2,540,000
250 586 66 21 mark.

189 621 61 21 Efter
265 621 76 27 afdrag
356 621 24 20 af
392 622 149 19 annuiteteuna
556 621 13 20 &
584 621 27 20 de
626 620 121 21 nuvarande
763 619 110 27 jernvägs-

121 655 62 21 länen
199 655 41 21 och
254 655 76 21 räntan
350 655 32 21 till
403 654 346 28 lagmanstingsgästningsfonden
763 655 58 20 visar
832 653 41 22 Ut-

121 689 94 22 skottets
237 689 73 28 kalkyl
324 689 93 27 följande
432 689 64 28 ärliga
513 689 121 21 öfverskott
653 690 2 20 i
670 688 203 21 kommunikations-

121 724 88 21 fonden:

192 770 51 26 1895
348 769 116 27 3,574,827!
482 782 24 2 —

193 800 53 35 1896
345 804 119 26 4,254,827:
482 816 24 2 —

192 840 52 25 1897
344 838 119 26 4,554,827:
479 850 28 2 —
524 838 130 26 12,384,481:
671 850 26 2 —

190 897 114 21 Utskottet
325 896 38 21 har
378 896 64 21 äfven
460 895 122 25 undersökt,
599 894 102 21 huruvida
717 894 41 21 den
773 895 6 20 i
794 894 78 27 nädiga

122 933 164 26 propositionen
301 930 25 28 (s.
337 931 22 26 8)
370 934 112 24 upptagna
495 930 148 27 behällningen
656 930 3 19 i
669 929 204 20 kommunikations-

121 965 80 21 fonden
223 965 35 21 vid
281 965 109 27 utgängen
412 965 25 20 af
453 965 22 20 är
493 965 59 26 1894,
568 976 28 3 —
613 963 117 26 1,529,961:
745 969 29 20 94
790 975 24 2 —
830 963 43 20 kan

121 1000 113 27 päräknas.
264 999 9 20 1
288 999 77 21 sädant
380 999 102 20 afseende
493 999 23 20 är
526 998 92 27 följande
628 997 118 27 beräkning
758 997 114 27 uppgjord:

121 1051 125 28 Behällning
258 1057 21 21 31
296 1051 47 21 dec.
356 1051 60 26 1893,
429 1058 35 13 en-

149 1087 38 26 ligt
224 1086 123 21 inhemtade
384 1085 80 21 exakta

149 1120 111 27 uppgifter

121 1151 156 35 Jernvägarnes
297 1135 168 40 bruttoinkomst

149 1190 23 20 är
190 1190 54 25 1894
259 1189 33 27 (se
308 1189 65 21 ofvan
388 1195 16 14 s.
422 1188 19 55 9
462 1204 4 5 N

121 1223 136 28 Trafikutgift
272 1223 52 28 (d:o)

121 1269 129 21 Trafikvinst
280 1285 4 4 .

121 1303 80 28 Bidrag
216 1303 46 21 från
276 1284 133 74 Björneborg
422 1284 43 39 och

151 1338 101 21 Wärtsilä

122 1373 34 21 Af
172 1368 12 36 —
196 1372 175 21 bränvinskatten

151 1407 98 27 propos.)
280 1421 4 6 .
316 1421 5 6 .

418 1353 46 45 (ert.

711 1117 119 26 2,561,080:
845 1122 27 21 43

499 1193 130 21 14,450,000:
646 1199 24 3 —

461 1239 5 4 .
509 1223 119 26 9,840,000:
646 1233 24 3 —

710 1266 119 26 4,610,000:
845 1277 28 4 —

528 1353 5 9 ,
671 1351 4 6 .
749 1339 82 22 35,000:
848 1346 24 3 —

712 1403 119 26 2,360,000:
847 1414 27 2 —

499 1418 376 26 ÄR
802 1414 77 38 mim—

555 1450 86 20 Summa
656 1448 41 26 fir
712 1447 119 27 9,566,080:
847 1452 27 21 43

193 1492 129 17 Statsutskottets
335 1490 103 17 betänkande
449 1490 34 16 N:o
496 1494 21 12 10
530 1490 20 16 A.
