1131 1770
358 128 28 22 U.
402 129 28 22 B.
446 142 27 3 —
488 129 74 28 Prop.
577 130 43 23 N:o
636 130 36 22 31.
834 132 26 20 25

584 233 14 25 $
613 233 33 20 13.

414 291 44 22 Vill
472 293 85 21 kronan
572 293 36 27 för
623 294 100 21 bildande
733 294 30 27 af
766 294 123 28 fästnings-

341 326 105 27 esplanad
467 326 73 22 inlösa
559 327 47 27 fast
625 328 102 27 egendom
742 328 69 21 eller
825 328 61 21 åbo-

340 362 55 19 rätt
409 360 97 22 dertill
516 361 10 21 i
535 361 41 21 den
586 361 101 28 ordning,
698 368 47 14 som
753 369 36 14 om
797 361 89 29 tvångs-

341 394 86 28 lösning
446 394 28 28 af
484 395 54 28 jord
551 395 36 28 för
602 396 95 21 allmänt
713 396 66 27 behof
791 398 26 19 är
831 396 57 21 stad-

337 429 50 27 gad,
402 435 51 14 vare
468 429 73 21 dertill
556 430 125 27 berättigad.
707 430 60 21 Dock
781 430 56 21 skall
848 430 37 21 så-

339 463 46 20 dan
399 463 119 28 åstundan,
533 464 53 27 ifall
600 464 122 27 ersättning
736 465 69 20 redan
813 464 75 27 blifvit

336 497 33 28 på
388 497 75 28 grund
484 498 29 27 af
530 499 72 20 denna
624 498 131 28 förordning
776 498 109 28 faststäld,

338 531 62 22 inom
418 534 31 19 tre
466 532 106 21 månader
590 533 54 27 efter
658 533 35 21 det
708 532 105 28 åtgärden
827 539 58 15 vun-

338 566 36 21 nit
396 567 50 26 laga
468 567 61 27 kraft
550 567 184 28 tillkännagifvas
755 567 132 28 jordegaren

339 600 56 25 eller,
411 601 10 20 i
434 600 66 28 fräga
515 608 35 14 om
565 601 176 26 kronohemman,
757 601 57 21 äbon
826 601 58 21 derä.

340 633 63 22 Sker
420 635 44 21 det
478 635 29 28 ej,
524 635 78 28 hafve
617 635 107 21 kronan
738 635 149 21 sedermera

339 669 23 28 ej
395 671 59 19 rätt
483 671 42 19 att
550 669 103 29 päyrka
675 669 210 28 tvängslösning,

338 703 84 21 derest
436 703 45 22 icke
496 711 55 20 nya
560 703 231 28 inskränkningar
802 703 83 28 lägen-

339 737 74 22 heten
424 738 136 27 päläggas.

582 836 15 25 $
611 835 32 20 14.

411 896 73 22 Varda
494 897 219 27 inskränkningarna
723 896 10 21 i
742 896 92 28 egande-
846 896 39 22 och

336 930 187 28 nyttjanderätten
539 931 35 21 till
587 931 47 28 fast
648 931 102 27 egendom
765 931 46 21 åter
825 937 58 21 upp-

336 965 74 27 häfda,
432 965 89 27 förfalle
543 965 36 27 för
592 965 123 28 framtiden
729 965 71 21 sådan
815 964 67 22 betal-

335 999 194 28 ningsskyldighet,
539 1006 47 14 som
596 1000 71 27 enligt
672 1000 74 20 denna
753 999 131 27 förordning

337 1033 101 21 bestämts
453 1035 33 20 att
500 1033 86 28 årligen
600 1030 115 31 fullgöras.

578 1132 15 25 $
607 1131 35 21 15.

403 1193 130 27 Ansökning
548 1200 35 14 om
597 1193 226 28 militärmyndighets
835 1192 46 22 till-

334 1226 66 22 stånd
415 1228 33 20 att
461 1226 15 22 å
485 1227 219 28 fästningsesplanad
711 1227 96 27 uppföra
816 1227 65 28 bygg-

334 1261 46 21 nad
394 1261 52 21 eller
460 1261 88 28 vidtaga
564 1267 78 15 annan
656 1261 29 27 af
692 1261 81 22 sådant
783 1261 101 21 tillstånd

335 1295 101 21 beroende
456 1295 125 28 anordning
596 1295 112 21 inlemnas
723 1295 35 22 till
773 1297 108 26 guvernö-

334 1335 45 21 ren,
394 1336 48 14 som
456 1329 87 21 dermed
556 1329 74 28 förfar
641 1329 32 27 på
687 1331 45 19 sätt
745 1336 78 20 genom
833 1331 48 19 sär-

333 1363 58 21 skild
404 1363 126 28 kungörelse
544 1364 95 27 stadgas.

402 1396 16 20 I
437 1397 71 27 dylikt
521 1398 79 20 ärende
614 1404 52 13 vare
680 1398 101 26 sakegare
799 1397 85 27 befriad

333 1429 55 28 från
401 1430 214 28 stämpelbevillning
630 1430 38 21 och
678 1430 33 21 all
720 1437 79 14 annan
807 1430 73 28 afgift.

196 1470 129 22 Lagutskottets
338 1469 110 19 betänkande
458 1469 38 18 N:o
511 1470 17 17 6.
