1109 1773
309 140 83 23 Ständ.
408 140 36 23 Sv.
461 153 27 3 —
504 141 74 27 Prop.
593 141 41 22 N:o
650 140 36 22 29.
824 141 25 21 21

196 206 49 21 Har
267 206 159 29 kroppsskada
447 206 52 22 icke
521 207 64 21 inom
600 206 193 29 etthundratjugu
809 205 70 29 dagar

128 240 58 21 efter
201 240 40 21 det
256 241 45 21 den
316 240 104 21 inträffat
435 240 80 22 blifvit
528 241 57 27 läkt,
601 247 54 15 vare
670 240 45 21 den
731 240 101 21 skadade
840 240 39 21 be-

127 274 102 29 rättigad
244 275 37 21 till
296 276 34 20 ett
346 275 74 28 enligt
436 276 10 20 1
459 281 68 15 mom.
538 275 128 21 beräknadt
676 274 140 22 skadestånd
826 273 53 22 från

127 308 42 21 och
186 308 52 21 med
253 309 45 21 den
313 309 269 28 etthundratjuguförsta
596 309 76 28 dagen
686 309 64 21 intill
765 309 52 20 dess
832 308 46 21 han

126 342 80 21 blifvit
221 342 38 22 till
273 343 81 22 helsan
369 343 117 22 återstäld.

194 387 67 22 Intill
284 389 51 21 dess
357 389 100 22 nämnda
475 389 92 28 dagatal
582 389 158 28 tilländalupit
754 389 58 21 eller
828 388 51 21 ska-

126 422 45 21 dan
194 422 162 23 dessförinnan
378 423 80 22 blifvit
472 424 56 28 läkt,
544 424 61 21 skall
620 423 140 22 skadestånd
774 422 104 30 utgifvas

126 457 74 29 enligt
215 458 13 21 8
242 459 20 26 8.

194 498 47 21 Till
256 499 75 28 grund
347 499 37 22 för
398 499 161 28 beräkningen
574 499 26 22 af
613 499 39 21 det
666 499 9 21 i
686 499 75 21 denna
771 497 110 30 paragraf

125 533 100 21 nämnda
241 533 139 22 skadestånd
395 533 60 22 skall
469 534 81 28 läggas
566 534 46 21 den
624 533 192 28 arbetsförtjenst,
828 540 50 14 som

126 567 44 22 den
181 567 99 22 skadade
292 568 74 22 under
376 570 92 19 senaste
479 568 25 21 år
514 569 9 20 i
535 575 86 15 samma
632 568 56 21 eller
699 567 113 22 likartadt
818 567 60 22 före-

124 604 41 26 tag
180 602 102 29 åtnjutit,
296 603 62 27 eller,
370 603 8 20 i
390 602 41 22 fall
442 603 46 21 han
498 603 52 21 icke
562 605 34 19 ett
607 603 25 21 år
642 602 51 21 haft
704 602 72 21 sådan
784 601 94 22 anställ-

125 637 64 28 ning,
213 636 39 22 det
274 637 90 28 belopp,
387 637 97 22 hvartill
498 637 57 22 hans
572 637 141 22 årsinkomst
728 636 59 22 efter
802 636 76 28 skälig

125 671 112 28 pröfning
251 671 47 22 kan
312 671 121 28 beräknas,
450 671 58 22 dock
522 674 35 19 att
572 671 171 22 årsinkomsten
758 671 52 21 icke
820 671 9 20 i
838 671 40 21 nå-

126 708 42 25 got
182 705 42 22 fall
239 706 37 21 må
291 708 72 19 sättas
378 705 72 29 högre
464 709 30 18 än
509 706 197 29 sjuhundratjugu
720 705 72 22 mark.

193 751 154 29 Understiger
358 752 73 29 årliga
442 752 218 30 arbetsförtjensten
670 751 127 22 trehundra
805 751 72 28 mark,

126 786 59 21 skall
208 786 73 22 likväl
304 786 64 22 detta
382 787 83 29 belopp
480 789 84 26 utgöra
578 786 76 29 grund
668 786 36 22 för
720 786 158 28 uträkningen

126 820 26 21 af
172 820 170 29 skadeståndet,
359 821 58 21 dock
432 822 38 20 må
485 822 87 21 skadad
588 821 110 27 arbetare,
714 828 49 14 som
778 820 100 29 uppnått

125 854 105 28 tjuguett
245 856 35 20 års
297 856 69 27 ålder,
382 855 51 21 icke
448 856 102 21 tilldelas
566 858 73 19 större
654 855 70 29 årligt
738 854 140 22 skadestånd

126 892 29 18 än
170 889 58 22 hans
245 889 187 30 arbetsförtjenst
446 890 38 21 för
499 891 54 21 året.

469 1011 27 21 10
511 1011 19 26 8.

193 1067 49 22 Har
264 1068 104 21 arbetare
383 1075 83 22 genom
482 1067 124 29 olycksfall
620 1067 8 21 i
644 1067 77 22 arbete
736 1066 91 29 ådragit
842 1067 36 28 sig

126 1102 166 29 kroppsskada,
316 1110 48 15 som
388 1103 92 21 orsakat
502 1103 58 21 hans
580 1103 50 27 död,
647 1102 60 21 skall
721 1101 102 22 förutom
839 1101 39 22 det

125 1136 91 29 belopp,
240 1144 49 15 som
311 1138 30 27 på
356 1137 76 28 grund
447 1136 25 23 af
486 1138 12 21 8
514 1137 42 22 och
572 1138 13 21 9
599 1138 27 26 $$
642 1137 46 21 kan
703 1136 173 28 ifrägakomma,

125 1171 76 21 såsom
216 1171 70 29 årligt
301 1171 140 22 skadestånd
456 1171 114 22 utbetalas
586 1172 24 21 åt
625 1171 67 28 enka,
708 1171 25 21 så
747 1171 69 28 länge
831 1170 47 21 hon

125 1205 73 22 lefver
214 1205 66 29 ogift,
295 1206 69 29 tjugu
379 1208 96 26 procent
490 1206 26 21 af
523 1206 46 21 den
579 1205 101 22 aflidnes
691 1204 187 29 arbetsförtjenst

124 1239 37 22 för
176 1240 25 21 år
216 1241 43 20 och
270 1241 24 20 åt
304 1241 80 28 hvarje
396 1240 168 22 efterlefvande
574 1240 57 22 barn
643 1240 38 21 till
692 1240 52 21 dess
752 1239 126 21 detsamma

124 1274 47 28 fylt
186 1274 89 22 femton
290 1275 26 21 år
330 1275 34 21 tio
379 1277 98 26 procent
492 1274 25 22 af
530 1275 71 28 sagda
616 1274 90 29 belopp,
722 1273 8 22 i
741 1273 43 22 fall
794 1273 84 22 endera

125 1308 26 21 af
163 1308 143 22 föräldrarna
320 1308 80 28 lefver,
420 1316 54 14 men
489 1309 69 28 tjugu
572 1310 102 27 procent,
690 1315 37 14 om
742 1308 75 28 begge
832 1307 46 22 för-

125 1343 106 21 äldrarna
254 1347 38 18 äro
316 1343 64 28 döda,
404 1343 58 22 dock
478 1345 35 19 att
528 1342 172 29 sammanlagda
714 1342 164 21 skadeståndet

124 1377 38 21 till
184 1377 61 22 enka
267 1377 43 22 och
332 1377 58 22 barn
412 1377 20 28 ej
449 1377 37 22 må
502 1377 126 28 öfverstiga
643 1376 85 29 fyratio
744 1379 96 26 procent
855 1375 26 22 af

125 1411 45 20 den
185 1411 100 20 aflidnes
301 1411 188 28 arbetsförtjenst
504 1411 36 20 för
555 1411 31 20 år.
