1106 1770
264 134 32 47 50
462 148 32 22 U.
505 149 27 20 B.
548 161 27 2 —
590 148 72 27 Prop.
678 148 40 21 N:o
733 149 35 20 24.

375 205 49 16 Från
437 205 69 17 Koskis
519 204 48 18 bruk
592 217 3 4 .
626 219 4 3 .
660 217 4 4 .
694 218 4 3 .
729 218 3 4 .
760 204 52 21 5,700
824 207 31 14 ton

397 245 9 8 »
439 233 77 17 Fiskars
538 246 10 7 ,,
592 246 4 4 ö
660 245 38 5 aa
729 246 3 3 <
759 232 52 21 4165
835 246 10 7 %

396 274 10 7 »
437 257 133 21 Åminnnefors
595 275 1 4 .
626 275 4 4 .
660 275 4 3 .
695 274 3 4 .
729 275 3 4 .
761 261 51 20 1410
835 274 10 8 ,,

396 302 10 8 v
438 289 51 23 Tykö
519 289 47 18 bruk
593 303 1 4 .
625 303 3 4 .
659 303 4 4 .
693 301 4 4 .
728 303 4 4 .
776 289 34 18 400
835 303 10 8 5,

397 331 9 10 v
439 318 50 17 Näse
592 331 4 4 8
626 331 38 5 voa
694 332 4 3 a
777 317 68 22 MMK

392 345 15 22 %
426 341 6 31 =
439 346 84 22 Antskog
536 359 10 8 ,,
593 360 38 5 mon
661 359 4 4 &
695 359 3 4 &
729 360 4 4 a
778 346 34 17 100
835 359 10 8 -,;

662 377 75 21 Summa
751 381 61 20 11,875
824 383 32 15 ton

308 421 88 17 Förutom
418 421 68 17 nämda
506 421 47 17 bruk
574 421 60 18 finnas
653 422 46 16 nära
716 421 62 17 banan
796 421 52 17 ännu
866 420 72 18 Billnäs
957 421 36 17 och

239 449 133 18 Mathildedals
382 449 97 23 jernbruk,
493 454 23 13 en
528 449 73 18 mindre
616 448 116 18 kakelfabrik
744 448 104 23 (Strömsby
860 448 7 17 i
880 448 112 23 Kyrkslätt),

240 478 93 18 äfvensom
352 477 68 18 Littois
438 477 133 18 klädesfabrik.
595 478 27 17 På
639 477 65 23 längre
721 477 74 18 afstånd
810 477 42 17 från
867 476 60 18 banan
943 477 50 23 ligga

239 506 108 18 Dahlsbruk
366 506 33 18 och
418 506 106 22 Björkboda
542 506 52 21 bruk,
611 506 94 17 äfvensom
724 506 113 17 Skinnarvik
855 506 35 17 och
905 506 88 18 Iloniemi

239 535 95 22 glasbruk.
358 534 9 17 1
382 536 59 16 större
460 534 75 22 omfäng
553 535 52 17 torde
624 534 54 18 dessa
693 539 66 13 senare
774 534 30 18 väl
819 534 42 18 icke
876 534 75 18 komma
965 536 28 16 att

239 563 59 18 anlita
311 564 84 22 jernväg.
420 563 51 17 Dock
487 563 34 18 bör
536 562 29 18 för
580 564 36 17 alla
632 563 54 17 dessa
701 563 45 17 verk
761 563 123 17 tillsammans
900 564 27 16 ett
939 564 54 21 gods-

239 592 67 22 belopp
324 592 21 17 af
361 592 33 17 625
410 594 31 15 ton
456 592 43 17 med
514 592 87 17 säkerhet
615 592 63 17 kunna
693 592 98 22 päräknas.
816 592 75 17 Summa
902 592 91 18 industri-

239 620 59 19 alster
310 620 60 18 skulle
384 620 79 18 sälunda
475 620 57 18 blifva
544 620 62 22 12,500
618 622 37 16 ton.

308 650 40 17 Den
361 649 58 18 totala
431 648 128 23 godstrafiken
572 649 59 18 blefve
644 649 55 18 alltså
710 649 89 22 följande:

240 683 142 23 Genomgående
395 683 75 18 trafik
468 679 14 31 .
501 697 3 4 .
536 697 3 3 .
638 697 72 4 eo
809 697 38 4 LL
874 685 32 16 ton
923 679 11 31 —
941 684 52 21 8,900

240 713 57 17 Lokal
309 711 62 22 trafik,
383 711 45 23 gods
442 711 20 18 af
471 712 41 17 4:de
525 697 98 37 kategorin
636 725 37 5 koe
738 713 38 17 st
841 726 4 4 L
884 725 10 8 s
929 712 64 21 84,600

239 741 89 18 Trävarok
635 754 258 8 5
929 741 64 18 020.000

240 769 40 18 Med
293 783 4 4 a,
362 783 3 4 a
430 783 4 4 ol
465 783 37 4 KN
533 783 37 4 Ko
601 783 39 4 MO
670 783 38 4 MOK
738 783 4 3 OA
772 782 37 5 Row
841 783 52 7 ko,
929 769 64 22 30000

240 798 142 18 Industrialster
397 811 3 4 «
431 811 3 4 -
466 812 3 4 vs
602 811 140 5 e.
806 811 5 4 =
885 811 10 8 »
931 798 62 21 12,500

772 812 88 37 "Bones
874 834 32 15 ton
919 832 74 21 106,000

308 873 36 17 För
360 872 121 18 beräknande
497 872 19 17 af
530 872 237 23 medeltransportlängden
782 872 88 23 erbjuder
882 873 29 21 sig
923 877 70 12 samma

240 903 60 20 utväg,
312 906 40 12 som
368 900 93 18 ofvanföre
476 901 60 23 ifråga
549 906 28 12 om
590 900 151 23 persontrafiken
756 900 82 18 anlitats.
857 901 37 17 För
908 900 85 23 samtliga

238 930 45 17 våra
298 930 106 18 statsbanor
419 931 54 21 utgör
486 930 20 17 år
519 930 43 17 1889
575 929 237 23 medeltransportlängden
824 929 30 18 för
867 929 125 23 godstrafiken

239 958 34 17 114
285 958 103 18 kilometer.
407 955 16 20 Å
435 958 104 22 Uleåborgs
551 958 78 22 jernväg
642 958 79 18 erhålles
734 964 66 16 genom
812 958 101 22 uträkning
923 963 23 13 en
956 963 37 12 me-

240 986 127 23 deltransport
384 986 56 22 längd
459 986 20 18 af
495 986 22 18 88
535 987 35 17 km.
590 988 46 16 samt
654 986 28 18 för
697 987 65 21 Hango
779 986 61 18 banan
855 986 22 18 69
892 987 37 17 km.
953 986 40 18 Den

239 1016 54 16 korta
308 1015 175 22 transportlängden
500 1016 24 22 på
539 1015 114 17 sistnämnda
668 1014 54 22 bana,
738 1015 6 17 i
758 1015 107 22 jemförelse
881 1015 42 17 med
939 1016 55 16 stats-

241 1044 101 17 banenätet
353 1044 7 16 i
373 1043 43 18 dess
428 1044 65 16 helhet
507 1044 34 16 och
554 1043 170 22 Uleåborgsbanan,
734 1044 34 16 har
780 1043 60 17 delvis
853 1043 28 17 sin
891 1043 103 22 förklaring

238 1073 7 17 i
265 1074 66 15 tvenne
350 1074 50 15 stora
418 1072 165 22 godskvantiteter,
600 1071 103 23 utgörande
722 1072 121 16 tillsammans
862 1073 46 16 nära
925 1071 68 22 tredje-

240 1100 54 17 delen
310 1100 20 17 af
341 1100 71 17 banans
427 1100 43 17 hela
486 1100 120 22 godsmängd,
620 1100 63 17 hvilka
694 1102 40 15 rört
746 1100 30 22 sig
788 1100 66 17 endast
865 1100 25 22 på
902 1100 54 17 korta
969 1100 25 17 af-

239 1128 63 18 stånd:
319 1128 36 18 den
371 1133 36 12 ena
422 1128 62 20 16,446
500 1130 31 15 ton
547 1128 41 17 från
604 1128 64 17 Svartå
683 1128 29 17 till
724 1128 83 22 Lappvik
819 1128 24 22 på
856 1133 23 12 en
893 1128 70 17 distans
976 1128 21 18 af

239 1156 69 18 endast
319 1157 23 17 46
354 1156 104 21 kilometer,
468 1156 36 18 den
517 1156 58 17 andra
588 1156 62 20 12,108
662 1158 37 20 ton,
709 1156 42 18 från
764 1156 58 22 Korpi
835 1156 28 17 till
876 1156 118 22 Helsingfors

240 1186 35 17 och
295 1186 73 20 Sörnäs,
384 1185 66 17 hvilka
469 1186 11 16 å
496 1186 64 21 Hangö
577 1186 59 16 banan
652 1185 106 23 genomlöpt
773 1185 67 18 endast
854 1185 23 17 24
892 1185 102 17 kilometer.

239 1214 95 22 Slutligen
349 1214 87 22 bidrager
450 1214 30 17 till
496 1214 34 18 här
547 1214 140 22 ifrågavarande
702 1214 79 17 resultat
796 1213 55 18 äfven
864 1214 36 17 den
913 1215 81 16 omstän-

239 1242 71 23 dighet,
326 1244 27 15 att
371 1242 65 22 Hangö
456 1242 54 18 hamn
529 1242 44 18 1889
592 1247 32 12 var
642 1241 29 18 för
689 1242 116 18 vintertrafik
820 1242 68 22 stängd
903 1242 39 22 2'/2
958 1243 37 17 mä-

240 1271 48 22 nads
300 1270 34 18 tid.

309 1298 43 18 Med
366 1299 70 21 hänsyn
449 1299 29 17 till.
492 1299 54 17 dessa
556 1299 128 21 exceptionela
694 1298 128 18 förhållanden
832 1300 11 16 4
852 1300 66 21 Hangö
929 1299 66 21 banan,

238 1326 54 17 torde
312 1326 236 21 medeltransportlängden
568 1326 29 17 för
616 1326 35 17 den
667 1331 25 12 nu
708 1326 131 22 projekterade
854 1327 62 17 banan
933 1326 63 17 kunna

238 1356 57 15 sättas
313 1354 39 17 lika
370 1353 42 18 med
433 1354 35 17 den
488 1353 28 18 för
535 1354 102 21 Uleåborgs
656 1354 60 17 banan
732 1355 46 17 eller
793 1355 22 17 88
831 1355 37 20 km,
883 1354 72 18 hvilket
970 1355 26 16 tal

239 1383 53 18 äfven
310 1384 20 16 är
346 1381 108 19 medeltalet
470 1381 66 19 mellan
553 1381 198 23 transportlängderna
767 1377 118 33 Helsingfors
897 1377 98 33 —Gerknäs

238 1412 35 17 och
285 1408 127 21 Karis-Äbo.
430 1411 36 17 Vid
479 1411 65 17 sådant
555 1411 103 22 antagande
669 1411 79 18 erhålles
759 1417 23 12 en
790 1412 45 17 total
846 1412 150 22 godstransport-

238 1440 91 18 kvantitet
341 1440 20 18 af
378 1440 104 22 9,328,000
494 1440 129 18 tonkilometer.

306 1486 180 23 Jernvägsutskotteis
499 1486 109 18 betänkande
620 1486 37 18 N:o
670 1486 16 17 2.
