1134 1773
454 121 53 23 N:o
523 121 49 23 24.

341 413 69 25 Hans
439 413 165 32 Kejserliga
631 413 152 32 Majestäts
808 413 80 32 nådiga

272 459 138 32 proposition
428 459 34 25 till
480 459 102 26 Finlands
600 459 101 32 Ständer,
720 459 115 32 angående
855 459 32 24 vi-

273 504 55 25 dare
344 504 241 32 jernvägsbyggnader
603 505 7 24 i
628 504 82 25 landet.

203 572 37 21 Uti
263 572 133 27 underdånig
419 573 110 21 skrifvelse
553 573 23 20 af
594 572 40 22 den
650 574 26 20 26
692 573 43 26 Maj
753 573 51 21 1891
824 573 64 21 hafva

134 607 102 21 Finlands
251 609 71 19 senast
338 607 128 22 församlade
481 607 93 22 Ständer
589 607 27 27 på
627 607 89 22 anförda
727 607 48 21 skäl
787 607 100 22 anhållit:

205 642 40 26 1:0)
262 643 31 20 att
308 641 65 27 nådig
388 641 131 28 proposition
536 648 33 15 om
585 641 121 28 byggandet
722 641 23 21 af
759 648 26 14 en
797 642 90 26 jernväg

134 675 90 22 emellan
247 676 102 21 städerna
371 676 108 27 Uleåborg
501 676 40 21 och
564 676 82 21 Torneå
661 676 7 21 i
684 676 68 21 sinom
769 676 32 21 tid
817 676 69 21 blefve

134 710 121 22 Ständerna
270 711 101 26 förelagd,
387 711 118 26 hvarjemte
521 710 120 22 Ständerna
651 711 71 21 uttala
733 710 42 21 den
786 710 100 27 förhopp-

133 745 56 27 ning,
214 747 31 19 att
267 745 39 21 den
323 745 22 21 af
359 745 59 21 Hans
432 745 119 27 Kejserliga
566 745 100 27 Majestät
682 745 114 20 anbefalda
811 745 75 21 under-

134 778 117 28 sökningen
275 780 23 20 af
318 779 91 21 nämnda
430 779 150 27 jernvägslinie
603 779 84 21 komme
711 781 32 19 att
759 779 126 21 verkställas

135 813 65 21 innan
216 816 62 19 nästa
294 814 109 26 landtdag.

202 848 74 21 Såsom
303 848 118 22 Ständerna
437 848 60 21 äfven
513 848 31 22 uti
560 848 32 21 sin
608 847 147 27 underdäniga
770 848 115 21 framställ-

135 882 50 27 ning
199 882 94 28 påpekat
307 882 64 22 hafva
385 883 84 21 landets
485 883 34 21 vid
532 883 53 22 1888
598 882 34 22 års
643 881 104 28 landtdag
757 882 128 22 församlade

133 917 91 22 Ständer
248 918 89 21 anhållit
353 920 32 19 att
399 917 27 27 på
441 918 66 26 grund
524 917 23 21 af
560 917 149 22 instrumental
725 917 161 26 undersökning

133 951 23 22 af
177 958 25 15 en
216 952 89 27 jernväg
321 952 47 21 från
384 952 107 26 Uleåborg
506 952 32 21 till
554 951 83 22 Torneå
653 951 136 27 fullständigt
805 951 80 26 förslag

132 986 38 21 och
194 986 222 27 kostnadsberäkning
438 987 67 20 måtte
527 987 113 26 upprättas
659 985 33 21 för
708 992 25 14 en
749 985 136 27 jernvägsan-

131 1021 102 26 läggning
249 1020 89 22 emellan
354 1020 90 21 nämnde
454 1020 79 26 städer,
544 1020 81 21 hvilket
637 1019 81 27 förslag
726 1019 79 27 jemväl
817 1019 68 21 skulle

131 1055 105 22 innefatta
259 1055 126 22 alternativa
408 1054 248 28 kostnadsberäkningar
678 1054 59 21 öfver
759 1053 71 29 broar,
854 1053 31 22 af-

132 1090 66 21 sedda
213 1091 59 20 såväl
288 1090 75 21 endast
379 1089 33 22 för
425 1090 110 26 jernvägs-
551 1095 46 16 som
612 1088 33 22 för
653 1088 98 27 jernvägs
763 1087 40 25 och
814 1088 70 21 lands-

132 1124 116 28 vägstrafik
264 1127 55 19 samt
335 1127 32 19 att
382 1125 7 20 i
405 1125 69 20 sinom
490 1124 30 21 tid
536 1124 64 27 nådig
616 1123 132 28 proposition
766 1129 34 15 om
817 1123 68 21 denna

132 1160 66 21 banas
213 1159 115 22 utförande
343 1159 67 22 måtte
425 1159 120 27 föreläggas
556 1158 127 22 Ständerna.
706 1157 51 22 Med
768 1158 117 26 anledning

131 1194 63 22 häraf
207 1194 40 21 har
263 1194 58 21 Hans
337 1194 120 27 Kejserliga
472 1193 100 27 Majestät
586 1193 137 26 bemyndigat
740 1193 94 21 Senaten
845 1194 38 23 att,

131 1230 85 20 såsnart
231 1229 78 21 sådant
323 1229 70 21 kunde
409 1228 38 21 ske
462 1230 51 19 utan
529 1227 158 22 åsidosättande
703 1226 22 21 af
739 1227 67 21 andra
816 1227 67 20 redan

131 1263 33 22 till
186 1263 115 22 utförande
324 1262 107 27 påbjudna
451 1262 229 27 jernvägsbyggnader,
703 1261 46 21 låta
768 1261 117 21 verkställa

132 1297 141 22 omförmälda
288 1297 158 26 undersökning
461 1300 55 18 samt
532 1296 92 22 derefter
640 1295 32 22 till
688 1295 59 21 Hans
766 1295 119 27 Kejserliga

131 1332 101 27 Majestät
247 1331 109 22 inkomma
371 1331 48 21 med
435 1331 39 21 den
489 1331 163 26 framställning,
663 1329 87 21 hvartill
761 1329 124 21 densamma

130 1366 71 22 kunde
216 1365 117 22 föranleda.
364 1366 32 21 En
412 1365 66 22 sådan
493 1365 158 27 undersökning
666 1364 39 21 har
722 1363 62 22 äfven
796 1369 89 15 numera

131 1401 122 24 verkstälts,
270 1406 48 15 men
333 1401 60 19 Hans
408 1399 119 26 Kejserliga
542 1399 101 26 Majestät
658 1397 39 21 har
712 1403 77 15 senare
804 1395 81 22 beträf-

130 1435 63 22 fande
215 1434 122 27 byggandet
359 1433 24 21 af
403 1433 41 21 den
463 1433 127 26 ifrågasatta
602 1433 115 26 jernvägen
733 1431 93 21 emellan
842 1432 42 20 stä-
