1114 1770
257 167 11 19 2
450 165 30 21 U.
496 165 27 21 B.
541 177 23 2 —
582 164 72 28 Prop.
671 165 44 21 N:o
731 165 39 21 30.

235 226 112 22 hänförde
366 226 36 28 sig
422 226 81 21 endast
518 226 36 21 till
570 225 44 22 den
629 226 188 22 internationella
835 226 150 26 konvention,

234 267 48 15 som
297 260 133 21 framkallat
444 259 273 29 lagstiftningsåtgärden
732 260 8 21 i
755 260 72 28 fråga,
838 260 42 21 har
891 260 95 22 Utskot-

233 296 33 19 tet
282 294 52 22 icke
349 294 51 21 haft
416 294 72 28 något
503 296 34 19 att
553 294 109 22 anmärka
677 296 61 20 emot
752 294 234 28 författningsförsla-

235 330 51 27 gets
308 328 109 27 innehåll,
440 327 96 27 hvilket,
547 329 29 27 på
598 328 75 28 grund
696 328 25 21 af
734 328 62 22 hvad
811 329 8 21 i
834 328 44 22 den
901 328 85 29 nådiga

233 362 173 29 propositionen
431 362 93 25 anförts,
548 362 63 22 torde
638 362 77 21 kunna
739 362 26 22 af
785 362 124 22 ständerna
931 363 54 29 god-

233 396 95 22 kännas.

301 430 52 20 Den
375 430 75 21 finska
472 432 78 18 texten
570 430 35 21 till
622 430 150 28 lagförslaget
786 430 48 27 har,
855 431 4 20 i
874 431 43 20 den
933 431 54 20 mån

237 463 83 22 sådant
334 463 118 22 befunnits
467 463 87 28 nödigt,
564 463 26 22 af
602 463 118 22 Utskottet
734 464 9 21 i
755 464 114 29 språkligt
879 464 108 22 afseende

234 497 141 22 förbättrats.

300 531 55 22 Med
371 531 107 21 afseende
490 531 12 21 å
513 531 60 22 hvad
590 531 69 22 ofvan
672 531 138 22 framhållits
820 531 36 22 får
866 533 121 21 Utskottet

236 565 118 22 vördsamt
368 565 130 22 hemställa:

508 625 32 18 att
550 623 118 22 ständerna
682 624 47 20 ville
739 624 38 21 hos
788 624 64 21 Hans
863 624 125 29 Kejserliga

440 656 104 29 Majestät
559 658 9 19 i
582 657 172 29 underdånighet
769 659 88 21 anmäla

509 695 32 18 att
556 693 117 20 ständerna
690 693 7 19 i
712 692 157 29 hufvudsaklig
882 693 107 28 öfverens-

442 727 119 20 stämmelse
583 727 47 20 med
652 727 41 20 den
720 727 83 28 nådiga
825 728 164 27 propositionen

443 761 86 27 antagit
544 763 27 18 ett
586 762 24 20 så
626 761 94 28 lydande
731 762 92 27 förslag
838 762 35 21 till

511 818 155 27 Förordning
688 818 124 29 angående
831 819 159 28 tillämpning

442 853 8 22 i
467 853 63 22 vissa
554 853 54 28 fall,
633 852 27 23 af
679 853 63 22 finsk
767 853 40 28 lag
825 853 14 22 å
862 853 128 23 icke-finsk

443 893 65 21 man,
523 893 52 16 som
600 890 67 20 utom
690 886 81 28 Ryska
792 888 78 22 rikets
891 888 99 22 område

441 920 108 24 föröfvat
559 922 67 22 brott
634 922 51 22 mot
695 928 80 16 annan
785 922 128 22 icke-finsk
925 928 64 16 man.

512 990 75 22 Såsom
603 991 76 27 tillägg
695 991 34 20 till
748 991 57 20 hvad
820 992 8 19 i
843 992 13 19 1
872 991 59 27 Kap.
945 992 16 20 2
975 992 16 26 8

443 1026 30 26 af
484 1025 130 27 strafflagen
634 1026 41 20 den
699 1026 28 19 19
751 1025 115 21 December
885 1026 58 20 1889
964 1027 27 18 är

442 1059 103 27 stadgadt
553 1066 32 14 om
593 1060 53 24 dem,
657 1066 45 14 som
712 1062 38 18 äro
763 1060 161 20 underkastade
932 1060 59 26 finsk

442 1094 115 27 straffrätt,
572 1094 79 20 varder
665 1094 124 27 härigenom
801 1094 148 26 förordnadt:

511 1128 50 20 Har
576 1127 111 26 icke-finsk
703 1134 50 14 man
763 1130 59 18 utom
833 1128 73 28 Ryska
919 1128 72 21 Rikets

444 1162 86 21 omräde
546 1165 42 18 mot
603 1169 76 14 annan
700 1162 111 27 icke-finsk
826 1169 49 14 man
892 1162 99 28 föröfvat

444 1197 79 20 sädant
538 1196 60 26 brott,
611 1196 43 28 för
668 1195 79 21 hvilket
759 1196 50 26 han,
820 1197 66 27 enligt
893 1196 98 28 fördrag

444 1231 80 20 mellan
539 1230 111 26 Ryssland
662 1230 38 21 och
707 1230 142 27 främmande
859 1230 66 25 makt,
935 1230 57 21 skall

444 1265 58 20 inom
525 1264 73 27 Ryska
620 1264 63 21 Riket
706 1264 80 26 dömas,
807 1264 38 21 och
859 1264 74 27 finnes
948 1265 43 20 han

444 1299 119 20 sedermera
580 1299 56 20 inom
651 1299 106 24 Finland,
772 1299 66 20 varde
853 1299 43 20 han
911 1299 82 20 under-

445 1331 79 20 kastad
539 1331 46 21 ätal
600 1331 36 21 vid
648 1330 66 28 finsk
729 1330 91 22 domstol
831 1331 36 21 och
879 1326 61 36 finsk
956 1332 36 26 lag

446 1366 13 19 å
474 1364 77 21 honom
566 1365 122 27 tillämpad.

310 1498 130 24 Lagutskettets
452 1498 108 18 betänkande
572 1498 36 18 N:o
621 1498 17 17 3.
