1125 1753
482 158 45 24 N:o
546 159 39 22 27.
865 157 12 20 5

154 224 24 22 af
192 224 96 27 bränvin,
304 225 81 26 dömes,
401 227 58 19 utom
475 226 34 21 till
524 225 70 22 derför
610 226 102 26 stadgadt
728 231 82 20 ansvar,
821 224 32 22 sin
864 225 43 21 för-

155 259 149 27 säljningsrätt
320 260 54 21 efter
390 260 68 21 denna
473 260 123 27 förordning
612 260 105 26 förlustig.

509 323 46 27 68.

226 363 72 26 Böter,
321 369 45 15 som
389 363 54 21 efter
466 363 69 21 denna
558 363 125 26 förordning
706 362 94 27 ädömas,
823 362 86 21 tillfalla

155 397 89 22 kronan.

226 432 54 27 Den,
300 438 47 15 som
362 431 62 22 fälles
440 431 33 22 till
488 432 61 21 böter
564 432 39 21 och
619 432 80 21 saknar
714 431 89 28 tillgäng
819 433 32 19 att
861 431 47 21 dem

156 465 34 22 till
205 465 53 22 fullo
274 465 70 28 gälda,
364 466 55 21 skall
435 466 7 21 i
459 467 72 20 stället
546 466 68 21 hällas
629 467 7 20 i
651 465 94 28 fängelse
761 466 33 21 för
809 465 48 22 hela
872 465 37 21 bö-

154 501 141 26 tesbeloppet.
326 501 41 22 Vid
382 501 73 21 böters
470 501 134 28 förvandling
619 507 73 15 svarar
708 500 47 27 fyra
770 501 78 26 dagars
863 499 46 22 fän-

154 535 60 27 gelse
229 537 45 19 mot
289 535 62 22 böter
366 535 33 22 till
415 535 39 22 och
470 536 48 21 med
535 535 59 27 tjugu
610 535 68 21 mark.
709 534 33 22 Gä
757 535 90 21 böterna
862 534 47 22 der-

156 569 59 23 öfver
230 569 34 22 till
279 570 40 21 och
334 570 49 22 med
399 570 115 22 etthundra
529 570 68 27 mark,
609 570 51 21 ökes
671 568 179 29 fängelsestraffet
860 568 50 22 med

155 611 27 15 en
198 604 42 28 dag
254 604 34 22 för
302 604 74 28 hvarje
395 604 50 22 fullt
459 604 77 28 belopp
553 604 23 22 af
589 604 42 22 fem
647 604 67 22 mark.
745 604 60 26 Stiga
820 603 90 22 böterna

155 639 60 22 öfver
238 640 115 21 etthundra
372 640 67 26 mark,
456 640 50 21 ökes
521 639 179 28 fängelsestraffet
714 639 49 21 med
780 644 25 16 en
821 638 40 27 dag
875 638 35 21 för

155 674 76 28 hvarje
247 674 49 22 fullt
313 674 78 28 belopp
407 674 24 22 af
443 674 31 22 tio
490 675 67 26 mark,
573 680 46 16 som
635 673 143 28 öfverskjuter
793 672 116 22 etthundra

155 709 68 26 mark,
247 709 54 21 dock
326 711 32 19 att
381 709 152 26 fängelsetiden
556 709 46 21 icke
625 709 7 20 i
654 709 66 26 nägot
738 707 38 22 fall
792 708 35 20 mä
841 708 68 20 sättas

155 743 73 28 längre
245 745 27 20 än
288 744 62 21 nittio
371 743 73 28 dagar.
475 743 165 22 Sammanträffa
656 743 62 21 dessa
732 742 62 22 böter
809 742 48 21 med
872 741 38 22 bö-

155 779 40 26 ter,
221 783 44 16 som
282 778 60 21 skola
358 777 121 22 förvandlas
495 778 33 21 till
543 777 95 28 fängelse
653 777 35 21 vid
704 779 73 19 vatten
794 776 40 21 och
848 775 61 26 bröd,

155 812 40 21 bör
210 812 116 21 hvartdera
341 812 162 27 bötesbeloppet
519 811 102 23 särskildt
636 811 34 22 för
685 811 32 28 sig
732 810 129 22 förvandlas.

509 877 11 20 7
533 860 23 48 5.

228 915 76 22 Denna
319 915 124 28 förordning
460 916 72 22 träder
547 917 7 20 i
569 915 99 28 gällande
684 915 58 21 kraft
758 914 40 22 den

430 1013 11 21 I
455 1013 73 21 Näder
542 1013 101 27 godkänd
657 1013 7 20 i
680 1011 32 22 S:t
726 1011 132 27 Petersburg
869 1011 41 21 den

363 1049 27 20 22
405 1047 105 22 Februari
527 1048 59 21 1894.

327 1180 289 22 Ministerstatssekreterare
631 1180 27 21 W.
673 1185 37 16 von
750 1178 92 22 DAEHN.
