1117 1761
341 125 70 26 UB.
427 138 27 3 —
469 126 72 27 Prop.
556 127 41 22 N:o
612 127 35 23 24.
827 126 13 21 3

119 181 91 30 gående
221 181 130 26 anvisande
366 182 27 21 af
404 182 81 28 medel,
502 183 51 22 med
568 183 109 22 afseende
694 183 72 22 hvarä
776 183 95 21 ståndet

119 215 63 34 ville
194 216 65 25 fatta
275 216 83 24 beslut
373 216 58 23 först
450 199 58 39 efter
523 217 39 21 det
576 213 239 47 Jernvägsutskottets
831 217 38 21 be-

117 244 120 31 tänkande
251 250 43 22 N:o
311 253 10 19 1
339 250 79 22 blifvit
432 251 148 22 behandladt.

126 306 27 4 a
166 299 11 8 +:
187 283 186 29 Borgareständet
394 284 49 27 har,
466 285 52 21 med
534 285 149 21 förkastande
705 285 26 21 af
742 285 126 21 utskottets

119 292 97 58 förslag,
230 318 108 21 omfattat
352 325 29 14 en
395 318 129 22 resolution
538 319 26 21 af
578 318 121 22 enahanda
713 318 89 28 lydelse
816 317 53 22 med

121 352 51 21 den;
196 358 49 15 som
274 352 27 21 af
322 352 70 21 Ridd.
415 352 44 21 och
481 352 77 22 Adeln
579 352 110 28 antagits,
711 352 157 22 hvarförutom

118 386 93 21 ståndet
225 386 107 22 beslutit:

188 422 48 25 »att
251 420 131 22 Ständerna
396 420 76 22 skulle
487 421 42 21 hos
545 421 117 28 Styrelsen
672 420 94 23 anhålla
776 428 38 14 om
822 420 46 22 till-

119 454 109 22 sättande
250 454 26 22 af
295 463 29 13 en
345 462 33 22 ny
396 455 151 22 kommission
562 456 26 20 af
600 455 113 28 fackmän,
730 456 74 21 såsom
819 455 49 21 tek-

119 489 67 21 niske
207 489 74 22 lärare
304 490 52 21 från
378 492 53 26 eget
446 490 55 21 land
517 490 43 21 och
575 490 155 21 framstående
744 489 124 22 utländske

121 523 95 28 teknici,
230 524 9 21 i
255 523 39 22 det
308 523 62 29 syfte
385 523 53 23 herr
454 524 114 28 Tallqvist
583 524 36 22 uti
634 524 38 22 sin
685 524 38 22 till
742 524 126 22 betänkan-

120 557 45 22 dot:
173 558 85 28 fogade
272 558 142 22 reservation
430 559 14 21 &
458 566 52 21 pag.
527 560 27 21 79
568 562 106 18 närmare
689 558 119 29 angifvit."

189 592 165 22 Bondeståndet
367 592 43 22 har
424 593 105 28 godkänt
543 592 127 22 utskottets
679 594 36 19 tre
725 592 73 21 första
808 599 61 16 reso-

119 625 182 30 lutionsförslag,
324 633 52 15 men
399 627 9 20 i
422 627 79 21 stället
515 627 36 21 för
566 626 45 22 den
626 627 56 21 sista
698 627 116 21 klämmen
830 634 39 14 an-

118 661 61 28 tagit
193 660 112 29 följande:

186 696 47 27 »2bt
256 694 136 28 Ständerna,
415 695 61 22 efter
498 697 35 20 att
554 695 71 22 hafva
639 695 114 22 inhemtat
768 695 100 22 Statsut-

119 729 99 22 skottets
233 729 116 28 yttrande,
365 729 75 22 skulle
456 729 65 22 anslå
536 729 86 29 nödiga
637 729 75 21 medel
727 729 38 21 för
783 729 85 22 bedrif-

120 764 87 21 vandet
222 763 26 22 af
260 763 110 22 arbetena
386 764 13 21 &
414 763 174 23 ofvannämnda
602 763 265 29 Keuru—Jyväskylä—

118 798 106 21 Suolahti
239 797 79 22 bana.”

187 832 81 21 Såsom
283 832 27 21 af
322 832 40 22 det
377 832 97 22 anförda
489 833 107 28 framgår,
612 832 126 28 föreligger
751 831 53 22 icke
812 832 56 21 fullt

119 866 193 22 samstämmande
327 867 215 28 ständerpluralitet
556 867 8 21 i
576 867 78 28 någon
664 866 37 21 del
712 866 26 21 af
743 865 29 23 de
779 866 89 22 fattade

116 900 113 22 besluten.
259 901 37 21 Då
310 902 40 20 det
364 902 30 28 pä
409 901 75 28 grund
500 901 26 21 af
537 902 27 20 L.
580 901 26 21 O.
622 902 26 21 67
665 902 13 25 $
692 900 77 29 älegat
779 900 89 22 utskot-

118 936 36 20 tet
168 936 36 20 att
217 939 106 24 uppgöra
337 935 88 27 förslag
439 935 38 21 till
493 934 224 29 sammanjemkning
727 934 26 22 af
758 934 110 21 ständens

119 969 136 28 skiljaktiga
277 969 83 26 beslut,
383 969 43 21 har
440 968 116 23 utskottet
570 968 80 22 funnit
664 968 37 28 sig
715 967 56 23 böra
786 968 82 21 affatta

119 1002 64 22 detta
212 1003 88 28 förslag
328 1004 32 26 sä,
383 1004 35 20 att
442 1002 82 23 dervid
539 1004 9 20 i
562 1002 132 29 möjligaste
708 1003 54 21 män
777 1002 91 28 hänsyn

118 1039 66 26 tages
199 1036 39 22 till
252 1037 107 22 besluten
373 1037 64 21 inom
452 1036 46 22 alla
513 1037 75 21 ständ.

186 1071 67 22 Hvad
269 1072 81 21 främst
364 1070 145 23 vidkommer
523 1072 40 21 det
578 1071 96 27 omfäng
688 1071 7 21 i
707 1070 93 23 hvilket
806 1070 63 29 jern-

121 1104 169 29 vägsarbetena
311 1105 77 23 borde
400 1105 126 29 bedrifvas,
540 1106 42 21 har
596 1105 116 22 utskottet
726 1105 84 28 funnit,
828 1106 40 26 att,

120 1139 29 25 då
171 1140 91 29 hänsyn
285 1143 65 26 tages
373 1140 36 21 till
425 1140 109 22 ständens
549 1140 77 22 beslut
640 1139 40 22 vid
697 1139 171 28 behandlingen

120 1174 64 24 såväl
200 1175 26 21 af
238 1175 126 21 utskottets
379 1182 33 14 nu
426 1174 178 29 ifrågavarande
620 1174 152 27 betänkande,
788 1180 49 15 som
846 1173 24 21 af

119 1208 159 23 betänkandet
291 1209 45 21 N:o
352 1210 19 26 1,
386 1209 109 28 samtliga
510 1208 68 22 stånd
593 1208 97 22 beslutit
703 1208 125 21 utförande
844 1208 26 21 af

118 1242 249 30 jernvägsbyggnader
388 1243 8 21 i
418 1245 73 19 större
512 1243 148 28 omfattning,
679 1246 29 17 än
723 1242 60 22 hvad
800 1242 9 20 i
824 1241 45 22 den

119 1277 86 29 nådiga
234 1277 174 29 propositionen
431 1278 139 28 föreslagits.
599 1277 35 22 På
655 1276 77 29 grund
754 1276 69 22 häraf
834 1276 35 22 får

118 1312 116 22 utskottet
247 1312 85 21 föreslå
340 1312 176 28 godkännande
532 1311 26 22 af
570 1311 40 21 det
624 1311 26 21 af
661 1310 71 22 Ridd.
741 1310 44 22 och
792 1310 77 22 Adeln

119 1348 60 20 samt
200 1346 197 28 Borgareståndet
412 1346 106 21 beslutna
532 1345 133 22 uttalandet
679 1345 9 21 i
703 1344 83 22 sådant
800 1344 69 29 syfte.

185 1381 11 20 I
211 1380 67 27 fråga
293 1388 37 13 om
340 1380 165 22 Keski-Suomi
515 1380 77 21 banan
600 1380 70 21 hafva
678 1379 108 27 samtliga
793 1378 75 28 stånd,

120 1414 73 22 ehuru
216 1414 74 21 under
311 1414 73 28 något
403 1414 63 20 olika
481 1414 201 27 förutsättningar,
697 1412 98 22 beslutit
808 1412 60 22 utfö-

187 1466 179 23 Jernvägsutskottets
378 1464 110 19 betänkande
499 1464 39 18 N:o
549 1465 19 18 2.
