1114 1775
352 144 66 49 0::B.
436 172 27 3 —
480 156 63 32 Prop.
559 159 37 23 N:o
612 159 35 23 32.
685 171 3 7 =»
849 162 29 20 43

474 232 12 26 $
504 232 33 20 11.

203 270 34 22 De
257 271 106 22 allmänna
382 271 171 29 administrativa
571 272 40 22 och
628 273 135 21 kommunala
780 273 98 29 myndig-

133 306 89 22 heterna
240 308 39 26 äga
298 306 50 22 med
365 307 180 30 hästutskrifning
561 311 50 25 taga
626 308 121 28 befattning
761 308 70 21 såsom
846 310 32 19 uti

133 342 70 22 denna
221 342 36 28 lag
275 345 56 19 samt
350 342 104 22 särskilda
469 343 153 22 instruktioner
637 343 40 21 och
692 338 150 56 förordningar
855 345 23 20 är

134 378 51 22 eller
200 378 77 22 varder
292 378 105 30 stadgadt.

477 453 11 25 $
507 452 32 20 12.

202 492 232 29 Besigtningsnämden
454 494 23 19 är
491 492 63 22 ot
603 460 223 62 iiny
819 500 58 14 inom

130 528 201 29 löttningsomrädet
349 528 40 22 och
408 528 72 22 består
497 529 24 22 af
537 532 33 18 tre
588 528 122 27 ledamöter,
725 528 74 22 hvilka
812 529 65 28 jämte

131 564 45 35 lika
194 564 77 30 många
289 562 143 32 suppleanter,
451 564 66 30 enligt
535 564 27 22 de
580 564 35 22 för
632 564 136 22 kommunala
781 564 44 22 val.
833 564 44 29 gäl-

134 597 64 36 lande
217 601 74 28 regler,
311 601 36 22 för
365 608 27 14 en
413 601 33 21 tid
464 600 23 21 af
505 604 34 18 tre
558 600 23 22 är
600 603 59 19 utses
678 600 23 22 af
719 600 42 28 den
779 600 52 21 eller
849 600 27 22 de

131 623 130 44 kommuner,
277 637 74 21 hvilka
362 637 59 22 bilda
433 636 205 29 lottningsomrädet.
668 631 45 26 Äro
725 636 152 21 kommunerna

129 675 86 24 tvenne,
237 672 67 29 väljer
327 672 43 31 den
389 673 66 22 större
476 673 22 21 af
519 672 49 22 dem
587 671 38 23 tvä
644 671 117 23 ledamöter
775 671 41 22 och
835 672 41 21 den

129 708 82 22 mindre
228 716 32 14 en.
291 708 62 22 Höra
367 711 33 19 tre
410 709 126 21 kommuner
547 709 33 21 till
593 715 79 20 samma
682 708 195 29 lottningsomräde,

133 748 60 18 utser
210 744 54 23 hvar
281 745 42 21 och
342 751 27 15 en
389 745 23 21 af
429 744 49 22 dem
493 753 27 13 en
534 745 95 21 ledamot
642 745 9 20 i
665 744 98 22 nämden.
793 739 32 27 Är
840 752 37 13 an-

131 775 54 21 talet
200 774 125 23 kommuner
340 776 67 21 större
420 776 27 20 än
459 777 38 24 tre,
507 775 128 22 bestämmer
647 773 146 28 Guvernören,
803 774 74 22 hvilka

133 811 23 21 af
171 811 49 21 dem
235 811 52 21 böra
303 810 87 23 samfält
405 811 56 28 välja
477 819 26 13 en
518 810 99 23 ledamot.
715 815 2 3 :

201 847 169 22 Medlemmarne
382 848 17 20 i
422 846 224 30 hbesigtningsnämden
667 849 48 19 utse
735 847 33 28 sig
787 847 88 20 emellan

132 883 128 22 ordförande
280 883 41 22 och
341 883 177 22 viceordförande
538 883 34 21 för
591 882 42 22 den
652 882 33 22 tid
703 882 61 22 deras
779 881 98 30 uppdrag

131 919 106 22 omfattar.

469 980 13 26 $
500 980 33 20 13.

202 1020 84 22 Valbar
300 1021 34 21 till
349 1020 95 22 ledamot
458 1022 8 20 i
481 1020 196 30 besigtningsnämd
693 1022 23 20 är
727 994 98 59 ikiyae
818 1026 58 15 inom

109 1081 9 5 —
127 1053 204 33 lottningsomrädet
354 1057 77 26 bosatt,
456 1058 8 20 i
485 1057 33 21 sin
541 1056 150 22 hemkommun
712 1055 165 29 röstberättigad

130 1094 57 29 mah.
215 1092 65 22 Dock
295 1092 34 22 mä
344 1092 49 22 icke
408 1092 92 22 embets-
515 1091 52 23 eller
581 1093 133 28 tjensteman,
729 1092 19 28 ej
761 1091 68 22 heller
839 1091 38 21 nä-

131 1136 48 21 gon,
194 1136 47 14 som
256 1128 27 22 de
298 1124 186 50 nästföregäende
491 1131 33 19 tre
539 1128 50 22 ären
605 1128 66 22 sädan
686 1127 137 29 befattning
816 1135 60 14 inne-

131 1164 53 28 haft,
203 1164 53 22 eller
274 1164 93 29 uppnätt
385 1164 70 22 sextio
475 1163 33 23 ärs
527 1164 64 25 älder,
610 1164 52 21 eller
679 1163 54 22 lider
751 1163 23 22 af
791 1162 85 23 svärare

131 1200 121 29 sjuklighet,
270 1203 58 19 emot
347 1201 33 20 sin
397 1200 52 29 vilja
467 1199 85 30 äläggas
571 1203 31 18 att
616 1199 73 22 säsom
707 1199 91 22 medlem
816 1199 8 20 i
839 1199 37 21 be-

132 1236 169 29 sigtningsnämd
317 1235 89 28 inträda.

473 1301 12 27 $
503 1303 32 20 14.

202 1335 249 41 Utskrifningsnämden,
475 1343 65 22 hvars
564 1343 139 22 verksamhet
723 1342 101 22 omfattar
842 1337 39 42 ett

131 1379 192 29 uppbädsomräde,
343 1379 73 28 bestär
433 1379 24 21 af
471 1382 32 19 tre
519 1379 122 26 ledamöter,
656 1378 23 22 af
693 1377 74 23 hvilka
782 1385 33 19 en,
830 1367 46 41 som

131 1414 69 22 tillika
218 1416 24 19 är
259 1414 103 21 nämdens
381 1413 134 26 ordförande,
534 1413 43 22 för
585 1416 33 18 tre
635 1413 25 21 är
678 1415 58 19 utses
754 1413 23 20 af
792 1412 85 22 Guver-

131 1451 65 20 nören
215 1449 66 22 bland
299 1449 72 21 dertill
390 1448 103 29 skicklige
511 1450 49 19 män
578 1449 58 20 inom
653 1448 64 21 länet.
746 1447 49 22 Den
811 1447 65 22 andre

203 1489 301 25 Hästutskrifningsutskottets
517 1489 131 20 betänkande.
