1125 1767
446 129 52 21 N:o
516 128 52 23 88.

338 340 75 25 Hans
434 339 170 33 Kejserliga
629 340 157 32 Majestäts
804 340 81 32 nådiga

271 386 138 32 proposition
423 386 33 24 till
469 385 102 26 Finlands
583 386 102 32 Ständer,
697 386 114 32 angående
824 387 61 25 kom-

270 432 237 24 munikationsfonden.

203 505 71 27 Enligt
297 505 131 22 Ständernas
442 505 35 22 vid
494 507 85 21 senaste
593 506 102 27 landtdag
709 506 84 22 fattade
809 507 40 21 och
864 507 24 22 af

133 541 61 21 Hans
216 540 121 27 Kejserliga
358 540 101 27 Majestät
482 541 5 20 i
512 541 67 21 nåder
599 540 115 28 godkända
729 541 77 26 beslut,
822 541 64 22 hafva

134 575 34 21 för
190 575 145 22 innevarande
357 574 144 27 finansperiod
521 575 51 22 eller
587 575 34 22 för
635 574 52 23 åren
705 576 139 21 1892—1894
861 583 25 15 ur

135 609 144 28 tillgångarne
298 610 6 21 i
320 609 274 22 kommunikationsfonden
611 609 32 22 för
658 610 132 22 slutförande
806 611 23 21 af
842 611 43 22 Ka-

134 645 73 21 relska
237 645 39 21 och
305 645 173 26 Björneborgska
504 645 141 27 jernvägarne
675 645 93 22 anvisats
795 646 90 27 tillhopa

134 680 127 25 21,715,000
284 679 67 26 mark,
374 678 78 22 hvaraf
474 679 32 21 för
530 679 40 22 den
593 679 58 22 förra
674 679 69 22 banan
762 681 124 26 13,655,000

134 714 63 21 mark
221 714 38 21 och
283 713 33 22 för
338 713 173 28 Björneborgska
534 713 71 22 banan
620 715 113 26 8,060,000
748 715 67 20 mark.
846 715 40 21 Vid

134 748 148 21 beräknandet
304 747 23 21 af
348 748 140 27 tillgångarne
505 748 33 21 till
554 748 132 22 betäckande
701 747 24 22 af
738 749 26 21 de
780 755 26 15 ur
821 749 65 27 sagda

134 783 53 21 fond
209 782 106 27 beviljade
334 782 82 27 anslag,
432 782 65 21 hafva
513 783 121 22 Ständerna
650 783 64 21 bland
730 785 64 20 annat
809 787 77 24 uppta-

134 818 31 27 git
189 818 114 26 3,200,000
322 817 61 21 mark
399 817 6 20 i
421 817 55 27 årlig
492 817 94 22 inkomst
601 816 24 22 af
638 817 203 28 statsjernvägarne,
857 819 29 21 el-

136 853 32 21 ler
183 852 33 21 för
232 852 231 27 bevillningsperioden
478 853 114 26 9,600,000
608 852 66 22 mark.

203 887 118 21 Närslutna
343 886 102 28 öfversigt
464 887 39 21 och
519 887 71 27 kalkyl
607 887 58 21 öfver
682 887 205 22 kommunikations-

135 921 78 22 fonden
237 921 32 22 för
284 921 51 22 åren
352 921 140 22 1892—1894
507 922 58 21 visar
579 921 119 22 emellertid
713 923 32 20 att
760 921 47 22 från
822 924 64 19 stats-

134 957 142 27 jernvägarne
297 955 70 28 ingått
389 956 33 21 till
445 956 77 21 fonden
547 956 66 21 under
636 955 49 22 åren
704 957 54 21 1892
773 957 39 20 och
832 957 54 21 1893

135 991 76 21 endast
234 990 64 27 något
318 990 59 21 öfver
392 991 113 25 4,287,000
521 991 66 25 mark,
602 990 86 21 hvartill
704 991 97 21 kommer
816 993 69 19 netto-

135 1025 119 21 inkomsten
280 1025 33 20 för
341 1024 24 21 år
395 1025 61 26 1894,
483 1025 109 21 beräknad
620 1025 33 21 till
681 1026 113 25 3,050,000
819 1025 67 26 mark,

136 1059 52 22 eller
213 1059 82 21 således
320 1059 33 21 för
377 1059 169 26 finansperioden
572 1059 90 27 tillhopa
684 1059 113 26 7,337,000
820 1059 67 27 mark,

136 1096 59 19 emot
209 1093 121 22 beräknade
346 1094 112 25 9,600,000
474 1093 67 21 mark.
566 1089 68 26 Äfven
649 1093 188 22 bränvinsskatten
848 1093 40 22 har

136 1129 7 20 i
166 1128 53 27 följd
241 1127 23 22 af
284 1135 29 14 nu
336 1127 100 28 gällande
460 1127 133 28 lagstiftning
616 1127 6 21 i
645 1127 98 27 förening
765 1128 49 21 med
836 1127 52 28 nyk-

136 1161 234 23 terhetssträfvandena
392 1162 40 21 och
454 1162 173 27 penningbristen
650 1162 7 21 i
675 1161 74 22 landet
768 1162 47 21 icke
835 1168 53 21 upp-

136 1197 47 27 gått
206 1197 32 21 till
254 1196 119 27 päräknadt
389 1196 84 27 belopp.
503 1197 46 20 Den
571 1197 61 21 andel
655 1196 7 21 i
677 1197 70 20 denna
762 1197 64 26 skatt,
842 1203 45 15 som

137 1232 130 21 tillkommer
281 1231 282 26 kommunikationsfonden,
578 1231 39 21 har
635 1231 105 26 nemligen
759 1231 81 27 utgjort
855 1231 34 22 för

138 1267 50 22 åren
206 1267 54 21 1892
275 1267 38 21 och
336 1267 53 21 1893
405 1267 6 20 i
427 1267 65 20 rundt
507 1266 30 21 tal
553 1267 113 26 4,895,000
682 1265 60 22 mark
758 1266 39 21 och
812 1265 76 22 beräk-

136 1304 49 19 nats
200 1301 34 21 för
249 1301 100 27 perioden
368 1301 77 26 belöpa
460 1301 32 25 sig
507 1301 33 20 till
555 1303 99 19 närmare
669 1301 113 26 6,955,000
798 1300 68 27 mark,
882 1301 6 20 i

138 1336 74 21 stället
234 1335 33 21 för
290 1336 6 20 i
312 1334 235 28 bevillningsbudgeten
567 1336 109 26 upptagna
692 1335 112 25 9,715,000
820 1334 68 22 mark.

137 1370 136 22 Beträffande
289 1370 89 21 fondens
394 1369 63 22 andel
473 1370 6 20 i
491 1370 172 26 utminuterings-
674 1369 39 21 och
724 1368 165 28 utskänknings-

138 1404 103 27 bolagens
262 1404 124 26 nettovinst,
402 1406 24 18 är
449 1404 68 20 denna
539 1404 62 21 andel
627 1403 6 21 i
657 1403 232 27 budgetberäkningen,

137 1438 90 22 likasom
251 1439 60 21 äfven
335 1438 7 22 i
365 1438 41 21 den
422 1438 33 21 till
472 1438 119 21 Ständerna
606 1437 23 21 är
647 1438 51 20 1891
715 1437 81 22 aflätna
811 1437 80 27 nädiga
