1114 1773
552 116 21 21 a
599 119 1 4 |
654 119 68 29 RER,

361 150 23 23 U.
401 150 22 23 B.
439 154 23 33 =
481 149 68 31 Prop:
562 150 37 23 N:o
610 150 36 27 32;
654 151 10 36 I
873 152 13 20 7

244 222 99 28 itegorier,
357 222 50 26 rid-,
422 219 97 32 artilleri-
535 222 40 22 och
590 215 133 40 trosshästar,
740 215 71 40 hvarje
832 222 56 21 skild
907 234 2 2 -

142 253 169 33 provinsyikrets
326 257 41 22 och
382 253 101 27 kommun
499 257 41 22 bör:
551 257 112 29 uppställa.
684 249 11 42 .
693 257 35 21 Då
745 257 143 21 mobilisation

122 315 4 1 —
142 292 114 29 päbjudits,
275 293 94 23 inställas
389 293 99 27 hästarna
508 293 23 21 af
550 292 65 22 deras
634 290 63 30 ägare
716 293 33 21 till
763 293 59 21 förut
836 292 52 21 kun-

142 328 74 28 gjorda
242 328 186 28 samlingsplatser
451 332 55 18 samt
530 327 138 23 underkastas
691 335 76 21 genom
790 336 26 14 en
835 328 54 21 eller

143 366 78 20 tvenne
240 364 141 22 komissioner
400 364 23 22 af
443 359 132 33 sakkunniga
593 371 102 22 personer
709 364 121 28 besigtning
848 364 40 22 och

142 400 110 28 indelning
271 401 10 20 i
303 398 101 33 klasser;*
419 399 70 22 Bland
509 400 27 21 de
553 400 88 21 sålunda
654 399 120 29 godkända
790 400 98 21 hästarna

137 431 89 33 uttages
245 436 65 21 sedan
329 436 37 21 det
383 435 78 29 nödiga
476 436 79 21 antalet
569 435 41 22 och
625 435 141 26 öfverlemnas
782 435 31 22 till
830 438 59 26 trup-

133 473 85 28 "pernas
234 471 133 24 utskickade.

217 507 122 29 Angäende
354 508 135 28 principerna
507 507 34 21 för
559 496 77 39 sjelfva
650 501 156 39 utskrifningen
816 487 72 47 "väder

142 543 56 22 dock
225 543 86 23 olikhet.
346 543 13 21 I
376 542 123 29 "Tyskland,
520 538 217 35 Österrike-Ungern,
750 543 40 21 och
811 542 77 30 Italien

143 580 93 28 utväljer
250 587 27 14 en
287 579 34 22 för
333 579 122 22 ändamålet
463 579 75 21 tillsatt
547 578 138 28 kommission
695 578 65 22 bland
772 577 27 23 de
811 578 77 27 hästar,

98 631 2 3 +.
143 617 53 21 som”
214 615 37 22 vid
276 615 148 28 besigtningen
446 614 112 29 godkänts,
581 614 37 22 det
643 614 138 28 erforderliga
804 614 84 26 antalet,

119 651 133 23 hvarefter
261 646 54 26 hvar
325 650 41 21 och
376 657 27 15 en
412 650 23 21 af
445 650 27 21 de
483 649 88 25 sålunda
581 653 87 26 uttagna
677 650 99 30 hästarna
786 650 102 21 värderas

141 687 23 21 af
189 686 72 21 dertill
283 685 90 23 utsedde
396 686 106 22 edsvurne
525 685 178 29 värderingsmän.
732 685 14 21 I
768 685 120 31 Frankrike

142 722 40 22 och
203 721 107 30 Ryssland
331 721 45 22 åter
395 721 127 23 bestämmes
542 722 79 29 årligen
641 722 56 21 efter
715 722 57 21 inom
788 721 27 22 de
831 721 56 22 olika

142 758 146 28 kategorierna
309 758 97 27 gällande
426 759 45 27 pris
491 758 12 21 &
522 758 72 21 hästar
611 758 27 21 de
658 757 156 27 medelvärden,
833 757 55 22 efter

143 794 73 22 hvilka
232 794 147 28 ersättningen:
390 793 35 23 för
440 793 27 22 de
482 794 106 22 utskrifna
603 789 99 30 hästarna
717 793 55 22 skall
786 793 101 28 erläggas.

144 824 44 27 För
203 829 73 28 hvarje
292 829 121 22 utskrifven
428 829 49 22 häst
491 829 128 29 tillkommer
633 829 110 23 dessutom
757 829 8 26 i
780 829 106 27 Ryssland

143 873 31 15 en.
190 865 184 29 tillskottspremie
394 860 23 27 af.
438 866 27 21 10
483 868 97 26 procent;
597 866 7 20 i
622 864 119 22 Frankrike
761 865 46 22 åter
826 864 61 29 utgår

90 890 12 13 *
115 917 2 2 =
141 901 117 27 tillskottet
271 902 75 21 endast
361 901 34 25 för
409 901 44 22 rid-
468 901 40 21 och
523 901 158 22 artillerihästar
696 900 49 22 med
758 901 28 21 25
798 903 90 26 procent

142 938 22 21 af
179 938 74 28 priset,
283 938 43 21 Till
341 937 174 22 förekommande
530 938 23 21 af
567 936 102 22 orättvisa
683 939 46 19 mot
738 936 55 27 dem,
802 936 84 22 hvilkas

141 974 72 21 hästar
234 974 7 20 i
263 973 65 29 värde
349 973 118 28 öfverstiga
487 973 127 27 medeltalet,
635 972 49 22 sker
704 972 183 29 uttagningen
855 968 36 38 pä

141 1009 69 29 grund
226 1009 23 21 af
263 1010 97 28 lottning.
390 1009 63 24 Efter
468 1009 141 29 nästantyddä
624 1008 93 29 grunder
733 1010 24 20 är
771 1008 65 22 äfven
851 1008 36 22 det

142 1039 263 39 utskrifningsförfarande
420 1039 105 39 ordnadt,
533 1052 45 14 som
592 1043 89 23 föresläs
694 1045 8 21 i
714 1044 44 22 der
767 1044 48 22 näd.
827 1052 60 21 prop.

149 1086 18 17 in,
213 1080 41 23 Uti
271 1082 109 27 ingressen
398 1080 170 24 till;densamma
587 1080 66 28 heter;
667 1080 43 27 det,
729 1083 32 19 att
774 1087 112 21 omsorgen

143 1112 35 27 om
182 1115 100 28 "landets:
291 1117 84 21 försvar
390 1117 64 28 gifvit
463 1117 116 28 anledning
591 1117 32 21 till
635 1118 32 21 att
677 1116 66 23 äfven
752 1116 24 22 af
784 1116 103 21 Finlands

141 1152 105 24 invånare
263 1149 31 27 au
312 1153 87 21 kräfves
418 1153 77 22 att..de
511 1153 60 21 skola
586 1152 67 28 ätaga
662 1153 33 27 sig
709 1152 178 27 hästutskrifning

143 1188 35 22 för
185 1188 129 28 krigsbehof.
337 1188 45 22 Det
389 1188 65 28 ryska
460 1188 67 22 rikets
533 1185 159 34 maktställning
702 1188 41 21 och
752 1187 136 29 skyddaudet

142 1218 23 27 af
176 1224 49 22 dess
238 1224 65 22 utaf
299 1232 47 20 inga
358 1224 106 28 naturliga
475 1224 133 28 skiljemurar
619 1224 49 26 frän
677 1226 79 19 tvenne
766 1223 121 28 betydande

142 1260 146 22 militärstater
315 1259 92 23 åtskilda
418 1252 11 41 -
430 1262 71 20 vestra
523 1259 113 29 landgräns
652 1256 103 33 erfordra
779 1259 109 28 sjelffallet

143 1296 135 22 omfattande
296 1296 197 25 försvarsanstalter
511 1295 40 22 och
569 1296 7 20 i
594 1294 58 30 följd
665 1295 62 21 häraf
746 1294 69 26 äfven.
830 1298 57 18 stora

143 1332 90 22 militära
243 1332 79 21 bördor
333 1332 23 21 af
362 1331 162 29 befolkningen.
555 1326 70 32 Sedan
637 1331 24 23 år
673 1332 56 21 1876
736 1332 24 20 är
771 1330 7 22 i
789 1330 98 30 Kejsare-

143 1368 74 21 dömet
232 1368 71 21 införd
318 1367 139 29 obligatorisk
471 1368 126 28 försäljning;
602 1367 31 22 "af
643 1367 72 22 hästar
726 1367 34 22 för
771 1367 116 22 militärens

141 1403 67 21 behof
223 1403 68 21 under
304 1403 97 27 krigstid.
432 1403 76 20 Denna
523 1403 206 27 utskrifningstunga
739 1402 51 21 eller
799 1402 89 28 förplig-

142 1438 58 22 telse
214 1440 32 18 att
265 1440 45 18 mot
329 1432 117 32 ersättning
465 1436 56 22 afstä
540 1437 72 26 hästar
627 1436 29 29 pä
670 1438 42 19 sätt
726 1436 162 28 ifrågavarande

215 1478 301 23 Hästutskrifningsutskottets
529 1477 130 27 betänkande.
