1125 1764
313 137 83 24 Ständ.
412 138 39 23 Sv.
467 151 25 4 —
508 139 72 27 Prop.
595 139 40 22 N:o
651 139 36 22 27.
836 143 11 19 3

119 203 107 29 omöjligt
241 206 35 19 att
291 203 126 23 öfvervaka
432 204 40 22 det
487 204 76 22 denna
579 208 69 25 gräns
663 204 58 28 icke,
732 206 62 22 hvad
805 206 72 28 angår

118 238 136 22 förberörda
269 238 222 29 spritblandningar,
508 240 167 21 öfverskredes.
699 240 55 22 Med
769 240 109 22 afseende

118 272 56 21 härå
196 272 70 22 hafva
285 273 130 21 Ständerna
428 274 37 20 för
481 274 36 21 sin
533 274 38 21 del
585 274 105 22 faststält
705 274 173 22 ofvannämnda

117 306 161 29 minimigräns
293 308 38 20 till
346 308 48 27 49,
410 308 99 28 alkohol,
526 316 29 14 en
569 312 76 24 gräns,
657 308 36 22 för
703 309 96 21 hvilken
811 310 68 21 Stän-

119 341 70 21 derna
212 341 69 22 äfven
303 342 40 21 vid
365 344 92 20 senaste
480 342 111 29 landtdag
613 343 85 21 uttalat
721 344 40 28 sig.
792 343 85 23 Vidare

120 374 69 23 hafva
205 375 129 23 Ständerna
349 378 77 20 ansett
441 376 37 28 sig
487 376 56 23 böra
552 377 52 22 från
614 377 152 29 lagförslaget
776 378 103 21 utesluta

120 409 139 28 stadgandet
279 418 36 14 om
337 413 47 19 rätt
406 413 34 19 att
464 414 56 20 utan
536 412 110 22 särskildt
661 412 107 22 tillstånd
782 412 95 29 försälja

120 444 125 22 utländska
267 445 72 28 viner,
355 446 154 28 importerade
524 448 29 27 på
569 447 97 28 buteljer
681 448 56 20 eller
754 448 62 27 krus,
831 447 46 21 för-

120 478 71 22 sedda
213 478 52 22 med
287 479 179 29 tullförsegling,
489 480 96 23 emedan
601 481 90 22 befaras
706 482 74 21 måste
795 484 35 19 att
845 483 34 20 ett

119 512 78 29 dylikt
219 513 160 29 berättigande
401 514 90 22 komme
514 517 35 19 att
570 515 141 22 missbrukas
733 516 87 28 jemväl
842 516 37 22 för

121 549 86 22 handel
222 548 53 23 med
289 549 122 23 allehanda
426 551 222 29 spritblandningar,
665 551 92 21 hvilkas
772 551 46 21 fria
832 550 46 22 för-

121 584 103 29 säljning
247 584 112 22 innebure
382 588 34 19 ett
437 586 159 28 kringgående
611 585 26 22 af
649 585 180 29 förordningens
845 592 34 15 re-

122 619 111 22 striktiva
250 619 178 30 bestämningar.

191 655 36 21 Då
249 654 137 29 handlande,
411 663 48 15 som
482 656 137 22 ombetrotts
641 655 161 23 minuthandel
827 655 52 22 med

120 689 104 22 starkare
246 690 144 28 rusdrycker,
414 690 117 29 sjelffallet
553 690 71 22 borde
645 690 25 22 få
692 690 37 22 till
752 691 50 21 salu
818 690 62 22 hålla

118 724 87 28 jemväl
215 724 99 29 drycker
324 724 52 22 med
387 725 89 21 mindre
487 725 47 28 hög
544 725 151 26 alkoholhalt,
706 725 41 21 har
755 725 37 21 till
802 724 77 22 denna

121 758 110 28 paragraf
243 758 77 29 fogats
336 762 34 19 ett
386 759 127 29 stadgande
528 760 79 22 härom
624 761 75 27 (mom.
711 762 25 22 2).
760 760 46 21 Det
821 759 58 22 lika-

121 793 63 22 ledes
208 794 157 28 nytillkomna
380 802 66 14 mom.
464 798 11 19 3
492 795 65 22 torde
573 795 20 29 ej
609 794 92 29 påkalla
717 794 100 22 särskild
832 800 48 15 mo-

123 828 109 30 tivering.

131 890 2 2 =
191 864 51 22 Den
265 864 7 22 i
292 866 13 20 2
321 866 12 26 &
349 872 67 14 mom.
434 868 9 18 1
460 866 119 28 upptagna
595 864 177 29 bestämningen
788 866 34 20 att
836 872 45 14 ma-

122 899 85 29 gistrat
228 898 57 30 egde
300 900 63 21 inom
378 899 98 22 Januari
491 900 83 21 mänad
589 899 103 22 inhemta
707 898 173 23 stadsfullmäk-

124 934 67 28 tiges,
202 934 118 22 eventuelt
335 934 203 28 rädhusstämmas,
549 934 108 29 yttrande
667 934 119 28 angäende
794 934 88 21 antalet

122 968 298 29 försäljningsrättigheter,
443 976 48 14 som
514 968 36 22 för
571 968 134 29 päföljande
729 969 40 21 tvä
791 968 90 28 försälj-

122 1002 98 28 ningsär
234 1002 67 22 skola
315 1002 115 29 upplätas,
448 1002 42 22 och
506 1010 36 14 om
558 1002 27 22 de
600 1002 88 22 trakter
703 1002 25 22 af
741 1002 88 28 staden,
840 1002 41 22 der

123 1037 237 29 försäljningsställen
382 1036 37 23 för
441 1037 162 22 minuthandel
621 1037 52 21 med
689 1038 66 21 viner
770 1037 42 22 och
829 1044 50 14 sva-

124 1079 53 21 gare
193 1071 138 29 rusdrycker
346 1071 52 22 icke
412 1071 24 22 fä
451 1071 82 26 finnas,
550 1072 41 21 har
606 1073 66 27 synts
688 1071 118 29 olämplig,
822 1079 59 14 eme-

123 1106 45 22 dan
192 1106 39 22 det
254 1106 97 29 slutliga
372 1106 138 29 afgörandet
532 1106 25 22 af
577 1106 130 22 inlemnade
723 1106 158 28 ansökningar

124 1148 36 15 om
176 1140 266 30 försäljningsrättighet
457 1141 133 29 derigenom
606 1141 75 22 skulle
692 1141 92 21 komma
794 1143 34 19 att
839 1140 41 22 ske

123 1176 25 21 sä
164 1178 58 25 sent,
239 1178 34 19 att
289 1176 44 22 den
349 1176 94 28 vanliga
458 1176 65 22 tiden
538 1176 36 22 för
589 1176 114 28 ingäende
719 1175 26 22 af
753 1175 129 29 hyresaftal

123 1210 71 22 redan
217 1210 84 28 utgätt.
332 1210 33 22 Pä
387 1210 76 29 grund
486 1210 67 22 häraf
568 1210 70 22 hafva
655 1210 128 22 Ständerna
799 1210 82 22 ändrat

124 1245 101 22 nämnda
247 1245 195 28 tidsbestämning
464 1245 93 28 derhän,
581 1247 35 20 att
639 1245 150 28 magistraten
812 1245 71 21 borde

124 1279 104 22 inhemta
244 1280 82 21 sädant
340 1279 109 29 yttrande
464 1280 63 21 inom
543 1279 102 22 Oktober
660 1279 89 22 mänad.

193 1314 35 21 Af
247 1321 67 15 mom.
331 1317 12 19 3
359 1314 44 21 och
419 1317 12 18 4
447 1314 7 21 i
471 1317 11 19 3
499 1316 12 25 $
527 1314 41 22 har
583 1313 85 22 bildats
684 1321 28 14 en
728 1321 32 21 ny
776 1313 110 29 paragraf

126 1349 22 26 (6
165 1350 28 26 &),
209 1348 127 29 hvarjemte
347 1348 8 21 i
365 1348 267 28 författningsförslaget
642 1348 83 21 införts
737 1347 147 29 bestämning

126 1390 37 13 om
180 1383 20 27 ej
217 1382 88 21 mindre
322 1382 227 27 sterbhusdelegares
564 1385 47 19 rätt
625 1384 35 19 att
674 1382 109 21 fortsätta
798 1382 86 21 afliden

124 1423 95 22 persons
238 1416 84 21 rörelse
342 1418 21 24 (4
379 1417 23 26 8)
417 1419 30 18 än
463 1423 37 14 om
515 1415 172 28 behandlingen
702 1415 41 22 hos
761 1415 122 22 stadsfull-

124 1450 103 29 mäktige
243 1450 55 22 eller
313 1449 40 23 vid
368 1449 184 24 rädhusstämma
567 1449 26 23 af
605 1449 84 23 ärende
705 1449 118 30 angående
834 1449 45 23 för-
