1131 1770
476 125 44 23 N:o
541 126 39 23 29.
865 124 11 20 7

152 192 113 22 arbetaren
288 192 47 21 icke
358 192 92 27 åtnjuter
472 192 116 22 understöd
610 192 47 22 från
681 192 69 28 någon
774 192 57 27 sjuk-
854 191 52 21 eller

153 226 128 27 hjelpkassa.
311 226 129 27 Härigenom
456 232 62 21 synes
534 227 190 27 arbetsgifvarenes
741 226 40 21 och
796 226 108 21 arbetare-

153 266 36 15 nes
212 260 90 22 intresse
326 260 32 21 för
382 260 25 21 de
430 260 101 28 frivilliga
554 260 151 28 sjukkassorna
720 260 72 21 kunna
807 260 97 26 upprätt-

151 294 76 21 hållas.
257 294 114 22 Dessutom
394 296 24 19 är
436 294 142 22 nästberörda
595 294 118 27 stadgande
728 294 35 21 väl
779 294 78 27 egnadt
872 295 33 19 att

152 329 111 21 motverka
286 334 25 16 en
334 335 77 15 annars
431 329 104 27 möjligen,
552 329 7 21 i
574 328 52 28 följd
642 329 60 21 deraf
716 330 33 20 att
764 328 140 26 ersättnings-

149 363 149 27 skyldigheten
316 369 77 21 genom
412 363 146 27 försäkringen
572 363 70 21 blifvit
658 362 135 28 öfverflyttad
808 362 47 21 från
871 368 33 15 ar-

152 398 143 26 betsgifvaren
310 398 28 26 på
352 398 247 26 försäkringsanstalten,
614 397 173 27 uppkommande
798 396 106 27 förslapp-

151 432 50 27 ning
224 432 38 21 hos
285 432 180 27 arbetsgifvarene
487 432 33 21 för
543 432 129 26 vidtagande
687 431 23 21 af
723 430 181 27 skyddsåtgärder

149 466 35 21 till
199 466 173 21 förekommande
388 466 23 21 af
425 466 109 27 olycksfall
550 466 8 21 i
573 466 91 21 arbetet.

219 500 104 27 Beloppet
346 500 23 21 af
386 501 144 26 ersättningen
549 500 33 22 till
598 500 83 21 skadad
696 500 99 21 arbetare
811 499 44 25 har,
871 499 33 20 för

148 537 34 19 att
198 537 53 25 göra
270 535 146 27 försäkringen
435 535 33 21 för
483 535 168 26 arbetsgifvaren
667 535 25 20 så
706 534 48 21 litet
769 533 134 26 betungande

150 575 45 15 som
212 569 88 27 möjligt,
321 570 111 26 upptagits
448 570 23 20 så
487 569 44 27 lågt
547 572 32 18 att
595 569 123 21 densamma
732 570 119 19 motsvarar
867 574 37 14 en-

151 604 47 22 dast
221 606 31 19 ett
275 604 212 21 existensminimum.
518 604 28 21 Af
568 610 81 15 samma
653 597 10 37 -
672 602 115 27 anledning
809 602 46 26 har,
871 601 33 21 för

149 639 41 21 den
206 638 101 22 händelse
324 638 111 27 olycksfall
450 638 126 22 förorsakar
591 639 40 21 den
646 638 105 22 skadades
767 638 48 26 död,
827 637 77 21 under-

149 673 133 27 hållsbidrag
290 673 109 27 upptagits
407 673 76 22 endast
491 673 33 21 för
533 674 55 20 enka
596 673 40 21 och
644 673 53 21 barn
705 672 67 22 under
783 672 79 21 femton
872 672 30 26 år,

149 714 49 15 men
216 708 48 21 icke
279 708 33 20 för
327 707 118 27 aflägsnare
461 708 109 27 anhöriga,
586 707 83 22 hvilkas
684 706 116 28 försörjare
815 706 41 22 den
873 706 30 21 af-

150 742 57 21 lidne
222 742 100 28 möjligen
337 742 61 21 varit.
429 742 32 22 De
476 742 128 22 härutinnan
620 740 172 23 förekommande
808 740 94 22 alterna-

149 776 45 22 tiva
210 776 159 28 bestämningar
392 777 44 21 afse
460 777 159 27 försäkringens
642 776 169 27 möjliggörande
837 775 66 21 under

150 811 42 21 alla
208 810 156 23 förhållanden.

217 845 47 22 Den
281 846 153 28 obligatoriska
450 846 269 28 olycksfallsförsäkringen
730 846 128 21 förutsätter
870 845 33 20 att

149 880 33 21 för
205 880 161 28 försäkringens
389 882 139 27 upptagande
552 882 105 21 anstalter
676 880 76 27 finnas,
768 886 45 15 som
829 881 74 20 kunna

148 914 78 28 bevilja
241 915 149 28 försäkringen
406 917 29 26 på
452 916 108 27 möjligast
574 915 128 27 förmånliga
716 915 69 21 vilkor
801 914 39 22 och
856 914 46 21 der-

146 949 67 28 jemte
236 950 70 21 lemna
328 951 86 26 garanti
429 951 34 21 för
478 951 33 20 att
528 950 176 27 ersättningarna
718 949 70 22 under
803 949 42 21 alla
860 948 42 21 för-

149 984 115 22 hållanden
287 985 81 21 utfalla.
399 985 9 22 I
431 992 26 15 en
480 985 34 22 del
536 985 80 26 länder,
640 985 7 20 i
669 984 71 21 hvilka
764 983 139 28 obligatorisk

149 1019 243 27 olycksfallsförsäkring
414 1020 23 21 af
462 1019 98 22 arbetare
581 1019 84 26 införts,
688 1019 69 21 finnas
781 1017 33 23 för
838 1017 65 22 ända-

149 1053 65 22 målet
233 1054 110 21 inrättade
362 1054 106 22 särskilda
484 1053 246 28 försäkringsanstalter,
747 1058 45 16 som
807 1052 47 21 icke
870 1057 33 15 ar-

147 1088 52 22 beta
214 1089 7 20 i
236 1088 156 28 vinstgifvande
413 1089 61 27 syfte.
504 1089 11 21 I
530 1088 68 22 andra
614 1088 75 21 länder
705 1088 52 26 åter,
774 1087 38 21 der
827 1086 75 27 frågan

147 1129 36 15 om
199 1123 371 27 arbetareolycksfallsförsäkringen
584 1124 76 26 bragts
676 1124 12 20 å
702 1122 62 26 bane,
775 1122 40 21 har
825 1120 77 28 ifråga-

149 1158 55 21 satts
219 1157 111 22 bildandet
346 1157 22 22 af
382 1165 26 15 en
424 1158 32 21 för
471 1158 48 21 hela
534 1158 74 22 landet
624 1158 80 26 afsedd,
720 1157 29 27 på
768 1158 84 20 statens
867 1155 36 21 be-

148 1192 94 21 kostnad
258 1192 97 22 inrättad
371 1192 37 22 och
424 1192 107 22 förvaltad
546 1191 215 27 försäkringsanstalt
776 1191 34 21 för
825 1190 78 27 ifråga-

148 1226 95 22 varande
266 1226 105 22 ändamål,
402 1226 43 22 Det
467 1233 49 21 eger
538 1226 124 27 visserligen
685 1226 39 21 sitt
746 1225 52 22 fulla
813 1224 89 22 berätti-

148 1260 70 27 gande
241 1262 33 20 att
299 1260 371 28 arbetareolycksfallsförsäkringen
693 1260 39 22 bör
748 1260 108 22 anordnas
872 1260 30 25 så,

148 1296 34 20 att
198 1295 41 21 den
254 1294 74 22 blifver
344 1295 107 28 möjligast
465 1295 59 27 billig
540 1296 38 21 och
594 1295 69 26 säker,
679 1295 38 21 och
732 1295 83 27 möjligt
831 1296 24 20 är
870 1296 34 20 att

150 1329 97 22 enskilda
262 1329 240 28 försäkringsanstalter
517 1329 46 22 icke
578 1330 74 21 kunna
667 1331 97 26 upptaga
780 1329 70 21 denna
860 1329 43 21 för-

150 1363 154 28 säkringsgren
327 1364 29 27 på
374 1363 43 22 lika
431 1363 73 28 billiga
519 1364 75 27 vilkor,
610 1370 45 15 som
671 1370 25 15 en
712 1363 34 22 för
761 1364 61 21 detta
838 1363 65 22 ända-

148 1397 42 21 mål
206 1397 39 21 och
261 1399 53 19 utan
330 1398 141 26 påräknande
486 1398 23 20 af
522 1398 56 21 vinst
594 1399 102 20 särskildt
712 1398 138 26 organiserad
860 1397 44 20 för-
