1092 1767
342 128 27 24 U.
385 130 27 21 B.
429 142 26 3 —
470 130 73 28 Prop.
559 130 41 22 N:o
616 130 35 22 24.
817 130 26 22 41

124 187 144 22 statsverket
283 188 42 21 och
339 193 59 21 resp.
415 188 77 22 städer
507 189 60 21 varit
582 190 35 20 ett
632 189 110 21 omvändt
754 190 50 19 mot
814 188 60 21 hvad

125 222 35 20 vid
182 222 139 26 beviljandet
343 222 26 20 af
388 222 99 21 nämnda
509 223 78 26 bidrag
608 223 26 20 af
652 223 151 26 Björneborgs
822 222 51 22 stad

122 255 133 27 förutsatts,
274 255 3 21 i
294 256 39 20 det
351 256 36 21 att
403 256 76 21 säsom
495 256 60 26 regel
570 257 62 25 gällt,
648 258 37 20 att
700 256 117 27 byggande
832 256 42 22 och

122 289 118 21 underhåll
263 289 26 21 af
308 289 95 26 kajerna
426 290 128 21 ankommit
576 290 13 21 å
611 296 59 20 resp.
693 290 83 26 städer,
793 290 81 21 medan

122 323 145 21 statsverket
287 323 74 21 dertill
379 323 87 22 lemnat
485 324 81 22 endast
582 325 34 20 ett
631 324 42 21 fixt
688 324 78 27 bidrag
781 324 41 21 och
837 325 36 19 nö-

122 357 37 27 dig
174 357 175 27 arbetsledning.
380 357 41 21 Ett
435 358 136 26 frångående
586 358 26 20 af
625 358 72 21 denna
712 358 92 26 princip,
819 358 54 20 hvil-

122 391 45 21 ken
190 392 25 20 är
238 391 53 21 fullt
315 391 102 27 sakenlig
439 392 69 22 redan
527 392 29 26 på
571 392 42 21 den
628 392 71 26 grund
715 393 36 20 att
767 392 107 21 städerna

122 425 159 27 tillgodonjuta
303 425 26 21 de
352 426 35 21 för
409 426 112 22 hamnens
545 426 41 22 och
608 426 106 26 kajernas
730 426 144 26 begagnande

122 459 79 22 åsatta
223 460 77 21 hamn-
321 460 40 21 och
380 460 170 27 broafgifterna,
566 462 25 20 är
606 460 7 21 i
629 460 148 22 förevarande
793 460 40 20 fall
848 460 27 21 så

122 494 95 27 mycket
239 494 86 22 mindre
348 495 145 26 motiveradt,
511 501 49 15 som
582 494 235 28 hamnanläggningen
834 495 40 21 och

122 528 199 28 kajbyggnaderna
337 530 38 20 vid
389 529 144 27 Mäntyluoto
549 530 6 20 i
572 530 70 21 minst
657 529 53 26 lika,
726 535 37 15 om
774 530 20 26 ej
805 529 69 27 högre

123 564 55 25 grad
200 563 105 27 påkallas
327 564 26 20 af
373 564 151 27 Björneborgs
547 564 63 21 stads
630 565 82 25 export
727 564 41 21 och
783 564 91 26 import,

124 603 49 16 som
188 598 35 20 för
238 597 38 22 det
291 598 48 21 inre
349 598 90 22 landets
449 598 26 21 af
482 599 124 26 jernvägen
616 598 138 21 förmedlade
768 596 104 23 rörelse.”

122 632 60 21 Enär
197 632 126 22 emellertid
338 632 151 27 Björneborgs
505 633 51 21 stad
572 633 67 21 redan
655 632 71 21 iklädt
743 632 33 26 sig
786 632 88 26 ganska

122 666 129 26 betydande
273 666 154 27 uppoffringar
449 666 35 21 för
507 666 139 22 erhållandet
666 667 24 20 af
702 667 96 26 jernväg
814 668 61 19 samt

122 701 129 27 yttermera
273 700 34 22 får
330 701 109 27 nedlägga
463 702 63 20 stora
547 701 125 21 kostnader
694 701 34 21 för
751 700 125 22 ordnandet

123 734 26 22 af
168 734 241 22 hamnförhållandena
431 735 38 21 vid
491 735 150 27 Mäntyluoto,
660 741 70 21 synes
748 735 39 21 det
802 734 73 27 billigt

124 770 36 21 att
176 770 78 21 staten
265 769 35 21 för
316 769 143 22 sistnämnda
475 770 105 21 ändamål
592 770 86 22 lemnar
691 769 85 27 skäligt
787 769 87 26 bidrag;

124 804 41 21 och
181 804 42 20 har
237 805 118 20 utskottet
370 805 58 20 trott
445 804 33 26 sig
493 804 5 20 i
515 804 83 22 sådant
608 804 106 22 afseende
725 804 55 21 böra
790 802 84 23 föreslå

124 844 26 16 en
174 844 92 15 summa
288 838 25 21 af
333 838 93 27 250,000
447 839 72 27 mark,
542 838 29 28 pä
593 839 38 21 det
653 838 155 27 Björneborgs
822 838 52 21 stad

124 872 49 22 icke
190 872 72 22 skulle
277 873 99 21 behöfva
391 873 65 21 anslä
471 879 64 15 mera
549 875 29 20 än
594 874 26 21 de
634 872 26 22 af
669 874 81 21 staden
760 873 114 21 allaredan

124 907 109 21 voterade
248 907 93 27 300,000
354 907 73 26 mark,
443 907 69 21 äfven
527 914 37 15 om
579 907 222 27 kostnadsförslaget
816 907 7 21 i
838 906 36 22 nä-

124 947 43 21 gon
183 942 86 21 mindre
287 941 54 22 män
356 941 91 22 komme
462 943 36 20 att
513 942 162 26 öfverskridas,
691 942 54 21 eller
760 942 43 21 den
818 942 6 20 i
840 942 35 21 ett

125 976 25 20 af
163 974 255 29 petitionsmemorialen
435 976 127 22 förutsatta
581 976 163 27 utvidgningen
760 976 26 21 af
798 976 76 21 hamn-

124 1010 104 21 området
251 1010 69 22 blifve
339 1010 134 28 nödvändig.
503 1010 90 22 Jemväl
609 1016 71 21 synes
699 1010 106 22 afseende
820 1010 56 20 böra

124 1044 77 22 fästas
216 1045 83 26 dervid,
316 1046 36 20 att
371 1045 27 21 de
413 1044 26 22 af
456 1045 80 21 staden
552 1045 138 27 Björneborg
704 1044 5 20 i
726 1044 150 22 förevarande

126 1079 106 22 afseende
254 1079 88 22 fattade
365 1079 104 22 besluten
489 1081 38 25 egt
542 1085 51 16 rum
607 1079 78 22 "under
703 1079 38 21 det
759 1078 117 26 förbehåll,

125 1114 36 21 att
176 1114 145 20 hamnbanan
335 1113 62 21 inom
411 1113 116 27 utgången
543 1114 25 20 af
581 1114 25 21 år
622 1113 56 21 1897
691 1112 66 22 befve
767 1112 109 28 upplåten

125 1147 35 21 för
175 1146 89 23 trafik."

195 1319 49 21 Den
262 1319 71 21 andra
352 1319 81 25 banan,
450 1318 92 22 hvilken
560 1318 29 27 på
608 1318 71 27 grund
698 1316 25 22 af
738 1317 27 21 de
780 1316 98 22 fördelar

127 1354 134 20 densamma
276 1353 103 27 erbjuder
394 1353 7 20 i
417 1352 65 27 fråga
497 1358 37 15 om
548 1352 147 22 rentabiliten
709 1352 68 21 borde
787 1351 91 22 utföras

127 1388 47 20 före
199 1387 255 26 Keuru—Jyväskylä—
463 1386 103 21 Suolahti
588 1387 94 25 jernväg
701 1386 40 20 och
761 1386 117 26 samtidigt

126 1420 52 22 med
201 1420 228 27 Mäntyluoto-banan
452 1420 68 21 borde
542 1420 108 26 beläggas
672 1419 51 21 med
746 1419 84 26 arbete,
853 1420 25 19 är

195 1470 179 23 Jernvägsutskottets
386 1470 110 18 betänkande
508 1470 35 18 N:o
556 1470 17 17 2.
