<?xml version="1.0" encoding="UTF-8"?>
<alto xmlns="http://www.loc.gov/standards/alto/ns-v3#" xmlns:xlink="http://www.w3.org/1999/xlink" xmlns:xsi="http://www.w3.org/2001/XMLSchema-instance" xsi:schemaLocation="http://www.loc.gov/standards/alto/ns-v3# http://www.loc.gov/alto/v3/alto-3-0.xsd">
	<Description>
		<MeasurementUnit>pixel</MeasurementUnit>
		<sourceImageInformation>
			<fileName>/tmp/tess_tcz44el1_input.PNG</fileName>
		</sourceImageInformation>
		<OCRProcessing ID="OCR_0">
			<ocrProcessingStep>
				<processingSoftware>
					<softwareName>tesseract 5.3.4</softwareName>
				</processingSoftware>
			</ocrProcessingStep>
		</OCRProcessing>
	</Description>
	<Layout>
		<Page WIDTH="1125" HEIGHT="1767" PHYSICAL_IMG_NR="0" ID="page_0">
			<PrintSpace HPOS="0" VPOS="0" WIDTH="1125" HEIGHT="1767">
				<Illustration ID="cblock_0" HPOS="662" VPOS="247" WIDTH="42" HEIGHT="22"></Illustration>
				<ComposedBlock ID="cblock_1" HPOS="202" VPOS="247" WIDTH="819" HEIGHT="245">
					<TextBlock ID="block_0" HPOS="202" VPOS="247" WIDTH="819" HEIGHT="245">
						<TextLine ID="line_0" HPOS="516" VPOS="247" WIDTH="144" HEIGHT="22">
							<String ID="string_0" HPOS="516" VPOS="247" WIDTH="144" HEIGHT="22" WC="0.90" CONTENT="1895—18"/>
						</TextLine>
						<TextLine ID="line_1" HPOS="407" VPOS="315" WIDTH="407" HEIGHT="29">
							<String ID="string_1" HPOS="407" VPOS="315" WIDTH="407" HEIGHT="29" WC="0.91" CONTENT="Sammandrags-kalkyl:"/>
						</TextLine>
						<TextLine ID="line_2" HPOS="202" VPOS="378" WIDTH="662" HEIGHT="22">
							<String ID="string_2" HPOS="202" VPOS="378" WIDTH="106" HEIGHT="22" WC="0.92" CONTENT="Tillgängar:"/><SP WIDTH="13" VPOS="378" HPOS="308"/>
							<String ID="string_3" HPOS="321" VPOS="379" WIDTH="92" HEIGHT="16" WC="0.96" CONTENT="inkomster"/><SP WIDTH="12" VPOS="379" HPOS="413"/>
							<String ID="string_4" HPOS="425" VPOS="378" WIDTH="17" HEIGHT="17" WC="0.96" CONTENT="är"/><SP WIDTH="14" VPOS="378" HPOS="442"/>
							<String ID="string_5" HPOS="456" VPOS="379" WIDTH="41" HEIGHT="21" WC="0.96" CONTENT="1895"/><SP WIDTH="234" VPOS="379" HPOS="497"/>
							<String ID="string_6" HPOS="731" VPOS="383" WIDTH="98" HEIGHT="17" WC="0.63" CONTENT="5,110,000:"/><SP WIDTH="13" VPOS="383" HPOS="829"/>
							<String ID="string_7" HPOS="842" VPOS="388" WIDTH="22" HEIGHT="2" WC="0.93" CONTENT="—"/>
						</TextLine>
						<TextLine ID="line_3" HPOS="360" VPOS="408" WIDTH="502" HEIGHT="22">
							<String ID="string_8" HPOS="360" VPOS="420" WIDTH="10" HEIGHT="10" WC="0.73" CONTENT="v"/><SP WIDTH="60" VPOS="420" HPOS="370"/>
							<String ID="string_9" HPOS="430" VPOS="420" WIDTH="10" HEIGHT="7" WC="0.86" CONTENT="»"/><SP WIDTH="16" VPOS="420" HPOS="440"/>
							<String ID="string_10" HPOS="456" VPOS="408" WIDTH="42" HEIGHT="20" WC="0.84" CONTENT="1896"/><SP WIDTH="32" VPOS="408" HPOS="498"/>
							<String ID="string_11" HPOS="530" VPOS="420" WIDTH="4" HEIGHT="5" WC="0.72" CONTENT="."/><SP WIDTH="196" VPOS="420" HPOS="534"/>
							<String ID="string_12" HPOS="730" VPOS="411" WIDTH="97" HEIGHT="17" WC="0.36" CONTENT="5,014,000:"/><SP WIDTH="13" VPOS="411" HPOS="827"/>
							<String ID="string_13" HPOS="840" VPOS="417" WIDTH="22" HEIGHT="3" WC="0.91" CONTENT="—"/>
						</TextLine>
						<TextLine ID="line_4" HPOS="359" VPOS="436" WIDTH="662" HEIGHT="26">
							<String ID="string_14" HPOS="359" VPOS="448" WIDTH="10" HEIGHT="7" WC="0.79" CONTENT="»"/><SP WIDTH="59" VPOS="448" HPOS="369"/>
							<String ID="string_15" HPOS="428" VPOS="449" WIDTH="12" HEIGHT="8" WC="0.90" CONTENT="»"/><SP WIDTH="14" VPOS="449" HPOS="440"/>
							<String ID="string_16" HPOS="454" VPOS="436" WIDTH="42" HEIGHT="21" WC="0.96" CONTENT="1897"/><SP WIDTH="203" VPOS="436" HPOS="496"/>
							<String ID="string_17" HPOS="699" VPOS="449" WIDTH="4" HEIGHT="3" WC="0.66" CONTENT="+"/><SP WIDTH="24" VPOS="449" HPOS="703"/>
							<String ID="string_18" HPOS="727" VPOS="436" WIDTH="97" HEIGHT="20" WC="0.28" CONTENT="4,;788,000:"/><SP WIDTH="13" VPOS="436" HPOS="824"/>
							<String ID="string_19" HPOS="837" VPOS="445" WIDTH="23" HEIGHT="3" WC="0.84" CONTENT="—"/><SP WIDTH="20" VPOS="445" HPOS="860"/>
							<String ID="string_20" HPOS="880" VPOS="445" WIDTH="106" HEIGHT="17" WC="0.89" CONTENT="14,912,000:"/><SP WIDTH="13" VPOS="445" HPOS="986"/>
							<String ID="string_21" HPOS="999" VPOS="451" WIDTH="22" HEIGHT="3" WC="0.92" CONTENT="—"/>
						</TextLine>
						<TextLine ID="line_5" HPOS="269" VPOS="470" WIDTH="752" HEIGHT="22">
							<String ID="string_22" HPOS="269" VPOS="470" WIDTH="51" HEIGHT="17" WC="0.96" CONTENT="Netto"/><SP WIDTH="12" VPOS="470" HPOS="320"/>
							<String ID="string_23" HPOS="332" VPOS="470" WIDTH="19" HEIGHT="16" WC="0.96" CONTENT="af"/><SP WIDTH="10" VPOS="470" HPOS="351"/>
							<String ID="string_24" HPOS="361" VPOS="473" WIDTH="23" HEIGHT="13" WC="0.93" CONTENT="ett"/><SP WIDTH="12" VPOS="473" HPOS="384"/>
							<String ID="string_25" HPOS="396" VPOS="470" WIDTH="112" HEIGHT="22" WC="0.91" CONTENT="projekteradt"/><SP WIDTH="12" VPOS="470" HPOS="508"/>
							<String ID="string_26" HPOS="520" VPOS="473" WIDTH="35" HEIGHT="19" WC="0.96" CONTENT="nytt"/><SP WIDTH="11" VPOS="473" HPOS="555"/>
							<String ID="string_27" HPOS="566" VPOS="470" WIDTH="28" HEIGHT="17" WC="0.96" CONTENT="län"/><SP WIDTH="12" VPOS="470" HPOS="594"/>
							<String ID="string_28" HPOS="606" VPOS="473" WIDTH="10" HEIGHT="14" WC="0.74" CONTENT="a"/><SP WIDTH="14" VPOS="473" HPOS="616"/>
							<String ID="string_29" HPOS="630" VPOS="475" WIDTH="19" HEIGHT="12" WC="0.96" CONTENT="12"/><SP WIDTH="12" VPOS="475" HPOS="649"/>
							<String ID="string_30" HPOS="661" VPOS="471" WIDTH="41" HEIGHT="20" WC="0.75" CONTENT="milj."/><SP WIDTH="12" VPOS="471" HPOS="702"/>
							<String ID="string_31" HPOS="714" VPOS="471" WIDTH="47" HEIGHT="16" WC="0.92" CONTENT="mark"/><SP WIDTH="37" VPOS="471" HPOS="761"/>
							<String ID="string_32" HPOS="798" VPOS="484" WIDTH="3" HEIGHT="3" WC="0.35" CONTENT="=."/><SP WIDTH="25" VPOS="484" HPOS="801"/>
							<String ID="string_33" HPOS="826" VPOS="483" WIDTH="4" HEIGHT="5" WC="0.88" CONTENT="."/><SP WIDTH="26" VPOS="483" HPOS="830"/>
							<String ID="string_34" HPOS="856" VPOS="483" WIDTH="3" HEIGHT="4" WC="0.90" CONTENT="."/><SP WIDTH="21" VPOS="483" HPOS="859"/>
							<String ID="string_35" HPOS="880" VPOS="474" WIDTH="105" HEIGHT="17" WC="0.91" CONTENT="11,400,000"/><SP WIDTH="13" VPOS="474" HPOS="985"/>
							<String ID="string_36" HPOS="998" VPOS="479" WIDTH="23" HEIGHT="2" WC="0.91" CONTENT="—"/>
						</TextLine>
					</TextBlock>
				</ComposedBlock>
				<ComposedBlock ID="cblock_2" HPOS="200" VPOS="555" WIDTH="450" HEIGHT="108">
					<TextBlock ID="block_1" HPOS="200" VPOS="555" WIDTH="450" HEIGHT="51">
						<TextLine ID="line_6" HPOS="200" VPOS="555" WIDTH="450" HEIGHT="22">
							<String ID="string_37" HPOS="200" VPOS="556" WIDTH="62" HEIGHT="17" WC="0.96" CONTENT="Balans"/><SP WIDTH="11" VPOS="556" HPOS="262"/>
							<String ID="string_38" HPOS="273" VPOS="555" WIDTH="36" HEIGHT="18" WC="0.96" CONTENT="från"/><SP WIDTH="12" VPOS="555" HPOS="309"/>
							<String ID="string_39" HPOS="321" VPOS="555" WIDTH="18" HEIGHT="17" WC="0.96" CONTENT="år"/><SP WIDTH="14" VPOS="555" HPOS="339"/>
							<String ID="string_40" HPOS="353" VPOS="557" WIDTH="47" HEIGHT="20" WC="0.96" CONTENT="1894."/><SP WIDTH="26" VPOS="557" HPOS="400"/>
							<String ID="string_41" HPOS="426" VPOS="557" WIDTH="52" HEIGHT="16" WC="0.96" CONTENT="Skuld"/><SP WIDTH="13" VPOS="557" HPOS="478"/>
							<String ID="string_42" HPOS="491" VPOS="557" WIDTH="25" HEIGHT="16" WC="0.96" CONTENT="till"/><SP WIDTH="12" VPOS="557" HPOS="516"/>
							<String ID="string_43" HPOS="528" VPOS="558" WIDTH="51" HEIGHT="16" WC="0.93" CONTENT="andra"/><SP WIDTH="12" VPOS="558" HPOS="579"/>
							<String ID="string_44" HPOS="591" VPOS="557" WIDTH="59" HEIGHT="16" WC="0.96" CONTENT="fonder"/>
						</TextLine>
						<TextLine ID="line_7" HPOS="201" VPOS="585" WIDTH="252" HEIGHT="21">
							<String ID="string_45" HPOS="201" VPOS="585" WIDTH="80" HEIGHT="21" WC="0.92" CONTENT="Utgifter:"/><SP WIDTH="13" VPOS="585" HPOS="281"/>
							<String ID="string_46" HPOS="294" VPOS="585" WIDTH="53" HEIGHT="16" WC="0.96" CONTENT="under"/><SP WIDTH="12" VPOS="585" HPOS="347"/>
							<String ID="string_47" HPOS="359" VPOS="585" WIDTH="18" HEIGHT="16" WC="0.96" CONTENT="är"/><SP WIDTH="14" VPOS="585" HPOS="377"/>
							<String ID="string_48" HPOS="391" VPOS="585" WIDTH="42" HEIGHT="21" WC="0.92" CONTENT="1895"/><SP WIDTH="16" VPOS="585" HPOS="433"/>
							<String ID="string_49" HPOS="449" VPOS="598" WIDTH="4" HEIGHT="5" WC="0.89" CONTENT="."/>
						</TextLine>
					</TextBlock>
					<TextBlock ID="block_2" HPOS="311" VPOS="614" WIDTH="140" HEIGHT="22">
						<TextLine ID="line_8" HPOS="311" VPOS="614" WIDTH="140" HEIGHT="22">
							<String ID="string_50" HPOS="311" VPOS="626" WIDTH="12" HEIGHT="10" WC="0.86" CONTENT="»"/><SP WIDTH="37" VPOS="626" HPOS="323"/>
							<String ID="string_51" HPOS="360" VPOS="626" WIDTH="10" HEIGHT="10" WC="0.69" CONTENT="»"/><SP WIDTH="20" VPOS="626" HPOS="370"/>
							<String ID="string_52" HPOS="390" VPOS="614" WIDTH="61" HEIGHT="21" WC="0.84" CONTENT="1896."/>
						</TextLine>
					</TextBlock>
					<TextBlock ID="block_3" HPOS="309" VPOS="643" WIDTH="143" HEIGHT="20">
						<TextLine ID="line_9" HPOS="309" VPOS="643" WIDTH="143" HEIGHT="20">
							<String ID="string_53" HPOS="309" VPOS="655" WIDTH="11" HEIGHT="8" WC="0.81" CONTENT="»"/><SP WIDTH="36" VPOS="655" HPOS="320"/>
							<String ID="string_54" HPOS="356" VPOS="655" WIDTH="11" HEIGHT="8" WC="0.73" CONTENT="»"/><SP WIDTH="23" VPOS="655" HPOS="367"/>
							<String ID="string_55" HPOS="390" VPOS="643" WIDTH="62" HEIGHT="20" WC="0.62" CONTENT="1897."/>
						</TextLine>
					</TextBlock>
				</ComposedBlock>
				<ComposedBlock ID="cblock_3" HPOS="199" VPOS="727" WIDTH="408" HEIGHT="28">
					<TextBlock ID="block_4" HPOS="199" VPOS="727" WIDTH="408" HEIGHT="28">
						<TextLine ID="line_10" HPOS="199" VPOS="727" WIDTH="408" HEIGHT="28">
							<String ID="string_56" HPOS="199" VPOS="727" WIDTH="75" HEIGHT="23" WC="0.96" CONTENT="Återstår"/><SP WIDTH="12" VPOS="727" HPOS="274"/>
							<String ID="string_57" HPOS="286" VPOS="736" WIDTH="23" HEIGHT="14" WC="0.96" CONTENT="att"/><SP WIDTH="12" VPOS="736" HPOS="309"/>
							<String ID="string_58" HPOS="321" VPOS="734" WIDTH="85" HEIGHT="16" WC="0.81" CONTENT="användas"/><SP WIDTH="13" VPOS="734" HPOS="406"/>
							<String ID="string_59" HPOS="419" VPOS="735" WIDTH="52" HEIGHT="16" WC="0.95" CONTENT="under"/><SP WIDTH="12" VPOS="735" HPOS="471"/>
							<String ID="string_60" HPOS="483" VPOS="733" WIDTH="17" HEIGHT="18" WC="0.94" CONTENT="är"/><SP WIDTH="15" VPOS="733" HPOS="500"/>
							<String ID="string_61" HPOS="515" VPOS="734" WIDTH="42" HEIGHT="21" WC="0.83" CONTENT="1898"/><SP WIDTH="18" VPOS="734" HPOS="557"/>
							<String ID="string_62" HPOS="575" VPOS="747" WIDTH="4" HEIGHT="4" WC="0.82" CONTENT="."/><SP WIDTH="25" VPOS="747" HPOS="579"/>
							<String ID="string_63" HPOS="604" VPOS="748" WIDTH="3" HEIGHT="5" WC="0.65" CONTENT="."/>
						</TextLine>
					</TextBlock>
				</ComposedBlock>
				<ComposedBlock ID="cblock_4" HPOS="705" VPOS="643" WIDTH="126" HEIGHT="21">
					<TextBlock ID="block_5" HPOS="705" VPOS="643" WIDTH="126" HEIGHT="21">
						<TextLine ID="line_11" HPOS="705" VPOS="643" WIDTH="126" HEIGHT="21">
							<String ID="string_64" HPOS="705" VPOS="655" WIDTH="4" HEIGHT="4" WC="0.30" CONTENT="2"/><SP WIDTH="24" VPOS="655" HPOS="709"/>
							<String ID="string_65" HPOS="733" VPOS="643" WIDTH="98" HEIGHT="21" WC="0.35" CONTENT="6,710,573:"/>
						</TextLine>
					</TextBlock>
				</ComposedBlock>
				<ComposedBlock ID="cblock_5" HPOS="746" VPOS="505" WIDTH="275" HEIGHT="22">
					<TextBlock ID="block_6" HPOS="746" VPOS="505" WIDTH="275" HEIGHT="22">
						<TextLine ID="line_12" HPOS="746" VPOS="505" WIDTH="275" HEIGHT="22">
							<String ID="string_66" HPOS="746" VPOS="505" WIDTH="70" HEIGHT="16" WC="0.93" CONTENT="Summa"/><SP WIDTH="12" VPOS="505" HPOS="816"/>
							<String ID="string_67" HPOS="828" VPOS="506" WIDTH="33" HEIGHT="21" WC="0.48" CONTENT="Fry"/><SP WIDTH="19" VPOS="506" HPOS="861"/>
							<String ID="string_68" HPOS="880" VPOS="505" WIDTH="106" HEIGHT="21" WC="0.90" CONTENT="26,312,000:"/><SP WIDTH="13" VPOS="505" HPOS="986"/>
							<String ID="string_69" HPOS="999" VPOS="514" WIDTH="22" HEIGHT="3" WC="0.93" CONTENT="—"/>
						</TextLine>
					</TextBlock>
				</ComposedBlock>
				<ComposedBlock ID="cblock_6" HPOS="733" VPOS="561" WIDTH="288" HEIGHT="74">
					<TextBlock ID="block_7" HPOS="733" VPOS="561" WIDTH="288" HEIGHT="74">
						<TextLine ID="line_13" HPOS="738" VPOS="561" WIDTH="283" HEIGHT="16">
							<String ID="string_70" HPOS="738" VPOS="570" WIDTH="38" HEIGHT="4" WC="0.50" CONTENT="koe"/><SP WIDTH="55" VPOS="570" HPOS="776"/>
							<String ID="string_71" HPOS="831" VPOS="569" WIDTH="4" HEIGHT="5" WC="0.45" CONTENT="&lt;"/><SP WIDTH="25" VPOS="569" HPOS="835"/>
							<String ID="string_72" HPOS="860" VPOS="569" WIDTH="3" HEIGHT="4" WC="0.35" CONTENT="+"/><SP WIDTH="26" VPOS="569" HPOS="863"/>
							<String ID="string_73" HPOS="889" VPOS="561" WIDTH="96" HEIGHT="16" WC="0.88" CONTENT="2,900,000:"/><SP WIDTH="13" VPOS="561" HPOS="985"/>
							<String ID="string_74" HPOS="998" VPOS="565" WIDTH="23" HEIGHT="4" WC="0.89" CONTENT="—"/>
						</TextLine>
						<TextLine ID="line_14" HPOS="733" VPOS="586" WIDTH="134" HEIGHT="21">
							<String ID="string_75" HPOS="733" VPOS="586" WIDTH="98" HEIGHT="21" WC="0.79" CONTENT="6,997,399:"/><SP WIDTH="13" VPOS="586" HPOS="831"/>
							<String ID="string_76" HPOS="844" VPOS="595" WIDTH="23" HEIGHT="2" WC="0.92" CONTENT="—"/>
						</TextLine>
						<TextLine ID="line_15" HPOS="733" VPOS="615" WIDTH="132" HEIGHT="20">
							<String ID="string_77" HPOS="733" VPOS="615" WIDTH="98" HEIGHT="20" WC="0.54" CONTENT="6,710,173:"/><SP WIDTH="14" VPOS="615" HPOS="831"/>
							<String ID="string_78" HPOS="845" VPOS="623" WIDTH="20" HEIGHT="3" WC="0.92" CONTENT="—"/>
						</TextLine>
					</TextBlock>
				</ComposedBlock>
				<Illustration ID="cblock_7" HPOS="824" VPOS="652" WIDTH="42" HEIGHT="4"></Illustration>
				<ComposedBlock ID="cblock_8" HPOS="850" VPOS="651" WIDTH="172" HEIGHT="52">
					<TextBlock ID="block_8" HPOS="850" VPOS="651" WIDTH="172" HEIGHT="52">
						<TextLine ID="line_16" HPOS="850" VPOS="651" WIDTH="172" HEIGHT="24">
							<String ID="string_79" HPOS="850" VPOS="651" WIDTH="172" HEIGHT="24" WC="0.0" CONTENT="20417745"/><SP WIDTH="-22" VPOS="651" HPOS="1022"/>
							<String ID="string_80" HPOS="1000" VPOS="647" WIDTH="25" HEIGHT="42" WC="0.80" CONTENT="—"/>
						</TextLine>
						<TextLine ID="line_17" HPOS="879" VPOS="686" WIDTH="142" HEIGHT="17">
							<String ID="string_81" HPOS="879" VPOS="686" WIDTH="108" HEIGHT="17" WC="0.56" CONTENT="23,317,745:"/><SP WIDTH="12" VPOS="686" HPOS="987"/>
							<String ID="string_82" HPOS="999" VPOS="691" WIDTH="22" HEIGHT="4" WC="0.91" CONTENT="—"/>
						</TextLine>
					</TextBlock>
				</ComposedBlock>
				<ComposedBlock ID="cblock_9" HPOS="661" VPOS="732" WIDTH="360" HEIGHT="33">
					<TextBlock ID="block_9" HPOS="661" VPOS="732" WIDTH="360" HEIGHT="33">
						<TextLine ID="line_18" HPOS="661" VPOS="732" WIDTH="360" HEIGHT="33">
							<String ID="string_83" HPOS="661" VPOS="747" WIDTH="32" HEIGHT="4" WC="0.45" CONTENT="Aa"/><SP WIDTH="26" VPOS="747" HPOS="693"/>
							<String ID="string_84" HPOS="719" VPOS="731" WIDTH="15" HEIGHT="27" WC="0.5" CONTENT="HL"/><SP WIDTH="13" VPOS="731" HPOS="734"/>
							<String ID="string_85" HPOS="747" VPOS="747" WIDTH="61" HEIGHT="4" WC="0.43" CONTENT="ssa"/><SP WIDTH="25" VPOS="747" HPOS="808"/>
							<String ID="string_86" HPOS="833" VPOS="747" WIDTH="3" HEIGHT="4" WC="0.26" CONTENT="MO"/><SP WIDTH="25" VPOS="747" HPOS="836"/>
							<String ID="string_87" HPOS="861" VPOS="747" WIDTH="4" HEIGHT="4" WC="0.26" CONTENT="SN"/><SP WIDTH="25" VPOS="747" HPOS="865"/>
							<String ID="string_88" HPOS="890" VPOS="732" WIDTH="95" HEIGHT="33" WC="0.82" CONTENT="2,994,255:"/><SP WIDTH="19" VPOS="732" HPOS="985"/>
							<String ID="string_89" HPOS="1004" VPOS="743" WIDTH="17" HEIGHT="3" WC="0.85" CONTENT="—"/>
						</TextLine>
					</TextBlock>
				</ComposedBlock>
				<ComposedBlock ID="cblock_10" HPOS="748" VPOS="768" WIDTH="273" HEIGHT="21">
					<TextBlock ID="block_10" HPOS="748" VPOS="768" WIDTH="273" HEIGHT="21">
						<TextLine ID="line_19" HPOS="748" VPOS="768" WIDTH="273" HEIGHT="21">
							<String ID="string_90" HPOS="748" VPOS="769" WIDTH="68" HEIGHT="16" WC="0.93" CONTENT="Summa"/><SP WIDTH="12" VPOS="769" HPOS="816"/>
							<String ID="string_91" HPOS="828" VPOS="768" WIDTH="35" HEIGHT="21" WC="0.33" CONTENT="Fay"/><SP WIDTH="15" VPOS="768" HPOS="863"/>
							<String ID="string_92" HPOS="878" VPOS="769" WIDTH="109" HEIGHT="20" WC="0.89" CONTENT="26,312,000:"/><SP WIDTH="12" VPOS="769" HPOS="987"/>
							<String ID="string_93" HPOS="999" VPOS="777" WIDTH="22" HEIGHT="3" WC="0.91" CONTENT="—"/>
						</TextLine>
					</TextBlock>
				</ComposedBlock>
				<ComposedBlock ID="cblock_11" HPOS="199" VPOS="859" WIDTH="822" HEIGHT="80">
					<TextBlock ID="block_11" HPOS="199" VPOS="859" WIDTH="822" HEIGHT="80">
						<TextLine ID="line_20" HPOS="199" VPOS="859" WIDTH="822" HEIGHT="22">
							<String ID="string_94" HPOS="199" VPOS="860" WIDTH="50" HEIGHT="16" WC="0.91" CONTENT="Anm."/><SP WIDTH="24" VPOS="860" HPOS="249"/>
							<String ID="string_95" HPOS="273" VPOS="860" WIDTH="121" HEIGHT="21" WC="0.76" CONTENT="Tillökningen"/><SP WIDTH="12" VPOS="860" HPOS="394"/>
							<String ID="string_96" HPOS="406" VPOS="859" WIDTH="5" HEIGHT="16" WC="0.93" CONTENT="i"/><SP WIDTH="13" VPOS="859" HPOS="411"/>
							<String ID="string_97" HPOS="424" VPOS="859" WIDTH="161" HEIGHT="22" WC="0.91" CONTENT="Statsjernvägarnes"/><SP WIDTH="12" VPOS="859" HPOS="585"/>
							<String ID="string_98" HPOS="597" VPOS="860" WIDTH="148" HEIGHT="17" WC="0.93" CONTENT="bruttoinkomster"/><SP WIDTH="12" VPOS="860" HPOS="745"/>
							<String ID="string_99" HPOS="757" VPOS="859" WIDTH="35" HEIGHT="17" WC="0.96" CONTENT="från"/><SP WIDTH="13" VPOS="859" HPOS="792"/>
							<String ID="string_100" HPOS="805" VPOS="859" WIDTH="17" HEIGHT="17" WC="0.96" CONTENT="är"/><SP WIDTH="12" VPOS="859" HPOS="822"/>
							<String ID="string_101" HPOS="834" VPOS="860" WIDTH="25" HEIGHT="16" WC="0.96" CONTENT="till"/><SP WIDTH="13" VPOS="860" HPOS="859"/>
							<String ID="string_102" HPOS="872" VPOS="859" WIDTH="17" HEIGHT="17" WC="0.93" CONTENT="är"/><SP WIDTH="8" VPOS="859" HPOS="889"/>
							<String ID="string_103" HPOS="897" VPOS="860" WIDTH="30" HEIGHT="16" WC="0.93" CONTENT="har"/><SP WIDTH="10" VPOS="860" HPOS="927"/>
							<String ID="string_104" HPOS="937" VPOS="859" WIDTH="23" HEIGHT="16" WC="0.96" CONTENT="uti"/><SP WIDTH="7" VPOS="859" HPOS="960"/>
							<String ID="string_105" HPOS="967" VPOS="860" WIDTH="54" HEIGHT="15" WC="0.96" CONTENT="denna"/>
						</TextLine>
						<TextLine ID="line_21" HPOS="278" VPOS="887" WIDTH="743" HEIGHT="23">
							<String ID="string_106" HPOS="278" VPOS="888" WIDTH="58" HEIGHT="21" WC="0.96" CONTENT="kalkyl"/><SP WIDTH="17" VPOS="888" HPOS="336"/>
							<String ID="string_107" HPOS="353" VPOS="888" WIDTH="85" HEIGHT="22" WC="0.96" CONTENT="upptagits"/><SP WIDTH="18" VPOS="888" HPOS="438"/>
							<String ID="string_108" HPOS="456" VPOS="888" WIDTH="25" HEIGHT="16" WC="0.93" CONTENT="till"/><SP WIDTH="18" VPOS="888" HPOS="481"/>
							<String ID="string_109" HPOS="499" VPOS="888" WIDTH="70" HEIGHT="17" WC="0.92" CONTENT="allenast"/><SP WIDTH="13" VPOS="888" HPOS="569"/>
							<String ID="string_110" HPOS="582" VPOS="893" WIDTH="73" HEIGHT="17" WC="0.92" CONTENT="500,000"/><SP WIDTH="12" VPOS="893" HPOS="655"/>
							<String ID="string_111" HPOS="667" VPOS="889" WIDTH="40" HEIGHT="21" WC="0.54" CONTENT="my,"/><SP WIDTH="13" VPOS="889" HPOS="707"/>
							<String ID="string_112" HPOS="720" VPOS="889" WIDTH="5" HEIGHT="16" WC="0.93" CONTENT="i"/><SP WIDTH="12" VPOS="889" HPOS="725"/>
							<String ID="string_113" HPOS="737" VPOS="889" WIDTH="60" HEIGHT="21" WC="0.96" CONTENT="sjelfva"/><SP WIDTH="11" VPOS="889" HPOS="797"/>
							<String ID="string_114" HPOS="808" VPOS="888" WIDTH="58" HEIGHT="17" WC="0.96" CONTENT="verket"/><SP WIDTH="12" VPOS="888" HPOS="866"/>
							<String ID="string_115" HPOS="878" VPOS="889" WIDTH="30" HEIGHT="15" WC="0.96" CONTENT="har"/><SP WIDTH="12" VPOS="889" HPOS="908"/>
							<String ID="string_116" HPOS="920" VPOS="888" WIDTH="55" HEIGHT="16" WC="0.92" CONTENT="denna"/><SP WIDTH="12" VPOS="888" HPOS="975"/>
							<String ID="string_117" HPOS="987" VPOS="887" WIDTH="34" HEIGHT="16" WC="0.86" CONTENT="till-"/>
						</TextLine>
						<TextLine ID="line_22" HPOS="280" VPOS="917" WIDTH="551" HEIGHT="22">
							<String ID="string_118" HPOS="280" VPOS="917" WIDTH="64" HEIGHT="21" WC="0.86" CONTENT="ökning"/><SP WIDTH="11" VPOS="917" HPOS="344"/>
							<String ID="string_119" HPOS="355" VPOS="917" WIDTH="6" HEIGHT="16" WC="0.93" CONTENT="i"/><SP WIDTH="9" VPOS="917" HPOS="361"/>
							<String ID="string_120" HPOS="370" VPOS="917" WIDTH="82" HEIGHT="16" WC="0.96" CONTENT="medeltal"/><SP WIDTH="12" VPOS="917" HPOS="452"/>
							<String ID="string_121" HPOS="464" VPOS="917" WIDTH="26" HEIGHT="16" WC="0.94" CONTENT="för"/><SP WIDTH="11" VPOS="917" HPOS="490"/>
							<String ID="string_122" HPOS="501" VPOS="920" WIDTH="66" HEIGHT="13" WC="0.94" CONTENT="senaste"/><SP WIDTH="12" VPOS="920" HPOS="567"/>
							<String ID="string_123" HPOS="579" VPOS="922" WIDTH="10" HEIGHT="16" WC="0.96" CONTENT="4"/><SP WIDTH="13" VPOS="922" HPOS="589"/>
							<String ID="string_124" HPOS="602" VPOS="917" WIDTH="17" HEIGHT="17" WC="0.93" CONTENT="är"/><SP WIDTH="12" VPOS="917" HPOS="619"/>
							<String ID="string_125" HPOS="631" VPOS="917" WIDTH="61" HEIGHT="22" WC="0.93" CONTENT="utgjort"/><SP WIDTH="13" VPOS="917" HPOS="692"/>
							<String ID="string_126" HPOS="705" VPOS="920" WIDTH="73" HEIGHT="19" WC="0.91" CONTENT="735,000"/><SP WIDTH="13" VPOS="920" HPOS="778"/>
							<String ID="string_127" HPOS="791" VPOS="917" WIDTH="40" HEIGHT="21" WC="0.8" CONTENT="Py."/>
						</TextLine>
					</TextBlock>
				</ComposedBlock>
			</PrintSpace>
		</Page>
	</Layout>
</alto>
