1125 1767
368 139 30 23 U.
412 139 31 23 B.
458 152 24 3 —
498 139 75 29 Prop.
588 139 45 24 N:o
649 140 36 24 27.
844 141 27 21 57

500 228 46 24 83.

216 282 102 26 Rättighet
340 283 31 20 till
392 284 138 19 minuthandel
544 284 7 20 i
566 284 44 20 stad
632 284 45 20 med
693 285 57 19 viner
764 285 37 19 och
817 291 84 19 svagare

148 312 119 24 rusdrycker
289 318 47 19 eger
358 312 51 19 efter
430 312 65 20 dertill
515 312 1 19 i
532 312 140 20 nedannämnd
695 313 84 25 ordning
794 313 107 20 utverkadt

148 340 97 22 tillstånd,
267 340 16 25 ej
307 340 77 20 mindre
405 340 67 26 hvarje
492 341 109 25 välfrejdad
624 342 37 19 och
683 342 28 20 för
727 342 105 20 redbarhet
846 342 55 20 känd

147 368 60 20 Finsk
229 369 132 26 medborgare,
386 375 42 14 som
450 370 80 26 pröfvas
547 369 30 20 till
598 370 99 20 rörelsens
720 371 108 19 utöfvande
853 376 48 14 vara

147 397 88 26 lämplig,
250 400 25 17 än
290 398 59 19 äfven
363 400 49 18 utan
428 398 93 20 särskildt
536 398 91 20 tillstånd
641 399 44 25 den,
700 405 42 14 som
758 400 84 19 innehar
861 400 40 19 rätt

146 427 30 19 att
192 426 122 21 utminutera
328 426 90 21 bränvin.

503 510 10 23 8
530 509 19 19 4.

215 571 58 21 Inom
293 571 80 20 Januari
395 571 73 20 månad
489 571 119 20 hvartannat
626 571 22 20 år
663 577 36 20 ege
713 572 105 25 magistrat
833 572 6 19 i
855 572 45 19 stad

146 599 121 20 Ofverlemna
288 599 21 20 åt
331 599 182 26 stadsfullmäktige
534 600 53 25 eller,
607 601 35 18 der
660 600 181 25 stadsfullmäktige
855 601 45 20 icke

146 628 71 25 finnas,
231 628 161 20 rådhusstämma
402 630 29 18 att
445 628 83 25 besluta,
542 629 99 19 huruvida
656 629 37 19 och
707 629 31 19 till
754 629 77 19 hvilket
844 629 55 19 antal

146 657 118 24 rättigheter
285 657 30 19 till
337 657 146 25 utminutering
505 657 36 19 och
563 657 137 25 utskänkning
720 657 20 20 af
757 663 83 19 svagare
855 663 44 14 rus-

146 685 86 25 drycker
256 685 34 20 bör
313 685 30 20 för
367 685 182 20 nästinstundande
574 685 34 20 två
629 685 153 26 försäljningsär
801 685 99 27 upplåtas,

146 714 104 19 äfvensom
257 714 6 19 i
270 714 67 19 hvilka
343 715 74 19 trakter
421 715 21 18 af
447 714 70 20 staden
526 714 165 26 utminuterings-
699 715 38 19 och
744 715 156 24 utskänknings-

146 742 72 21 ställen
233 743 43 20 icke
291 742 20 20 få
325 743 70 20 finnas.

215 771 82 20 Besluta
319 771 182 26 stadsfullmäktige
521 772 48 20 eller
589 772 166 24 rådhusstämma,
768 773 28 18 att
812 771 87 20 utminu-

147 800 66 26 tering
235 800 48 20 eller
304 801 136 25 utskänkning
455 800 43 20 icke
513 801 51 20 skall
579 807 36 20 ega
630 807 51 18 rum,
695 800 48 20 eller
758 802 23 18 är
797 801 104 24 magistrat

146 829 46 19 med
203 829 181 26 stadsfullmäktige
395 829 47 20 eller
458 828 159 21 rådhusstämma
631 835 48 14 ense
694 829 102 26 angående
811 829 88 20 utminu-

147 858 102 25 teringens
266 858 48 20 eller
329 858 172 25 utskänkningens
517 859 105 24 ordnande,
637 858 60 20 blifve
712 858 70 19 dervid
797 858 103 20 beroende.

146 887 11 19 I
179 889 60 18 annat
260 887 34 19 fall
317 887 130 20 öfverlemnar
461 887 130 25 magistsaten
606 887 83 20 ärendet
703 887 30 20 till
747 887 152 25 länestyrelsen,

146 921 44 14 som
213 922 47 19 eger
279 916 42 20 deri
342 916 89 23 besluta;
454 916 51 19 dock
525 916 32 20 må
579 915 74 21 antalet
674 915 164 26 utminuterings-
853 915 48 20 eller

147 944 265 26 utskänkningsrättigheter
431 945 17 25 ej
465 945 120 20 bestämmas
599 945 66 24 högre,
680 947 25 17 än
721 944 179 25 stadsfullmäktige

146 973 48 20 eller
208 973 160 20 rådhusstämma
383 974 77 25 pröfvar
475 974 95 25 lämpligt.

502 1061 10 23 $
529 1061 18 19 5.

216 1123 89 26 Skriftlig
317 1123 88 20 ansökan
415 1129 32 14 om
458 1123 61 20 sådan
528 1123 228 26 försäljningsrättighet,
772 1129 42 14 som
829 1123 7 19 i
851 1123 50 20 före-

146 1152 77 25 gående
247 1153 10 24 $
281 1155 63 23 säges,
365 1153 62 24 jemte
448 1152 58 25 intyg
528 1159 32 13 om
578 1152 111 20 sökandens
704 1152 51 25 frejd
769 1152 37 19 och
821 1152 80 25 uppgift

146 1181 12 20 å
181 1181 72 25 stället,
275 1182 36 19 der
331 1181 120 25 rättigheten
473 1183 22 18 är
517 1181 69 20 afsedd
607 1183 31 18 att
659 1181 84 23 utöfvas,
756 1180 99 21 inlemnas
871 1180 29 19 till

146 1210 135 25 magistraten.
304 1209 61 21 Göres
380 1210 137 25 ansökningen
533 1211 20 18 af
562 1210 63 25 bolag,
640 1210 35 19 bör
689 1209 64 20 tillika
768 1209 38 20 den
821 1215 79 20 person,

147 1245 44 13 som
208 1239 79 20 komme
302 1240 30 19 att
347 1239 87 20 rörelsen
448 1239 80 24 förestå,
543 1241 82 18 nämnas
641 1239 36 19 och
693 1238 75 20 dennes
784 1238 51 25 goda
850 1237 49 26 frejd

146 1267 108 26 behörigen
268 1267 87 26 styrkas.

500 1332 10 24 8
529 1332 17 19 6.

215 1393 103 25 Rättighet
338 1393 31 19 till
392 1394 136 18 minuthandel
550 1394 46 19 med
619 1394 55 19 viner
691 1394 37 19 och
743 1394 61 19 andra
818 1400 83 18 svagare

147 1421 120 25 rusdrycker
281 1421 101 20 meddelas
397 1422 31 18 för
437 1427 25 13 en
472 1421 29 19 tid
511 1422 20 18 af
541 1421 34 20 två
585 1420 27 26 år,
628 1421 37 19 och
680 1422 70 19 räknas
764 1421 136 25 försäljnings-

147 1449 43 21 året
204 1448 45 21 från
263 1449 38 21 den
317 1450 10 19 1
343 1449 47 21 Juni
406 1448 30 21 till
451 1454 75 15 samma
541 1450 38 25 dag
593 1449 132 26 nästföljande
741 1449 29 21 år.

215 1488 184 19 Ekonomiutskottets
413 1488 110 19 betänkande
535 1488 37 19 N:o
585 1489 29 18 10.
