1117 1767
290 112 82 22 Ständ.
389 112 38 22 Sv.

485 112 74 27 Prop.
574 112 42 22 N:o
632 112 34 21 24.
806 113 22 20 11

383 178 31 20 att
430 177 124 21 Ständerna
568 177 36 27 för
618 178 73 20 denna
702 177 93 27 jernväg
810 177 50 27 god-

314 212 54 20 känt
383 218 26 14 en
424 211 184 22 kostnadssumma
624 211 27 27 af
661 211 122 27 8,035,000
799 211 61 21 mark

315 245 36 21 och
368 245 27 27 af
403 246 57 20 detta
475 245 71 27 belopp
562 245 86 21 anvisat
663 245 122 27 6,000,000
800 244 60 22 mark

314 279 70 21 under
402 279 148 21 instundande
564 279 147 27 finansperiod
725 278 35 27 för
777 278 83 22 banans

315 313 121 28 byggande;

110 382 42 22 och
168 382 23 21 få
207 382 128 21 Ständerna
350 381 110 29 derjemte
476 381 167 27 underdånigst
658 380 100 22 anhålla:

384 452 31 20 att
430 457 27 15 en
476 450 157 27 normalspårig
648 449 57 22 bana
715 449 47 22 med
771 449 57 21 räler
838 449 27 26 af

314 485 31 22 30
363 485 33 28 kg.
415 485 44 27 vigt
475 492 40 20 per
533 486 65 20 meter
615 484 52 27 från
682 478 45 27 Åbo
742 483 48 22 stad
804 483 58 27 öfver

317 519 49 22 Salo
392 519 80 28 köping
494 519 32 21 till
548 519 68 21 Karis
630 519 80 21 station
733 518 6 21 å
753 517 109 28 Hangö—

316 554 100 27 Hyvinge
435 553 93 28 jernväg
551 553 64 22 måtte
638 553 77 28 byggas
737 552 36 22 och
792 551 70 22 under

317 588 148 22 instundande
482 587 148 28 finansperiod
644 587 47 21 med
711 586 69 22 arbete
795 586 67 27 beläg-

316 630 39 21 gas
371 623 64 27 jemte
457 622 35 21 det
515 622 125 21 Ständerna
662 621 34 28 för
711 621 73 21 denna
799 621 63 26 bana,

317 657 84 22 hvilken
418 657 9 21 i
444 657 35 21 sin
498 657 68 21 helhet
584 659 26 18 är
628 655 108 22 beräknad
756 657 31 20 att
804 654 58 22 kosta

318 691 122 28 9,200,000
462 691 66 26 mark,
551 691 35 27 för
605 690 97 22 nämnda
717 689 147 28 finansperiod

318 726 86 21 anvisat
419 725 123 27 3,600,000
556 725 67 22 mark.

181 794 113 22 Finlands
310 793 98 22 Ständer
423 793 131 22 framhärda
568 796 42 19 etc.

184 857 156 28 Helsingfors,
356 857 44 21 den
416 858 23 20 31
458 856 46 28 Maj
522 857 61 20 1894.
