<?xml version="1.0" encoding="UTF-8"?>
<alto xmlns="http://www.loc.gov/standards/alto/ns-v3#" xmlns:xlink="http://www.w3.org/1999/xlink" xmlns:xsi="http://www.w3.org/2001/XMLSchema-instance" xsi:schemaLocation="http://www.loc.gov/standards/alto/ns-v3# http://www.loc.gov/alto/v3/alto-3-0.xsd">
	<Description>
		<MeasurementUnit>pixel</MeasurementUnit>
		<sourceImageInformation>
			<fileName>/tmp/tess_qx07lciv_input.PNG</fileName>
		</sourceImageInformation>
		<OCRProcessing ID="OCR_0">
			<ocrProcessingStep>
				<processingSoftware>
					<softwareName>tesseract 5.3.4</softwareName>
				</processingSoftware>
			</ocrProcessingStep>
		</OCRProcessing>
	</Description>
	<Layout>
		<Page WIDTH="1117" HEIGHT="1748" PHYSICAL_IMG_NR="0" ID="page_0">
			<PrintSpace HPOS="0" VPOS="0" WIDTH="1117" HEIGHT="1748">
				<ComposedBlock ID="cblock_0" HPOS="263" VPOS="141" WIDTH="26" HEIGHT="21">
					<TextBlock ID="block_0" HPOS="263" VPOS="141" WIDTH="26" HEIGHT="21">
						<TextLine ID="line_0" HPOS="263" VPOS="141" WIDTH="26" HEIGHT="21">
							<String ID="string_0" HPOS="263" VPOS="141" WIDTH="26" HEIGHT="21" WC="0.96" CONTENT="28"/>
						</TextLine>
					</TextBlock>
				</ComposedBlock>
				<ComposedBlock ID="cblock_1" HPOS="262" VPOS="277" WIDTH="695" HEIGHT="29">
					<TextBlock ID="block_1" HPOS="262" VPOS="277" WIDTH="695" HEIGHT="29">
						<TextLine ID="line_1" HPOS="262" VPOS="277" WIDTH="695" HEIGHT="29">
							<String ID="string_1" HPOS="262" VPOS="278" WIDTH="64" HEIGHT="22" WC="0.91" CONTENT="Instr."/><SP WIDTH="15" VPOS="278" HPOS="326"/>
							<String ID="string_2" HPOS="341" VPOS="278" WIDTH="11" HEIGHT="28" WC="0.91" CONTENT="$"/><SP WIDTH="16" VPOS="278" HPOS="352"/>
							<String ID="string_3" HPOS="368" VPOS="279" WIDTH="19" HEIGHT="21" WC="0.96" CONTENT="9."/><SP WIDTH="201" VPOS="279" HPOS="387"/>
							<String ID="string_4" HPOS="588" VPOS="277" WIDTH="191" HEIGHT="28" WC="0.85" CONTENT="Hästutskrifoing."/><SP WIDTH="16" VPOS="277" HPOS="779"/>
							<String ID="string_5" HPOS="795" VPOS="278" WIDTH="70" HEIGHT="21" WC="0.96" CONTENT="Form."/><SP WIDTH="16" VPOS="278" HPOS="865"/>
							<String ID="string_6" HPOS="881" VPOS="278" WIDTH="40" HEIGHT="22" WC="0.96" CONTENT="N:o"/><SP WIDTH="16" VPOS="278" HPOS="921"/>
							<String ID="string_7" HPOS="937" VPOS="279" WIDTH="20" HEIGHT="20" WC="0.96" CONTENT="4."/>
						</TextLine>
					</TextBlock>
				</ComposedBlock>
				<ComposedBlock ID="cblock_2" HPOS="233" VPOS="340" WIDTH="756" HEIGHT="306">
					<TextBlock ID="block_2" HPOS="234" VPOS="340" WIDTH="753" HEIGHT="62">
						<TextLine ID="line_2" HPOS="302" VPOS="340" WIDTH="685" HEIGHT="28">
							<String ID="string_8" HPOS="302" VPOS="341" WIDTH="31" HEIGHT="21" WC="0.96" CONTENT="På"/><SP WIDTH="15" VPOS="341" HPOS="333"/>
							<String ID="string_9" HPOS="348" VPOS="342" WIDTH="68" HEIGHT="26" WC="0.81" CONTENT="grund"/><SP WIDTH="16" VPOS="342" HPOS="416"/>
							<String ID="string_10" HPOS="432" VPOS="341" WIDTH="23" HEIGHT="22" WC="0.93" CONTENT="af"/><SP WIDTH="14" VPOS="341" HPOS="455"/>
							<String ID="string_11" HPOS="469" VPOS="341" WIDTH="65" HEIGHT="27" WC="0.96" CONTENT="nådig"/><SP WIDTH="15" VPOS="341" HPOS="534"/>
							<String ID="string_12" HPOS="549" VPOS="340" WIDTH="115" HEIGHT="28" WC="0.96" CONTENT="befallning"/><SP WIDTH="20" VPOS="340" HPOS="664"/>
							<String ID="string_13" HPOS="684" VPOS="347" WIDTH="32" HEIGHT="15" WC="0.93" CONTENT="om"/><SP WIDTH="16" VPOS="347" HPOS="716"/>
							<String ID="string_14" HPOS="732" VPOS="341" WIDTH="129" HEIGHT="27" WC="0.91" CONTENT="utskrifning"/><SP WIDTH="14" VPOS="341" HPOS="861"/>
							<String ID="string_15" HPOS="875" VPOS="342" WIDTH="24" HEIGHT="21" WC="0.92" CONTENT="af"/><SP WIDTH="12" VPOS="342" HPOS="899"/>
							<String ID="string_16" HPOS="911" VPOS="341" WIDTH="76" HEIGHT="21" WC="0.96" CONTENT="hästar"/>
						</TextLine>
						<TextLine ID="line_3" HPOS="234" VPOS="375" WIDTH="640" HEIGHT="27">
							<String ID="string_17" HPOS="234" VPOS="375" WIDTH="33" HEIGHT="21" WC="0.93" CONTENT="för"/><SP WIDTH="16" VPOS="375" HPOS="267"/>
							<String ID="string_18" HPOS="283" VPOS="375" WIDTH="120" HEIGHT="22" WC="0.92" CONTENT="militärens"/><SP WIDTH="15" VPOS="375" HPOS="403"/>
							<String ID="string_19" HPOS="418" VPOS="375" WIDTH="70" HEIGHT="27" WC="0.93" CONTENT="behof,"/><SP WIDTH="16" VPOS="375" HPOS="488"/>
							<String ID="string_20" HPOS="504" VPOS="376" WIDTH="70" HEIGHT="21" WC="0.91" CONTENT="kallas"/><SP WIDTH="14" VPOS="376" HPOS="574"/>
							<String ID="string_21" HPOS="588" VPOS="375" WIDTH="238" HEIGHT="27" WC="0.91" CONTENT="besigtningsnämnden"/><SP WIDTH="15" VPOS="375" HPOS="826"/>
							<String ID="string_22" HPOS="841" VPOS="375" WIDTH="33" HEIGHT="21" WC="0.97" CONTENT="för"/>
						</TextLine>
					</TextBlock>
					<TextBlock ID="block_3" HPOS="234" VPOS="409" WIDTH="753" HEIGHT="133">
						<TextLine ID="line_4" HPOS="311" VPOS="409" WIDTH="675" HEIGHT="29">
							<String ID="string_23" HPOS="311" VPOS="409" WIDTH="193" HEIGHT="29" WC="0.92" CONTENT="lottningsomräde"/><SP WIDTH="15" VPOS="409" HPOS="504"/>
							<String ID="string_24" HPOS="519" VPOS="410" WIDTH="23" HEIGHT="20" WC="0.96" CONTENT="af"/><SP WIDTH="197" VPOS="410" HPOS="542"/>
							<String ID="string_25" HPOS="739" VPOS="410" WIDTH="47" HEIGHT="21" WC="0.96" CONTENT="läns"/><SP WIDTH="16" VPOS="410" HPOS="786"/>
							<String ID="string_26" HPOS="802" VPOS="409" WIDTH="62" HEIGHT="28" WC="0.93" CONTENT="(N:o)"/><SP WIDTH="15" VPOS="409" HPOS="864"/>
							<String ID="string_27" HPOS="879" VPOS="410" WIDTH="107" HEIGHT="27" WC="0.91" CONTENT="uppbäds-"/>
						</TextLine>
						<TextLine ID="line_5" HPOS="234" VPOS="444" WIDTH="753" HEIGHT="28">
							<String ID="string_28" HPOS="234" VPOS="444" WIDTH="87" HEIGHT="22" WC="0.96" CONTENT="område"/><SP WIDTH="23" VPOS="444" HPOS="321"/>
							<String ID="string_29" HPOS="344" VPOS="446" WIDTH="33" HEIGHT="20" WC="0.93" CONTENT="att"/><SP WIDTH="22" VPOS="446" HPOS="377"/>
							<String ID="string_30" HPOS="399" VPOS="444" WIDTH="159" HEIGHT="22" WC="0.93" CONTENT="sammanträda"/><SP WIDTH="16" VPOS="444" HPOS="558"/>
							<String ID="string_31" HPOS="574" VPOS="445" WIDTH="12" HEIGHT="21" WC="0.91" CONTENT="å"/><SP WIDTH="15" VPOS="445" HPOS="586"/>
							<String ID="string_32" HPOS="601" VPOS="444" WIDTH="213" HEIGHT="28" WC="0.91" CONTENT="lottningsomrädets"/><SP WIDTH="15" VPOS="444" HPOS="814"/>
							<String ID="string_33" HPOS="829" VPOS="444" WIDTH="158" HEIGHT="28" WC="0.95" CONTENT="samlingsplats"/>
						</TextLine>
						<TextLine ID="line_6" HPOS="234" VPOS="478" WIDTH="752" HEIGHT="28">
							<String ID="string_34" HPOS="234" VPOS="479" WIDTH="41" HEIGHT="22" WC="0.95" CONTENT="den"/><SP WIDTH="230" VPOS="479" HPOS="275"/>
							<String ID="string_35" HPOS="505" VPOS="479" WIDTH="60" HEIGHT="27" WC="0.96" CONTENT="April"/><SP WIDTH="18" VPOS="479" HPOS="565"/>
							<String ID="string_36" HPOS="583" VPOS="480" WIDTH="25" HEIGHT="20" WC="0.94" CONTENT="18"/><SP WIDTH="44" VPOS="480" HPOS="608"/>
							<String ID="string_37" HPOS="652" VPOS="478" WIDTH="29" HEIGHT="22" WC="0.90" CONTENT="kl."/><SP WIDTH="44" VPOS="478" HPOS="681"/>
							<String ID="string_38" HPOS="725" VPOS="479" WIDTH="15" HEIGHT="21" WC="0.84" CONTENT="f."/><SP WIDTH="15" VPOS="479" HPOS="740"/>
							<String ID="string_39" HPOS="755" VPOS="485" WIDTH="28" HEIGHT="15" WC="0.95" CONTENT="m."/><SP WIDTH="15" VPOS="485" HPOS="783"/>
							<String ID="string_40" HPOS="798" VPOS="478" WIDTH="37" HEIGHT="22" WC="0.96" CONTENT="vid"/><SP WIDTH="16" VPOS="478" HPOS="835"/>
							<String ID="string_41" HPOS="851" VPOS="479" WIDTH="36" HEIGHT="22" WC="0.96" CONTENT="det"/><SP WIDTH="15" VPOS="479" HPOS="887"/>
							<String ID="string_42" HPOS="902" VPOS="480" WIDTH="7" HEIGHT="21" WC="0.96" CONTENT="i"/><SP WIDTH="15" VPOS="480" HPOS="909"/>
							<String ID="string_43" HPOS="924" VPOS="479" WIDTH="62" HEIGHT="27" WC="0.96" CONTENT="lagen"/>
						</TextLine>
						<TextLine ID="line_7" HPOS="234" VPOS="513" WIDTH="541" HEIGHT="29">
							<String ID="string_44" HPOS="234" VPOS="520" WIDTH="34" HEIGHT="16" WC="0.92" CONTENT="om"/><SP WIDTH="15" VPOS="520" HPOS="268"/>
							<String ID="string_45" HPOS="283" VPOS="513" WIDTH="132" HEIGHT="29" WC="0.92" CONTENT="utskrifning"/><SP WIDTH="15" VPOS="513" HPOS="415"/>
							<String ID="string_46" HPOS="430" VPOS="514" WIDTH="22" HEIGHT="21" WC="0.93" CONTENT="af"/><SP WIDTH="14" VPOS="514" HPOS="452"/>
							<String ID="string_47" HPOS="466" VPOS="513" WIDTH="75" HEIGHT="23" WC="0.92" CONTENT="hästar"/><SP WIDTH="15" VPOS="513" HPOS="541"/>
							<String ID="string_48" HPOS="556" VPOS="513" WIDTH="102" HEIGHT="28" WC="0.92" CONTENT="stadgade"/><SP WIDTH="16" VPOS="513" HPOS="658"/>
							<String ID="string_49" HPOS="674" VPOS="513" WIDTH="101" HEIGHT="29" WC="0.91" CONTENT="äfventyr."/>
						</TextLine>
					</TextBlock>
					<TextBlock ID="block_4" HPOS="302" VPOS="548" WIDTH="685" HEIGHT="28">
						<TextLine ID="line_8" HPOS="302" VPOS="548" WIDTH="685" HEIGHT="28">
							<String ID="string_50" HPOS="302" VPOS="549" WIDTH="42" HEIGHT="22" WC="0.93" CONTENT="Till"/><SP WIDTH="15" VPOS="549" HPOS="344"/>
							<String ID="string_51" HPOS="359" VPOS="548" WIDTH="208" HEIGHT="28" WC="0.91" CONTENT="uppbädsomrädets"/><SP WIDTH="14" VPOS="548" HPOS="567"/>
							<String ID="string_52" HPOS="581" VPOS="548" WIDTH="204" HEIGHT="28" WC="0.92" CONTENT="utskrifningsställe"/><SP WIDTH="14" VPOS="548" HPOS="785"/>
							<String ID="string_53" HPOS="799" VPOS="550" WIDTH="8" HEIGHT="20" WC="0.96" CONTENT="i"/><SP WIDTH="152" VPOS="550" HPOS="807"/>
							<String ID="string_54" HPOS="959" VPOS="548" WIDTH="28" HEIGHT="28" WC="0.94" CONTENT="by"/>
						</TextLine>
					</TextBlock>
					<TextBlock ID="block_5" HPOS="407" VPOS="583" WIDTH="582" HEIGHT="28">
						<TextLine ID="line_9" HPOS="407" VPOS="583" WIDTH="582" HEIGHT="28">
							<String ID="string_55" HPOS="407" VPOS="584" WIDTH="77" HEIGHT="21" WC="0.96" CONTENT="socken"/><SP WIDTH="22" VPOS="584" HPOS="484"/>
							<String ID="string_56" HPOS="506" VPOS="584" WIDTH="67" HEIGHT="27" WC="0.96" CONTENT="(stad)"/><SP WIDTH="16" VPOS="584" HPOS="573"/>
							<String ID="string_57" HPOS="589" VPOS="584" WIDTH="61" HEIGHT="21" WC="0.96" CONTENT="skola"/><SP WIDTH="14" VPOS="584" HPOS="650"/>
							<String ID="string_58" HPOS="664" VPOS="584" WIDTH="27" HEIGHT="21" WC="0.96" CONTENT="de"/><SP WIDTH="14" VPOS="584" HPOS="691"/>
							<String ID="string_59" HPOS="705" VPOS="583" WIDTH="34" HEIGHT="22" WC="0.93" CONTENT="för"/><SP WIDTH="14" VPOS="583" HPOS="739"/>
							<String ID="string_60" HPOS="753" VPOS="583" WIDTH="131" HEIGHT="28" WC="0.92" CONTENT="utskrifning"/><SP WIDTH="15" VPOS="583" HPOS="884"/>
							<String ID="string_61" HPOS="899" VPOS="584" WIDTH="90" HEIGHT="22" WC="0.92" CONTENT="afsedda"/>
						</TextLine>
					</TextBlock>
					<TextBlock ID="block_6" HPOS="233" VPOS="617" WIDTH="523" HEIGHT="29">
						<TextLine ID="line_10" HPOS="233" VPOS="617" WIDTH="523" HEIGHT="29">
							<String ID="string_62" HPOS="233" VPOS="618" WIDTH="103" HEIGHT="22" WC="0.96" CONTENT="hästarna"/><SP WIDTH="15" VPOS="618" HPOS="336"/>
							<String ID="string_63" HPOS="351" VPOS="618" WIDTH="99" HEIGHT="21" WC="0.96" CONTENT="inställas"/><SP WIDTH="16" VPOS="618" HPOS="450"/>
							<String ID="string_64" HPOS="466" VPOS="617" WIDTH="40" HEIGHT="22" WC="0.89" CONTENT="den"/><SP WIDTH="22" VPOS="617" HPOS="506"/>
							<String ID="string_65" HPOS="528" VPOS="613" WIDTH="16" HEIGHT="37" WC="0.81" CONTENT="—"/><SP WIDTH="20" VPOS="613" HPOS="544"/>
							<String ID="string_66" HPOS="564" VPOS="618" WIDTH="60" HEIGHT="28" WC="0.96" CONTENT="April"/><SP WIDTH="16" VPOS="618" HPOS="624"/>
							<String ID="string_67" HPOS="640" VPOS="620" WIDTH="71" HEIGHT="20" WC="0.96" CONTENT="senast"/><SP WIDTH="15" VPOS="620" HPOS="711"/>
							<String ID="string_68" HPOS="726" VPOS="618" WIDTH="30" HEIGHT="22" WC="0.95" CONTENT="kl."/>
						</TextLine>
					</TextBlock>
				</ComposedBlock>
				<ComposedBlock ID="cblock_3" HPOS="503" VPOS="681" WIDTH="302" HEIGHT="22">
					<TextBlock ID="block_7" HPOS="503" VPOS="681" WIDTH="302" HEIGHT="22">
						<TextLine ID="line_11" HPOS="503" VPOS="681" WIDTH="302" HEIGHT="22">
							<String ID="string_69" HPOS="503" VPOS="681" WIDTH="40" HEIGHT="22" WC="0.96" CONTENT="den"/><SP WIDTH="237" VPOS="681" HPOS="543"/>
							<String ID="string_70" HPOS="780" VPOS="682" WIDTH="25" HEIGHT="21" WC="0.96" CONTENT="18"/>
						</TextLine>
					</TextBlock>
				</ComposedBlock>
				<ComposedBlock ID="cblock_4" HPOS="564" VPOS="776" WIDTH="353" HEIGHT="31">
					<TextBlock ID="block_8" HPOS="564" VPOS="776" WIDTH="353" HEIGHT="31">
						<TextLine ID="line_12" HPOS="564" VPOS="776" WIDTH="353" HEIGHT="31">
							<String ID="string_71" HPOS="564" VPOS="780" WIDTH="31" HEIGHT="22" WC="0.92" CONTENT="Pä"/><SP WIDTH="15" VPOS="780" HPOS="595"/>
							<String ID="string_72" HPOS="610" VPOS="776" WIDTH="201" HEIGHT="31" WC="0.92" CONTENT="uppbädsnämdens"/><SP WIDTH="16" VPOS="776" HPOS="811"/>
							<String ID="string_73" HPOS="827" VPOS="781" WIDTH="90" HEIGHT="26" WC="0.92" CONTENT="vägnar:"/>
						</TextLine>
					</TextBlock>
				</ComposedBlock>
				<ComposedBlock ID="cblock_5" HPOS="331" VPOS="947" WIDTH="656" HEIGHT="62">
					<TextBlock ID="block_9" HPOS="331" VPOS="947" WIDTH="656" HEIGHT="62">
						<TextLine ID="line_13" HPOS="331" VPOS="947" WIDTH="656" HEIGHT="28">
							<String ID="string_74" HPOS="331" VPOS="947" WIDTH="92" HEIGHT="22" WC="0.91" CONTENT="Adress:"/><SP WIDTH="22" VPOS="947" HPOS="423"/>
							<String ID="string_75" HPOS="445" VPOS="948" WIDTH="131" HEIGHT="21" WC="0.93" CONTENT="Ledamoten"/><SP WIDTH="20" VPOS="948" HPOS="576"/>
							<String ID="string_76" HPOS="596" VPOS="948" WIDTH="31" HEIGHT="22" WC="0.93" CONTENT="uti"/><SP WIDTH="19" VPOS="948" HPOS="627"/>
							<String ID="string_77" HPOS="646" VPOS="947" WIDTH="225" HEIGHT="28" WC="0.91" CONTENT="besigtningsnämden"/><SP WIDTH="16" VPOS="947" HPOS="871"/>
							<String ID="string_78" HPOS="887" VPOS="948" WIDTH="33" HEIGHT="22" WC="0.93" CONTENT="för"/><SP WIDTH="15" VPOS="948" HPOS="920"/>
							<String ID="string_79" HPOS="935" VPOS="949" WIDTH="52" HEIGHT="21" WC="0.93" CONTENT="lott-"/>
						</TextLine>
						<TextLine ID="line_14" HPOS="405" VPOS="982" WIDTH="155" HEIGHT="27">
							<String ID="string_80" HPOS="405" VPOS="982" WIDTH="155" HEIGHT="27" WC="0.91" CONTENT="ningsomräde."/>
						</TextLine>
					</TextBlock>
				</ComposedBlock>
				<ComposedBlock ID="cblock_6" HPOS="300" VPOS="1150" WIDTH="532" HEIGHT="28">
					<TextBlock ID="block_10" HPOS="300" VPOS="1150" WIDTH="532" HEIGHT="28">
						<TextLine ID="line_15" HPOS="300" VPOS="1150" WIDTH="532" HEIGHT="28">
							<String ID="string_81" HPOS="300" VPOS="1150" WIDTH="85" HEIGHT="27" WC="0.92" CONTENT="Utdrag"/><SP WIDTH="14" VPOS="1150" HPOS="385"/>
							<String ID="string_82" HPOS="399" VPOS="1156" WIDTH="25" HEIGHT="16" WC="0.96" CONTENT="ur"/><SP WIDTH="15" VPOS="1156" HPOS="424"/>
							<String ID="string_83" HPOS="439" VPOS="1151" WIDTH="62" HEIGHT="26" WC="0.96" CONTENT="lagen"/><SP WIDTH="16" VPOS="1151" HPOS="501"/>
							<String ID="string_84" HPOS="517" VPOS="1155" WIDTH="34" HEIGHT="16" WC="0.93" CONTENT="om"/><SP WIDTH="16" VPOS="1155" HPOS="551"/>
							<String ID="string_85" HPOS="567" VPOS="1150" WIDTH="129" HEIGHT="28" WC="0.92" CONTENT="utskrifning"/><SP WIDTH="14" VPOS="1150" HPOS="696"/>
							<String ID="string_86" HPOS="710" VPOS="1150" WIDTH="24" HEIGHT="21" WC="0.93" CONTENT="af"/><SP WIDTH="14" VPOS="1150" HPOS="734"/>
							<String ID="string_87" HPOS="748" VPOS="1151" WIDTH="84" HEIGHT="22" WC="0.90" CONTENT="hästar:"/>
						</TextLine>
					</TextBlock>
				</ComposedBlock>
				<ComposedBlock ID="cblock_7" HPOS="231" VPOS="1212" WIDTH="753" HEIGHT="133">
					<TextBlock ID="block_11" HPOS="231" VPOS="1212" WIDTH="753" HEIGHT="133">
						<TextLine ID="line_16" HPOS="577" VPOS="1212" WIDTH="62" HEIGHT="29">
							<String ID="string_88" HPOS="577" VPOS="1212" WIDTH="12" HEIGHT="29" WC="0.91" CONTENT="8"/><SP WIDTH="15" VPOS="1212" HPOS="589"/>
							<String ID="string_89" HPOS="604" VPOS="1213" WIDTH="35" HEIGHT="21" WC="0.95" CONTENT="41."/>
						</TextLine>
						<TextLine ID="line_17" HPOS="299" VPOS="1251" WIDTH="685" HEIGHT="30">
							<String ID="string_90" HPOS="299" VPOS="1251" WIDTH="54" HEIGHT="28" WC="0.96" CONTENT="Den,"/><SP WIDTH="16" VPOS="1251" HPOS="353"/>
							<String ID="string_91" HPOS="369" VPOS="1257" WIDTH="46" HEIGHT="16" WC="0.93" CONTENT="som"/><SP WIDTH="15" VPOS="1257" HPOS="415"/>
							<String ID="string_92" HPOS="430" VPOS="1252" WIDTH="122" HEIGHT="27" WC="0.93" CONTENT="egenvilligt"/><SP WIDTH="14" VPOS="1252" HPOS="552"/>
							<String ID="string_93" HPOS="566" VPOS="1252" WIDTH="150" HEIGHT="27" WC="0.91" CONTENT="undandrager"/><SP WIDTH="14" VPOS="1252" HPOS="716"/>
							<String ID="string_94" HPOS="730" VPOS="1253" WIDTH="32" HEIGHT="27" WC="0.96" CONTENT="sig"/><SP WIDTH="15" VPOS="1253" HPOS="762"/>
							<String ID="string_95" HPOS="777" VPOS="1255" WIDTH="32" HEIGHT="20" WC="0.93" CONTENT="att"/><SP WIDTH="15" VPOS="1255" HPOS="809"/>
							<String ID="string_96" HPOS="824" VPOS="1253" WIDTH="93" HEIGHT="28" WC="0.88" CONTENT="fullgöra"/><SP WIDTH="9" VPOS="1253" HPOS="917"/>
							<String ID="string_97" HPOS="926" VPOS="1253" WIDTH="58" HEIGHT="22" WC="0.92" CONTENT="hvad"/>
						</TextLine>
						<TextLine ID="line_18" HPOS="231" VPOS="1285" WIDTH="753" HEIGHT="28">
							<String ID="string_98" HPOS="231" VPOS="1286" WIDTH="78" HEIGHT="19" WC="0.92" CONTENT="honom"/><SP WIDTH="24" VPOS="1286" HPOS="309"/>
							<String ID="string_99" HPOS="333" VPOS="1285" WIDTH="70" HEIGHT="20" WC="0.91" CONTENT="säsom"/><SP WIDTH="19" VPOS="1285" HPOS="403"/>
							<String ID="string_100" HPOS="422" VPOS="1285" WIDTH="95" HEIGHT="20" WC="0.96" CONTENT="ledamot"/><SP WIDTH="15" VPOS="1285" HPOS="517"/>
							<String ID="string_101" HPOS="532" VPOS="1285" WIDTH="7" HEIGHT="20" WC="0.93" CONTENT="i"/><SP WIDTH="15" VPOS="1285" HPOS="539"/>
							<String ID="string_102" HPOS="554" VPOS="1286" WIDTH="142" HEIGHT="25" WC="0.91" CONTENT="besigtnings-"/><SP WIDTH="15" VPOS="1286" HPOS="696"/>
							<String ID="string_103" HPOS="711" VPOS="1287" WIDTH="52" HEIGHT="20" WC="0.93" CONTENT="eller"/><SP WIDTH="15" VPOS="1287" HPOS="763"/>
							<String ID="string_104" HPOS="778" VPOS="1287" WIDTH="206" HEIGHT="26" WC="0.91" CONTENT="utskrifningsnämd"/>
						</TextLine>
						<TextLine ID="line_19" HPOS="232" VPOS="1317" WIDTH="589" HEIGHT="28">
							<String ID="string_105" HPOS="232" VPOS="1317" WIDTH="87" HEIGHT="28" WC="0.90" CONTENT="äligger,"/><SP WIDTH="17" VPOS="1317" HPOS="319"/>
							<String ID="string_106" HPOS="336" VPOS="1318" WIDTH="86" HEIGHT="21" WC="0.92" CONTENT="straffas"/><SP WIDTH="16" VPOS="1318" HPOS="422"/>
							<String ID="string_107" HPOS="438" VPOS="1318" WIDTH="48" HEIGHT="21" WC="0.93" CONTENT="med"/><SP WIDTH="16" VPOS="1318" HPOS="486"/>
							<String ID="string_108" HPOS="502" VPOS="1319" WIDTH="61" HEIGHT="20" WC="0.91" CONTENT="böter"/><SP WIDTH="14" VPOS="1319" HPOS="563"/>
							<String ID="string_109" HPOS="577" VPOS="1319" WIDTH="63" HEIGHT="26" WC="0.91" CONTENT="högst"/><SP WIDTH="16" VPOS="1319" HPOS="640"/>
							<String ID="string_110" HPOS="656" VPOS="1320" WIDTH="82" HEIGHT="20" WC="0.91" CONTENT="ettusen"/><SP WIDTH="15" VPOS="1320" HPOS="738"/>
							<String ID="string_111" HPOS="753" VPOS="1320" WIDTH="68" HEIGHT="21" WC="0.96" CONTENT="mark."/>
						</TextLine>
					</TextBlock>
				</ComposedBlock>
				<GraphicalElement ID="cblock_8" HPOS="1109" VPOS="0" WIDTH="8" HEIGHT="687"></GraphicalElement >
			</PrintSpace>
		</Page>
	</Layout>
</alto>
