1128 1770
335 159 29 22 U.
379 159 28 23 B.
424 172 27 3 —
466 160 74 28 Prop.
555 160 42 22 N:o
612 160 38 23 29.
819 160 28 20 43

464 264 30 22 15
514 264 24 28 8.

196 331 58 23 Har
278 331 190 30 arbetsgifvare,
488 332 61 22 efter
575 332 70 22 hvad
662 332 11 22 i
695 332 18 22 6
727 332 16 28 $
759 332 114 28 stadgas,

132 365 106 23 befriats
265 366 59 22 från
351 366 92 22 honom
471 367 79 28 enligt
568 367 85 22 denna
671 366 43 29 lag
735 365 140 30 äliggande

127 400 233 29 försäkringspligt,
389 400 60 22 eller
475 401 51 22 kan
545 401 148 22 densamma
711 400 54 22 icke
783 400 91 29 fullgö-

125 441 44 16 ras
188 434 66 29 förty
273 436 37 20 att
327 434 11 22 i
356 435 89 22 landet
461 435 24 28 ej
503 435 83 22 finnes
604 435 103 26 anstalt,
729 441 54 16 som
801 436 73 21 emot-

126 470 72 27 tager
225 469 122 28 företaget
373 469 41 22 till
433 469 153 29 försäkring,
606 469 85 29 äligge
709 469 166 28 arbetsgifva-

125 510 44 15 ren
197 504 43 25 att,
269 503 44 22 der
332 503 116 23 arbetare
464 511 90 22 genom
572 503 135 30 olycksfall
727 503 45 22 vid
789 503 85 22 arbete

125 537 106 30 ådragit
254 538 40 29 sig
314 537 85 23 sådan
422 538 184 29 kroppsskada,
616 545 54 16 som
688 538 11 21 i
717 538 16 21 4
750 539 15 27 $
782 537 91 22 omför-

125 572 88 27 mäles,
231 572 154 23 säkerställa
403 573 42 21 det
461 572 164 27 skadeständ,
645 579 54 15 som
721 572 152 22 tillkommer

125 607 49 22 den
200 607 115 22 skadade
346 607 61 22 eller
438 607 65 22 hans
521 607 238 26 rättsinnehafvare,
783 613 90 22 genom

126 641 334 29 vetalningsskyldighetens
490 641 196 29 öfverflyttande
715 640 17 23 å
759 640 114 23 lifränte-

125 676 97 21 anstalt
242 676 60 22 eller
323 675 343 30 lifränteförsäkringsbolag
686 675 58 22 med
764 675 109 22 hufvud-

125 709 158 29 förvaltning
309 710 71 22 inom
406 710 122 22 Finland.
570 709 89 23 Sådan
685 709 94 29 åtgärd
805 709 68 22 skall

127 744 120 29 vidtagas
270 744 69 22 inom
362 744 81 22 trettio
466 745 84 28 dagar
573 744 61 22 efter
660 744 41 22 det
726 743 147 22 skadestän-

125 778 54 23 dets
207 778 87 29 belopp
323 778 87 23 blifvit
434 785 90 23 genom
548 778 247 23 öfverenskommelse
813 777 60 23 eller

126 813 62 28 laga
207 813 58 22 dom
284 813 138 22 faststäldt.

446 916 37 19 III
500 916 56 25 Kap.

127 979 47 22 Om
193 978 191 30 försäkringens
403 978 164 29 fullgörande
585 978 45 23 och
649 984 40 16 om
705 978 168 28 försäkrings-

433 1014 129 22 anstalter.

460 1115 32 23 16
511 1115 24 30 8.

193 1185 155 29 Försäkring
366 1184 65 23 skall
449 1184 203 30 arbetsgifvaren
667 1183 37 30 pä
721 1184 42 22 sin
782 1184 92 22 bekost-

125 1220 54 23 nad
197 1220 143 28 ombesörja
358 1221 85 20 senast
461 1220 83 21 trettio
562 1219 80 29 dagar
661 1219 62 21 efter
735 1219 43 22 det
790 1218 83 22 denna

125 1254 149 29 förordning
294 1253 68 23 trädt
385 1253 8 22 i
415 1253 117 29 gällande
551 1253 67 22 kraft
637 1253 59 22 eller
714 1253 39 22 för
770 1253 101 25 rörelse,

125 1295 54 16 som
202 1288 108 22 derefter
328 1288 113 28 uppstär,
460 1288 67 22 inom
545 1287 54 22 lika
618 1287 38 22 tid
675 1287 62 22 efter
755 1287 42 22 det
816 1287 57 22 den-

125 1328 95 16 samma
241 1322 115 29 vidtagit,
379 1323 64 21 samt
464 1321 85 22 sädan
568 1321 145 28 försäkring
731 1321 142 22 sedermera

125 1356 185 29 upprätthälla.

193 1390 59 21 Har
278 1390 123 25 arbetare,
421 1389 83 22 innan
523 1388 148 28 försäkring
690 1388 127 26 afslutats,
835 1395 39 21 ge-

125 1430 60 16 nom
203 1423 136 29 olycksfall
357 1423 45 22 vid
412 1423 94 21 arbetet
515 1422 105 29 ädragit
630 1422 40 28 sig
679 1421 84 23 sädan
772 1422 102 28 kropps-

125 1458 91 26 skada,
234 1464 54 16 som
306 1458 12 22 i
335 1458 17 22 4
368 1458 16 28 $
400 1456 172 26 omförmäles,
592 1456 60 22 eller
670 1455 153 23 äsidosätter
835 1462 38 16 ar-

192 1501 48 23 Lag-
252 1501 32 17 och
297 1500 184 18 Ekonomiutskottets
493 1500 110 17 betänkande
615 1500 35 16 N:o
663 1499 28 17 12.
