1125 1773
324 148 38 23 'U.
377 149 28 22 B.
421 161 27 4 —
463 149 74 28 Prop.
554 149 44 23 N:o
613 149 39 23 29.
826 151 27 21 41

130 218 156 22 skadestånd
305 219 59 22 från
383 219 45 22 och
446 220 58 21 med
523 221 47 21 den
589 220 292 29 etthundratjuguförsta

130 253 84 28 dagen
232 253 71 22 intill
321 253 56 22 dess
396 253 52 22 han
468 254 86 27 blifvit
571 255 41 22 till
630 255 89 22 helsan
737 255 132 22 återstäld.

201 287 50 22 Till
273 288 86 28 grund
383 287 40 22 för
442 288 171 29 beräkningen
631 289 32 22 af
678 289 41 21 det
737 289 10 21 i
766 289 84 22 denna
867 289 15 27 $

129 321 117 22 nämnda
257 321 157 23 skadestånd
426 322 68 23 skall
507 323 90 29 läggas
611 323 48 22 den
673 323 207 28 arbetsförtjenst,

129 362 54 16 som
211 356 49 23 den
277 356 116 23 skadade
412 357 81 22 under
511 359 97 21 senaste
626 357 31 22 år
675 358 10 21 i
702 365 101 15 samma
822 357 60 23 eller

130 390 126 23 likartadt
275 391 97 29 företag
391 391 113 29 åtnjutit,
524 393 66 26 eller,
610 391 10 22 i
639 392 50 23 fall
706 393 54 22 han
778 393 53 22 icke
850 393 32 21 ett

130 425 30 22 år
178 425 57 23 haft
252 425 85 23 sådan
355 426 169 29 anställning,
536 427 40 22 det
589 427 96 28 belopp,
699 427 108 22 hvartill
816 427 65 22 kans

130 459 155 23 årsinkomst
303 460 61 22 efter
376 460 85 29 skälig
470 461 125 29 pröfning
607 461 52 22 kan
673 461 132 26 beräknas,
819 461 63 22 dock

129 495 37 20 att
185 493 185 24 årsinkomsten
388 494 53 23 icke
460 495 10 22 i
487 495 78 29 något
583 495 49 22 fall
650 495 43 23 må
711 496 81 21 sättas
805 496 77 28 högre

129 529 35 21 än
182 529 218 28 sjuhundratjugu
419 529 81 22 mark.

198 563 164 29 Understiger
390 563 79 30 ärliga
489 564 233 29 arbetsförtjensten
741 563 140 23 trehundra

129 597 79 27 mark,
237 597 64 23 skall
327 597 78 23 likväl
432 598 68 23 detta
521 598 92 29 belopp
632 599 91 28 utgöra
741 598 83 29 grund
842 598 39 22 för

129 632 169 29 uträkningen
317 632 32 22 af
363 632 186 27 skadeständet,
569 633 63 22 dock
650 633 43 22 mä
703 633 98 22 skadad
812 633 69 22 arbe-

129 667 61 26 tare,
216 673 52 15 som
291 667 108 28 uppnätt
422 667 109 29 tjuguett
550 667 42 22 drs
611 667 72 22 älder
701 667 54 22 icke
774 667 107 22 tilldelas

128 702 79 21 större
237 701 79 28 årligt
346 701 156 22 skadestånd
530 702 31 21 än
588 703 63 21 hans
680 701 201 29 arbetsförtjenst

128 735 39 22 för
187 735 60 22 äret.

468 838 32 22 10
520 838 22 29 8.

198 907 58 22 Har
274 908 116 22 arbetare
404 914 90 22 genom
507 907 136 29 olycksfall
655 907 10 22 i
679 907 84 22 arbete
776 907 105 29 ädragit

128 942 39 29 sig
186 941 184 30 kroppsskada,
389 949 54 15 som
462 942 103 22 orsakat
583 942 65 22 hans
667 941 59 26 död,
745 942 68 22 skall
832 942 49 22 för-

127 977 69 21 utom
224 977 41 22 det
291 977 96 28 belopp,
416 983 53 16 som
492 976 38 29 pä
555 976 85 29 grund
665 976 32 22 af
717 977 17 22 8
752 977 45 22 och
818 977 16 22 9
851 977 30 28 $$

127 1011 52 22 kan
198 1011 198 29 ifrägakomma,
415 1010 85 23 såsom
519 1011 78 28 årligt
614 1011 157 22 skadestånd
786 1011 94 22 utbeta-

128 1045 39 22 las
187 1044 26 23 ät
231 1046 72 26 enka,
324 1046 27 21 sä
367 1045 75 29 länge
455 1045 51 22 hon
519 1045 79 22 lefver
611 1045 70 28 ogift,
695 1045 73 29 tjugu
777 1046 103 27 procent

128 1080 25 21 af
171 1079 50 22 den
240 1080 105 22 aflidnes
366 1079 201 29 arbetsförtjenst
585 1080 38 21 för
642 1079 29 22 är
689 1080 46 22 och
752 1079 26 22 dt
790 1079 90 29 hvarje

127 1114 181 23 efterlefvande
335 1115 63 22 barn
426 1114 36 22 till
488 1115 57 21 dess
565 1114 137 22 detsamma
720 1114 47 28 fylt
785 1114 95 21 femton

126 1149 29 21 är
175 1149 34 22 tio
227 1150 104 27 procent
351 1149 25 22 af
394 1149 79 29 sagda
491 1149 100 28 belopp,
610 1148 8 21 i
637 1148 43 22 fall
691 1149 93 21 endera
798 1148 25 22 af
831 1148 48 22 för-

126 1183 119 22 äldrarna
267 1183 87 26 lefver,
377 1189 57 16 men
452 1183 73 29 tjugu
543 1184 110 27 procent,
673 1189 39 16 om
731 1183 82 28 begge
831 1183 48 21 för-

126 1217 119 23 äldrarna
272 1219 44 21 äro
343 1217 74 28 döda,
438 1217 64 23 dock
521 1219 35 20 att
573 1217 201 28 sammanlagda
792 1217 87 22 skade-

125 1251 101 24 ständet
245 1253 40 21 till
303 1252 64 23 enka
386 1253 45 22 och
450 1253 65 21 barn
533 1253 22 28 ej
575 1252 40 21 mä
631 1252 139 29 öfverstiga
784 1251 95 29 fyratio

125 1289 104 26 procent
248 1287 25 22 af
290 1287 49 22 den
359 1286 106 23 aflidnes
484 1287 203 28 arbetsförtjenst
704 1286 39 22 för
762 1286 35 22 är.

194 1321 179 29 Beräkningen
383 1321 32 22 af
421 1321 49 22 den
479 1321 113 22 aflidnes
601 1320 203 29 arbetsförtjenst
812 1320 67 22 skall

124 1355 43 23 ske
185 1355 62 23 efter
265 1356 30 22 de
313 1356 10 21 i
344 1356 16 22 9
378 1357 14 26 $
405 1356 15 21 4
433 1356 45 22 och
502 1356 7 21 5
520 1362 73 15 mom.
613 1355 127 28 stadgade
757 1355 120 28 grunder.

194 1501 49 22 Lag-
256 1500 32 18 och
301 1500 181 18 Ekonomiutskotteis
495 1499 110 18 betänkande
617 1498 37 18 N:o
667 1499 28 17 12.
