1131 1761
525 141 28 22 U.
568 142 26 21 B.
610 154 26 3 —
652 141 72 26 Prop.
739 140 35 21 24.

523 318 252 27 Reservationer.

641 394 15 21 I

342 463 136 23 Utskottets
501 465 75 22 beslut
599 466 37 21 att
650 465 8 20 i
673 465 99 26 enlighet
786 463 51 23 med
852 463 81 27 nådiga
947 469 76 22 propo-

275 498 97 23 sitionen
394 499 90 26 föreslå,
507 501 36 20 att
566 500 139 22 omedelbart
720 499 58 22 efter
793 505 31 16 nu
839 499 115 27 pågående
968 498 56 27 jern-

276 533 165 26 vägsarbetens
474 534 140 22 slutförande
643 540 28 15 en
693 533 164 28 normalspårig
880 534 58 21 bana
956 533 67 21 borde

275 567 88 27 byggas
393 567 50 22 från
468 568 78 22 Keuru
568 569 85 21 station
676 569 7 21 å
698 568 73 22 Wasa
786 569 94 26 jernväg
894 567 35 22 till
944 567 79 27 Jyväs-

275 601 55 27 kylä
360 602 51 21 stad
436 603 42 21 och
500 603 132 22 derutöfver
653 609 29 15 en
703 603 59 21 bana
780 602 51 22 från
846 602 128 27 Jyväskylä
989 601 35 21 till

274 636 103 22 Suolahti
399 637 39 21 vik
461 638 26 20 af
507 638 88 22 Keitele
618 638 40 26 sjö,
680 638 78 21 kunna
779 637 23 21 vi
824 637 50 22 icke
888 636 96 22 biträda.
1014 636 10 21 I

275 670 42 22 sitt
346 671 143 22 betänkande
519 672 114 27 angående
654 672 260 27 jernvägspetitionerna
934 671 42 21 har
990 672 33 20 ut-

277 705 89 22 skottet
396 708 104 20 närmare
522 707 124 21 motiverat
667 707 164 27 jernvägarnas
853 705 118 27 betydelse
990 704 34 21 för

277 739 78 22 landet
377 740 41 21 och
440 741 196 27 nödvändigheten
662 742 26 20 af
707 743 36 20 att
762 741 90 22 arbetet
866 740 29 27 på
908 741 115 26 jernvägs-

276 775 78 21 nätets
370 775 133 28 utveckling
516 775 135 26 fortskrider
665 782 6 14 i
688 782 89 16 samma
792 776 92 26 omfång
896 780 50 16 som
954 774 70 22 under

274 808 27 22 de
317 810 79 21 senast
412 810 108 31 förflutna
535 810 87 23 femton
638 812 54 20 åren
706 812 39 26 egt
760 817 56 15 rum.
847 802 123 30 Ötskottet
989 810 35 20 ut-

273 842 59 23 låter
345 844 35 27 sig
395 844 79 22 härom
488 845 30 27 på
532 844 98 28 följande
646 846 56 21 sätt:

345 878 88 27 »Ehuru
460 880 113 21 alltsedan
591 880 25 21 är
632 880 56 21 1888
702 879 239 28 jernvägsbyggnader
956 878 7 21 i
978 878 44 21 lan-

272 912 39 21 det
340 914 83 20 nästan
454 914 120 21 oafbrutet
597 914 97 27 fortgått
716 914 42 22 och
780 915 65 21 detta
867 914 6 20 i
890 913 70 22 sådan
978 918 44 16 om-

273 945 99 29 fattning
394 948 43 26 att,
460 948 70 21 sedan
553 948 112 21 Karelska
688 949 40 20 och
750 948 150 27 Björneborgs
922 948 101 20 banorna

272 980 62 22 inom
357 981 53 21 kort
432 982 76 22 blifvit
530 982 145 27 fullbordade,
694 983 90 21 landets
798 982 150 27 jernvägsnät
960 981 62 22 kom-

273 1020 49 16 mer
348 1017 36 20 att
406 1016 124 22 innehafva
559 1023 27 15 en
616 1017 156 26 sammanlagd
797 1017 65 26 längd
890 1016 26 20 af
937 1016 86 20 inemot

272 1048 64 27 2,400
351 1049 46 22 km.
413 1051 41 21 och
469 1052 159 26 representera
642 1052 35 20 ett
687 1051 159 27 kapitalvärde
856 1050 25 21 af
888 1052 57 18 nära
957 1049 65 25 184”)

272 1083 104 28 miljoner
390 1085 74 27 mark,
480 1091 70 21 synes
565 1086 108 22 behofvet
688 1085 27 21 af
726 1086 42 21 och
784 1085 114 22 åstundan
907 1084 59 22 efter
976 1089 46 21 nya

272 1118 122 27 jernvägar
416 1121 60 19 ännu
498 1120 120 27 ingalunda
640 1125 57 16 vara
712 1120 67 26 fylldt
794 1120 54 22 eller
864 1125 40 16 ens
920 1119 50 21 visa
984 1117 37 22 nå-

271 1158 44 21 gon
330 1154 96 21 tendens
442 1155 36 20 att
489 1154 7 20 i
508 1160 27 15 en
545 1156 105 19 närmare
660 1154 93 21 framtid
764 1154 70 21 blifva
845 1154 44 21 det.
912 1153 110 21 Tvärtom

272 1188 25 19 är
320 1187 88 22 antalet
432 1188 26 20 af
478 1188 25 21 de
527 1188 37 21 vid
583 1188 163 27 landtdagarna
766 1187 124 22 framförda
906 1193 46 20 nya
965 1186 56 27 jern-

273 1221 174 28 vägsförslagen
466 1223 63 20 stadt
544 1223 7 20 i
566 1223 90 26 ständig
671 1223 93 21 tillväxt
780 1223 41 21 och
836 1223 52 20 med
902 1221 42 22 allt
958 1226 64 16 mera

271 1255 63 22 kraft
349 1255 132 22 framhålles
496 1256 51 21 från
558 1256 60 22 olika
633 1258 61 20 orter
711 1256 107 22 behofvet
834 1256 25 21 af
871 1255 150 28 jernvägsför-

271 1289 100 22 bindelse
394 1290 35 21 för
451 1292 37 19 att
502 1291 132 25 möjliggöra
652 1297 28 14 en
695 1291 138 25 utveckling,
848 1291 107 24 jemsides
970 1289 51 21 med

272 1322 71 27 öfriga
362 1323 61 21 delar
441 1323 26 20 af
483 1324 83 21 landet.
596 1324 30 21 Sä
644 1324 120 25 föreligger
786 1324 69 21 äfven
877 1329 31 15 nu
930 1323 36 21 till
988 1326 33 17 ut-

338 1414 18 23 *)
368 1414 47 18 Häri
430 1415 44 22 ingä
489 1415 91 18 Karelska
595 1415 35 18 och
643 1415 150 22 Björneborgska
805 1415 83 18 banorna
900 1414 42 18 med
955 1419 22 13 en
990 1414 31 18 be-

269 1442 74 18 räknad
356 1443 79 17 kostnad
448 1442 37 18 af
478 1438 11 32 i
498 1443 57 18 rundt
566 1443 27 18 tal
605 1444 23 17 35
641 1443 88 23 miljoner
742 1444 56 17 mark.

337 1477 180 23 Jernvägsutskottets
529 1477 111 19 betänkande
652 1478 37 18 N:o
701 1478 17 18 2.
