1111 1770
307 136 83 23 Ständ.
406 136 39 23 Sv.
460 149 27 3 —
503 137 72 28 Prop.
590 136 40 23 N:o
646 137 35 21 29.
816 137 27 21 29

124 201 64 22 inom
200 201 69 22 hvars
285 201 118 22 domkrets
418 201 148 29 olycksfallet
581 202 67 21 timat
660 201 56 22 eller
726 201 40 22 vid
775 201 97 22 hvilken

123 235 184 29 arbetsgifvaren
323 239 25 18 är
363 235 94 30 skyldig
472 239 34 18 att
521 243 66 15 svara
601 235 8 22 i
623 235 171 29 fordringsmål.

470 339 26 21 31
512 339 20 26 8.

191 384 46 21 Det
259 384 134 21 ankommer
415 384 14 21 å
450 384 102 22 Senaten
573 385 34 20 att
628 383 109 22 förordna
754 383 119 30 angående

123 417 171 23 öfvervakande
317 418 26 22 af
363 418 181 28 ofvanstadgade
565 418 144 28 försäkrings
726 417 146 29 fullgörande

123 451 120 23 äfvensom
258 454 34 20 att
301 452 106 22 meddela
417 452 28 22 de
455 456 105 18 närmare
571 452 152 28 föreskrifter,
734 458 49 15 som
794 452 79 22 kunna

123 486 114 22 erfordras
251 486 37 22 för
303 488 35 20 att
353 486 83 30 bringa
451 486 75 22 denna
540 487 39 28 lag
593 486 8 22 i
617 486 184 28 verkställighet.

468 590 28 21 32
511 590 19 26 8.

192 634 82 22 Denna
283 634 39 30 lag
331 634 77 22 träder
418 634 9 22 i
437 634 107 29 gällande
556 634 63 22 kraft
626 633 45 22 den
680 635 7 21 1
699 633 96 22 Januari
805 634 39 22 189
867 650 5 5 .

192 806 54 22 Med
268 806 142 29 hänvisning
429 806 38 22 till
482 806 61 22 hvad
557 807 9 21 i
581 806 44 22 den
640 806 123 22 inledande
778 806 96 22 motive-

124 841 83 28 ringen
231 840 95 29 anförts,
346 840 24 22 få
384 840 130 22 Ständerna
529 840 109 30 derjemte
652 840 168 29 underdånigst
835 847 39 15 an-

124 876 72 21 hålla:

398 924 31 19 att
451 921 69 22 Eders
542 921 117 28 Kejserliga
677 921 103 28 Majestät
797 921 78 22 täcktes

329 957 130 27 föreskrifva,
476 957 30 21 att
522 957 62 27 ofvan
599 956 87 28 intagna
701 956 33 28 lag
749 955 53 23 skall
813 956 61 22 träda

329 992 8 21 i
351 991 98 28 gällande
463 991 57 27 kraft
534 991 54 27 först
603 998 24 15 en
642 991 73 27 längre
728 991 37 26 tid,
774 991 101 27 förslags-

329 1027 33 21 vis
381 1028 29 20 ett
431 1027 31 26 år,
486 1025 52 27 efter
555 1026 33 21 det
606 1026 120 21 densamma
744 1024 67 29 blifvit
827 1032 48 21 pro-

329 1061 113 28 mulgerad.

194 1123 112 22 Finlands
322 1123 100 22 Ständer
436 1123 131 22 framhärda
582 1125 42 20 etc.

193 1175 156 29 Helsingfors,
366 1175 45 21 den
426 1175 27 22 28
468 1175 46 28 Maj
533 1175 59 22 1894.
