1106 1767
276 142 25 20 14
468 142 25 22 U.
509 142 27 21 B.
552 154 26 3 —
593 142 72 26 Prop.
681 142 40 22 N:o
736 142 35 21 24.

247 198 71 20 kunna
336 197 57 21 förse
412 198 30 26 sig
463 198 48 21 med
528 198 181 27 skogsprodukter
725 200 56 19 samt
795 200 32 19 att
842 198 6 20 i
863 198 74 27 utbyte
954 198 41 20 dit-

246 231 66 20 sända
334 231 94 26 spanmål
451 232 39 20 och
511 231 165 26 kreatursfoder,
695 232 47 21 dem
766 232 26 20 de
812 231 108 26 kuperade
935 232 60 20 land-

246 265 80 26 skapen
345 265 67 21 Keski
431 265 70 21 Suomi
521 265 39 22 och
579 265 110 26 Savolaks,
706 266 46 20 med
772 266 62 20 deras
849 265 66 22 delvis
929 267 66 25 ytter-

247 299 37 26 ligt
310 299 134 21 stenbundna
467 299 104 27 jordmån,
594 299 47 22 icke
666 299 7 21 i
699 299 124 26 erforderlig
845 299 77 26 mängd
946 299 48 21 med

247 338 80 17 samma
348 333 78 20 lätthet
445 339 44 15 som
505 329 136 26 Österbotten
657 333 72 22 kunna
743 333 135 26 frambringa.
909 333 38 21 Ett
962 335 33 19 ut-

248 366 48 27 byte
316 367 23 20 af
353 366 78 22 sådana
447 367 39 21 och
502 367 65 21 andra
582 373 62 16 varor
659 367 103 27 försiggår
778 374 27 14 nu
818 367 71 26 redan,
906 367 90 22 oaktadt

246 400 176 27 bristfälligheten
445 401 7 20 i
474 401 27 21 de
522 401 33 21 för
577 408 25 15 en
625 402 80 21 rörelse
726 402 7 21 i
753 402 70 21 denna
836 402 95 26 riktning
946 402 49 27 föga

246 435 81 27 egnade
349 435 241 22 kommunikationerna.
621 436 111 21 Olikheten
752 437 7 20 i
774 436 116 27 skaplynne
905 436 39 21 hos
960 436 35 21 be-

246 469 122 28 folkningen
386 470 31 21 uti
435 470 159 26 ifrågavarande
613 470 100 22 områden
729 470 54 21 skall
799 471 118 26 säkerligen
933 471 61 20 äfven

246 504 6 20 i
276 504 32 20 sin
328 504 46 21 mån
394 504 88 27 bidraga
497 505 32 20 till
545 507 31 18 att
592 505 49 26 höja
656 505 110 20 resultatet
781 505 23 21 af
817 511 26 14 en
858 505 135 21 underlättad

246 538 122 21 samfärdsel
389 539 46 20 dem
455 539 96 25 emellan,
571 539 38 21 och
628 539 107 21 sannolikt
749 539 69 21 förmå
832 539 67 21 väcka
913 539 34 21 till
960 539 35 20 lifs

247 572 75 27 många
347 579 29 14 nu
399 573 120 20 slumrande
541 573 127 26 produktiva
690 573 88 21 krafter.
808 573 32 21 En
863 573 62 26 bana,
949 579 45 15 som

246 606 54 21 skall
322 606 113 26 tillgodose
457 609 32 19 ett
507 607 75 21 sådant
600 607 130 21 trafikbehof
744 607 38 21 har
797 607 87 21 härmed
899 607 32 21 sin
947 607 48 21 huf-

247 641 135 26 vudriktning
401 641 7 20 i
427 642 56 19 öster
498 641 38 21 och
553 643 74 24 vester,
642 641 89 21 emellan
747 637 137 25 Österbotten
901 641 40 21 och
957 641 37 21 Sa-

246 674 80 25 volaks,
343 674 115 26 angifven.*

314 708 60 21 Inom
396 708 105 22 utskottet
522 709 38 21 har
582 709 123 26 visserligen
727 708 133 28 framhållits,
876 711 31 19 att
926 709 69 27 någon

246 742 88 27 lifligare
352 743 99 21 inbördes
470 743 124 21 samfärdsel
613 743 89 21 emellan
717 744 83 20 landets
815 744 57 20 olika
887 744 60 21 delar
962 744 33 20 för

246 777 131 21 närvarande
392 777 46 21 icke
454 778 52 26 egde
521 784 46 14 rum
582 778 39 21 och
636 777 64 21 hafva
711 784 45 14 som
767 778 46 20 stöd
827 777 72 21 härför
912 777 82 21 anförts

247 811 103 21 särskilda
377 811 69 21 siffror
471 812 90 21 rörande
587 812 90 21 trafiken
701 812 88 21 emellan
813 812 56 20 olika
891 812 60 21 delar
973 812 23 20 af

244 845 165 26 jernvägsnätet.
437 846 74 26 Enligt
531 846 116 21 utskottets
669 846 64 20 tanke
755 846 40 20 har
814 846 69 21 denna
901 848 95 19 omstän-

247 879 73 27 dighet
334 879 54 21 dock
403 880 62 26 ingen
481 880 122 21 beviskraft.
633 880 32 21 De
681 880 138 21 outvecklade
834 880 162 21 förhållandena

247 913 39 21 och
305 913 128 27 bristfälliga
447 914 236 22 kommunikationerna
698 914 63 21 hafva
775 914 105 21 härintills
895 914 101 20 tillbaka-

247 947 61 21 hållit
323 954 26 14 en
364 948 65 21 sådan
445 948 135 26 samfärdsel;
597 955 47 15 men
660 948 84 21 dermed
761 950 24 18 är
801 948 17 26 ej
833 948 61 27 sagdt
905 950 32 18 att
950 948 46 20 icke

246 981 123 28 förändring
387 982 127 21 härutinnan
532 982 42 21 kan
593 983 85 21 komma
693 982 32 21 till
741 982 69 22 stäni.
840 982 10 20 I
865 982 42 21 alla
922 982 73 21 länder

247 1016 46 21 med
316 1016 65 26 högre
403 1016 73 21 kultur
497 1019 24 19 är
539 1017 40 21 den
599 1018 45 20 inre
659 1016 139 22 samfärdseln
813 1017 40 21 och
868 1016 91 21 handeln
976 1016 22 21 af

246 1051 165 26 utomordentlig
426 1051 108 27 betydelse
549 1052 39 20 och
603 1052 75 20 endast
692 1057 75 21 genom
783 1052 108 20 desamma
906 1051 42 21 kan
964 1052 32 19 ett

246 1084 94 26 allsidigt
364 1085 183 27 tillgodogörande
572 1086 23 21 af
619 1086 83 21 landets
728 1086 57 21 olika
807 1091 95 16 resurser
925 1085 68 20 ernås.

247 1119 67 27 Ringa
336 1119 32 20 får
390 1119 47 21 icke
459 1119 66 21 heller
548 1119 81 22 skattas
652 1120 122 27 betydelsen
794 1119 23 22 af
834 1121 31 19 ett
879 1119 116 21 närmande

247 1154 88 20 emellan
361 1153 83 21 landets
472 1153 70 21 skilda
563 1154 146 21 folkstammar
732 1153 39 22 och
795 1154 39 20 den
856 1153 139 21 vexelverkan

246 1187 47 22 dem
316 1187 96 26 emellan,
431 1194 45 15 som
495 1188 121 26 härigenom
637 1187 53 22 skall
706 1187 86 28 bringas
807 1187 33 21 till
855 1187 70 22 stånd.
954 1187 42 21 Det

247 1221 66 21 måste
339 1221 71 21 derför
431 1228 52 15 vara
505 1222 91 26 önskligt
618 1223 31 20 att
671 1222 40 21 den
734 1221 133 22 återstående
890 1221 62 21 delen
975 1221 22 20 af

246 1256 281 27 sammanbindningsbanan
553 1257 46 20 med
627 1256 35 20 det
685 1258 94 19 snaraste
801 1256 84 20 komme
908 1255 33 21 till
963 1257 33 18 ut-

246 1289 94 21 förande.

315 1323 39 20 Om
370 1323 41 20 den
425 1323 133 27 lämpligaste
573 1323 148 27 sträckningen
736 1323 33 21 för
785 1323 68 21 denna
865 1323 56 21 bana
933 1323 63 20 hafva

246 1357 56 20 inom
326 1357 103 20 utskottet
451 1357 123 27 visserligen
597 1357 58 21 olika
676 1357 77 26 åsigter
776 1357 95 26 uttalats,
892 1363 48 14 men
963 1359 33 18 ut-

246 1391 91 22 skottets
353 1391 106 27 majoritet
474 1391 39 21 har
527 1391 47 22 icke
589 1392 81 21 kunnat
685 1391 52 28 hysa
749 1391 70 28 någon
831 1391 78 22 tvekan
921 1391 7 21 i
937 1391 59 22 detta

247 1425 104 22 afseende.
382 1426 31 21 De
431 1425 76 27 många
525 1425 93 22 fördelar
633 1433 45 14 som
693 1427 74 20 vinnas
781 1433 76 20 genom
869 1426 126 27 jernvägens

314 1477 178 23 Jernvägsutskottets
504 1477 111 18 betänkande
627 1477 37 18 N:o
676 1477 18 18 2.
