1131 1770
339 160 29 22 U.
384 160 27 22 B.
427 174 26 2 —
469 161 74 29 Prop.
558 162 42 22 N:o
616 162 38 22 29.
817 164 25 19 15

189 225 48 22 Det
254 225 9 21 i
280 226 49 21 den
348 226 93 29 nädiga
459 226 187 28 propositionen
664 227 90 29 gjorda
772 228 99 21 medde-

120 259 94 27 landet,
234 260 36 21 att
288 260 70 22 Hans
378 260 140 29 Kejserliga
536 260 116 29 Majestät
661 261 53 22 icke
724 261 82 22 funnit
816 262 54 21 skäl

120 294 46 22 hos
194 294 143 22 Ständerna
364 294 92 22 föreslä
483 295 142 22 införandet
652 296 26 21 af
704 295 164 29 obligatorisk

120 328 211 28 sjukförsäkring,
350 328 22 28 ej
392 328 78 22 heller
480 329 26 21 af
515 328 293 30 älderdomsförsäkring,
822 330 48 21 för-

121 362 109 26 anleder,
258 362 77 29 enligt
362 362 137 22 Utskottets
527 363 83 27 tanke,
637 364 53 21 icke
712 364 78 28 nägot
808 365 63 21 utta-

119 396 75 22 lande
212 396 57 22 frän
290 396 154 22 Ständernas
464 397 62 22 sida.

189 447 199 22 Vidkommande
420 448 54 22 äter
501 449 147 28 spörsmälet
675 455 39 15 om
743 448 127 23 arbetares

120 481 198 22 säkerställande
336 482 8 21 i
364 482 156 23 ekonomiskt
539 483 117 22 afseende
675 483 43 21 vid
731 483 138 28 olycksfall,

119 523 54 16 som
200 517 70 21 timat
296 516 81 22 under
404 517 108 22 arbetets
539 517 123 28 utöfning,
685 517 47 21 har
750 517 121 22 utskottet

119 551 33 27 pä
180 550 30 22 de
232 551 62 25 skäl,
323 557 53 15 som
396 551 94 21 anförts
510 551 24 21 af
553 551 317 28 arbetareförsäkringsko-

120 584 75 22 mitön
214 585 46 21 och
278 584 39 22 för
335 584 86 22 hvilka
440 585 131 22 ofvanföre
586 585 7 22 i
607 585 100 22 korthet
719 585 142 29 redogjorts

119 619 66 21 varit
212 625 59 15 ense
300 619 94 26 derom,
422 620 60 21 atti
504 620 68 21 detta
590 620 67 25 land,
677 619 50 22 lika
746 620 52 21 litet
817 626 53 15 som

120 653 172 26 annorstädes,
313 659 31 15 en
362 653 108 22 särskild
485 653 157 29 lagstiftning
664 654 4 21 i
691 654 82 22 ämnet
785 654 85 22 kunde

119 688 137 21 undvaras.
280 688 57 21 Med
348 687 118 22 afseende
477 688 13 21 ä
501 688 30 22 de
541 688 231 28 hufvudprinciper,
783 688 87 22 hvilka

119 722 78 22 borde
224 722 89 28 läggas
333 722 35 22 till
392 722 83 28 grund
499 722 39 22 för
556 729 31 15 en
606 722 79 22 sädan
703 722 166 29 lagstiftning,

119 756 46 22 har
183 756 121 22 utskottet
321 756 54 22 icke
393 756 97 22 kunnat
502 757 86 28 undgä
603 758 35 21 att
650 757 77 26 finna,
742 757 127 26 hurusom,

118 790 33 28 pä
170 791 49 21 sätt
237 790 92 29 jemväl
343 791 111 28 framgår
468 791 24 21 af
504 791 77 22 ofvan
594 791 103 22 stående
711 791 157 29 utläggning,

119 825 31 22 de
169 825 62 26 skäl,
250 825 86 22 hvilka
356 825 94 22 anförts
464 827 65 20 emot
541 825 164 29 obligatorisk
718 825 152 29 olycksfalls-

119 859 151 28 försäkring,
289 860 213 28 hufvudsakligen
522 860 43 22 äro
583 860 98 22 riktade
700 861 72 25 emot,
785 861 35 21 att
833 860 36 22 sä-

119 893 50 22 dan
187 893 145 30 försäkring
350 893 80 22 skulle
449 894 140 21 utsträckas
608 894 36 21 till
663 894 55 26 alla,
732 894 93 28 jemväl
838 894 30 21 de

118 928 138 28 lindrigare
283 928 170 29 olycksfallen,
482 928 89 22 medan
599 928 14 22 å
641 928 79 22 andra
748 928 72 22 sidan
838 928 31 22 de

119 963 85 25 motiv,
223 962 86 22 hvilka
328 963 80 28 gjorts
426 963 117 28 gällande
562 963 35 22 till
615 963 98 21 förmän
731 963 39 22 för
789 969 31 16 en
833 963 37 21 sä-

119 997 50 22 dan
187 997 153 29 försäkring,
360 997 7 22 i
386 997 104 22 främsta
509 998 105 21 rummet
623 997 78 22 hafva
714 997 38 22 sin
765 997 103 28 tillämp-

118 1031 62 29 ning
207 1031 33 28 pä
267 1031 96 22 sädana
389 1031 197 28 kroppsskador,
609 1032 86 21 hvilka
713 1031 103 29 betinga
835 1033 34 20 ett

118 1065 39 22 för
179 1066 88 28 längre
288 1066 102 22 framtid
407 1066 126 28 utgäende
551 1066 140 26 underhäll,
712 1066 71 21 alltsä
801 1066 69 21 inva-

118 1100 102 22 liditets-
244 1100 45 22 och
310 1100 116 22 dödsfall.
462 1100 80 22 Dessa
560 1100 213 29 omständigheter
791 1100 77 29 gifva,

119 1134 77 30 enligt
226 1134 133 22 utskottets
392 1134 84 27 tanke,
513 1142 30 15 en
574 1135 111 28 antydan
712 1135 93 26 derom,
835 1136 35 20 att

118 1169 104 29 frågans
251 1169 253 29 ändamälsenligaste
530 1170 100 28 lösning
657 1175 61 16 vore
746 1170 35 21 att
799 1169 70 22 finna

119 1210 90 22 genom
236 1204 42 22 det
304 1204 153 25 förfarande,
486 1205 35 21 att
548 1204 82 22 säsom
648 1204 69 28 regel
735 1203 134 22 fastställes

120 1238 213 28 arbetsgifvarens
352 1238 144 28 skyldighet
514 1238 36 22 till
569 1238 161 26 skadeständ,
749 1238 32 22 dä
801 1238 69 21 arbe-

119 1273 53 21 tare
199 1272 103 22 skadats
329 1272 44 22 vid
400 1272 109 22 arbetets
535 1272 123 29 utöfning,
688 1273 63 21 samt
774 1273 35 21 att
831 1272 39 22 för

119 1306 198 22 säkerställande
342 1306 25 22 af
388 1306 83 22 denna
493 1306 230 29 skadeständspligt
741 1306 8 22 i
768 1306 30 22 de
818 1306 50 26 fall,

119 1341 32 22 dä
174 1341 178 28 kroppsskada
372 1341 98 22 medför
487 1341 146 22 invalidetet
652 1341 59 22 eller
730 1341 57 26 död,
807 1340 63 22 före-

120 1375 107 22 skrifves
246 1375 164 28 obligatorisk
428 1375 152 29 försäkring.

188 1425 12 22 I
228 1425 89 28 sjelfva
344 1425 88 22 verket
458 1425 86 21 kunna
563 1426 65 20 emot
646 1431 31 15 en
696 1431 67 15 mera
782 1424 87 22 omfat-

119 1459 75 22 tande
221 1459 165 28 obligatorisk
412 1458 296 29 olycksfallsförsäkring,
736 1458 76 22 äfven
830 1464 40 15 om

187 1501 48 23 Lag-
248 1501 32 18 och
292 1501 180 18 Ekonomiutskottets
484 1501 109 18 betänkande
605 1500 37 18 N:o
654 1501 29 17 12.
