1139 1770
294 138 12 20 8
589 140 44 24 N:o
653 141 38 22 31.

265 205 43 21 han
323 206 23 21 af
360 206 102 27 åtgärden
478 206 67 22 erhöll
561 206 40 27 del,
610 207 40 21 och
665 208 28 26 på
708 206 75 22 landet
797 208 71 20 senast
879 206 36 22 vid
925 207 36 21 det
971 207 45 27 lag-

265 239 54 22 tima
334 241 51 26 ting,
402 246 46 16 som
464 240 53 22 efter
532 241 44 21 lika
590 241 42 21 tids
647 241 84 27 förlopp
746 241 54 21 först
815 241 92 21 infaller.

334 274 114 28 Angående
471 276 100 21 utseende
588 276 22 20 af
624 276 131 26 sakkunnige
771 276 39 21 och
826 276 54 26 gode
896 278 49 19 män
960 278 56 19 samt

265 315 35 15 om
322 309 214 27 ersättningsfrågans
558 310 128 26 behandling
708 310 6 21 i
737 310 66 26 öfrigt
824 310 56 27 gälle
902 310 57 21 hvad
982 316 33 16 om

264 344 160 27 tvångslösning
439 344 23 21 af
473 344 49 26 jord
537 344 33 21 för
585 345 89 21 allmänt
684 344 65 22 behof
763 345 7 20 i
786 345 62 21 dessa
858 344 59 21 delar
928 346 24 19 är
963 344 53 22 eller

264 378 77 21 varder
357 378 107 28 stadgadt.

612 408 11 27 8
641 409 32 19 11.

332 447 130 27 Ersättning,
486 454 46 15 som
547 447 64 28 utgår
625 448 7 21 i
647 449 62 20 ränta
725 447 51 22 eller
792 453 69 15 annan
877 448 55 27 årlig
947 447 67 28 afgift,

264 481 55 22 skall
341 482 105 21 beräknas
469 481 46 22 från
532 482 39 21 den
588 483 47 26 dag,
652 482 27 21 då
693 481 211 28 esplanadområdets
919 482 95 27 rörlägg-

262 517 51 27 ning
327 517 112 21 «slutförts.
468 517 46 22 Den
533 517 8 21 i
556 518 12 20 3
584 517 11 28 &
611 517 104 28 stadgade
737 517 157 27 amorteringen
918 517 96 28 vidtager

262 551 24 21 så
302 554 58 18 snart
376 552 92 21 beslutet
484 553 71 20 derom
571 552 74 21 vunnit
660 552 47 26 laga
723 552 64 20 kraft.

331 586 130 26 Ersättning,
476 592 45 16 som
537 586 54 22 skall
607 587 27 26 på
650 593 25 14 en
685 586 56 26 gång
753 587 57 25 utgå,
821 586 60 26 löper
891 586 48 20 med
950 588 64 20 ränta

263 620 54 22 efter
332 620 42 21 fem
390 620 33 21 för
438 620 111 22 hundrade
563 627 34 15 om
613 621 47 21 året
675 620 48 21 från
739 620 40 21 den
794 620 6 21 i
823 622 2 18 ]
845 626 63 15 mom.
921 621 93 21 nämnda

262 655 42 27 dag
318 654 34 22 till
368 656 47 20 dess
430 655 109 27 betalning
554 656 44 20 står
614 658 33 18 att
661 655 59 27 lyfta.
744 655 69 21 Sådan
824 655 118 27 ersättning
952 655 60 21 utbe-

262 690 55 20 talas
340 689 18 27 ej
381 689 65 21 innan
469 689 220 27 inteckningshafvare
713 689 52 21 eller
785 689 47 25 den,
849 695 43 15 som
908 689 56 21 visar
980 690 33 26 sig

261 724 63 26 eljest
346 730 40 20 ega
400 726 98 24 panträtt
513 724 7 20 i
535 724 135 27 fastigheten,
686 724 71 21 dertill
773 724 106 26 samtyckt
894 723 54 22 eller
963 724 51 21 tvist

261 764 35 16 om
310 758 55 22 hans
380 759 44 20 rätt
440 758 95 28 afgjorts.

609 816 11 27 8
637 818 32 20 12.

329 857 42 21 Vill
393 856 80 22 kronan
497 856 33 22 för
552 856 99 22 bildande
673 856 24 22 af
717 857 207 29 fästningsesplanad
943 862 69 22 inlösa

260 891 42 22 fast
325 891 102 27 egendom
442 891 8 21 i
466 891 39 20 den
529 891 96 27 ordning,
641 897 45 15 som
703 897 32 15 om
753 893 161 29 tvängslösning
929 896 24 21 af
963 897 49 26 jord

260 927 34 20 för
308 927 89 20 allmänt
412 925 65 22 behof
491 927 24 19 är
530 926 97 27 stadgad,
642 932 51 15 vare
709 926 71 21 dertill
795 927 126 28 berättigad.
952 931 60 21 Dock

260 961 53 21 skall
328 960 67 21 sädan
411 959 112 27 ästundan,
539 959 46 22 ifall
601 960 118 27 ersättning
734 961 65 21 redan
814 962 70 22 blifvit
899 964 27 27 pä
941 967 69 24 grund

260 995 23 22 af
304 996 68 21 denna
394 993 125 29 förordning
541 993 106 28 faststäld,
670 995 56 20 inom
741 997 33 19 tre
790 996 101 22 mänader
906 998 54 22 efter
975 999 36 22 det

260 1031 103 25 ätgärden
386 1029 75 21 vunnit
482 1029 48 27 laga
550 1029 58 21 kraft
623 1030 171 26 tillkännagifvas
807 1031 128 27 jordegaren
951 1034 57 26 eller,

259 1065 6 21 i
293 1064 61 27 fräga
377 1070 33 15 om
433 1064 172 26 kronohemman,
622 1064 56 21 äbon
695 1063 57 27 derä,
769 1064 34 21 vid
819 1065 97 29 äfventyr
930 1069 33 19 att
978 1075 32 15 er-

260 1099 191 27 sättningsbelopp,
467 1104 45 16 som
528 1098 118 22 emellertid
661 1098 90 22 förfallit
766 1100 34 20 tili
816 1100 115 29 betalning,
948 1102 62 28 eljest

258 1134 18 28 ej
293 1134 35 22 mä
342 1134 49 22 frän
407 1134 140 21 lösesumman
564 1134 109 21 afräknas.

606 1191 12 27 8
635 1192 32 20 13.

327 1231 71 21 Varda
420 1230 205 27 inskränkningarna
641 1231 6 21 i
664 1231 89 27 egande-
769 1232 40 20 och
829 1233 179 27 nyttjanderätten

256 1266 34 20 till
305 1266 42 20 fast
362 1265 101 27 egendom
480 1266 46 20 äter
540 1265 115 27 upphäfda,
671 1265 84 21 förfalle
771 1266 34 20 för
819 1266 113 22 framtiden
942 1268 66 22 sädan

256 1299 250 27 betalningsskyldighet,
529 1305 46 15 som
597 1300 65 25 enligt
681 1300 68 20 denna
765 1300 125 28 förordning
906 1302 102 22 bestämts

257 1335 33 19 att
306 1333 80 26 ärligen
402 1333 109 26 fullgöras.

604 1373 11 27 8
633 1374 32 21 14.

325 1413 125 28 Ansökning
474 1420 34 15 om
530 1415 214 27 militärmyndighets
766 1415 96 22 tillstånd
878 1418 32 19 att
926 1418 12 21 &
954 1417 52 22 fäst-

256 1449 166 28 ningsesplanad
437 1449 90 27 uppföra
542 1450 99 27 byggnad
656 1450 52 21 eller
723 1450 86 27 vidtaga
819 1457 69 15 annan
899 1451 23 22 af
931 1452 75 22 sädant
