1128 1770
453 130 52 22 N:o
521 129 52 23 29.

343 414 74 25 Hans
435 414 179 32 Kejserliga
631 414 160 32 Majestäts
810 414 81 32 nådiga

274 460 139 32 proposition
431 460 34 25 till
482 459 105 26 Finlands
608 460 94 25 Ständer
720 459 114 33 angående
853 468 38 17 ar-

275 505 93 26 betares
389 506 134 31 försäkring
539 506 37 25 för
588 506 119 32 olycksfall
725 506 7 24 i
750 506 95 25 arbetet.

206 574 101 22 Finlands
331 574 93 21 Ständer
447 574 63 22 hafva
532 574 35 21 vid
590 574 131 27 landtdagen
744 575 24 20 är
790 575 54 20 1888
860 575 33 21 uti

137 609 214 27 petitionsskrifvelse
374 608 23 22 af
418 609 39 21 den
474 610 27 20 29
517 609 41 27 Maj
576 609 66 27 sagda
657 610 25 20 år
696 609 8 21 i
720 609 172 26 underdånighet

139 643 89 21 anhållit
243 650 34 14 om
292 643 135 22 tillsättande
442 643 22 21 af
479 650 26 14 en
520 644 80 21 komité
615 644 48 20 med
678 644 98 26 uppdrag
788 644 39 25 att,
839 643 54 21 efter

138 677 167 22 införskaffande
321 678 22 21 af
357 678 78 27 nödiga
454 678 123 21 statistiska
593 678 115 27 uppgifter,
725 678 123 21 undersöka
859 684 34 14 om

140 712 38 21 och
201 713 28 26 på
251 712 56 22 hvad
322 714 45 20 sätt
382 714 57 20 samt
454 712 7 21 i
476 712 84 22 hvilken
576 712 150 27 utsträckning
741 718 26 16 en
784 712 22 21 af
820 713 71 20 staten

138 746 107 27 påbjuden
261 747 40 21 och
317 746 96 28 skyddad
433 747 222 27 arbetareförsäkring
670 747 72 21 kunde
757 746 87 27 bringas
861 746 33 22 till

139 781 66 21 stånd
219 781 7 21 i
241 781 91 21 Finland
355 782 56 20 samt
433 782 39 25 att,
497 781 37 21 der
556 781 78 22 sådant
650 782 90 26 ansåges
756 781 88 27 möjligt,
862 782 32 20 ett

139 815 116 27 lagförslag
271 822 33 15 om
315 816 110 21 arbetares
437 816 124 27 sjukdoms-,
573 816 130 27 olycksfalls-
714 816 38 21 och
764 816 130 21 ålderdoms-

139 850 122 27 försäkring
284 851 67 21 måtte
369 850 112 22 utarbetas
497 851 39 21 och
551 850 122 22 Ständerna
687 850 127 28 föreläggas.
845 850 50 21 Med

141 884 57 21 bifall
221 884 32 21 till
276 885 70 20 denna
368 884 148 27 -underdäniga
540 885 158 26 framställning
715 885 39 21 har
769 885 61 21 Hans
845 884 50 27 Kej-

140 919 79 26 serliga
234 919 101 27 Majestät
350 920 71 20 täckts
436 919 7 20 i
458 919 68 21 näder
544 919 127 28 bemyndiga
689 919 93 22 Senaten
798 919 33 22 för
846 919 49 21 Fin-

141 953 51 22 land
208 954 32 20 att
257 953 92 22 tillsätta
364 960 26 15 en
406 954 80 21 komit&
501 954 48 21 med
560 955 36 20 det
606 953 99 28 uppdrag
714 953 93 22 berörda
817 954 79 21 under-

142 988 77 27 däniga
242 988 91 26 petition
357 987 60 28 afsäg
439 989 56 20 samt
518 988 94 22 anbefalt
635 988 94 22 Senaten
754 990 33 19 att
803 988 93 21 derefter

142 1023 33 20 til
188 1022 61 21 Hans
265 1022 118 27 Kejserliga
398 1023 102 27 Majestät
510 1023 108 21 inkomma
628 1023 49 21 med
687 1023 134 27 underdänig
831 1022 65 21 fram-

142 1057 102 26 ställning
260 1057 93 21 rörande
372 1057 41 21 den
429 1057 83 26 ätgärd,
529 1057 85 22 hvartill
630 1057 46 22 skäl
692 1057 73 22 kunde
772 1057 124 22 förefinnas.

143 1091 145 22 Omförmälda
310 1091 86 27 komit6,
419 1098 45 15 som
487 1091 101 22 tillsattes
612 1092 41 21 den
679 1093 22 20 11
722 1091 96 22 Oktober
835 1093 61 25 1889,

143 1126 40 21 har
198 1132 89 15 numera
301 1125 97 28 fullgjort
413 1127 38 20 sitt
465 1126 105 27 uppdrag.
594 1126 28 21 Af
631 1127 40 21 den
684 1125 48 23 utaf
740 1126 95 21 komitén
846 1126 51 21 lem-

144 1161 55 21 nade
224 1160 120 27 utredning,
371 1167 46 15 som
439 1161 55 21 skall
516 1160 122 23 Ständerna
661 1160 108 28 delgifvas,
796 1161 100 27 framgär,

143 1195 66 22 bland
231 1197 73 24 annat,
329 1196 33 20 att
384 1195 35 21 vid
438 1196 108 26 utgängen
563 1195 23 22 af
599 1196 24 21 är
640 1196 60 26 1889,
717 1195 32 21 till
764 1195 86 21 hvilken
866 1195 32 21 tid

144 1229 106 22 komitens
275 1229 123 22 statistiska
422 1229 161 28 undersökning
608 1229 134 22 beträffande
766 1229 132 28 hjelpkasse-

145 1263 103 22 väsendet
263 1263 96 22 sträcker
375 1263 38 27 sig,
429 1263 7 21 i
451 1263 91 22 Finland
557 1263 78 22 funnos
651 1264 76 21 inalles
745 1265 46 25 127,
807 1263 91 22 hufvud-

145 1297 104 27 sakligast
274 1297 22 22 af
319 1297 154 27 arbetsgifvare
498 1297 39 22 och
563 1297 99 22 arbetare
678 1298 36 21 vid
730 1298 26 21 de
771 1298 128 21 industriela

145 1332 81 26 yrkena
241 1331 109 21 inrättade
365 1331 135 27 hjelpkassor
515 1331 47 21 med
575 1332 75 26 16,889
663 1332 103 27 delegare,
778 1332 121 26 utgörande

146 1367 60 25 40,31
234 1368 89 24 procent
346 1365 23 21 af
385 1366 48 21 hela
449 1366 83 21 antalet
546 1366 164 27 yrkesarbetare
725 1366 8 21 i
748 1366 80 22 landet.
858 1366 42 22 Be-

147 1400 106 26 rättigade
276 1400 32 20 till
331 1399 105 27 sjukhjelp
458 1400 48 21 frän
523 1401 62 20 dessa
599 1400 77 20 kassor
691 1406 51 15 voro
761 1401 74 25 14,978
851 1406 49 20 per-

146 1440 70 19 soner,
240 1433 50 21 eller
314 1434 66 26 något
403 1432 57 22 öfver
483 1434 26 20 38
525 1434 89 26 procent
630 1433 23 21 af
666 1433 47 21 hela
728 1434 84 21 antalet
827 1434 73 26 yrkes-
