1125 1773
313 126 82 25 Ständ.
411 128 37 23 Sv.
463 141 28 3 —
506 129 71 28 Prop.
592 129 43 23 N:o
651 130 36 21 26.
835 131 13 20 3

125 191 58 22 fond
198 192 41 22 bör
253 192 143 30 uppbringas
412 194 36 21 till
464 196 34 19 ett
512 195 83 29 belopp
611 195 161 22 motsvarande
789 195 48 28 1"/,
852 195 26 21 af

124 226 151 29 föreningens
298 227 138 29 utelöpande
458 228 153 23 förbindelser
629 230 70 21 borde
715 229 95 28 skärpas
827 230 49 21 der-

125 260 52 28 hän,
186 263 34 19 att
228 263 35 19 ett
269 261 72 28 högre
349 263 131 27 procenttal
488 263 7 21 i
504 263 62 21 detta
575 263 108 22 afseende
691 263 76 22 skulle
774 263 100 23 fastsläs.

125 294 36 21 Då
175 295 150 29 föreningens
341 296 147 22 verksamhet
501 297 72 21 under
583 297 28 22 de
622 299 90 20 senaste
723 298 55 21 åren
788 298 88 21 utfallit

123 329 152 29 synnerligen
297 331 44 27 väl,
364 331 9 21 i
396 331 38 21 det
457 333 35 20 att
512 331 149 30 föreningens
684 332 102 21 årsvinst
802 333 74 21 under

124 364 155 23 sistförflutna
294 365 33 22 tio
343 366 25 21 är
383 365 8 22 i
406 366 108 22 medeltal
529 367 99 28 uppgått
638 367 37 21 till
685 367 88 21 inemot
785 369 91 24 121,000

122 399 66 20 mark
204 399 43 22 och
261 400 72 28 nägot
348 399 130 29 betydande
494 401 133 28 nedgäende
637 401 141 21 härutinnan
788 401 52 21 icke
850 405 26 17 är

126 435 34 18 att
174 435 93 26 emotse,
283 434 66 21 torde
365 434 40 21 det
419 434 52 21 icke
486 437 62 19 möta
562 436 77 27 nägon
655 435 119 28 svärighet
783 435 37 22 för
829 435 47 21 för-

121 467 110 29 eningen,
254 468 69 21 hvars
339 468 136 22 reservfond
490 469 36 22 för
540 469 143 22 närvarande
698 471 70 26 utgör
783 471 93 26 500,000

124 501 64 22 mark
197 502 42 21 och
250 502 70 29 drygt
329 505 129 19 motsvarar
467 505 13 20 2
486 504 28 28 9/,
524 503 26 22 af
557 504 149 28 föreningens
714 503 160 28 förbindelser,

121 538 37 19 att
168 536 70 23 äfven
248 537 40 22 vid
298 537 123 22 framdeles
432 538 100 22 skeende
544 539 88 28 ökning
643 538 25 22 af
676 538 100 21 nämnda
787 538 88 22 förbin-

124 571 74 21 delser
208 571 132 29 uppbringa
349 572 166 22 reservfonden
525 573 37 21 till
573 575 34 19 ett
617 573 83 28 belopp
711 573 161 21 motsvarande

122 613 56 21 nyss
202 606 71 28 sagda
294 607 136 28 procenttal.
459 607 83 22 Denna
562 607 137 29 förhöjning
713 607 71 22 borde
800 608 75 28 enligt

121 640 142 22 Ständernas
278 641 71 22 tanke
360 642 128 21 emellertid
498 642 51 21 icke
560 643 89 21 inträda
659 642 147 28 omedelbart,
817 644 57 19 utan

119 674 62 22 först
203 674 59 23 efter
284 675 39 22 det
346 676 194 28 kapitalrabatten
558 677 13 21 å
585 677 150 28 föreningens
750 677 125 21 utländska

122 709 39 22 län
184 709 25 22 af
229 711 25 20 är
273 711 55 22 1865
342 711 80 21 blifvit
437 711 134 22 amorterad.
601 711 41 22 Uti
658 711 44 21 den
717 711 8 21 i
739 711 134 29 Hypoteks-

119 744 153 29 föreningens
288 747 91 19 senaste
395 745 161 22 ärsberättelse
570 746 97 28 intagna
681 745 63 22 tablä
754 745 66 22 öfver
828 745 46 22 för-

121 780 115 28 eningens
252 780 113 28 ställning
379 780 45 22 den
439 782 25 20 31
482 781 125 21 December
624 782 54 21 1893
696 783 113 26 upptages
827 788 47 14 om-

121 814 114 22 förmälda
256 814 165 29 kapitalrabatt
443 815 70 21 bland
531 815 149 29 föreningens
695 815 127 28 tillgängar
836 815 38 21 till

123 848 61 22 Fmk
198 850 118 27 1,250,682:
331 851 35 21 49.
392 842 22 28 Ä
427 850 71 21 andra
510 850 65 21 sidan
585 850 102 29 uppgick
699 850 44 21 den
753 850 38 21 för
801 856 72 15 amor-

123 884 77 29 tering
223 884 26 21 af
268 884 100 22 nämnda
395 884 164 29 kapitalrabatt
580 885 92 22 bildade
694 884 87 22 fonden
801 884 72 29 jemte

122 919 133 22 densamma
265 919 76 22 direkt
351 919 105 22 tillförda
466 920 72 21 under
549 921 48 20 äret
607 919 99 22 influtna
717 921 65 20 extra
792 920 82 29 bidrag

120 953 44 22 och
187 953 145 22 öfverräntor
354 954 78 22 tillika
450 954 52 22 med
520 955 59 21 ärets
595 954 128 23 vinstsaldo
739 955 37 21 till
791 955 81 21 inalles

119 988 62 21 Fmk
205 989 119 27 1,067,145:
342 990 31 27 17,
396 989 92 22 hvadan
506 989 40 22 vid
564 989 176 28 ifrågavarande
762 989 111 28 tidpunkt

122 1022 193 29 kapitalrabatten
331 1023 8 22 i
355 1023 83 29 sjelfva
452 1023 82 22 verket
550 1024 96 28 nedgätt
655 1023 38 22 till
702 1023 61 22 Fmk
776 1024 96 27 183,537:

122 1059 34 20 32.
178 1057 125 29 Antagligt
319 1061 24 18 är
359 1058 63 28 förty
438 1059 34 20 att
487 1058 75 22 denna
577 1058 165 21 kabitalrabatt
757 1058 8 21 i
781 1065 28 14 en
820 1065 53 14 snar

120 1091 96 22 framtid
231 1092 60 21 skall
306 1092 80 21 kunna
400 1099 28 14 ur
441 1092 186 29 räkenskaperna
642 1092 89 21 afföras.

188 1126 34 22 Pä
236 1127 77 28 grund
327 1126 26 22 af
365 1126 40 21 det
420 1126 96 22 anförda
525 1127 24 21 fä
560 1127 129 21 Ständerna
698 1126 9 21 i
717 1126 155 29 underdänig-

119 1160 41 22 het
175 1161 99 22 anmäla:

394 1199 30 19 att
448 1196 120 22 Ständerna
590 1197 34 26 för
646 1197 33 20 sin
695 1196 32 21 del
745 1197 73 27 bevilja
833 1197 39 22 den

326 1231 26 27 af
369 1231 230 27 Hypoteksföreningen
621 1231 90 27 begärda
724 1232 101 25 garantin
839 1232 33 26 för

325 1265 148 27 uppfyllandet
498 1266 26 26 af
544 1265 24 22 de
592 1265 137 27 förbindelser
750 1265 122 28 föreningen

325 1300 52 26 efter
398 1299 72 28 hvarje
491 1301 57 26 gång
560 1300 108 21 utverkadt
685 1300 76 27 nådigt
776 1300 97 21 tillstånd

325 1334 40 21 kan
381 1334 72 21 ikläda
468 1334 32 27 sig
515 1335 36 20 vid
564 1334 143 27 upptagandet
722 1335 14 20 å
751 1334 79 21 utrikes
840 1337 32 18 ort

325 1369 27 26 af
362 1368 43 25 lån,
420 1369 51 20 dock
486 1369 41 21 icke
543 1369 30 21 till
587 1369 62 26 högre
663 1368 72 27 belopp
752 1371 28 18 än
791 1371 31 18 att
831 1369 41 26 för-

325 1403 101 25 eningens
447 1403 113 20 utländska
577 1403 62 20 skuld
652 1403 188 20 sammanräknadt
854 1403 18 26 ej

325 1436 122 26 öfverstiger
461 1437 138 26 30,000,000
613 1436 70 26 finska
697 1436 70 26 mark;
