<?xml version="1.0" encoding="UTF-8"?>
<alto xmlns="http://www.loc.gov/standards/alto/ns-v3#" xmlns:xlink="http://www.w3.org/1999/xlink" xmlns:xsi="http://www.w3.org/2001/XMLSchema-instance" xsi:schemaLocation="http://www.loc.gov/standards/alto/ns-v3# http://www.loc.gov/alto/v3/alto-3-0.xsd">
	<Description>
		<MeasurementUnit>pixel</MeasurementUnit>
		<sourceImageInformation>
			<fileName>/tmp/tess_k4h24f2__input.PNG</fileName>
		</sourceImageInformation>
		<OCRProcessing ID="OCR_0">
			<ocrProcessingStep>
				<processingSoftware>
					<softwareName>tesseract 5.3.4</softwareName>
				</processingSoftware>
			</ocrProcessingStep>
		</OCRProcessing>
	</Description>
	<Layout>
		<Page WIDTH="1123" HEIGHT="1770" PHYSICAL_IMG_NR="0" ID="page_0">
			<PrintSpace HPOS="0" VPOS="0" WIDTH="1123" HEIGHT="1770">
				<ComposedBlock ID="cblock_0" HPOS="272" VPOS="140" WIDTH="23" HEIGHT="19">
					<TextBlock ID="block_0" HPOS="272" VPOS="140" WIDTH="23" HEIGHT="19">
						<TextLine ID="line_0" HPOS="272" VPOS="140" WIDTH="23" HEIGHT="19">
							<String ID="string_0" HPOS="272" VPOS="140" WIDTH="23" HEIGHT="19" WC="0.96" CONTENT="12"/>
						</TextLine>
					</TextBlock>
				</ComposedBlock>
				<ComposedBlock ID="cblock_1" HPOS="239" VPOS="204" WIDTH="751" HEIGHT="368">
					<TextBlock ID="block_1" HPOS="240" VPOS="204" WIDTH="750" HEIGHT="192">
						<TextLine ID="line_1" HPOS="241" VPOS="204" WIDTH="749" HEIGHT="28">
							<String ID="string_1" HPOS="241" VPOS="204" WIDTH="145" HEIGHT="28" WC="0.95" CONTENT="mobilisering"/><SP WIDTH="22" VPOS="204" HPOS="386"/>
							<String ID="string_2" HPOS="408" VPOS="205" WIDTH="23" HEIGHT="21" WC="0.96" CONTENT="af"/><SP WIDTH="21" VPOS="205" HPOS="431"/>
							<String ID="string_3" HPOS="452" VPOS="205" WIDTH="41" HEIGHT="21" WC="0.96" CONTENT="den"/><SP WIDTH="17" VPOS="205" HPOS="493"/>
							<String ID="string_4" HPOS="510" VPOS="206" WIDTH="25" HEIGHT="20" WC="0.96" CONTENT="12"/><SP WIDTH="15" VPOS="206" HPOS="535"/>
							<String ID="string_5" HPOS="550" VPOS="205" WIDTH="103" HEIGHT="21" WC="0.96" CONTENT="Februari"/><SP WIDTH="18" VPOS="205" HPOS="653"/>
							<String ID="string_6" HPOS="671" VPOS="206" WIDTH="53" HEIGHT="20" WC="0.96" CONTENT="1889"/><SP WIDTH="16" VPOS="206" HPOS="724"/>
							<String ID="string_7" HPOS="740" VPOS="206" WIDTH="70" HEIGHT="26" WC="0.93" CONTENT="säges,"/><SP WIDTH="16" VPOS="206" HPOS="810"/>
							<String ID="string_8" HPOS="826" VPOS="204" WIDTH="100" HEIGHT="21" WC="0.91" CONTENT="afsändas"/><SP WIDTH="16" VPOS="204" HPOS="926"/>
							<String ID="string_9" HPOS="942" VPOS="204" WIDTH="26" HEIGHT="21" WC="0.96" CONTENT="de"/><SP WIDTH="14" VPOS="204" HPOS="968"/>
							<String ID="string_10" HPOS="982" VPOS="204" WIDTH="8" HEIGHT="20" WC="0.96" CONTENT="i"/>
						</TextLine>
						<TextLine ID="line_2" HPOS="240" VPOS="238" WIDTH="750" HEIGHT="28">
							<String ID="string_11" HPOS="240" VPOS="238" WIDTH="127" HEIGHT="27" WC="0.93" CONTENT="föregående"/><SP WIDTH="15" VPOS="238" HPOS="367"/>
							<String ID="string_12" HPOS="382" VPOS="239" WIDTH="11" HEIGHT="27" WC="0.92" CONTENT="$"/><SP WIDTH="16" VPOS="239" HPOS="393"/>
							<String ID="string_13" HPOS="409" VPOS="238" WIDTH="127" HEIGHT="21" WC="0.93" CONTENT="omnämnda"/><SP WIDTH="21" VPOS="238" HPOS="536"/>
							<String ID="string_14" HPOS="557" VPOS="238" WIDTH="139" HEIGHT="22" WC="0.89" CONTENT="kallelsebref"/><SP WIDTH="23" VPOS="238" HPOS="696"/>
							<String ID="string_15" HPOS="719" VPOS="238" WIDTH="38" HEIGHT="22" WC="0.96" CONTENT="och"/><SP WIDTH="15" VPOS="238" HPOS="757"/>
							<String ID="string_16" HPOS="772" VPOS="238" WIDTH="137" HEIGHT="26" WC="0.96" CONTENT="kungörelser"/><SP WIDTH="13" VPOS="238" HPOS="909"/>
							<String ID="string_17" HPOS="922" VPOS="238" WIDTH="68" HEIGHT="26" WC="0.96" CONTENT="jämte"/>
						</TextLine>
						<TextLine ID="line_3" HPOS="240" VPOS="272" WIDTH="750" HEIGHT="28">
							<String ID="string_18" HPOS="240" VPOS="272" WIDTH="95" HEIGHT="21" WC="0.93" CONTENT="vehikler"/><SP WIDTH="22" VPOS="272" HPOS="335"/>
							<String ID="string_19" HPOS="357" VPOS="272" WIDTH="33" HEIGHT="21" WC="0.96" CONTENT="till"/><SP WIDTH="21" VPOS="272" HPOS="390"/>
							<String ID="string_20" HPOS="411" VPOS="272" WIDTH="26" HEIGHT="21" WC="0.96" CONTENT="de"/><SP WIDTH="15" VPOS="272" HPOS="437"/>
							<String ID="string_21" HPOS="452" VPOS="272" WIDTH="7" HEIGHT="21" WC="0.96" CONTENT="i"/><SP WIDTH="16" VPOS="272" HPOS="459"/>
							<String ID="string_22" HPOS="475" VPOS="278" WIDTH="81" HEIGHT="16" WC="0.93" CONTENT="samma"/><SP WIDTH="15" VPOS="278" HPOS="556"/>
							<String ID="string_23" HPOS="571" VPOS="272" WIDTH="12" HEIGHT="28" WC="0.91" CONTENT="$"/><SP WIDTH="15" VPOS="272" HPOS="583"/>
							<String ID="string_24" HPOS="598" VPOS="273" WIDTH="138" HEIGHT="27" WC="0.96" CONTENT="uppräknade"/><SP WIDTH="19" VPOS="273" HPOS="736"/>
							<String ID="string_25" HPOS="755" VPOS="272" WIDTH="153" HEIGHT="28" WC="0.96" CONTENT="myndigheter."/><SP WIDTH="30" VPOS="272" HPOS="908"/>
							<String ID="string_26" HPOS="938" VPOS="272" WIDTH="11" HEIGHT="21" WC="0.96" CONTENT="I"/><SP WIDTH="15" VPOS="272" HPOS="949"/>
							<String ID="string_27" HPOS="964" VPOS="272" WIDTH="26" HEIGHT="21" WC="0.96" CONTENT="de"/>
						</TextLine>
						<TextLine ID="line_4" HPOS="240" VPOS="306" WIDTH="750" HEIGHT="27">
							<String ID="string_28" HPOS="240" VPOS="306" WIDTH="37" HEIGHT="22" WC="0.96" CONTENT="fall"/><SP WIDTH="24" VPOS="306" HPOS="277"/>
							<String ID="string_29" HPOS="301" VPOS="306" WIDTH="27" HEIGHT="21" WC="0.96" CONTENT="då"/><SP WIDTH="22" VPOS="306" HPOS="328"/>
							<String ID="string_30" HPOS="350" VPOS="308" WIDTH="49" HEIGHT="25" WC="0.95" CONTENT="post"/><SP WIDTH="19" VPOS="308" HPOS="399"/>
							<String ID="string_31" HPOS="418" VPOS="306" WIDTH="33" HEIGHT="21" WC="0.93" CONTENT="till"/><SP WIDTH="15" VPOS="306" HPOS="451"/>
							<String ID="string_32" HPOS="466" VPOS="306" WIDTH="162" HEIGHT="22" WC="0.91" CONTENT="adressorterna"/><SP WIDTH="15" VPOS="306" HPOS="628"/>
							<String ID="string_33" HPOS="643" VPOS="306" WIDTH="47" HEIGHT="22" WC="0.93" CONTENT="icke"/><SP WIDTH="15" VPOS="306" HPOS="690"/>
							<String ID="string_34" HPOS="705" VPOS="306" WIDTH="60" HEIGHT="27" WC="0.91" CONTENT="afgår"/><SP WIDTH="16" VPOS="306" HPOS="765"/>
							<String ID="string_35" HPOS="781" VPOS="307" WIDTH="57" HEIGHT="21" WC="0.96" CONTENT="inom"/><SP WIDTH="15" VPOS="307" HPOS="838"/>
							<String ID="string_36" HPOS="853" VPOS="312" WIDTH="37" HEIGHT="16" WC="0.95" CONTENT="sex"/><SP WIDTH="14" VPOS="312" HPOS="890"/>
							<String ID="string_37" HPOS="904" VPOS="307" WIDTH="86" HEIGHT="21" WC="0.96" CONTENT="timmar"/>
						</TextLine>
						<TextLine ID="line_5" HPOS="240" VPOS="340" WIDTH="750" HEIGHT="28">
							<String ID="string_38" HPOS="240" VPOS="340" WIDTH="53" HEIGHT="22" WC="0.95" CONTENT="efter"/><SP WIDTH="23" VPOS="340" HPOS="293"/>
							<String ID="string_39" HPOS="316" VPOS="340" WIDTH="35" HEIGHT="21" WC="0.93" CONTENT="det"/><SP WIDTH="15" VPOS="340" HPOS="351"/>
							<String ID="string_40" HPOS="366" VPOS="340" WIDTH="172" HEIGHT="22" WC="0.91" CONTENT="försändelserna"/><SP WIDTH="14" VPOS="340" HPOS="538"/>
							<String ID="string_41" HPOS="552" VPOS="340" WIDTH="34" HEIGHT="22" WC="0.93" CONTENT="till"/><SP WIDTH="15" VPOS="340" HPOS="586"/>
							<String ID="string_42" HPOS="601" VPOS="341" WIDTH="130" HEIGHT="27" WC="0.92" CONTENT="postanstalt"/><SP WIDTH="16" VPOS="341" HPOS="731"/>
							<String ID="string_43" HPOS="747" VPOS="340" WIDTH="117" HEIGHT="28" WC="0.92" CONTENT="aflemnats,"/><SP WIDTH="16" VPOS="340" HPOS="864"/>
							<String ID="string_44" HPOS="880" VPOS="341" WIDTH="62" HEIGHT="21" WC="0.96" CONTENT="skola"/><SP WIDTH="15" VPOS="341" HPOS="942"/>
							<String ID="string_45" HPOS="957" VPOS="340" WIDTH="33" HEIGHT="22" WC="0.96" CONTENT="för"/>
						</TextLine>
						<TextLine ID="line_6" HPOS="241" VPOS="374" WIDTH="488" HEIGHT="22">
							<String ID="string_46" HPOS="241" VPOS="374" WIDTH="62" HEIGHT="22" WC="0.93" CONTENT="deras"/><SP WIDTH="15" VPOS="374" HPOS="303"/>
							<String ID="string_47" HPOS="318" VPOS="374" WIDTH="197" HEIGHT="22" WC="0.92" CONTENT="frambefordrande"/><SP WIDTH="15" VPOS="374" HPOS="515"/>
							<String ID="string_48" HPOS="530" VPOS="374" WIDTH="100" HEIGHT="22" WC="0.92" CONTENT="stafetter"/><SP WIDTH="15" VPOS="374" HPOS="630"/>
							<String ID="string_49" HPOS="645" VPOS="375" WIDTH="84" HEIGHT="21" WC="0.93" CONTENT="anlitas."/>
						</TextLine>
					</TextBlock>
					<TextBlock ID="block_2" HPOS="239" VPOS="408" WIDTH="751" HEIGHT="164">
						<TextLine ID="line_7" HPOS="310" VPOS="408" WIDTH="680" HEIGHT="28">
							<String ID="string_50" HPOS="310" VPOS="408" WIDTH="171" HEIGHT="27" WC="0.92" CONTENT="Kungörelserna"/><SP WIDTH="22" VPOS="408" HPOS="481"/>
							<String ID="string_51" HPOS="503" VPOS="408" WIDTH="33" HEIGHT="22" WC="0.96" CONTENT="till"/><SP WIDTH="23" VPOS="408" HPOS="536"/>
							<String ID="string_52" HPOS="559" VPOS="411" WIDTH="63" HEIGHT="25" WC="0.96" CONTENT="orter,"/><SP WIDTH="23" VPOS="411" HPOS="622"/>
							<String ID="string_53" HPOS="645" VPOS="415" WIDTH="45" HEIGHT="15" WC="0.93" CONTENT="som"/><SP WIDTH="16" VPOS="415" HPOS="690"/>
							<String ID="string_54" HPOS="706" VPOS="411" WIDTH="37" HEIGHT="19" WC="0.96" CONTENT="äro"/><SP WIDTH="16" VPOS="411" HPOS="743"/>
							<String ID="string_55" HPOS="759" VPOS="415" WIDTH="59" HEIGHT="15" WC="0.93" CONTENT="mera"/><SP WIDTH="15" VPOS="415" HPOS="818"/>
							<String ID="string_56" HPOS="833" VPOS="408" WIDTH="95" HEIGHT="28" WC="0.91" CONTENT="aflägsna"/><SP WIDTH="16" VPOS="408" HPOS="928"/>
							<String ID="string_57" HPOS="944" VPOS="408" WIDTH="46" HEIGHT="22" WC="0.96" CONTENT="från"/>
						</TextLine>
						<TextLine ID="line_8" HPOS="241" VPOS="443" WIDTH="749" HEIGHT="26">
							<String ID="string_58" HPOS="241" VPOS="443" WIDTH="39" HEIGHT="20" WC="0.94" CONTENT="den"/><SP WIDTH="23" VPOS="443" HPOS="280"/>
							<String ID="string_59" HPOS="303" VPOS="444" WIDTH="40" HEIGHT="24" WC="0.94" CONTENT="ort,"/><SP WIDTH="16" VPOS="444" HPOS="343"/>
							<String ID="string_60" HPOS="359" VPOS="443" WIDTH="38" HEIGHT="20" WC="0.93" CONTENT="der"/><SP WIDTH="15" VPOS="443" HPOS="397"/>
							<String ID="string_61" HPOS="412" VPOS="443" WIDTH="188" HEIGHT="26" WC="0.92" CONTENT="uppbädsnämden"/><SP WIDTH="16" VPOS="443" HPOS="600"/>
							<String ID="string_62" HPOS="616" VPOS="443" WIDTH="39" HEIGHT="22" WC="0.96" CONTENT="har"/><SP WIDTH="16" VPOS="443" HPOS="655"/>
							<String ID="string_63" HPOS="671" VPOS="443" WIDTH="36" HEIGHT="21" WC="0.93" CONTENT="sitt"/><SP WIDTH="16" VPOS="443" HPOS="707"/>
							<String ID="string_64" HPOS="723" VPOS="445" WIDTH="54" HEIGHT="24" WC="0.91" CONTENT="säte,"/><SP WIDTH="16" VPOS="445" HPOS="777"/>
							<String ID="string_65" HPOS="793" VPOS="443" WIDTH="60" HEIGHT="21" WC="0.96" CONTENT="skola"/><SP WIDTH="15" VPOS="443" HPOS="853"/>
							<String ID="string_66" HPOS="868" VPOS="443" WIDTH="76" HEIGHT="20" WC="0.92" CONTENT="främst"/><SP WIDTH="15" VPOS="443" HPOS="944"/>
							<String ID="string_67" HPOS="959" VPOS="443" WIDTH="31" HEIGHT="20" WC="0.90" CONTENT="af-"/>
						</TextLine>
						<TextLine ID="line_9" HPOS="241" VPOS="476" WIDTH="748" HEIGHT="27">
							<String ID="string_68" HPOS="241" VPOS="476" WIDTH="81" HEIGHT="27" WC="0.91" CONTENT="sändas,"/><SP WIDTH="17" VPOS="476" HPOS="322"/>
							<String ID="string_69" HPOS="339" VPOS="476" WIDTH="40" HEIGHT="21" WC="0.96" CONTENT="och"/><SP WIDTH="14" VPOS="476" HPOS="379"/>
							<String ID="string_70" HPOS="393" VPOS="476" WIDTH="39" HEIGHT="21" WC="0.93" CONTENT="bör"/><SP WIDTH="15" VPOS="476" HPOS="432"/>
							<String ID="string_71" HPOS="447" VPOS="477" WIDTH="90" HEIGHT="21" WC="0.91" CONTENT="nämden"/><SP WIDTH="15" VPOS="477" HPOS="537"/>
							<String ID="string_72" HPOS="552" VPOS="477" WIDTH="27" HEIGHT="26" WC="0.93" CONTENT="pä"/><SP WIDTH="15" VPOS="477" HPOS="579"/>
							<String ID="string_73" HPOS="594" VPOS="477" WIDTH="91" HEIGHT="22" WC="0.92" CONTENT="förhand"/><SP WIDTH="15" VPOS="477" HPOS="685"/>
							<String ID="string_74" HPOS="700" VPOS="477" WIDTH="123" HEIGHT="22" WC="0.92" CONTENT="underrätta"/><SP WIDTH="10" VPOS="477" HPOS="823"/>
							<String ID="string_75" HPOS="833" VPOS="477" WIDTH="156" HEIGHT="26" WC="0.93" CONTENT="postanstalten"/>
						</TextLine>
						<TextLine ID="line_10" HPOS="240" VPOS="510" WIDTH="750" HEIGHT="28">
							<String ID="string_76" HPOS="240" VPOS="517" WIDTH="33" HEIGHT="14" WC="0.95" CONTENT="om"/><SP WIDTH="24" VPOS="517" HPOS="273"/>
							<String ID="string_77" HPOS="297" VPOS="511" WIDTH="36" HEIGHT="21" WC="0.93" CONTENT="det"/><SP WIDTH="21" VPOS="511" HPOS="333"/>
							<String ID="string_78" HPOS="354" VPOS="510" WIDTH="100" HEIGHT="28" WC="0.93" CONTENT="möjligen"/><SP WIDTH="21" VPOS="510" HPOS="454"/>
							<String ID="string_79" HPOS="475" VPOS="511" WIDTH="134" HEIGHT="22" WC="0.91" CONTENT="förestäende"/><SP WIDTH="16" VPOS="511" HPOS="609"/>
							<String ID="string_80" HPOS="625" VPOS="511" WIDTH="98" HEIGHT="22" WC="0.93" CONTENT="behofvet"/><SP WIDTH="16" VPOS="511" HPOS="723"/>
							<String ID="string_81" HPOS="739" VPOS="511" WIDTH="23" HEIGHT="22" WC="0.93" CONTENT="af"/><SP WIDTH="14" VPOS="511" HPOS="762"/>
							<String ID="string_82" HPOS="776" VPOS="511" WIDTH="97" HEIGHT="22" WC="0.90" CONTENT="stafetter"/><SP WIDTH="16" VPOS="511" HPOS="873"/>
							<String ID="string_83" HPOS="889" VPOS="511" WIDTH="33" HEIGHT="21" WC="0.93" CONTENT="för"/><SP WIDTH="14" VPOS="511" HPOS="922"/>
							<String ID="string_84" HPOS="936" VPOS="511" WIDTH="54" HEIGHT="22" WC="0.92" CONTENT="kun-"/>
						</TextLine>
						<TextLine ID="line_11" HPOS="239" VPOS="545" WIDTH="352" HEIGHT="27">
							<String ID="string_85" HPOS="239" VPOS="545" WIDTH="133" HEIGHT="27" WC="0.92" CONTENT="görelsernas"/><SP WIDTH="16" VPOS="545" HPOS="372"/>
							<String ID="string_86" HPOS="388" VPOS="545" WIDTH="203" HEIGHT="22" WC="0.91" CONTENT="frambefordrande."/>
						</TextLine>
					</TextBlock>
				</ComposedBlock>
				<ComposedBlock ID="cblock_2" HPOS="239" VPOS="609" WIDTH="752" HEIGHT="341">
					<TextBlock ID="block_3" HPOS="584" VPOS="609" WIDTH="61" HEIGHT="27">
						<TextLine ID="line_12" HPOS="584" VPOS="609" WIDTH="61" HEIGHT="27">
							<String ID="string_87" HPOS="584" VPOS="609" WIDTH="11" HEIGHT="27" WC="0.90" CONTENT="8"/><SP WIDTH="18" VPOS="609" HPOS="595"/>
							<String ID="string_88" HPOS="613" VPOS="610" WIDTH="32" HEIGHT="20" WC="0.95" CONTENT="11."/>
						</TextLine>
					</TextBlock>
					<TextBlock ID="block_4" HPOS="239" VPOS="648" WIDTH="752" HEIGHT="302">
						<TextLine ID="line_13" HPOS="311" VPOS="648" WIDTH="680" HEIGHT="28">
							<String ID="string_89" HPOS="311" VPOS="648" WIDTH="60" HEIGHT="21" WC="0.92" CONTENT="Inom"/><SP WIDTH="16" VPOS="648" HPOS="371"/>
							<String ID="string_90" HPOS="387" VPOS="649" WIDTH="33" HEIGHT="20" WC="0.93" CONTENT="tre"/><SP WIDTH="15" VPOS="649" HPOS="420"/>
							<String ID="string_91" HPOS="435" VPOS="648" WIDTH="76" HEIGHT="21" WC="0.92" CONTENT="veckor"/><SP WIDTH="16" VPOS="648" HPOS="511"/>
							<String ID="string_92" HPOS="527" VPOS="649" WIDTH="54" HEIGHT="20" WC="0.96" CONTENT="efter"/><SP WIDTH="18" VPOS="649" HPOS="581"/>
							<String ID="string_93" HPOS="599" VPOS="649" WIDTH="36" HEIGHT="22" WC="0.93" CONTENT="det"/><SP WIDTH="14" VPOS="649" HPOS="635"/>
							<String ID="string_94" HPOS="649" VPOS="649" WIDTH="190" HEIGHT="27" WC="0.91" CONTENT="uppbädsnämden"/><SP WIDTH="14" VPOS="649" HPOS="839"/>
							<String ID="string_95" HPOS="853" VPOS="649" WIDTH="87" HEIGHT="21" WC="0.92" CONTENT="erhällit"/><SP WIDTH="15" VPOS="649" HPOS="940"/>
							<String ID="string_96" HPOS="955" VPOS="649" WIDTH="36" HEIGHT="22" WC="0.93" CONTENT="be-"/>
						</TextLine>
						<TextLine ID="line_14" HPOS="239" VPOS="682" WIDTH="751" HEIGHT="29">
							<String ID="string_97" HPOS="239" VPOS="682" WIDTH="88" HEIGHT="27" WC="0.91" CONTENT="fallning"/><SP WIDTH="16" VPOS="682" HPOS="327"/>
							<String ID="string_98" HPOS="343" VPOS="688" WIDTH="34" HEIGHT="15" WC="0.93" CONTENT="om"/><SP WIDTH="15" VPOS="688" HPOS="377"/>
							<String ID="string_99" HPOS="392" VPOS="682" WIDTH="130" HEIGHT="27" WC="0.92" CONTENT="utskrifning"/><SP WIDTH="14" VPOS="682" HPOS="522"/>
							<String ID="string_100" HPOS="536" VPOS="683" WIDTH="24" HEIGHT="20" WC="0.93" CONTENT="af"/><SP WIDTH="9" VPOS="683" HPOS="560"/>
							<String ID="string_101" HPOS="569" VPOS="683" WIDTH="73" HEIGHT="21" WC="0.93" CONTENT="hästar"/><SP WIDTH="13" VPOS="683" HPOS="642"/>
							<String ID="string_102" HPOS="655" VPOS="683" WIDTH="33" HEIGHT="21" WC="0.93" CONTENT="för"/><SP WIDTH="10" VPOS="683" HPOS="688"/>
							<String ID="string_103" HPOS="698" VPOS="685" WIDTH="128" HEIGHT="24" WC="0.91" CONTENT="truppernas"/><SP WIDTH="11" VPOS="685" HPOS="826"/>
							<String ID="string_104" HPOS="837" VPOS="683" WIDTH="153" HEIGHT="28" WC="0.92" CONTENT="mobilisering,"/>
						</TextLine>
						<TextLine ID="line_15" HPOS="240" VPOS="716" WIDTH="750" HEIGHT="28">
							<String ID="string_105" HPOS="240" VPOS="716" WIDTH="55" HEIGHT="21" WC="0.92" CONTENT="skall"/><SP WIDTH="19" VPOS="716" HPOS="295"/>
							<String ID="string_106" HPOS="314" VPOS="716" WIDTH="91" HEIGHT="21" WC="0.92" CONTENT="nämden"/><SP WIDTH="16" VPOS="716" HPOS="405"/>
							<String ID="string_107" HPOS="421" VPOS="716" WIDTH="58" HEIGHT="21" WC="0.96" CONTENT="öfver"/><SP WIDTH="16" VPOS="716" HPOS="479"/>
							<String ID="string_108" HPOS="495" VPOS="717" WIDTH="46" HEIGHT="20" WC="0.93" CONTENT="sina"/><SP WIDTH="15" VPOS="717" HPOS="541"/>
							<String ID="string_109" HPOS="556" VPOS="717" WIDTH="145" HEIGHT="27" WC="0.54" CONTENT="tillgöranden"/><SP WIDTH="15" VPOS="717" HPOS="701"/>
							<String ID="string_110" HPOS="716" VPOS="717" WIDTH="128" HEIGHT="21" WC="0.92" CONTENT="härutinnan"/><SP WIDTH="17" VPOS="717" HPOS="844"/>
							<String ID="string_111" HPOS="861" VPOS="717" WIDTH="33" HEIGHT="21" WC="0.93" CONTENT="till"/><SP WIDTH="16" VPOS="717" HPOS="894"/>
							<String ID="string_112" HPOS="910" VPOS="717" WIDTH="80" HEIGHT="22" WC="0.92" CONTENT="Guver-"/>
						</TextLine>
						<TextLine ID="line_16" HPOS="242" VPOS="749" WIDTH="749" HEIGHT="29">
							<String ID="string_113" HPOS="242" VPOS="752" WIDTH="65" HEIGHT="19" WC="0.91" CONTENT="nören"/><SP WIDTH="24" VPOS="752" HPOS="307"/>
							<String ID="string_114" HPOS="331" VPOS="749" WIDTH="79" HEIGHT="28" WC="0.88" CONTENT="afgifva"/><SP WIDTH="22" VPOS="749" HPOS="410"/>
							<String ID="string_115" HPOS="432" VPOS="750" WIDTH="122" HEIGHT="27" WC="0.92" CONTENT="berättelse,"/><SP WIDTH="23" VPOS="750" HPOS="554"/>
							<String ID="string_116" HPOS="577" VPOS="751" WIDTH="137" HEIGHT="27" WC="0.91" CONTENT="upptagande"/><SP WIDTH="23" VPOS="751" HPOS="714"/>
							<String ID="string_117" HPOS="737" VPOS="751" WIDTH="66" HEIGHT="26" WC="0.96" CONTENT="tiden,"/><SP WIDTH="18" VPOS="751" HPOS="803"/>
							<String ID="string_118" HPOS="821" VPOS="751" WIDTH="26" HEIGHT="21" WC="0.93" CONTENT="dä"/><SP WIDTH="15" VPOS="751" HPOS="847"/>
							<String ID="string_119" HPOS="862" VPOS="751" WIDTH="129" HEIGHT="27" WC="0.92" CONTENT="kungörelse"/>
						</TextLine>
						<TextLine ID="line_17" HPOS="240" VPOS="784" WIDTH="751" HEIGHT="27">
							<String ID="string_120" HPOS="240" VPOS="784" WIDTH="33" HEIGHT="21" WC="0.83" CONTENT="till"/><SP WIDTH="15" VPOS="784" HPOS="273"/>
							<String ID="string_121" HPOS="288" VPOS="784" WIDTH="73" HEIGHT="27" WC="0.92" CONTENT="hvarje"/><SP WIDTH="16" VPOS="784" HPOS="361"/>
							<String ID="string_122" HPOS="377" VPOS="786" WIDTH="34" HEIGHT="19" WC="0.93" CONTENT="ort"/><SP WIDTH="15" VPOS="786" HPOS="411"/>
							<String ID="string_123" HPOS="426" VPOS="784" WIDTH="69" HEIGHT="27" WC="0.93" CONTENT="afgätt"/><SP WIDTH="16" VPOS="784" HPOS="495"/>
							<String ID="string_124" HPOS="511" VPOS="785" WIDTH="38" HEIGHT="21" WC="0.96" CONTENT="och"/><SP WIDTH="16" VPOS="785" HPOS="549"/>
							<String ID="string_125" HPOS="565" VPOS="785" WIDTH="27" HEIGHT="21" WC="0.93" CONTENT="dä"/><SP WIDTH="15" VPOS="785" HPOS="592"/>
							<String ID="string_126" HPOS="607" VPOS="786" WIDTH="108" HEIGHT="21" WC="0.92" CONTENT="desamma"/><SP WIDTH="15" VPOS="786" HPOS="715"/>
							<String ID="string_127" HPOS="730" VPOS="785" WIDTH="91" HEIGHT="22" WC="0.96" CONTENT="kommit"/><SP WIDTH="10" VPOS="785" HPOS="821"/>
							<String ID="string_128" HPOS="831" VPOS="786" WIDTH="160" HEIGHT="21" WC="0.96" CONTENT="vederbörande"/>
						</TextLine>
						<TextLine ID="line_18" HPOS="239" VPOS="818" WIDTH="751" HEIGHT="28">
							<String ID="string_129" HPOS="239" VPOS="818" WIDTH="172" HEIGHT="27" WC="0.91" CONTENT="kronolänsmän,"/><SP WIDTH="20" VPOS="818" HPOS="411"/>
							<String ID="string_130" HPOS="431" VPOS="819" WIDTH="137" HEIGHT="26" WC="0.92" CONTENT="magistrater"/><SP WIDTH="16" VPOS="819" HPOS="568"/>
							<String ID="string_131" HPOS="584" VPOS="819" WIDTH="38" HEIGHT="22" WC="0.93" CONTENT="och"/><SP WIDTH="16" VPOS="819" HPOS="622"/>
							<String ID="string_132" HPOS="638" VPOS="819" WIDTH="168" HEIGHT="27" WC="0.93" CONTENT="ordningsrätter"/><SP WIDTH="15" VPOS="819" HPOS="806"/>
							<String ID="string_133" HPOS="821" VPOS="820" WIDTH="111" HEIGHT="21" WC="0.91" CONTENT="tillhanda."/><SP WIDTH="19" VPOS="820" HPOS="932"/>
							<String ID="string_134" HPOS="951" VPOS="820" WIDTH="39" HEIGHT="21" WC="0.91" CONTENT="Be-"/>
						</TextLine>
						<TextLine ID="line_19" HPOS="240" VPOS="852" WIDTH="750" HEIGHT="29">
							<String ID="string_135" HPOS="240" VPOS="852" WIDTH="102" HEIGHT="21" WC="0.92" CONTENT="rättelsen"/><SP WIDTH="15" VPOS="852" HPOS="342"/>
							<String ID="string_136" HPOS="357" VPOS="852" WIDTH="40" HEIGHT="21" WC="0.93" CONTENT="bör"/><SP WIDTH="15" VPOS="852" HPOS="397"/>
							<String ID="string_137" HPOS="412" VPOS="852" WIDTH="83" HEIGHT="27" WC="0.92" CONTENT="ätföljas"/><SP WIDTH="20" VPOS="852" HPOS="495"/>
							<String ID="string_138" HPOS="515" VPOS="853" WIDTH="24" HEIGHT="20" WC="0.97" CONTENT="af"/><SP WIDTH="14" VPOS="853" HPOS="539"/>
							<String ID="string_139" HPOS="553" VPOS="855" WIDTH="31" HEIGHT="19" WC="0.96" CONTENT="ett"/><SP WIDTH="15" VPOS="855" HPOS="584"/>
							<String ID="string_140" HPOS="599" VPOS="853" WIDTH="34" HEIGHT="22" WC="0.93" CONTENT="för"/><SP WIDTH="15" VPOS="853" HPOS="633"/>
							<String ID="string_141" HPOS="648" VPOS="854" WIDTH="185" HEIGHT="26" WC="0.92" CONTENT="uppbädskretsen"/><SP WIDTH="16" VPOS="854" HPOS="833"/>
							<String ID="string_142" HPOS="849" VPOS="854" WIDTH="71" HEIGHT="27" WC="0.91" CONTENT="gjordt"/><SP WIDTH="16" VPOS="854" HPOS="920"/>
							<String ID="string_143" HPOS="936" VPOS="860" WIDTH="54" HEIGHT="15" WC="0.92" CONTENT="sam-"/>
						</TextLine>
						<TextLine ID="line_20" HPOS="240" VPOS="886" WIDTH="750" HEIGHT="29">
							<String ID="string_144" HPOS="240" VPOS="886" WIDTH="102" HEIGHT="27" WC="0.91" CONTENT="mandrag"/><SP WIDTH="22" VPOS="886" HPOS="342"/>
							<String ID="string_145" HPOS="364" VPOS="886" WIDTH="24" HEIGHT="21" WC="0.96" CONTENT="af"/><SP WIDTH="21" VPOS="886" HPOS="388"/>
							<String ID="string_146" HPOS="409" VPOS="886" WIDTH="25" HEIGHT="22" WC="0.93" CONTENT="de"/><SP WIDTH="23" VPOS="886" HPOS="434"/>
							<String ID="string_147" HPOS="457" VPOS="886" WIDTH="47" HEIGHT="22" WC="0.93" CONTENT="från"/><SP WIDTH="19" VPOS="886" HPOS="504"/>
							<String ID="string_148" HPOS="523" VPOS="887" WIDTH="258" HEIGHT="27" WC="0.91" CONTENT="utskrifningsnämderna"/><SP WIDTH="17" VPOS="887" HPOS="781"/>
							<String ID="string_149" HPOS="798" VPOS="888" WIDTH="88" HEIGHT="21" WC="0.93" CONTENT="insända"/><SP WIDTH="15" VPOS="888" HPOS="886"/>
							<String ID="string_150" HPOS="901" VPOS="888" WIDTH="89" HEIGHT="27" WC="0.92" CONTENT="redogö-"/>
						</TextLine>
						<TextLine ID="line_21" HPOS="239" VPOS="921" WIDTH="751" HEIGHT="29">
							<String ID="string_151" HPOS="239" VPOS="921" WIDTH="93" HEIGHT="21" WC="0.92" CONTENT="relserna"/><SP WIDTH="15" VPOS="921" HPOS="332"/>
							<String ID="string_152" HPOS="347" VPOS="921" WIDTH="59" HEIGHT="21" WC="0.93" CONTENT="öfver"/><SP WIDTH="14" VPOS="921" HPOS="406"/>
							<String ID="string_153" HPOS="420" VPOS="921" WIDTH="168" HEIGHT="27" WC="0.92" CONTENT="utskrifningens"/><SP WIDTH="9" VPOS="921" HPOS="588"/>
							<String ID="string_154" HPOS="597" VPOS="922" WIDTH="164" HEIGHT="22" WC="0.91" CONTENT="verkställande."/><SP WIDTH="18" VPOS="922" HPOS="761"/>
							<String ID="string_155" HPOS="779" VPOS="922" WIDTH="121" HEIGHT="28" WC="0.92" CONTENT="(Formulär"/><SP WIDTH="10" VPOS="922" HPOS="900"/>
							<String ID="string_156" HPOS="910" VPOS="923" WIDTH="39" HEIGHT="21" WC="0.96" CONTENT="N:o"/><SP WIDTH="12" VPOS="923" HPOS="949"/>
							<String ID="string_157" HPOS="961" VPOS="923" WIDTH="29" HEIGHT="27" WC="0.96" CONTENT="6)."/>
						</TextLine>
					</TextBlock>
				</ComposedBlock>
				<ComposedBlock ID="cblock_3" HPOS="238" VPOS="985" WIDTH="752" HEIGHT="475">
					<TextBlock ID="block_5" HPOS="584" VPOS="985" WIDTH="61" HEIGHT="27">
						<TextLine ID="line_22" HPOS="584" VPOS="985" WIDTH="61" HEIGHT="27">
							<String ID="string_158" HPOS="584" VPOS="985" WIDTH="11" HEIGHT="27" WC="0.95" CONTENT="8"/><SP WIDTH="18" VPOS="985" HPOS="595"/>
							<String ID="string_159" HPOS="613" VPOS="986" WIDTH="32" HEIGHT="20" WC="0.95" CONTENT="12."/>
						</TextLine>
					</TextBlock>
					<TextBlock ID="block_6" HPOS="238" VPOS="1023" WIDTH="752" HEIGHT="260">
						<TextLine ID="line_23" HPOS="312" VPOS="1023" WIDTH="678" HEIGHT="29">
							<String ID="string_160" HPOS="312" VPOS="1023" WIDTH="195" HEIGHT="27" WC="0.92" CONTENT="Uppbädsnämden"/><SP WIDTH="15" VPOS="1023" HPOS="507"/>
							<String ID="string_161" HPOS="522" VPOS="1024" WIDTH="81" HEIGHT="27" WC="0.92" CONTENT="äligger"/><SP WIDTH="10" VPOS="1024" HPOS="603"/>
							<String ID="string_162" HPOS="613" VPOS="1024" WIDTH="56" HEIGHT="21" WC="0.92" CONTENT="förse"/><SP WIDTH="10" VPOS="1024" HPOS="669"/>
							<String ID="string_163" HPOS="679" VPOS="1024" WIDTH="158" HEIGHT="22" WC="0.93" CONTENT="vederbörande"/><SP WIDTH="11" VPOS="1024" HPOS="837"/>
							<String ID="string_164" HPOS="848" VPOS="1025" WIDTH="142" HEIGHT="27" WC="0.92" CONTENT="besigtnings-"/>
						</TextLine>
						<TextLine ID="line_24" HPOS="240" VPOS="1058" WIDTH="749" HEIGHT="28">
							<String ID="string_165" HPOS="240" VPOS="1058" WIDTH="87" HEIGHT="20" WC="0.90" CONTENT="nämder"/><SP WIDTH="23" VPOS="1058" HPOS="327"/>
							<String ID="string_166" HPOS="350" VPOS="1058" WIDTH="48" HEIGHT="20" WC="0.93" CONTENT="med"/><SP WIDTH="20" VPOS="1058" HPOS="398"/>
							<String ID="string_167" HPOS="418" VPOS="1058" WIDTH="136" HEIGHT="26" WC="0.92" CONTENT="erforderligt"/><SP WIDTH="15" VPOS="1058" HPOS="554"/>
							<String ID="string_168" HPOS="569" VPOS="1059" WIDTH="59" HEIGHT="20" WC="0.93" CONTENT="antal"/><SP WIDTH="16" VPOS="1059" HPOS="628"/>
							<String ID="string_169" HPOS="644" VPOS="1059" WIDTH="107" HEIGHT="26" WC="0.92" CONTENT="exemplar"/><SP WIDTH="16" VPOS="1059" HPOS="751"/>
							<String ID="string_170" HPOS="767" VPOS="1058" WIDTH="23" HEIGHT="22" WC="0.96" CONTENT="af"/><SP WIDTH="14" VPOS="1058" HPOS="790"/>
							<String ID="string_171" HPOS="804" VPOS="1059" WIDTH="61" HEIGHT="27" WC="0.96" CONTENT="lagen"/><SP WIDTH="16" VPOS="1059" HPOS="865"/>
							<String ID="string_172" HPOS="881" VPOS="1065" WIDTH="34" HEIGHT="15" WC="0.93" CONTENT="om"/><SP WIDTH="16" VPOS="1065" HPOS="915"/>
							<String ID="string_173" HPOS="931" VPOS="1059" WIDTH="58" HEIGHT="21" WC="0.89" CONTENT="häst-"/>
						</TextLine>
						<TextLine ID="line_25" HPOS="239" VPOS="1091" WIDTH="751" HEIGHT="29">
							<String ID="string_174" HPOS="239" VPOS="1091" WIDTH="134" HEIGHT="27" WC="0.87" CONTENT="utskrifning,"/><SP WIDTH="24" VPOS="1091" HPOS="373"/>
							<String ID="string_175" HPOS="397" VPOS="1091" WIDTH="68" HEIGHT="21" WC="0.93" CONTENT="denna"/><SP WIDTH="19" VPOS="1091" HPOS="465"/>
							<String ID="string_176" HPOS="484" VPOS="1092" WIDTH="135" HEIGHT="26" WC="0.92" CONTENT="instruktion,"/><SP WIDTH="16" VPOS="1092" HPOS="619"/>
							<String ID="string_177" HPOS="635" VPOS="1092" WIDTH="166" HEIGHT="27" WC="0.91" CONTENT="kungörelserna"/><SP WIDTH="16" VPOS="1092" HPOS="801"/>
							<String ID="string_178" HPOS="817" VPOS="1092" WIDTH="111" HEIGHT="27" WC="0.91" CONTENT="angäende"/><SP WIDTH="16" VPOS="1092" HPOS="928"/>
							<String ID="string_179" HPOS="944" VPOS="1099" WIDTH="46" HEIGHT="21" WC="0.92" CONTENT="reg-"/>
						</TextLine>
						<TextLine ID="line_26" HPOS="239" VPOS="1125" WIDTH="751" HEIGHT="29">
							<String ID="string_180" HPOS="239" VPOS="1126" WIDTH="59" HEIGHT="20" WC="0.95" CONTENT="lerna"/><SP WIDTH="19" VPOS="1126" HPOS="298"/>
							<String ID="string_181" HPOS="317" VPOS="1125" WIDTH="32" HEIGHT="21" WC="0.93" CONTENT="för"/><SP WIDTH="23" VPOS="1125" HPOS="349"/>
							<String ID="string_182" HPOS="372" VPOS="1126" WIDTH="159" HEIGHT="21" WC="0.96" CONTENT="bestämmande"/><SP WIDTH="23" VPOS="1126" HPOS="531"/>
							<String ID="string_183" HPOS="554" VPOS="1126" WIDTH="21" HEIGHT="21" WC="0.93" CONTENT="af"/><SP WIDTH="22" VPOS="1126" HPOS="575"/>
							<String ID="string_184" HPOS="597" VPOS="1126" WIDTH="83" HEIGHT="21" WC="0.96" CONTENT="hästars"/><SP WIDTH="24" VPOS="1126" HPOS="680"/>
							<String ID="string_185" HPOS="704" VPOS="1126" WIDTH="110" HEIGHT="27" WC="0.96" CONTENT="duglighet"/><SP WIDTH="16" VPOS="1126" HPOS="814"/>
							<String ID="string_186" HPOS="830" VPOS="1126" WIDTH="38" HEIGHT="22" WC="0.93" CONTENT="och"/><SP WIDTH="15" VPOS="1126" HPOS="868"/>
							<String ID="string_187" HPOS="883" VPOS="1127" WIDTH="107" HEIGHT="27" WC="0.96" CONTENT="indelning"/>
						</TextLine>
						<TextLine ID="line_27" HPOS="239" VPOS="1160" WIDTH="751" HEIGHT="28">
							<String ID="string_188" HPOS="239" VPOS="1160" WIDTH="7" HEIGHT="20" WC="0.96" CONTENT="i"/><SP WIDTH="15" VPOS="1160" HPOS="246"/>
							<String ID="string_189" HPOS="261" VPOS="1160" WIDTH="84" HEIGHT="21" WC="0.96" CONTENT="klasser"/><SP WIDTH="23" VPOS="1160" HPOS="345"/>
							<String ID="string_190" HPOS="368" VPOS="1162" WIDTH="56" HEIGHT="18" WC="0.96" CONTENT="samt"/><SP WIDTH="23" VPOS="1162" HPOS="424"/>
							<String ID="string_191" HPOS="447" VPOS="1166" WIDTH="33" HEIGHT="15" WC="0.96" CONTENT="om"/><SP WIDTH="17" VPOS="1166" HPOS="480"/>
							<String ID="string_192" HPOS="497" VPOS="1160" WIDTH="25" HEIGHT="21" WC="0.95" CONTENT="de"/><SP WIDTH="15" VPOS="1160" HPOS="522"/>
							<String ID="string_193" HPOS="537" VPOS="1160" WIDTH="49" HEIGHT="21" WC="0.93" CONTENT="från"/><SP WIDTH="16" VPOS="1160" HPOS="586"/>
							<String ID="string_194" HPOS="602" VPOS="1160" WIDTH="129" HEIGHT="28" WC="0.92" CONTENT="utskrifning"/><SP WIDTH="15" VPOS="1160" HPOS="731"/>
							<String ID="string_195" HPOS="746" VPOS="1160" WIDTH="95" HEIGHT="22" WC="0.96" CONTENT="befriade"/><SP WIDTH="15" VPOS="1160" HPOS="841"/>
							<String ID="string_196" HPOS="856" VPOS="1161" WIDTH="80" HEIGHT="26" WC="0.93" CONTENT="hästar,"/><SP WIDTH="17" VPOS="1161" HPOS="936"/>
							<String ID="string_197" HPOS="953" VPOS="1163" WIDTH="37" HEIGHT="19" WC="0.91" CONTENT="nö-"/>
						</TextLine>
						<TextLine ID="line_28" HPOS="239" VPOS="1194" WIDTH="750" HEIGHT="28">
							<String ID="string_198" HPOS="239" VPOS="1194" WIDTH="50" HEIGHT="26" WC="0.92" CONTENT="diga"/><SP WIDTH="22" VPOS="1194" HPOS="289"/>
							<String ID="string_199" HPOS="311" VPOS="1194" WIDTH="145" HEIGHT="21" WC="0.92" CONTENT="marschrutor"/><SP WIDTH="19" VPOS="1194" HPOS="456"/>
							<String ID="string_200" HPOS="475" VPOS="1194" WIDTH="39" HEIGHT="22" WC="0.96" CONTENT="och"/><SP WIDTH="15" VPOS="1194" HPOS="514"/>
							<String ID="string_201" HPOS="529" VPOS="1194" WIDTH="122" HEIGHT="22" WC="0.96" CONTENT="blanketter"/><SP WIDTH="15" VPOS="1194" HPOS="651"/>
							<String ID="string_202" HPOS="666" VPOS="1195" WIDTH="33" HEIGHT="21" WC="0.96" CONTENT="till"/><SP WIDTH="16" VPOS="1195" HPOS="699"/>
							<String ID="string_203" HPOS="715" VPOS="1195" WIDTH="26" HEIGHT="21" WC="0.96" CONTENT="de"/><SP WIDTH="15" VPOS="1195" HPOS="741"/>
							<String ID="string_204" HPOS="756" VPOS="1194" WIDTH="95" HEIGHT="28" WC="0.96" CONTENT="längder,"/><SP WIDTH="16" VPOS="1194" HPOS="851"/>
							<String ID="string_205" HPOS="867" VPOS="1195" WIDTH="72" HEIGHT="21" WC="0.93" CONTENT="hvilka"/><SP WIDTH="16" VPOS="1195" HPOS="939"/>
							<String ID="string_206" HPOS="955" VPOS="1195" WIDTH="34" HEIGHT="21" WC="0.92" CONTENT="be-"/>
						</TextLine>
						<TextLine ID="line_29" HPOS="239" VPOS="1228" WIDTH="751" HEIGHT="27">
							<String ID="string_207" HPOS="239" VPOS="1228" WIDTH="198" HEIGHT="27" WC="0.91" CONTENT="sigtningsnämden"/><SP WIDTH="16" VPOS="1228" HPOS="437"/>
							<String ID="string_208" HPOS="453" VPOS="1234" WIDTH="49" HEIGHT="21" WC="0.92" CONTENT="eger"/><SP WIDTH="15" VPOS="1234" HPOS="502"/>
							<String ID="string_209" HPOS="517" VPOS="1230" WIDTH="101" HEIGHT="25" WC="0.90" CONTENT="uppgöra,"/><SP WIDTH="17" VPOS="1230" HPOS="618"/>
							<String ID="string_210" HPOS="635" VPOS="1228" WIDTH="107" HEIGHT="21" WC="0.96" CONTENT="äfvensom"/><SP WIDTH="17" VPOS="1228" HPOS="742"/>
							<String ID="string_211" HPOS="759" VPOS="1229" WIDTH="48" HEIGHT="21" WC="0.93" CONTENT="med"/><SP WIDTH="16" VPOS="1229" HPOS="807"/>
							<String ID="string_212" HPOS="823" VPOS="1229" WIDTH="111" HEIGHT="21" WC="0.92" CONTENT="lottsedlar"/><SP WIDTH="16" VPOS="1229" HPOS="934"/>
							<String ID="string_213" HPOS="950" VPOS="1230" WIDTH="40" HEIGHT="20" WC="0.96" CONTENT="och"/>
						</TextLine>
						<TextLine ID="line_30" HPOS="238" VPOS="1261" WIDTH="109" HEIGHT="22">
							<String ID="string_214" HPOS="238" VPOS="1261" WIDTH="109" HEIGHT="22" WC="0.92" CONTENT="hästmått."/>
						</TextLine>
					</TextBlock>
					<TextBlock ID="block_7" HPOS="238" VPOS="1296" WIDTH="752" HEIGHT="164">
						<TextLine ID="line_31" HPOS="310" VPOS="1296" WIDTH="680" HEIGHT="27">
							<String ID="string_215" HPOS="310" VPOS="1296" WIDTH="102" HEIGHT="21" WC="0.93" CONTENT="Förutom"/><SP WIDTH="23" VPOS="1296" HPOS="412"/>
							<String ID="string_216" HPOS="435" VPOS="1296" WIDTH="156" HEIGHT="22" WC="0.90" CONTENT="ofvannämnda"/><SP WIDTH="19" VPOS="1296" HPOS="591"/>
							<String ID="string_217" HPOS="610" VPOS="1296" WIDTH="151" HEIGHT="27" WC="0.96" CONTENT="författningar"/><SP WIDTH="15" VPOS="1296" HPOS="761"/>
							<String ID="string_218" HPOS="776" VPOS="1297" WIDTH="39" HEIGHT="20" WC="0.93" CONTENT="bör"/><SP WIDTH="16" VPOS="1297" HPOS="815"/>
							<String ID="string_219" HPOS="831" VPOS="1297" WIDTH="159" HEIGHT="26" WC="0.91" CONTENT="uppbådsnäm-"/>
						</TextLine>
						<TextLine ID="line_32" HPOS="239" VPOS="1329" WIDTH="750" HEIGHT="28">
							<String ID="string_220" HPOS="239" VPOS="1330" WIDTH="40" HEIGHT="20" WC="0.95" CONTENT="den"/><SP WIDTH="24" VPOS="1330" HPOS="279"/>
							<String ID="string_221" HPOS="303" VPOS="1329" WIDTH="163" HEIGHT="21" WC="0.92" CONTENT="tillhandahålla"/><SP WIDTH="27" VPOS="1329" HPOS="466"/>
							<String ID="string_222" HPOS="493" VPOS="1329" WIDTH="232" HEIGHT="27" WC="0.87" CONTENT="utskrifningsnämden"/><SP WIDTH="25" VPOS="1329" HPOS="725"/>
							<String ID="string_223" HPOS="750" VPOS="1330" WIDTH="33" HEIGHT="20" WC="0.93" CONTENT="för"/><SP WIDTH="22" VPOS="1330" HPOS="783"/>
							<String ID="string_224" HPOS="805" VPOS="1330" WIDTH="91" HEIGHT="20" WC="0.92" CONTENT="nämden"/><SP WIDTH="15" VPOS="1330" HPOS="896"/>
							<String ID="string_225" HPOS="911" VPOS="1330" WIDTH="78" HEIGHT="27" WC="0.96" CONTENT="nödiga"/>
						</TextLine>
						<TextLine ID="line_33" HPOS="238" VPOS="1363" WIDTH="752" HEIGHT="28">
							<String ID="string_226" HPOS="238" VPOS="1364" WIDTH="121" HEIGHT="20" WC="0.96" CONTENT="blanketter"/><SP WIDTH="23" VPOS="1364" HPOS="359"/>
							<String ID="string_227" HPOS="382" VPOS="1364" WIDTH="39" HEIGHT="20" WC="0.96" CONTENT="och"/><SP WIDTH="23" VPOS="1364" HPOS="421"/>
							<String ID="string_228" HPOS="444" VPOS="1363" WIDTH="32" HEIGHT="21" WC="0.96" CONTENT="för"/><SP WIDTH="19" VPOS="1363" HPOS="476"/>
							<String ID="string_229" HPOS="495" VPOS="1364" WIDTH="26" HEIGHT="20" WC="0.96" CONTENT="de"/><SP WIDTH="15" VPOS="1364" HPOS="521"/>
							<String ID="string_230" HPOS="536" VPOS="1364" WIDTH="7" HEIGHT="20" WC="0.96" CONTENT="i"/><SP WIDTH="15" VPOS="1364" HPOS="543"/>
							<String ID="string_231" HPOS="558" VPOS="1364" WIDTH="23" HEIGHT="27" WC="0.81" CONTENT="$$"/><SP WIDTH="21" VPOS="1364" HPOS="581"/>
							<String ID="string_232" HPOS="602" VPOS="1364" WIDTH="26" HEIGHT="20" WC="0.96" CONTENT="35"/><SP WIDTH="19" VPOS="1364" HPOS="628"/>
							<String ID="string_233" HPOS="647" VPOS="1363" WIDTH="40" HEIGHT="21" WC="0.96" CONTENT="och"/><SP WIDTH="16" VPOS="1363" HPOS="687"/>
							<String ID="string_234" HPOS="703" VPOS="1364" WIDTH="26" HEIGHT="20" WC="0.93" CONTENT="36"/><SP WIDTH="16" VPOS="1364" HPOS="729"/>
							<String ID="string_235" HPOS="745" VPOS="1363" WIDTH="142" HEIGHT="21" WC="0.92" CONTENT="omförmälda"/><SP WIDTH="16" VPOS="1363" HPOS="887"/>
							<String ID="string_236" HPOS="903" VPOS="1364" WIDTH="87" HEIGHT="22" WC="0.92" CONTENT="utskrif-"/>
						</TextLine>
						<TextLine ID="line_34" HPOS="238" VPOS="1398" WIDTH="752" HEIGHT="27">
							<String ID="string_237" HPOS="238" VPOS="1398" WIDTH="119" HEIGHT="27" WC="0.92" CONTENT="ningsbevis"/><SP WIDTH="24" VPOS="1398" HPOS="357"/>
							<String ID="string_238" HPOS="381" VPOS="1398" WIDTH="40" HEIGHT="21" WC="0.96" CONTENT="och"/><SP WIDTH="22" VPOS="1398" HPOS="421"/>
							<String ID="string_239" HPOS="443" VPOS="1398" WIDTH="135" HEIGHT="27" WC="0.93" CONTENT="anvisningar"/><SP WIDTH="19" VPOS="1398" HPOS="578"/>
							<String ID="string_240" HPOS="597" VPOS="1399" WIDTH="13" HEIGHT="20" WC="0.89" CONTENT="å"/><SP WIDTH="15" VPOS="1399" HPOS="610"/>
							<String ID="string_241" HPOS="625" VPOS="1398" WIDTH="140" HEIGHT="26" WC="0.92" CONTENT="hästegarene"/><SP WIDTH="15" VPOS="1398" HPOS="765"/>
							<String ID="string_242" HPOS="780" VPOS="1398" WIDTH="162" HEIGHT="22" WC="0.93" CONTENT="tillkommande"/><SP WIDTH="15" VPOS="1398" HPOS="942"/>
							<String ID="string_243" HPOS="957" VPOS="1405" WIDTH="33" HEIGHT="15" WC="0.92" CONTENT="er-"/>
						</TextLine>
						<TextLine ID="line_35" HPOS="240" VPOS="1432" WIDTH="749" HEIGHT="28">
							<String ID="string_244" HPOS="240" VPOS="1433" WIDTH="183" HEIGHT="27" WC="0.91" CONTENT="sättningsbelopp"/><SP WIDTH="17" VPOS="1433" HPOS="423"/>
							<String ID="string_245" HPOS="440" VPOS="1432" WIDTH="88" HEIGHT="22" WC="0.92" CONTENT="afsedda"/><SP WIDTH="15" VPOS="1432" HPOS="528"/>
							<String ID="string_246" HPOS="543" VPOS="1432" WIDTH="85" HEIGHT="28" WC="0.96" CONTENT="böcker,"/><SP WIDTH="16" VPOS="1432" HPOS="628"/>
							<String ID="string_247" HPOS="644" VPOS="1435" WIDTH="62" HEIGHT="19" WC="0.96" CONTENT="taxor"/><SP WIDTH="15" VPOS="1435" HPOS="706"/>
							<String ID="string_248" HPOS="721" VPOS="1433" WIDTH="33" HEIGHT="21" WC="0.96" CONTENT="för"/><SP WIDTH="17" VPOS="1433" HPOS="754"/>
							<String ID="string_249" HPOS="771" VPOS="1433" WIDTH="25" HEIGHT="21" WC="0.91" CONTENT="de"/><SP WIDTH="15" VPOS="1433" HPOS="796"/>
							<String ID="string_250" HPOS="811" VPOS="1433" WIDTH="75" HEIGHT="27" WC="0.91" CONTENT="afdrag"/><SP WIDTH="14" VPOS="1433" HPOS="886"/>
							<String ID="string_251" HPOS="900" VPOS="1433" WIDTH="48" HEIGHT="21" WC="0.96" CONTENT="från"/><SP WIDTH="16" VPOS="1433" HPOS="948"/>
							<String ID="string_252" HPOS="964" VPOS="1434" WIDTH="25" HEIGHT="22" WC="0.96" CONTENT="de"/>
						</TextLine>
					</TextBlock>
				</ComposedBlock>
			</PrintSpace>
		</Page>
	</Layout>
</alto>
