1120 1770
359 156 28 22 U.
406 157 27 22 B.
449 171 27 3 —
491 158 74 29 Prop.
581 159 44 23 N:o
641 160 40 22 30.

412 492 240 27 Lagutskottets
690 494 199 22 betänkande

342 525 55 23 N:o
413 526 13 22 3
441 526 10 21 i
466 526 133 28 anledning
621 526 27 22 af
666 527 67 21 Hans
755 527 135 29 Kejserliga

342 559 121 28 Majestäts
484 560 89 27 nådiga
591 561 154 27 proposition
765 561 124 27 angående

342 593 263 28 lagstiftningsåtgärd,
621 600 51 16 som
687 594 110 28 påkallas
808 594 27 22 af
843 595 47 22 den

342 627 10 21 i
366 627 98 28 Bryssel
479 628 121 23 afslutade
615 628 202 23 internationella
831 629 57 23 kon-

342 662 131 22 ventionen
495 668 38 16 om
555 663 215 28 undertryckande
789 663 26 22 af
830 663 59 22 han-

342 696 58 22 deln
414 696 56 22 med
484 696 175 29 negerslafvar.

205 775 83 21 Denna
305 776 85 28 nådiga
404 776 143 28 proposition
562 776 42 21 har
620 776 25 21 af
658 776 108 28 samtliga
779 777 67 21 stånd
856 784 34 14 re-

135 810 115 22 mitterats
272 810 36 20 till
322 810 172 28 Lagutskottet,
510 817 48 14 som
574 810 53 21 från
641 810 131 29 Kejserliga
787 810 101 22 Senaten

135 844 45 21 fått
202 846 117 26 emottaga
341 844 27 21 de
387 844 39 21 vid
442 844 106 21 ärendets
564 844 128 28 beredning
708 844 116 22 derstädes
840 846 48 20 till-

134 879 86 20 komna
242 878 139 29 handlingar
402 878 118 21 äfvensom
536 878 151 21 meddelande
704 878 83 28 derom,
804 882 34 19 att
853 880 35 20 uti

135 913 101 21 Senaten
251 913 77 28 någon
344 913 143 27 omröstning
502 913 8 20 i
525 913 83 28 frågan
625 913 50 21 icke
691 916 39 25 egt
744 921 56 13 rum.

203 1067 144 28 Stadgandet
362 1068 35 21 uti
411 1067 158 29 föreliggande
581 1067 240 30 författningsförslag
831 1068 55 21 hän-

132 1102 37 21 för
191 1102 36 29 sig
248 1102 37 21 till
303 1103 203 27 bestämningarna
521 1102 119 28 angående
657 1102 147 28 strafflagens
820 1103 66 22 verk-

132 1136 139 29 ningskrets,
287 1137 94 20 hvarom
404 1136 97 21 handlas
516 1137 8 20 i
541 1138 9 19 1
567 1136 60 28 Kap.
644 1135 26 22 af
683 1136 143 29 Strafflagen
842 1137 44 21 den

135 1172 25 19 19
175 1170 126 22 December
318 1171 60 24 1889,
395 1170 42 21 och
453 1170 87 28 åsyftar
555 1173 35 18 att
605 1170 36 21 för
656 1170 58 21 visst
724 1169 49 28 fall,
783 1173 64 19 utom
858 1171 28 21 de

132 1205 64 26 128
213 1205 26 21 af
251 1205 71 28 sagda
336 1205 60 28 Kap.
409 1205 107 26 nämnda,
527 1205 119 20 utsträcka
657 1203 44 22 den
713 1204 75 21 finska
798 1207 87 20 statens

133 1239 112 21 straffrätt
269 1239 37 21 till
328 1239 68 26 brott,
416 1239 123 28 begängna
561 1241 65 19 utom
649 1238 112 22 Finlands
784 1243 95 24 gränser

200 1273 54 22 Med
269 1273 107 22 afseende
392 1273 61 27 härä,
469 1274 41 20 har
523 1273 123 22 Utskottet
661 1275 77 19 ansett
753 1275 34 19 att
801 1273 35 21 uti
851 1274 35 21 in-

132 1315 93 21 gressen
251 1308 36 20 till
309 1307 263 28 författningsförslaget
594 1307 129 28 uttrycklig
745 1307 140 29 hänvisning

132 1342 70 21 borde
224 1344 67 25 göras
314 1341 36 21 till
374 1343 2 19 1
393 1342 59 27 Kap.
469 1343 12 20 2
497 1342 14 27 S
526 1342 8 20 i
551 1341 149 28 Strafflagen.

199 1376 12 20 I
227 1374 71 29 öfrigt
317 1375 43 21 och
375 1383 48 13 som
439 1375 44 21 den
499 1375 143 21 allmännare
658 1374 124 29 affattning
797 1375 88 21 föreva-

131 1409 71 22 rande
225 1408 128 28 stadgande
369 1408 92 21 erhällit
476 1409 7 19 i
499 1408 44 21 den
558 1408 87 28 nädiga
660 1409 172 26 propositionen
848 1416 36 20 sy-

131 1450 41 15 nes
195 1442 94 28 erbjuda
311 1442 115 21 företräde
448 1442 97 20 framför
566 1449 28 14 en
609 1441 164 29 lagföreskrift,
790 1442 95 22 hvilken

200 1482 130 23 Lagutskottets
343 1482 109 18 betänkande
464 1482 36 17 N:o
513 1482 18 18 3.
