1134 1773
270 139 26 21 26

461 139 28 22 U.
505 139 27 21 B.
548 152 27 2 —
590 139 74 28 Prop.
680 139 44 23 N:o
740 140 35 22 31.

689 242 15 24 $
718 242 34 20 16.

515 298 55 27 Den,
593 306 47 14 som
662 300 56 19 utan
739 298 101 22 tillständ
855 298 28 28 af
893 298 98 22 militär-

447 332 127 28 myndighet
595 333 62 21 inom
679 333 218 27 fästningsesplanad
913 333 81 27 uppför

447 368 100 28 byggnad
561 368 51 21 eller
626 367 98 27 vidtager
738 374 78 14 annan
826 367 29 26 af
857 368 81 20 sådant
945 368 46 21 till-

446 402 67 22 stånd
534 402 101 21 beroende
658 401 131 28 anordning,
812 402 45 21 böte
873 402 61 27 högst
949 404 42 19 tre-

447 437 88 21 hundra
557 437 75 25 mark;
653 442 51 15 vare
718 435 39 22 och
771 436 86 27 skyldig
872 438 33 19 att
917 438 78 25 genast

446 471 94 28 försätta
558 471 131 28 fastigheten
704 471 8 20 i
726 470 61 21 dess
800 470 63 27 förra
877 471 64 26 skick,
957 471 38 21 vid

446 506 103 27 äfventyr
563 507 33 20 att
605 505 81 21 sådant
695 505 60 27 eljest
764 505 97 21 kommer
867 507 34 19 att
907 505 86 27 utföras

445 547 94 20 genom
563 541 180 26 guvernörens
769 539 110 28 försorg
900 539 31 28 på
952 539 41 22 den

446 574 140 28 försumliges
602 574 119 21 bekostnad.

516 609 96 20 Böterna
642 608 90 27 tillfalla
755 609 92 20 kronan.
889 608 105 21 Saknas

447 643 123 28 tillgång
592 643 46 21 till
660 643 78 20 deras
755 643 78 27 fulla
846 643 146 27 gäldande,

446 677 170 28 förvandlas
630 677 30 21 de
676 677 84 27 enligt
775 677 107 21 allmän
896 676 96 28 straff-

447 711 51 28 lag.

515 745 69 24 Brott,
607 753 47 14 som
671 745 41 21 här
726 747 26 19 är
766 745 100 26 nämndt,
882 745 72 20 åtalas
969 745 28 25 af

447 780 84 21 allmän
553 779 102 28 åklagare
676 779 38 21 vid
735 779 92 21 domstol
847 779 10 20 i
875 779 116 27 gernings-

447 816 67 24 orten,
529 814 68 21 sedan
606 813 193 28 fästningsbefälet
808 813 38 22 hos
857 815 136 26 guvernören

446 849 87 20 anmält
547 849 66 20 saken
628 848 35 21 till
676 847 52 22 åtal.

515 878 36 25 Är
582 882 107 22 sådant
718 882 63 27 åtal,
810 882 126 22 beroende
965 881 32 28 af

445 918 125 21 domstols
592 917 138 28 pröfning,
754 924 40 20 ege
808 919 129 25 guvernör
952 917 41 21 det

446 952 112 27 oaktadt,
575 952 32 28 på
621 952 226 28 militärmyndighets
862 951 130 28 anfordran,

446 987 131 21 omedelbart
589 986 29 28 gå
632 986 10 21 i
656 986 134 28 författning
803 992 35 15 om
851 985 142 28 aflägsnande

446 1022 29 27 af
486 1021 75 28 hvarje
576 1020 132 28 anordning,
722 1027 48 14 som
779 1020 95 21 innebär
883 1020 108 27 öfverträ-

445 1056 56 21 delse
519 1056 29 27 af
559 1055 210 29 esplanadreglerna.

688 1154 14 24 $
717 1153 34 21 17.

518 1199 82 21 Varder
621 1198 162 28 fästningsverk
802 1198 81 27 försatt
896 1198 10 20 i
921 1197 70 28 krigs-

445 1233 106 27 tillstånd,
563 1233 39 21 och
611 1233 61 21 skola
684 1240 78 20 egare
772 1233 66 21 eller
846 1232 146 27 innehafvare

445 1268 29 27 af
484 1268 142 27 fastighet
640 1268 62 20 inom
716 1267 203 27 esplanadområdet
932 1266 60 28 förty

445 1302 54 27 från
513 1302 121 20 detsamma
648 1302 149 26 undanskaffa
806 1302 129 27 byggnader,
943 1302 47 27 för-

444 1335 135 27 rådsupplag
608 1336 52 20 eller
674 1336 71 20 andra
764 1336 169 27 anläggningar,
950 1336 41 21 låte

443 1371 138 25 guvernören
603 1368 33 28 pä
659 1368 203 29 fästningsbefälets
879 1370 113 21 anmodan

444 1403 55 21 dem
513 1403 73 21 derom
600 1403 26 21 så
641 1404 37 20 ock
688 1410 35 15 om
734 1404 59 21 tiden
805 1404 36 28 för
850 1404 140 28 undanskaf-

443 1438 78 28 fandet
535 1438 155 28 ofördröjligen
705 1438 135 22 underrätta.
869 1432 88 36 Åtlydes
972 1440 20 28 ej

308 1478 129 24 Lagutskottets
449 1478 110 18 betänkande
571 1479 37 17 N:o
621 1478 17 18 6.
