1128 1773
272 156 32 37 42
468 159 30 23 U.
514 160 26 22 B.
556 172 27 4 —
598 159 73 28 Prop.
687 159 42 22 N:o
744 158 38 23 29.

584 265 29 23 11
635 264 24 29 8.

318 328 85 22 Under
422 328 200 29 arbetsförtjenst
635 328 152 29 inbegripas,
798 328 68 22 utom
885 327 112 29 aflöning

248 363 8 21 i
282 362 150 29 penningar,
456 362 98 29 jemväl
580 362 226 26 naturaförmäner,
828 361 169 29 uppskattade

249 397 62 22 efter
330 397 14 22 &
363 398 71 20 orten
452 397 96 29 gängse
566 396 60 29 pris,
646 396 74 22 andel
738 396 7 22 i
764 397 67 21 vinst
850 396 45 22 och
908 396 88 29 dylikt.

584 499 30 23 12
634 499 24 29 $.
906 521 7 9 N

318 556 35 28 Är
381 561 141 29 äktenskap
548 562 121 29 ingänget
696 562 62 22 efter
786 561 137 29 olycksfall,
943 568 53 16 som

249 596 143 22 sedermera
410 596 143 22 förorsakat
571 596 48 22 den
638 596 125 22 skadades
776 596 59 26 död,
846 596 75 22 hafve
931 596 66 22 enka

248 631 46 22 och
312 630 8 23 i
339 631 42 22 det
399 631 139 28 äktenskap
557 631 76 22 födda
651 630 63 23 barn
733 631 54 22 icke
799 632 50 20 rätt
861 630 37 23 till
909 630 88 23 skade-

248 664 83 23 ständ.

319 699 96 22 Träder
441 699 71 26 enka,
542 706 54 15 som
617 699 101 29 uppbär
736 698 79 30 årligt
832 698 163 28 skadestånd,

248 734 11 21 i
285 734 56 28 nytt
365 732 70 29 gifte,
464 740 59 15 vare
546 734 51 22 hon
615 734 44 21 vid
677 733 176 29 äktenskapets
871 733 126 29 ingående

249 768 145 28 berättigad
420 768 37 21 att
484 768 10 22 i
520 768 33 22 ett
580 768 40 22 för
645 767 49 23 allt
711 768 119 28 uppbära
848 768 32 22 ett
899 768 96 29 belopp,

247 802 180 22 motsvarande
445 802 68 22 detta
531 802 155 22 skadestånd
705 802 39 22 för
763 801 42 23 två
824 801 37 23 är.

585 906 31 22 13
635 906 24 29 8.

315 962 96 22 Vinner
429 962 67 23 finsk
514 969 62 16 man
593 963 217 29 medborgarerätt
828 963 7 22 i
848 965 77 20 annat
936 963 60 22 land

249 997 59 22 eller
334 997 47 22 har
399 997 36 22 till
454 997 90 22 sådant
561 997 60 22 land
639 997 113 22 hörande
770 1004 91 21 person
880 997 36 23 dit
934 997 62 23 åter-

247 1031 87 26 vändt,
361 1031 100 28 upphör
490 1031 31 22 all
547 1033 49 21 rätt
623 1031 36 23 till
681 1031 79 29 årligt
781 1031 156 30 skadestånd
957 1032 39 23 för

247 1065 142 27 framtiden,
417 1072 56 16 men
501 1066 39 22 må
562 1066 92 22 honom
673 1066 117 29 tilläggas
808 1067 35 22 ett
860 1067 136 29 penninge-

247 1100 100 28 belopp,
374 1101 179 21 motsvarande
580 1101 70 21 hvad
671 1101 52 22 han
744 1101 82 21 under
848 1101 42 22 två
908 1101 31 22 år
957 1102 40 28 egt

247 1134 126 29 uppbära.

585 1203 32 22 14
636 1203 23 29 8.

316 1260 104 22 Skadad
449 1260 115 22 arbetare
591 1259 62 23 vare
676 1260 100 30 skyldig
795 1262 43 25 att,
857 1260 62 23 intill
938 1260 57 23 dess

247 1295 51 21 han
324 1294 83 22 blifvit
432 1294 60 26 läkt,
521 1294 8 22 i
555 1295 83 22 stället
660 1294 40 23 för
718 1295 42 22 det
777 1294 8 22 i
804 1295 14 22 8
838 1294 15 29 &
873 1295 122 28 stadgade

246 1327 157 23 skadestånd
439 1327 98 29 åtnöjas
573 1328 57 22 med
656 1328 64 21 vård
747 1328 47 22 och
820 1328 134 22 underhåll
981 1328 14 22 å

246 1362 115 28 sjukhus.

313 1395 50 23 För
391 1396 48 22 den
467 1395 35 22 tid
531 1396 79 22 sådan
632 1396 171 28 sjukhusvård
830 1402 77 16 varar
925 1396 71 23 skola

246 1430 74 22 maka
350 1430 46 22 och
423 1429 64 23 barn
514 1430 80 23 under
620 1430 93 22 femton
742 1431 28 22 år
789 1431 97 29 åtnjuta
905 1431 91 23 sådant

245 1464 146 27 understöd,
411 1471 53 17 som
482 1465 9 22 i
512 1465 31 22 10
562 1465 15 29 8
596 1465 165 23 omförmäles.

317 1508 48 22 Lag-
377 1508 32 18 och
421 1508 181 18 Ekonomiutskottets
614 1508 109 18 betänkande
736 1510 36 16 N:o
784 1509 29 20 12.
