1109 1770
345 147 34 36 E:
395 153 28 30 B.
436 175 28 2 —
480 161 64 30 Prop.
561 161 37 23 N:o
614 161 34 23 32.
847 163 27 20 58

107 246 1 4 »
129 231 40 22 vid
183 232 77 21 allmän
277 231 98 27 domstol,
391 232 76 22 såvida
481 233 133 28 angifvelsen
629 233 66 28 gäller
710 233 50 21 civil
775 233 99 25 ledamot,

128 267 64 27 men,
204 275 35 13 om
257 267 126 30 densamma,
397 267 65 29 angår
480 268 177 26 militärledamot,
675 267 74 28 derom
762 267 113 30 underrät-

101 310 4 3 >
128 301 34 24 tar
177 299 159 24 vederbörande
352 302 147 22 befälhafvare
514 303 7 20 i
538 303 101 21 afseende
655 311 12 13 å
683 303 76 21 sakens
775 303 48 28 laga
838 301 37 23 be-

128 329 108 41 handling.

437 446 69 21 KAP.
522 446 42 20 IX.
589 439 6 2 -

128 498 43 23 Om
189 505 86 17 ansvar
290 499 45 23 och
351 500 45 22 och
411 499 78 29 öfriga
504 499 122 29 påföljder
641 500 42 22 för
698 499 175 23 öfrerträdelse

193 538 3 3 i
294 535 29 23 af
334 535 191 23 föreskrifterna
540 536 9 21 i
566 536 79 22 denna
660 536 47 27 lag.

438 602 15 26 $
468 603 30 19 45
514 602 51 27 (41).

197 642 56 26 Den,
268 650 47 14 som
330 643 123 28 egenvilligt
467 642 149 30 undandrager
626 643 33 28 sig
671 646 32 20 att
712 642 91 29 fullgöra
814 642 58 22 hvad

126 678 78 21 honom
223 678 70 22 säsom
308 677 94 23 ledamot
416 680 7 20 i
439 678 143 30 besigtnings-
598 679 51 21 eller
664 678 208 30 utskrifningsnämd

126 712 85 31 åligger,
227 714 87 22 straffas
329 714 50 22 med
393 714 63 22 böter
471 714 64 30 högst
550 718 84 18 ettusen
650 715 65 21 mark.

436 800 15 26 $
466 800 30 20 46
512 800 49 26 (42).

196 840 126 21 Uraktlåter
336 839 69 29 någon
421 844 51 32 utan
487 840 48 29 laga
548 840 46 22 skäl
605 843 32 19 att
649 840 38 21 vid
698 840 172 28 hästmönstring,

125 876 121 28 besigtning
264 876 51 21 eller
333 862 130 46 utskrifning
481 875 145 22 frambefodra
644 876 33 21 sin
692 875 49 22 häst
755 875 33 20 till
803 876 66 21 behö-

122 912 60 27 rigen
205 911 105 28 kungjord
333 911 165 28 samlingsplats,
522 911 88 22 straffes
631 911 35 21 för
687 910 72 29 hvarje
781 910 89 23 sålunda

123 946 143 22 undanhållen
288 947 49 21 häst
357 946 52 22 med
434 947 61 21 böter
518 947 62 29 högst
605 946 112 22 etthundra
741 946 66 26 mark,
830 947 42 22 och

123 982 160 22 vederbörande
295 982 142 29 besigtnings-
452 983 52 21 eller
519 982 206 29 utskrifningsnämd
735 982 65 22 hafve
812 977 60 27 makt

123 1021 32 19 att
169 1021 76 26 genast
259 1018 43 22 låta
317 1018 68 22 sådan
399 1018 50 22 häst
463 1018 28 29 på
507 1021 88 26 ägarens
611 1018 119 22 bekostnad
745 1018 91 21 inställa.

194 1054 85 21 Brister
299 1055 189 27 lottningsområde
507 1055 10 20 i
530 1055 137 28 fullgörande
685 1054 28 27 af
727 1050 76 37 åtagen
816 1055 50 26 för-

107 1094 3 1 *
125 1080 91 45 bindelse
231 1092 33 19 att
278 1090 34 21 till
322 1080 216 42 utskrifningsställe
550 1090 91 22 inställa
655 1091 80 26 hästar,
753 1090 44 21 böte
809 1090 61 27 högst

94 1153 2 2 |
121 1121 116 27 etthundra
256 1126 63 27 mark
338 1126 36 27 för
389 1126 78 27 hvarje
491 1126 118 27 uteblifven
629 1126 49 21 häst
697 1126 46 21 och
754 1132 63 15 svare
834 1125 36 28 för

102 1155 4 5 *
122 1162 42 21 den
175 1151 99 43 kostnad;
295 1168 40 15 som
351 1162 28 27 af
390 1162 185 21 uraktlätenheten
589 1161 55 28 följa
659 1162 49 20 kan.

427 1239 22 32 $
464 1246 31 19 47
510 1246 49 26 (43).

193 1285 72 26 Böter,
279 1293 46 14 som
335 1286 66 28 enligt
412 1287 27 26 $$
449 1287 28 20 45
491 1285 41 22 och
542 1287 29 20 46
582 1285 93 27 ädömas,
685 1285 86 22 tillfalla
781 1285 87 22 kronan.

196 1321 87 21 Saknar
298 1322 112 27 hästägare
426 1321 90 28 tillgång
531 1322 35 20 till
581 1322 97 21 böternas
691 1321 57 27 fulla
756 1321 114 27 gäldande,

122 1357 127 31 förvandlas
264 1357 25 21 de
304 1357 53 27 efter
372 1357 83 21 allmän
471 1356 110 28 strafflag.

194 1486 298 23 Hästutskrifningsutskottets
507 1486 132 19 betänkande.
