1125 1759
373 128 28 23 U.
418 128 26 23 B.
462 142 26 3 —
503 129 75 29 Prop.
593 129 45 23 N:o
653 129 37 23 27.
858 130 12 20 7

144 196 106 30 drycker,
272 197 26 22 af
318 197 40 22 det
376 197 111 29 erbjudna
503 198 103 22 tillfället
620 197 100 23 förledas
736 197 37 23 till
788 197 71 29 inköp
875 197 26 22 af

144 231 60 21 dem.
236 232 54 21 Men
315 231 30 22 då
369 232 177 29 ifrågavarande
572 232 128 29 stadgande
721 232 88 28 jemväl
833 232 66 22 torde

144 264 71 22 hafva
238 265 36 21 till
296 266 96 28 påföljd,
415 269 34 18 att
471 266 101 22 handeln
595 266 52 22 med
662 266 66 22 viner
742 266 44 22 och
801 273 95 21 svagare

143 299 140 28 rusdrycker
298 307 62 14 mera
377 303 28 18 än
421 300 115 21 härintills
551 300 103 21 kommer
664 302 35 19 att
707 299 132 22 bedrifvas
827 295 12 36 i
850 299 45 22 för-

142 333 74 29 ening
231 334 51 21 med
298 333 139 30 försäljning
447 333 26 22 af
481 334 97 21 bränvin
587 334 43 21 och
638 333 71 22 andra
718 333 102 22 starkare
831 333 67 29 sprit-

143 367 106 28 drycker,
271 369 25 20 så
312 368 42 21 har
375 369 27 20 af
414 368 119 29 praktiska
554 369 50 20 skäl
624 368 117 21 befunnits
759 367 89 29 nödigt,
864 370 35 19 att

143 402 150 21 föreskriften
308 409 37 14 om
361 403 45 21 den
422 402 36 22 för
472 402 144 22 sistnämnda
630 402 50 28 slag
696 402 23 21 af
735 401 98 29 drycker
852 402 45 21 till-

144 436 65 21 låtna
224 435 192 30 försäljningstid,
438 436 52 21 från
513 436 30 22 kl.
566 440 6 17 9
588 444 36 13 om
644 443 127 21 morgonen
787 436 36 21 till
838 436 31 21 kl.
885 437 12 20 6

144 478 37 14 om
200 470 101 28 aftonen,
314 470 88 29 jemväl
417 474 66 25 göres
498 470 108 29 gällande
622 470 141 22 beträffande
779 470 66 21 viner
855 469 42 23 och

143 505 29 21 de
188 512 96 21 svagare
300 504 175 29 rusdryckerna.

498 582 11 26 8
526 582 17 19 7.

212 642 47 21 Det
274 642 181 29 minimibelopp,
471 649 48 14 som
536 642 40 21 vid
591 641 160 22 minuthandel
766 641 36 22 får
817 641 81 22 försäl-

139 677 46 28 jas,
201 677 42 21 har
257 676 120 27 utskottet,
402 684 35 14 om
454 677 43 20 ock
519 677 51 21 icke
586 679 55 19 utan
662 675 236 30 meningsskiljaktig-

143 711 47 25 het,
216 713 76 19 ansett
318 711 36 28 sig
378 711 55 21 böra
457 710 127 22 bestämma
608 710 54 21 vida
684 710 69 28 lägre,
777 713 29 18 än
829 710 7 21 i
858 711 41 20 nå-

143 745 56 28 diga
222 744 172 29 propositionen
421 744 101 24 föreslås,
549 744 25 22 af
597 745 67 20 orsak
688 747 35 18 att
740 744 158 29 minimigrän-

142 787 42 14 sen
200 779 37 21 för
252 779 173 22 alkoholhalten
441 779 42 22 hos
499 779 28 22 de
547 779 104 29 drycker,
666 778 232 29 författningsförsla-

142 816 42 26 get
206 813 60 22 afser
288 813 27 22 af
334 813 114 22 utskottet
469 813 105 22 nedsatts
596 813 52 22 från
671 815 25 20 12
718 813 37 22 till
770 815 13 19 4
798 814 34 26 9/,.
862 813 37 22 Då

143 847 135 29 derigenom
295 847 70 22 äfven
381 847 27 22 de
423 847 90 28 lättare,
525 848 54 21 äkta
590 849 96 20 vinerna
695 847 92 22 komme
798 850 34 19 att
842 847 57 22 falla

142 882 76 22 under
227 881 181 30 författningens
419 882 177 27 bestämmelser,
610 882 76 22 blefve
697 882 44 21 den
751 883 72 20 redan
833 881 66 22 häfd-

141 923 81 15 vunna
238 916 102 22 handeln
355 917 52 21 med
423 917 65 21 viner
502 917 31 28 på
553 916 120 29 halfbutelj
690 916 162 29 omöjliggjord
868 917 31 20 el-

143 951 35 21 ler
192 951 117 28 betydligt
324 950 126 28 försvårad,
466 951 76 21 derest
557 951 39 21 det
611 951 8 21 i
629 951 85 28 nådiga
724 950 174 29 propositionen

142 984 133 29 föreslagna
297 985 201 29 minimibeloppet
520 985 26 21 af
566 984 157 28 trefjerdedels
750 985 53 20 liter
824 984 74 22 skulle

144 1018 135 23 bibehållas.

492 1065 11 28 s
522 1066 31 20 11.

213 1123 12 21 I
245 1122 76 22 denna
341 1123 7 27 &
367 1122 43 22 har
431 1122 84 22 införts
537 1130 28 14 en
588 1122 146 28 bestämning
757 1121 84 28 derom,
865 1125 34 18 att

143 1156 103 23 handeln
262 1157 52 22 med
329 1157 178 29 ifrågavarande
529 1157 137 28 rusdrycker
687 1156 19 29 ej
728 1156 61 29 finge
809 1156 89 22 idkas
884 1152 18 38 i

143 1191 97 30 köping.
270 1192 66 21 Inom
359 1192 114 21 utskottet
495 1191 42 22 har
551 1191 136 29 visserligen
702 1190 145 26 framhållits,
864 1193 35 20 att

143 1233 30 14 en
188 1225 68 29 dylik
270 1227 148 28 bestämning
441 1226 52 21 icke
514 1233 56 14 vore
586 1226 26 21 af
624 1225 82 27 nöden,
722 1225 53 22 med
790 1225 108 22 afseende

143 1261 57 21 derä
222 1263 35 19 att
279 1260 145 29 köpingarna
447 1261 71 21 redan
537 1260 151 21 härförinnan
707 1260 30 27 pä
759 1259 75 29 grund
853 1259 26 22 af
890 1259 9 21 i

143 1297 80 19 ämnet
245 1294 108 29 gällande
376 1294 150 30 lagstiftning
548 1297 88 19 ansetts
658 1301 61 19 vara,
740 1293 63 22 hvad
827 1294 72 28 angår

144 1328 104 22 handeln
263 1328 53 22 med
330 1329 67 21 viner
419 1329 42 21 och
478 1328 164 29 spritdrycker,
656 1327 111 22 likstälda
782 1328 52 21 med
850 1328 49 21 lan-

145 1363 46 25 det,
214 1363 91 22 hvilket
324 1363 89 28 jemväl
435 1363 130 29 framginge
587 1363 27 21 af
632 1362 86 28 nådiga
733 1361 167 29 förordningen

143 1397 47 20 den
206 1399 12 19 9
233 1397 58 21 Juni
308 1398 62 23 1892,
392 1397 121 27 angående
528 1397 109 20 tillåtelse
656 1396 8 20 i
680 1396 61 21 vissa
756 1395 143 28 undantags-

143 1430 43 22 fall
212 1430 36 22 för
272 1430 86 22 handel
383 1431 30 28 på
437 1429 81 22 landet
542 1429 52 22 med
618 1429 125 28 spritvaror
766 1429 43 21 och
834 1429 66 21 malt-

215 1470 182 19 Ekonomiutskottets
409 1470 111 18 betänkande
531 1470 39 18 N:o
582 1469 29 18 10.
