1150 1773
377 154 29 23 U.
422 155 27 22 B.
465 168 27 2 —
508 155 74 28 Prop.
598 156 42 22 N:o
655 155 38 22 29.
853 156 27 20 33

158 220 221 28 säkringsanstalt,
398 220 103 22 hvilken
520 220 133 22 framdeles
672 220 119 29 möjligen
809 220 101 28 upphör

155 254 59 24 med
250 254 39 22 sin
325 254 161 22 verksamhet
518 254 8 22 i
556 254 92 26 landet,
678 255 51 21 kan
759 255 42 22 det
830 254 80 22 blifva

158 288 110 26 osäkert,
309 288 126 22 huruvida
470 288 273 29 understödstagarene
779 288 131 29 verkligen

157 322 101 22 komma
280 322 37 22 till
335 322 38 22 sin
393 323 59 25 rätt;
478 322 150 22 åtminstone
646 322 50 22 kan
710 322 68 22 detta
796 322 39 22 för
853 322 57 22 dem

158 357 79 22 blifva
264 356 117 22 förenadt
407 356 57 23 med
488 356 144 29 betydande
659 357 178 22 omkostnader
864 356 46 23 och

159 391 166 29 svårigheter.
363 391 46 21 Till
426 391 192 29 förebyggande
636 391 74 22 häraf
728 392 47 21 har
787 392 42 22 det
839 393 71 27 synts

158 426 122 21 utskottet
297 426 89 28 nödigt
404 426 160 25 föreskrifva,
585 427 42 24 att,
647 426 32 21 då
698 426 80 21 skada
788 426 121 25 inträffat,

159 460 119 22 utländsk
315 459 252 29 försäkringsanstalt
597 460 64 22 skall
690 460 155 22 tillförsäkra
875 460 36 22 till

160 494 155 23 skadestånd
341 494 143 29 berättigad
503 501 92 22 person
613 495 92 22 honom
724 495 186 22 tillkommande

160 529 175 22 årsunderhåll
362 535 31 15 ur
419 529 194 22 lifränteanstalt
634 529 57 22 med
711 529 200 22 hufvudförvalt-

159 563 62 29 ning
240 563 67 22 inom
326 563 114 22 Finland.

228 598 56 21 Den
308 598 8 21 i
345 597 32 23 16
397 597 15 29 $
436 597 26 22 af
479 598 188 28 propositionen
686 597 123 29 stadgade
827 604 84 21 proce-

160 633 48 28 dyr
237 632 92 22 hänför
362 632 39 29 sig
434 632 214 29 hufvudsakligen
680 632 36 21 till
740 632 170 29 öfvergående

159 667 198 28 kroppsskador.
386 666 38 22 Då
443 666 95 22 sådana
557 667 143 26 emellertid,
720 667 78 28 enligt
817 666 95 22 utskot-

160 703 47 20 tets
226 701 103 28 förslag,
348 701 54 22 icke
421 707 61 16 vore
500 701 186 22 underkastade
700 701 151 28 försäkring,
863 701 48 22 har

160 735 179 22 motsvarande
362 735 34 22 20
415 735 15 28 $
448 735 8 22 i
475 735 68 22 detta
561 735 95 29 förslag
675 735 37 22 till
729 735 94 29 nödiga
842 735 70 22 delar

160 769 201 27 omformulerats
391 770 63 21 samt
480 769 63 27 häri,
571 770 39 21 för
637 769 125 22 ernående
787 769 25 22 af
830 769 81 22 bättre

160 804 190 29 sammanhang,
370 804 93 28 jemväl
480 804 102 29 intagits
600 804 189 29 bestämningar
805 805 107 21 motsva-

160 839 79 22 rande
260 839 12 20 1
293 845 73 15 mom.
387 838 25 21 af
429 838 201 28 propositionens
650 838 33 22 20
702 838 23 29 $.

230 873 70 21 Enär
318 879 30 15 ur
366 873 189 28 propositionen
574 873 20 28 ej
610 873 91 28 tydligt
713 872 119 30 framgår,
846 873 66 21 huru

161 908 109 22 förfaras
283 907 54 27 bör,
348 914 40 15 om
398 907 296 29 understödsberättigad
704 914 92 21 person
807 908 22 28 ej
840 908 72 28 nöjes

161 942 57 22 med
236 941 264 29 försäkringsanstalts
520 942 89 26 beslut,
629 942 46 21 har
694 943 34 21 ett
746 943 56 27 nytt
817 942 95 22 mom.
897 937 17 38 i

162 977 91 21 sädant
272 976 118 21 afseende
409 976 101 28 tillagts.

231 1010 47 23 Om
297 1010 253 29 preskriptionstiden
572 1010 39 22 för
629 1010 189 22 framställande
837 1010 26 22 af
878 1017 35 15 er-

162 1045 238 28 sättningsanspräk
410 1045 46 21 hos
466 1044 251 29 försäkringsanstalt
729 1045 135 22 fastställes
876 1045 37 22 till

163 1081 34 20 ett
216 1079 35 26 är,
271 1079 50 22 kan
340 1086 95 15 samma
453 1079 36 22 tid
508 1079 21 28 ej
550 1079 66 28 gälla
640 1079 39 21 för
697 1079 131 22 väckande
841 1079 26 22 af
879 1080 33 21 ta-

161 1114 43 22 lan
214 1113 43 23 vid
268 1113 114 27 domstol,
394 1114 60 21 enär
464 1113 49 22 den
524 1120 88 15 senare
621 1113 293 29 bestämningeniannat

161 1149 44 21 fall
214 1148 85 22 kunde
310 1148 78 22 blifva
399 1148 134 21 illusorisk.
564 1147 45 23 Om
620 1147 107 22 sälunda
741 1148 111 28 anspräk
867 1148 46 21 hos

162 1183 253 29 försäkringsanstalt
433 1182 87 22 väckts
539 1183 81 21 under
639 1182 49 21 den
706 1182 70 22 tolfte
789 1182 125 22 mänaden

162 1217 47 22 och
237 1217 124 22 anstalten
379 1217 67 22 inom
465 1217 34 22 30
518 1216 80 29 dagar
616 1216 109 23 derefter
742 1217 55 22 icke
815 1217 99 22 medde-

162 1252 36 22 lat
224 1251 83 23 beslut
334 1252 8 21 i
364 1251 87 26 saken,
477 1251 79 22 skulle
577 1252 50 21 rätt
645 1251 36 22 till
700 1251 68 22 talan
786 1251 43 22 vid
848 1251 66 22 dom-

163 1287 48 21 stol
238 1286 136 22 emellertid
395 1285 77 22 hafva
496 1285 83 22 blifvit
602 1285 130 22 försutten.
775 1285 36 22 På
832 1285 83 29 grund

162 1320 74 22 häraf
273 1321 79 21 måste
388 1320 39 22 för
462 1319 80 22 sådan
578 1320 68 21 talan
684 1326 30 15 en
746 1319 88 29 längre
861 1326 54 21 pre-

164 1355 174 28 skriptionstid
365 1354 149 29 medgifvas.
553 1353 94 23 Senare
673 1360 73 15 mom.
775 1354 26 21 af
822 1354 34 21 20
876 1354 40 28 Si

163 1390 198 26 propositionen,
390 1389 96 21 hvilket
512 1390 141 19 motsvarar
680 1388 133 21 utskottets
838 1389 34 20 24
891 1388 23 27 $,

163 1423 47 24 har
238 1423 20 28 ej
288 1422 79 22 heller
393 1421 117 22 förutsett
538 1421 42 22 det
603 1421 51 26 fall,
674 1422 36 20 att
729 1421 114 22 arbetare
862 1421 54 22 icke

164 1456 82 23 blifvit
264 1456 139 29 behörigen
422 1455 143 26 försäkrad;
584 1461 57 16 men
662 1455 79 22 måste
759 1455 8 22 i
787 1455 67 22 detta
864 1455 51 26 fall,

234 1501 47 21 Lag-
295 1499 32 18 och
340 1499 182 17 Ekonomiutskottets
534 1497 110 18 betänkande
656 1497 37 17 N:o
706 1497 27 17 12.
815 1498 10 17 3

924 601 23 18 20
958 601 16 22 8.

926 1013 22 16 24
960 1013 15 22 8.
