1114 1767
278 148 13 21 6
438 147 82 23 Ständ.
535 146 37 23 Sv.
588 160 28 2 —
630 148 73 26 Prop.
719 146 42 23 N:o
776 146 35 22 25.

317 212 154 28 Ifrågavande
486 211 127 29 lagförslag
628 212 123 28 uppgifves
767 212 9 20 i
791 211 45 21 den
850 211 86 28 nådiga
950 218 51 21 pro-

250 246 132 29 positionen
404 246 71 22 hafva
496 246 137 22 tillkommit
655 246 52 21 med
730 245 108 23 afseende
853 246 13 21 å
881 245 28 21 de
924 245 78 27 vådor,

249 280 236 29 margarinindustrin
508 283 87 19 ansetts
617 280 79 22 kunna
715 280 120 22 förorsaka
850 280 152 28 mejerihand-

250 316 107 28 teringen
379 316 8 21 i
409 315 79 22 landet
510 315 37 22 till
571 315 60 30 följd
653 315 70 28 deraf,
751 317 35 20 att
808 315 116 29 margarin
946 314 57 22 eller

250 350 151 29 konstgjordt
422 354 62 18 smör
506 350 77 22 kunde
607 350 126 28 tillverkas,
756 349 107 29 försäljas
880 350 56 22 eller
950 349 52 22 från

249 385 79 21 landet
343 385 88 21 utföras
446 385 75 21 under
535 385 142 28 benämning
689 384 26 22 af
727 386 138 21 natursmör.
888 384 12 22 I
915 384 88 22 saknad

250 420 25 21 af
288 420 72 28 nödig
374 419 128 29 utredning
517 419 69 22 hafva
601 419 129 22 Ständerna
745 421 77 19 ansett
837 419 36 29 sig
886 418 51 22 icke
947 419 57 21 böra

250 455 55 28 ingå
320 454 8 21 i
343 453 175 29 undersökning
533 454 118 29 angående
666 454 29 21 de
705 454 142 29 verkningar
858 461 28 14 en
896 453 107 22 inhemsk

249 488 258 29 margarinfabrikation
530 488 77 22 kunde
629 488 82 22 utöfva
732 495 56 15 vare
810 489 38 28 sig
869 489 29 28 på
913 488 90 29 mejeri-

250 522 170 29 handteringen
436 523 56 22 eller
506 524 30 27 på
551 523 90 22 landets
657 523 260 28 näringsförhållanden
928 523 75 22 öfver-

250 557 96 22 hufvud.

318 593 54 21 Men
388 599 36 15 om
441 593 43 21 ock
503 592 154 28 tillverkning
672 592 25 22 af
709 592 123 29 margarin,
847 593 75 21 såsom
934 592 70 22 ofvan

249 627 80 28 visats,
352 627 74 28 enligt
452 627 107 28 gällande
581 627 39 28 lag
641 628 69 27 utgör
736 629 34 19 ett
795 627 77 28 lofligt
896 627 106 29 närings-

250 661 63 29 fång,
336 669 49 14 som
409 661 80 29 hvarje
511 661 62 22 finsk
595 661 151 29 medborgare
770 665 24 18 är
816 661 131 30 berättigad
969 663 35 20 att

250 696 82 22 utöfva
354 696 75 21 under
451 696 28 21 de
502 696 76 22 vilkor
600 696 100 21 nämnda
717 697 39 28 lag
773 696 136 28 innehåller,
925 696 79 22 kunde

250 731 59 21 dock
332 730 82 22 sådant
435 730 132 29 bedrägligt
587 730 139 27 förfarande,
750 737 50 15 som
822 737 56 22 nyss
901 731 101 28 antydts,

249 765 113 28 möjligen
383 765 93 28 påkalla
499 772 28 14 en
543 765 99 22 särskild
657 764 151 29 lagstiftning
823 765 119 28 angående
957 765 46 22 till-

250 799 117 28 verkning
390 799 42 21 och
454 799 141 29 försäljning
617 799 25 21 af
655 799 123 28 margarin,
794 799 35 21 uti
844 799 96 22 hvilken
956 799 47 29 lag-

252 833 111 29 stiftning
381 833 129 22 Ständerna
525 834 201 29 grundlagsenligt
744 841 43 21 ega
804 834 130 29 medverka,
961 834 43 22 och

249 867 24 23 få
288 868 136 28 Ständerna,
447 869 30 28 på
501 869 76 28 grund
596 868 67 22 häraf
684 870 59 20 samt
758 868 38 22 för
813 868 191 30 undanrödjande

252 903 26 22 af
290 903 46 22 den
350 904 146 28 motsägelse,
520 911 49 14 som
591 903 126 22 förefinnes
741 903 99 22 emellan
862 904 142 22 bestämnin-

250 938 96 29 garna
336 934 15 37 i
367 938 168 29 förordningen
559 946 36 15 om
621 939 140 28 näringarna
784 940 60 20 samt
866 938 71 23 ofvan
952 939 52 22 åbe-

250 973 86 28 ropade
352 973 142 28 kungörelse
517 973 25 22 af
563 973 44 22 den
631 975 25 20 14
670 973 50 22 Juli
745 973 84 27 1892,
824 969 14 37 i
849 973 155 29 underdånig-

250 1007 40 22 het
313 1007 98 28 anhålla,

523 1079 34 20 det
579 1078 77 21 täcktes
676 1077 70 22 Eders
760 1078 119 27 Kejserliga
894 1079 109 27 Majestät,

454 1113 34 26 för
504 1115 31 19 att
548 1113 77 26 frågan
641 1113 106 26 angående
764 1113 131 28 tillverkning
911 1113 36 21 och
960 1113 44 27 för-

455 1147 94 28 säljning
565 1147 26 26 af
605 1147 108 26 margarin
735 1148 65 21 måtte
822 1147 65 22 vinna
909 1147 34 21 sin
966 1147 38 22 lös-

454 1182 51 26 ning
516 1183 33 25 på
563 1183 45 20 sätt
631 1188 33 14 om
687 1188 72 15 annan
780 1182 225 27 lagstiftningsätgärä

455 1217 27 26 af
492 1216 109 22 enahanda
623 1216 139 27 beskaffenhet
782 1217 182 27 grundlagsenligt
979 1218 25 20 är

454 1250 106 27 stadgadt,
583 1251 51 26 efter
657 1250 33 22 det
711 1251 135 27 fullständig,
865 1258 74 20 genom
959 1251 45 22 sak-

453 1285 94 26 kunniga
574 1292 100 19 personer
696 1285 144 26 införskaffad
862 1285 112 28 utredning
996 1286 9 21 i

454 1320 70 19 ämnet
553 1318 100 25 erhållits,
681 1319 109 26 förelägga
812 1320 192 20 nästsammanträ-

454 1351 68 22 dande
538 1351 93 22 Ständer
648 1352 76 27 nådigt
738 1352 114 28 lagförslag
860 1353 144 27 innefattande

454 1386 99 27 antingen
574 1386 77 27 förbud
678 1388 43 20 mot
746 1387 130 27 tillverkning
902 1388 38 21 och
963 1388 41 27 för-

456 1420 93 28 säljning
575 1420 25 28 af
623 1422 109 26 margarin
763 1420 37 24 och
825 1422 179 28 margarinbland-
