1123 1770
447 262 129 18 Persedlarnas
589 262 114 22 benämning.

271 395 139 22 Ullgarnssnöre
423 394 28 18 till
463 395 81 17 revolver
555 394 29 18 för
592 394 87 18 fältväbel
689 394 34 18 och
731 394 155 18 underofficerare
906 401 1 4 |

272 428 53 18 Sabel
338 428 29 17 för
379 428 87 18 fältväbel
482 441 4 5 «
510 443 4 3 .
539 442 3 4 .
568 441 3 4 so
596 442 4 5 .
624 442 4 4 so
653 442 32 5 «os

271 463 75 22 Gehäng
358 462 30 17 till
401 462 49 18 sabel
480 475 4 5 .
509 476 4 5 .
539 475 2 4 <
567 476 3 3 so
594 476 3 4 so
623 476 4 5 .
651 476 4 3 +.
680 475 4 5 oc
737 475 32 5 sr
824 476 4 3 8
852 476 4 5 mt
881 475 4 5 0

270 497 74 22 Lifrem,
357 496 29 18 för
397 495 42 19 hela
451 497 81 22 styrkan,
544 497 41 17 med
598 472 81 52 länttä
702 476 10 43 x
705 497 20 17 af
736 496 101 18 fältväbeln
852 510 4 4 .
881 509 4 5 .

270 531 78 22 Knäppe
359 530 29 18 till
401 530 60 18 lifrem
473 530 29 18 för
514 530 28 18 do
567 544 4 5 .
596 544 4 5 .
626 544 1 4 «
652 543 4 4 <
681 543 4 4 k
737 544 4 4 ss
766 543 32 5 ss
823 543 4 5 +
852 543 4 5 oc

270 565 130 23 Persedelpäse
412 565 28 18 för
452 565 41 18 hela
505 565 76 23 styrkan
594 579 3 4 .
623 579 4 4 .
652 578 3 5 .
681 579 3 4 .
709 578 4 3 »
738 579 3 3 ss
766 578 4 5 ss
795 578 4 5 s
824 578 4 5 »
853 578 32 5 soc

271 599 129 18 Stöfvelfodral
413 599 28 18 för
453 599 42 18 hela
507 599 74 24 siyrkan
595 614 4 4 .
624 613 3 4 .
652 612 3 5 .
681 613 3 3 so
709 613 3 3 so
737 613 33 4 sor
795 613 32 4 sc
852 612 33 5 cc

270 634 128 18 Vattenflaska
410 633 29 18 för
451 633 28 18 &0
510 647 4 5 .
538 648 4 4 .
566 647 5 5 s
595 647 32 5 ss
652 647 32 4 ss
709 646 4 5 so
737 647 61 4 sr
823 646 32 5 RA

270 667 98 19 Fältkittel
380 668 28 17 för
423 667 28 18 do
481 682 4 4 .
510 682 4 4 .
538 682 4 4 .
567 683 3 3 .
595 682 4 4 .
651 681 33 5 SC
737 682 4 4 E
823 682 4 4 e

270 703 84 17 Remmar
366 702 40 18 med
419 703 81 22 spännen
511 702 30 18 till
553 682 77 39 sohinell
643 702 33 18 och
688 682 66 38 kittlar
766 716 4 3 .
795 715 4 4 vo
852 715 4 5 6

271 737 43 18 Rem
326 736 41 18 med
380 737 68 22 spänne
460 737 30 17 till
502 737 82 18 revolver
596 737 29 18 för
637 737 88 17 fältväbel
741 751 1 3 .
767 750 4 4 .
795 750 4 3 .
823 750 4 4 .
852 750 4 5 +,
880 749 5 5 «

490 801 23 16 I.
538 800 129 21 Hästutredning.

270 839 114 18 Hästtäcken
396 839 40 18 med
449 839 80 22 gjordar,
542 839 29 18 för
583 839 62 22 hvarje
657 839 53 18 häst.
735 852 4 5 .

270 874 90 18 Grimmor
372 873 29 18 för
413 873 43 19 &0.,
510 887 31 5 «<
568 887 287 5 os.

269 908 113 22 Hafrepäsar
394 907 29 18 för
435 908 29 17 d'0
482 922 1 4 .
507 921 3 3 .
535 922 3 3 <
565 922 3 3 so
594 922 4 3 so
623 921 232 5 ke.

269 942 73 22 Repnät
353 942 29 17 för
394 942 23 16 hö
430 942 29 17 för
470 942 11 17 4
494 942 75 18 hästar.
594 956 3 3 .
651 956 32 4 «<
708 956 33 4 ss
765 956 4 4 «
794 956 4 4 +.
822 956 5 4 «

269 976 125 22 Hästskrapor
407 976 29 18 för
448 976 28 18 d0
510 990 3 4 cv
537 990 33 5 co
595 990 4 5 cr
651 990 61 4 RS
736 990 33 4 CS
793 990 32 5 ER

269 1010 121 18 Hästborstar
402 1010 28 18 för
442 1010 40 18 d:io.
506 1024 4 4 .
535 1024 4 4 .
565 1024 4 4 .
595 1006 18 32 so
621 1024 4 4 so
649 1024 4 4 >
679 1023 4 5 ov

269 1042 77 20 Ämbare
359 1044 21 18 af
391 1044 87 22 segelduk
490 1044 28 18 för
531 1044 29 18 do
593 1058 3 4 .
621 1058 3 4 .
649 1058 3 3 .
678 1058 3 3 .
734 1056 33 6 SI

269 1078 105 22 Tjuderrep,
388 1078 20 17 af
419 1079 38 16 4.26
470 1080 66 16 meters
548 1078 62 22 längd,
623 1078 28 18 för
664 1079 10 16 4
686 1058 65 38 Västar
763 1091 5 5 a

268 1112 126 24 Tjuderpålar,
409 1114 7 15 1
430 1112 28 17 för
470 1112 10 17 5
493 1112 74 18 hästar.

464 1176 22 16 IV.
510 1176 177 21 Skjutförnödenheter.

269 1215 70 22 Skarpa
350 1216 87 21 patroner
449 1215 29 17 till
490 1214 64 23 hvarje
566 1214 80 19 revolver

490 1278 16 17 V.
530 1273 53 27 Årliga
595 1278 62 22 anslag.

268 1317 36 17 Till
324 1307 78 31 skoning
422 1317 33 17 och
475 1317 100 17 läkemedel
595 1318 28 16 för
643 1318 64 17 hästar
725 1319 10 15 å
755 1319 21 15 10
788 1319 52 16 mark
852 1319 29 17 för

336 1350 63 22 hvarje
410 1350 48 18 häst.

268 1384 35 19 Tili
317 1384 133 23 stöfvelsmörja
462 1384 34 18 och
509 1384 73 19 borstar
594 1385 11 17 a
617 1386 8 15 1
639 1385 51 18 mark
699 1386 22 17 20
729 1386 54 22 penni
792 1391 33 17 per
833 1392 46 12 man.

943 705 30 50 Kom
955 670 8 14 H
943 624 30 25 Ho
956 601 8 13 k
956 566 8 16 H
956 532 7 15 H
956 497 8 15 k
956 463 7 16 m
956 429 8 15 k
956 394 8 15 k

953 1117 7 15 —
942 1091 28 17 m
942 1014 28 48 Kom
942 937 28 57 Homo
955 910 7 14 a
942 867 28 22 ko

925 241 19 61 10]pas

954 287 18 42 -19d
959 220 18 56 [e30y
