1111 1773
315 135 82 24 Ständ.
414 137 36 22 Sv.
468 149 24 4 —
508 137 72 28 Prop.
595 137 41 23 N:o
650 137 36 23 31.
820 138 25 21 11

126 199 48 28 tits,
190 199 41 23 har
242 201 175 29 bestämningen
427 203 163 29 omredigerats
599 203 95 22 sålunda
701 206 35 19 att
744 204 132 21 densamma

129 233 53 22 icke
196 234 47 33 kan
257 235 77 22 lemna
348 243 50 15 rum
414 237 36 22 för
464 237 70 23 ofvan
549 239 101 28 antydda
664 238 115 29 tolkning.

193 268 137 29 Andringen
348 271 9 21 i
372 271 75 22 denna
460 272 109 29 paragraf
582 273 87 28 åsyftar
683 273 81 22 endast
779 275 34 20 ett
827 273 47 22 för-
892 281 21 17 16
925 281 15 23 5.

125 303 142 29 tydligande.

880 315 31 22 (17
924 315 25 22 8).

196 337 35 22 De
253 338 42 22 här
316 339 115 28 ingående
448 341 202 29 bestämningarna
667 341 70 22 hafva
751 342 124 29 undergätt
891 349 21 17 17
925 349 15 22 5.

127 371 136 30 förändring
277 373 143 23 beträffande
435 375 158 29 beräkningen
609 376 25 22 af
646 378 149 20 räntesatsen.

192 406 34 22 På
247 408 77 28 grund
346 408 25 22 af
392 409 61 22 hvad
476 410 128 22 Ständerna
622 411 71 21 ofvan
712 411 126 22 framhållit
852 411 23 22 få

128 440 129 23 Ständerna
278 441 41 22 hos
342 443 72 22 Eders
434 444 133 29 Kejserliga
584 445 108 28 Majestät
710 445 166 30 underdånigst

128 475 95 28 anmäla,

400 550 31 20 att
460 549 124 22 Ständerna
608 549 94 28 godkänt
726 550 41 21 den
793 550 82 28 nådiga

328 583 163 27 propositionen
518 585 48 21 med
587 584 106 22 särskilda
715 585 129 27 ändringar,
867 585 9 21 i

331 617 55 28 följd
401 618 81 27 hvaraf
493 619 158 28 förordningen
665 619 80 22 komme
757 621 31 20 att
795 619 81 22 erhålla

330 651 98 28 följande
442 652 88 28 lydelse:

399 732 151 29 Förordning
569 734 121 28 angående
707 734 168 22 inskränknin-

331 773 44 21 gar
396 767 10 22 i
428 768 98 27 egande-
550 768 44 23 och
611 768 208 29 nyttjanderätten
836 769 39 21 till

331 801 49 23 fast
395 802 114 27 egendom
524 803 65 22 inom
603 803 240 27 fästningsesplanad.

579 884 12 22 1
605 887 23 24 $.

399 931 102 27 Egande-
523 931 36 21 och
581 931 186 28 nyttjanderätten
785 931 32 22 till
830 931 44 28 fast

331 965 99 28 egendom
459 966 9 21 i
490 966 150 28 omgifningen
666 966 28 27 af
716 966 159 28 fästningsverk

332 1007 50 14 vare
404 1000 147 22 underkastad
573 1001 25 20 de
619 1000 189 29 inskränkningar
828 1001 47 21 med

331 1034 88 28 hänsigt
448 1035 32 21 till
507 1035 140 28 fastighetens
676 1035 133 28 bebyggande
837 1035 37 22 och

333 1076 77 15 annan
424 1069 133 28 förändring
571 1069 27 28 af
606 1070 46 21 dess
660 1071 44 26 yta,
714 1077 43 14 som
768 1069 106 28 Kejsaren

331 1103 37 22 och
390 1103 134 28 Storfursten
541 1104 34 28 för
589 1104 189 28 fästningsverkets
791 1105 84 27 försvar

331 1138 71 27 finner
426 1139 76 28 nödigt
526 1139 131 27 föreskrifva.
689 1139 126 22 Gränserna
839 1139 36 28 för

332 1173 34 21 det
392 1173 90 28 omräde,
505 1173 67 22 hvarä
594 1173 73 29 dylika
688 1173 187 30 inskränkningar

333 1207 59 22 skola
406 1208 58 22 hvila
478 1208 38 21 och
529 1208 77 22 hvilket
616 1208 111 22 benämnes
736 1208 138 29 fästningens

332 1242 108 27 esplanad,
456 1243 51 21 böra
522 1243 108 21 utmärkas
645 1243 14 21 &
673 1250 27 15 en
709 1243 35 28 för
751 1243 123 22 ändamålet

331 1277 108 28 uppgjord
460 1277 53 28 plan
531 1277 48 22 eller
594 1277 36 22 ock
641 1278 32 27 pä
688 1279 69 21 annat
771 1280 42 20 sätt
827 1278 47 22 med

331 1312 125 28 erforderlig
471 1312 102 28 tydlighet
587 1312 129 22 bestämmas.

398 1346 66 22 Hvad
487 1346 106 28 Kejsaren
616 1346 36 22 och
670 1346 132 28 Storfursten
818 1347 9 21 i
841 1347 33 27 af-

330 1381 76 22 seende
416 1382 13 20 å
436 1382 98 21 nämnda
542 1381 187 28 inskränkningar
735 1383 56 20 samt
797 1381 77 28 beträf-

329 1415 67 27 fande
416 1415 141 26 esplanadens
571 1417 87 25 gränser
672 1416 114 24 förordnat
800 1415 75 27 offent-

331 1448 89 28 liggöres
434 1456 74 20 genom
524 1448 81 22 allmän
619 1448 138 28 författning.

883 383 30 22 (18
924 383 24 23 8.)
