<?xml version="1.0" encoding="UTF-8"?>
<alto xmlns="http://www.loc.gov/standards/alto/ns-v3#" xmlns:xlink="http://www.w3.org/1999/xlink" xmlns:xsi="http://www.w3.org/2001/XMLSchema-instance" xsi:schemaLocation="http://www.loc.gov/standards/alto/ns-v3# http://www.loc.gov/alto/v3/alto-3-0.xsd">
	<Description>
		<MeasurementUnit>pixel</MeasurementUnit>
		<sourceImageInformation>
			<fileName>/tmp/tess_4if7q5v0_input.PNG</fileName>
		</sourceImageInformation>
		<OCRProcessing ID="OCR_0">
			<ocrProcessingStep>
				<processingSoftware>
					<softwareName>tesseract 5.3.4</softwareName>
				</processingSoftware>
			</ocrProcessingStep>
		</OCRProcessing>
	</Description>
	<Layout>
		<Page WIDTH="1131" HEIGHT="1770" PHYSICAL_IMG_NR="0" ID="page_0">
			<PrintSpace HPOS="0" VPOS="0" WIDTH="1131" HEIGHT="1770">
				<ComposedBlock ID="cblock_0" HPOS="372" VPOS="137" WIDTH="506" HEIGHT="29">
					<TextBlock ID="block_0" HPOS="372" VPOS="137" WIDTH="506" HEIGHT="29">
						<TextLine ID="line_0" HPOS="372" VPOS="137" WIDTH="506" HEIGHT="29">
							<String ID="string_0" HPOS="372" VPOS="137" WIDTH="30" HEIGHT="23" WC="0.89" CONTENT="U."/><SP WIDTH="15" VPOS="137" HPOS="402"/>
							<String ID="string_1" HPOS="417" VPOS="138" WIDTH="28" HEIGHT="21" WC="0.91" CONTENT="B."/><SP WIDTH="15" VPOS="138" HPOS="445"/>
							<String ID="string_2" HPOS="460" VPOS="151" WIDTH="27" HEIGHT="3" WC="0.91" CONTENT="—"/><SP WIDTH="15" VPOS="151" HPOS="487"/>
							<String ID="string_3" HPOS="502" VPOS="138" WIDTH="74" HEIGHT="28" WC="0.96" CONTENT="Prop."/><SP WIDTH="15" VPOS="138" HPOS="576"/>
							<String ID="string_4" HPOS="591" VPOS="138" WIDTH="46" HEIGHT="23" WC="0.88" CONTENT="N:o"/><SP WIDTH="15" VPOS="138" HPOS="637"/>
							<String ID="string_5" HPOS="652" VPOS="138" WIDTH="38" HEIGHT="22" WC="0.95" CONTENT="29."/><SP WIDTH="176" VPOS="138" HPOS="690"/>
							<String ID="string_6" HPOS="866" VPOS="139" WIDTH="12" HEIGHT="20" WC="0.95" CONTENT="7"/>
						</TextLine>
					</TextBlock>
				</ComposedBlock>
				<ComposedBlock ID="cblock_1" HPOS="154" VPOS="203" WIDTH="763" HEIGHT="1301">
					<TextBlock ID="block_1" HPOS="156" VPOS="203" WIDTH="751" HEIGHT="64">
						<TextLine ID="line_1" HPOS="156" VPOS="203" WIDTH="751" HEIGHT="30">
							<String ID="string_7" HPOS="156" VPOS="203" WIDTH="87" HEIGHT="22" WC="0.92" CONTENT="betare"/><SP WIDTH="19" VPOS="203" HPOS="243"/>
							<String ID="string_8" HPOS="262" VPOS="203" WIDTH="63" HEIGHT="22" WC="0.93" CONTENT="skall"/><SP WIDTH="19" VPOS="203" HPOS="325"/>
							<String ID="string_9" HPOS="344" VPOS="203" WIDTH="60" HEIGHT="30" WC="0.92" CONTENT="utgä"/><SP WIDTH="19" VPOS="203" HPOS="404"/>
							<String ID="string_10" HPOS="423" VPOS="203" WIDTH="56" HEIGHT="23" WC="0.91" CONTENT="frän"/><SP WIDTH="19" VPOS="203" HPOS="479"/>
							<String ID="string_11" HPOS="498" VPOS="203" WIDTH="45" HEIGHT="23" WC="0.96" CONTENT="och"/><SP WIDTH="19" VPOS="203" HPOS="543"/>
							<String ID="string_12" HPOS="562" VPOS="204" WIDTH="57" HEIGHT="22" WC="0.96" CONTENT="med"/><SP WIDTH="18" VPOS="204" HPOS="619"/>
							<String ID="string_13" HPOS="637" VPOS="204" WIDTH="75" HEIGHT="22" WC="0.96" CONTENT="femte"/><SP WIDTH="18" VPOS="204" HPOS="712"/>
							<String ID="string_14" HPOS="730" VPOS="203" WIDTH="97" HEIGHT="23" WC="0.96" CONTENT="veckan"/><SP WIDTH="18" VPOS="203" HPOS="827"/>
							<String ID="string_15" HPOS="845" VPOS="203" WIDTH="62" HEIGHT="23" WC="0.96" CONTENT="efter"/>
						</TextLine>
						<TextLine ID="line_2" HPOS="156" VPOS="237" WIDTH="751" HEIGHT="30">
							<String ID="string_16" HPOS="156" VPOS="237" WIDTH="157" HEIGHT="28" WC="0.92" CONTENT="olycksfallet"/><SP WIDTH="19" VPOS="237" HPOS="313"/>
							<String ID="string_17" HPOS="332" VPOS="239" WIDTH="64" HEIGHT="21" WC="0.96" CONTENT="samt"/><SP WIDTH="17" VPOS="239" HPOS="396"/>
							<String ID="string_18" HPOS="413" VPOS="238" WIDTH="43" HEIGHT="22" WC="0.96" CONTENT="vid"/><SP WIDTH="18" VPOS="238" HPOS="456"/>
							<String ID="string_19" HPOS="474" VPOS="238" WIDTH="148" HEIGHT="29" WC="0.93" CONTENT="fullständig"/><SP WIDTH="18" VPOS="238" HPOS="622"/>
							<String ID="string_20" HPOS="640" VPOS="238" WIDTH="216" HEIGHT="29" WC="0.92" CONTENT="arbetsoförmäga"/><SP WIDTH="15" VPOS="238" HPOS="856"/>
							<String ID="string_21" HPOS="871" VPOS="240" WIDTH="36" HEIGHT="20" WC="0.92" CONTENT="ut-"/>
						</TextLine>
					</TextBlock>
					<TextBlock ID="block_2" HPOS="174" VPOS="270" WIDTH="732" HEIGHT="32">
						<TextLine ID="line_3" HPOS="174" VPOS="270" WIDTH="732" HEIGHT="32">
							<String ID="string_22" HPOS="174" VPOS="273" WIDTH="45" HEIGHT="21" WC="0.96" CONTENT="öra"/><SP WIDTH="28" VPOS="273" HPOS="219"/>
							<String ID="string_23" HPOS="247" VPOS="271" WIDTH="33" HEIGHT="23" WC="0.93" CONTENT="60"/><SP WIDTH="28" VPOS="271" HPOS="280"/>
							<String ID="string_24" HPOS="308" VPOS="270" WIDTH="33" HEIGHT="32" WC="0.84" CONTENT="%/,"/><SP WIDTH="27" VPOS="270" HPOS="341"/>
							<String ID="string_25" HPOS="368" VPOS="272" WIDTH="26" HEIGHT="22" WC="0.96" CONTENT="af"/><SP WIDTH="21" VPOS="272" HPOS="394"/>
							<String ID="string_26" HPOS="415" VPOS="271" WIDTH="64" HEIGHT="23" WC="0.93" CONTENT="hans"/><SP WIDTH="19" VPOS="271" HPOS="479"/>
							<String ID="string_27" HPOS="498" VPOS="272" WIDTH="180" HEIGHT="23" WC="0.93" CONTENT="förutvarande"/><SP WIDTH="20" VPOS="272" HPOS="678"/>
							<String ID="string_28" HPOS="698" VPOS="272" WIDTH="208" HEIGHT="29" WC="0.91" CONTENT="arbetsförtjenst."/>
						</TextLine>
					</TextBlock>
					<TextBlock ID="block_3" HPOS="154" VPOS="306" WIDTH="757" HEIGHT="751">
						<TextLine ID="line_4" HPOS="179" VPOS="306" WIDTH="729" HEIGHT="29">
							<String ID="string_29" HPOS="179" VPOS="306" WIDTH="135" HEIGHT="29" WC="0.86" CONTENT="fverstiger"/><SP WIDTH="18" VPOS="306" HPOS="314"/>
							<String ID="string_30" HPOS="332" VPOS="306" WIDTH="83" HEIGHT="22" WC="0.96" CONTENT="denna"/><SP WIDTH="21" VPOS="306" HPOS="415"/>
							<String ID="string_31" HPOS="436" VPOS="306" WIDTH="76" HEIGHT="27" WC="0.93" CONTENT="1,200"/><SP WIDTH="18" VPOS="306" HPOS="512"/>
							<String ID="string_32" HPOS="530" VPOS="306" WIDTH="94" HEIGHT="29" WC="0.96" CONTENT="gulden"/><SP WIDTH="18" VPOS="306" HPOS="624"/>
							<String ID="string_33" HPOS="642" VPOS="313" WIDTH="40" HEIGHT="15" WC="0.93" CONTENT="om"/><SP WIDTH="19" VPOS="313" HPOS="682"/>
							<String ID="string_34" HPOS="701" VPOS="307" WIDTH="61" HEIGHT="25" WC="0.96" CONTENT="året,"/><SP WIDTH="20" VPOS="307" HPOS="762"/>
							<String ID="string_35" HPOS="782" VPOS="308" WIDTH="71" HEIGHT="27" WC="0.96" CONTENT="tages"/><SP WIDTH="13" VPOS="308" HPOS="853"/>
							<String ID="string_36" HPOS="866" VPOS="307" WIDTH="42" HEIGHT="22" WC="0.96" CONTENT="det"/>
						</TextLine>
						<TextLine ID="line_5" HPOS="156" VPOS="340" WIDTH="751" HEIGHT="29">
							<String ID="string_37" HPOS="156" VPOS="340" WIDTH="209" HEIGHT="29" WC="0.44" CONTENT="öÖfverskjutande"/><SP WIDTH="21" VPOS="340" HPOS="365"/>
							<String ID="string_38" HPOS="386" VPOS="340" WIDTH="118" HEIGHT="29" WC="0.93" CONTENT="beloppet"/><SP WIDTH="18" VPOS="340" HPOS="504"/>
							<String ID="string_39" HPOS="522" VPOS="341" WIDTH="22" HEIGHT="28" WC="0.96" CONTENT="ej"/><SP WIDTH="20" VPOS="341" HPOS="544"/>
							<String ID="string_40" HPOS="564" VPOS="341" WIDTH="56" HEIGHT="22" WC="0.96" CONTENT="med"/><SP WIDTH="18" VPOS="341" HPOS="620"/>
							<String ID="string_41" HPOS="638" VPOS="341" WIDTH="8" HEIGHT="21" WC="0.93" CONTENT="i"/><SP WIDTH="18" VPOS="341" HPOS="646"/>
							<String ID="string_42" HPOS="664" VPOS="341" WIDTH="149" HEIGHT="28" WC="0.93" CONTENT="räkningen."/><SP WIDTH="36" VPOS="341" HPOS="813"/>
							<String ID="string_43" HPOS="849" VPOS="340" WIDTH="58" HEIGHT="23" WC="0.89" CONTENT="För-"/>
						</TextLine>
						<TextLine ID="line_6" HPOS="156" VPOS="374" WIDTH="751" HEIGHT="30">
							<String ID="string_44" HPOS="156" VPOS="375" WIDTH="137" HEIGHT="28" WC="0.92" CONTENT="säkringen"/><SP WIDTH="35" VPOS="375" HPOS="293"/>
							<String ID="string_45" HPOS="328" VPOS="374" WIDTH="120" HEIGHT="29" WC="0.82" CONTENT="fullgöres"/><SP WIDTH="26" VPOS="374" HPOS="448"/>
							<String ID="string_46" HPOS="474" VPOS="375" WIDTH="8" HEIGHT="22" WC="0.93" CONTENT="i"/><SP WIDTH="25" VPOS="375" HPOS="482"/>
							<String ID="string_47" HPOS="507" VPOS="375" WIDTH="286" HEIGHT="29" WC="0.92" CONTENT="försäkringsanstalter,"/><SP WIDTH="27" VPOS="375" HPOS="793"/>
							<String ID="string_48" HPOS="820" VPOS="374" WIDTH="87" HEIGHT="29" WC="0.91" CONTENT="bygda"/>
						</TextLine>
						<TextLine ID="line_7" HPOS="154" VPOS="409" WIDTH="754" HEIGHT="29">
							<String ID="string_49" HPOS="154" VPOS="409" WIDTH="34" HEIGHT="28" WC="0.95" CONTENT="pä"/><SP WIDTH="18" VPOS="409" HPOS="188"/>
							<String ID="string_50" HPOS="206" VPOS="409" WIDTH="130" HEIGHT="28" WC="0.96" CONTENT="principen"/><SP WIDTH="19" VPOS="409" HPOS="336"/>
							<String ID="string_51" HPOS="355" VPOS="409" WIDTH="25" HEIGHT="22" WC="0.93" CONTENT="af"/><SP WIDTH="18" VPOS="409" HPOS="380"/>
							<String ID="string_52" HPOS="398" VPOS="409" WIDTH="134" HEIGHT="29" WC="0.92" CONTENT="ömsesidig"/><SP WIDTH="20" VPOS="409" HPOS="532"/>
							<String ID="string_53" HPOS="552" VPOS="409" WIDTH="171" HEIGHT="28" WC="0.92" CONTENT="ansvarighet;"/><SP WIDTH="19" VPOS="409" HPOS="723"/>
							<String ID="string_54" HPOS="742" VPOS="409" WIDTH="8" HEIGHT="21" WC="0.93" CONTENT="i"/><SP WIDTH="18" VPOS="409" HPOS="750"/>
							<String ID="string_55" HPOS="768" VPOS="409" WIDTH="87" HEIGHT="29" WC="0.92" CONTENT="regeln"/><SP WIDTH="18" VPOS="409" HPOS="855"/>
							<String ID="string_56" HPOS="873" VPOS="409" WIDTH="35" HEIGHT="22" WC="0.92" CONTENT="in-"/>
						</TextLine>
						<TextLine ID="line_8" HPOS="155" VPOS="443" WIDTH="753" HEIGHT="29">
							<String ID="string_57" HPOS="155" VPOS="444" WIDTH="79" HEIGHT="21" WC="0.92" CONTENT="rättas"/><SP WIDTH="28" VPOS="444" HPOS="234"/>
							<String ID="string_58" HPOS="262" VPOS="450" WIDTH="31" HEIGHT="14" WC="0.92" CONTENT="en"/><SP WIDTH="27" VPOS="450" HPOS="293"/>
							<String ID="string_59" HPOS="320" VPOS="443" WIDTH="80" HEIGHT="22" WC="0.91" CONTENT="sädan"/><SP WIDTH="28" VPOS="443" HPOS="400"/>
							<String ID="string_60" HPOS="428" VPOS="443" WIDTH="92" HEIGHT="22" WC="0.91" CONTENT="anstalt"/><SP WIDTH="26" VPOS="443" HPOS="520"/>
							<String ID="string_61" HPOS="546" VPOS="443" WIDTH="38" HEIGHT="22" WC="0.93" CONTENT="för"/><SP WIDTH="26" VPOS="443" HPOS="584"/>
							<String ID="string_62" HPOS="610" VPOS="444" WIDTH="90" HEIGHT="28" WC="0.91" CONTENT="hvarje"/><SP WIDTH="18" VPOS="444" HPOS="700"/>
							<String ID="string_63" HPOS="718" VPOS="443" WIDTH="120" HEIGHT="22" WC="0.90" CONTENT="riksland."/><SP WIDTH="37" VPOS="443" HPOS="838"/>
							<String ID="string_64" HPOS="875" VPOS="443" WIDTH="33" HEIGHT="21" WC="0.96" CONTENT="Af"/>
						</TextLine>
						<TextLine ID="line_9" HPOS="157" VPOS="476" WIDTH="749" HEIGHT="30">
							<String ID="string_65" HPOS="157" VPOS="477" WIDTH="167" HEIGHT="23" WC="0.89" CONTENT="anstalternas"/><SP WIDTH="28" VPOS="477" HPOS="324"/>
							<String ID="string_66" HPOS="352" VPOS="477" WIDTH="117" HEIGHT="29" WC="0.89" CONTENT="delegare"/><SP WIDTH="27" VPOS="477" HPOS="469"/>
							<String ID="string_67" HPOS="496" VPOS="477" WIDTH="127" HEIGHT="29" WC="0.92" CONTENT="uppbäres"/><SP WIDTH="20" VPOS="477" HPOS="623"/>
							<String ID="string_68" HPOS="643" VPOS="477" WIDTH="96" HEIGHT="29" WC="0.92" CONTENT="ärligen"/><SP WIDTH="19" VPOS="477" HPOS="739"/>
							<String ID="string_69" HPOS="758" VPOS="479" WIDTH="34" HEIGHT="21" WC="0.93" CONTENT="ett"/><SP WIDTH="15" VPOS="479" HPOS="792"/>
							<String ID="string_70" HPOS="807" VPOS="476" WIDTH="99" HEIGHT="30" WC="0.92" CONTENT="belopp,"/>
						</TextLine>
						<TextLine ID="line_10" HPOS="155" VPOS="512" WIDTH="753" HEIGHT="29">
							<String ID="string_71" HPOS="155" VPOS="512" WIDTH="180" HEIGHT="22" WC="0.96" CONTENT="motsvarande"/><SP WIDTH="19" VPOS="512" HPOS="335"/>
							<String ID="string_72" HPOS="354" VPOS="512" WIDTH="42" HEIGHT="22" WC="0.96" CONTENT="det"/><SP WIDTH="18" VPOS="512" HPOS="396"/>
							<String ID="string_73" HPOS="414" VPOS="512" WIDTH="77" HEIGHT="28" WC="0.93" CONTENT="enligt"/><SP WIDTH="18" VPOS="512" HPOS="491"/>
							<String ID="string_74" HPOS="509" VPOS="512" WIDTH="275" HEIGHT="28" WC="0.92" CONTENT="försäkringstekniska"/><SP WIDTH="12" VPOS="512" HPOS="784"/>
							<String ID="string_75" HPOS="796" VPOS="512" WIDTH="112" HEIGHT="29" WC="0.96" CONTENT="grunder"/>
						</TextLine>
						<TextLine ID="line_11" HPOS="155" VPOS="546" WIDTH="753" HEIGHT="28">
							<String ID="string_76" HPOS="155" VPOS="546" WIDTH="146" HEIGHT="23" WC="0.90" CONTENT="beräknade"/><SP WIDTH="18" VPOS="546" HPOS="301"/>
							<String ID="string_77" HPOS="319" VPOS="546" WIDTH="186" HEIGHT="28" WC="0.91" CONTENT="kapitalvärdet"/><SP WIDTH="18" VPOS="546" HPOS="505"/>
							<String ID="string_78" HPOS="523" VPOS="546" WIDTH="26" HEIGHT="22" WC="0.96" CONTENT="af"/><SP WIDTH="11" VPOS="546" HPOS="549"/>
							<String ID="string_79" HPOS="560" VPOS="546" WIDTH="80" HEIGHT="22" WC="0.93" CONTENT="under"/><SP WIDTH="13" VPOS="546" HPOS="640"/>
							<String ID="string_80" HPOS="653" VPOS="546" WIDTH="53" HEIGHT="22" WC="0.91" CONTENT="äret"/><SP WIDTH="12" VPOS="546" HPOS="706"/>
							<String ID="string_81" HPOS="718" VPOS="546" WIDTH="121" HEIGHT="22" WC="0.92" CONTENT="utdömda"/><SP WIDTH="14" VPOS="546" HPOS="839"/>
							<String ID="string_82" HPOS="853" VPOS="546" WIDTH="55" HEIGHT="22" WC="0.92" CONTENT="ska-"/>
						</TextLine>
						<TextLine ID="line_12" HPOS="156" VPOS="580" WIDTH="752" HEIGHT="29">
							<String ID="string_83" HPOS="156" VPOS="580" WIDTH="108" HEIGHT="23" WC="0.92" CONTENT="deständ"/><SP WIDTH="17" VPOS="580" HPOS="264"/>
							<String ID="string_84" HPOS="281" VPOS="581" WIDTH="75" HEIGHT="28" WC="0.92" CONTENT="jemte"/><SP WIDTH="18" VPOS="581" HPOS="356"/>
							<String ID="string_85" HPOS="374" VPOS="581" WIDTH="35" HEIGHT="21" WC="0.93" CONTENT="ett"/><SP WIDTH="17" VPOS="581" HPOS="409"/>
							<String ID="string_86" HPOS="426" VPOS="580" WIDTH="105" HEIGHT="23" WC="0.92" CONTENT="tillskott"/><SP WIDTH="18" VPOS="580" HPOS="531"/>
							<String ID="string_87" HPOS="549" VPOS="580" WIDTH="39" HEIGHT="22" WC="0.93" CONTENT="för"/><SP WIDTH="12" VPOS="580" HPOS="588"/>
							<String ID="string_88" HPOS="600" VPOS="580" WIDTH="156" HEIGHT="22" WC="0.90" CONTENT="betäckande"/><SP WIDTH="14" VPOS="580" HPOS="756"/>
							<String ID="string_89" HPOS="770" VPOS="580" WIDTH="26" HEIGHT="22" WC="0.93" CONTENT="af"/><SP WIDTH="11" VPOS="580" HPOS="796"/>
							<String ID="string_90" HPOS="807" VPOS="580" WIDTH="101" HEIGHT="22" WC="0.92" CONTENT="förvalt-"/>
						</TextLine>
						<TextLine ID="line_13" HPOS="155" VPOS="614" WIDTH="753" HEIGHT="29">
							<String ID="string_91" HPOS="155" VPOS="615" WIDTH="215" HEIGHT="28" WC="0.93" CONTENT="ningskostnader"/><SP WIDTH="18" VPOS="615" HPOS="370"/>
							<String ID="string_92" HPOS="388" VPOS="615" WIDTH="46" HEIGHT="22" WC="0.93" CONTENT="och"/><SP WIDTH="12" VPOS="615" HPOS="434"/>
							<String ID="string_93" HPOS="446" VPOS="614" WIDTH="120" HEIGHT="23" WC="0.92" CONTENT="bildande"/><SP WIDTH="14" VPOS="614" HPOS="566"/>
							<String ID="string_94" HPOS="580" VPOS="615" WIDTH="24" HEIGHT="22" WC="0.93" CONTENT="af"/><SP WIDTH="12" VPOS="615" HPOS="604"/>
							<String ID="string_95" HPOS="616" VPOS="614" WIDTH="156" HEIGHT="23" WC="0.91" CONTENT="reservfond."/><SP WIDTH="31" VPOS="614" HPOS="772"/>
							<String ID="string_96" HPOS="803" VPOS="614" WIDTH="105" HEIGHT="22" WC="0.92" CONTENT="Försäk-"/>
						</TextLine>
						<TextLine ID="line_14" HPOS="156" VPOS="647" WIDTH="753" HEIGHT="32">
							<String ID="string_97" HPOS="156" VPOS="649" WIDTH="244" HEIGHT="29" WC="0.92" CONTENT="ringskostnaderna"/><SP WIDTH="12" VPOS="649" HPOS="400"/>
							<String ID="string_98" HPOS="412" VPOS="649" WIDTH="124" HEIGHT="22" WC="0.96" CONTENT="bestridas"/><SP WIDTH="13" VPOS="649" HPOS="536"/>
							<String ID="string_99" HPOS="549" VPOS="649" WIDTH="36" HEIGHT="22" WC="0.92" CONTENT="till"/><SP WIDTH="12" VPOS="649" HPOS="585"/>
							<String ID="string_100" HPOS="597" VPOS="647" WIDTH="43" HEIGHT="32" WC="0.72" CONTENT="9/,,"/><SP WIDTH="15" VPOS="647" HPOS="640"/>
							<String ID="string_101" HPOS="655" VPOS="649" WIDTH="26" HEIGHT="22" WC="0.93" CONTENT="af"/><SP WIDTH="12" VPOS="649" HPOS="681"/>
							<String ID="string_102" HPOS="693" VPOS="648" WIDTH="216" HEIGHT="30" WC="0.91" CONTENT="arbetsgifvarene"/>
						</TextLine>
						<TextLine ID="line_15" HPOS="156" VPOS="682" WIDTH="753" HEIGHT="32">
							<String ID="string_103" HPOS="156" VPOS="684" WIDTH="46" HEIGHT="22" WC="0.96" CONTENT="och"/><SP WIDTH="24" VPOS="684" HPOS="202"/>
							<String ID="string_104" HPOS="226" VPOS="684" WIDTH="37" HEIGHT="21" WC="0.93" CONTENT="till"/><SP WIDTH="20" VPOS="684" HPOS="263"/>
							<String ID="string_105" HPOS="283" VPOS="682" WIDTH="41" HEIGHT="32" WC="0.92" CONTENT="!/,,"/><SP WIDTH="20" VPOS="682" HPOS="324"/>
							<String ID="string_106" HPOS="344" VPOS="683" WIDTH="26" HEIGHT="22" WC="0.93" CONTENT="af"/><SP WIDTH="17" VPOS="683" HPOS="370"/>
							<String ID="string_107" HPOS="387" VPOS="683" WIDTH="155" HEIGHT="22" WC="0.89" CONTENT="arbetarene."/><SP WIDTH="30" VPOS="683" HPOS="542"/>
							<String ID="string_108" HPOS="572" VPOS="683" WIDTH="92" HEIGHT="22" WC="0.95" CONTENT="Finnes"/><SP WIDTH="18" VPOS="683" HPOS="664"/>
							<String ID="string_109" HPOS="682" VPOS="682" WIDTH="44" HEIGHT="22" WC="0.93" CONTENT="vid"/><SP WIDTH="17" VPOS="682" HPOS="726"/>
							<String ID="string_110" HPOS="743" VPOS="683" WIDTH="166" HEIGHT="28" WC="0.92" CONTENT="försäkrings-"/>
						</TextLine>
						<TextLine ID="line_16" HPOS="156" VPOS="716" WIDTH="753" HEIGHT="31">
							<String ID="string_111" HPOS="156" VPOS="718" WIDTH="101" HEIGHT="29" WC="0.92" CONTENT="pligtigt"/><SP WIDTH="22" VPOS="718" HPOS="257"/>
							<String ID="string_112" HPOS="279" VPOS="718" WIDTH="99" HEIGHT="28" WC="0.93" CONTENT="företag"/><SP WIDTH="22" VPOS="718" HPOS="378"/>
							<String ID="string_113" HPOS="400" VPOS="717" WIDTH="98" HEIGHT="27" WC="0.93" CONTENT="anstalt,"/><SP WIDTH="21" VPOS="717" HPOS="498"/>
							<String ID="string_114" HPOS="519" VPOS="724" WIDTH="29" HEIGHT="15" WC="0.93" CONTENT="ur"/><SP WIDTH="18" VPOS="724" HPOS="548"/>
							<String ID="string_115" HPOS="566" VPOS="718" WIDTH="103" HEIGHT="22" WC="0.92" CONTENT="hvilken"/><SP WIDTH="19" VPOS="718" HPOS="669"/>
							<String ID="string_116" HPOS="688" VPOS="717" WIDTH="115" HEIGHT="22" WC="0.92" CONTENT="arbetare"/><SP WIDTH="19" VPOS="717" HPOS="803"/>
							<String ID="string_117" HPOS="822" VPOS="717" WIDTH="43" HEIGHT="22" WC="0.93" CONTENT="vid"/><SP WIDTH="18" VPOS="717" HPOS="865"/>
							<String ID="string_118" HPOS="883" VPOS="716" WIDTH="26" HEIGHT="22" WC="0.93" CONTENT="li-"/>
						</TextLine>
						<TextLine ID="line_17" HPOS="157" VPOS="751" WIDTH="753" HEIGHT="30">
							<String ID="string_119" HPOS="157" VPOS="752" WIDTH="52" HEIGHT="22" WC="0.96" CONTENT="den"/><SP WIDTH="20" VPOS="752" HPOS="209"/>
							<String ID="string_120" HPOS="229" VPOS="751" WIDTH="177" HEIGHT="29" WC="0.96" CONTENT="kroppsskada"/><SP WIDTH="19" VPOS="751" HPOS="406"/>
							<String ID="string_121" HPOS="425" VPOS="752" WIDTH="27" HEIGHT="21" WC="0.93" CONTENT="är"/><SP WIDTH="18" VPOS="752" HPOS="452"/>
							<String ID="string_122" HPOS="470" VPOS="752" WIDTH="142" HEIGHT="29" WC="0.92" CONTENT="berättigad"/><SP WIDTH="19" VPOS="752" HPOS="612"/>
							<String ID="string_123" HPOS="631" VPOS="752" WIDTH="37" HEIGHT="22" WC="0.96" CONTENT="till"/><SP WIDTH="17" VPOS="752" HPOS="668"/>
							<String ID="string_124" HPOS="685" VPOS="752" WIDTH="75" HEIGHT="22" WC="0.96" CONTENT="minst"/><SP WIDTH="17" VPOS="752" HPOS="760"/>
							<String ID="string_125" HPOS="777" VPOS="752" WIDTH="51" HEIGHT="22" WC="0.96" CONTENT="lika"/><SP WIDTH="19" VPOS="752" HPOS="828"/>
							<String ID="string_126" HPOS="847" VPOS="753" WIDTH="63" HEIGHT="21" WC="0.96" CONTENT="stort"/>
						</TextLine>
						<TextLine ID="line_18" HPOS="156" VPOS="786" WIDTH="753" HEIGHT="29">
							<String ID="string_127" HPOS="156" VPOS="786" WIDTH="146" HEIGHT="26" WC="0.96" CONTENT="understöd,"/><SP WIDTH="21" VPOS="786" HPOS="302"/>
							<String ID="string_128" HPOS="323" VPOS="792" WIDTH="53" HEIGHT="16" WC="0.96" CONTENT="som"/><SP WIDTH="18" VPOS="792" HPOS="376"/>
							<String ID="string_129" HPOS="394" VPOS="786" WIDTH="8" HEIGHT="22" WC="0.96" CONTENT="i"/><SP WIDTH="23" VPOS="786" HPOS="402"/>
							<String ID="string_130" HPOS="425" VPOS="786" WIDTH="76" HEIGHT="29" WC="0.93" CONTENT="lagen"/><SP WIDTH="23" VPOS="786" HPOS="501"/>
							<String ID="string_131" HPOS="524" VPOS="786" WIDTH="171" HEIGHT="26" WC="0.92" CONTENT="föreskrifves,"/><SP WIDTH="20" VPOS="786" HPOS="695"/>
							<String ID="string_132" HPOS="715" VPOS="787" WIDTH="63" HEIGHT="21" WC="0.93" CONTENT="samt"/><SP WIDTH="19" VPOS="787" HPOS="778"/>
							<String ID="string_133" HPOS="797" VPOS="786" WIDTH="112" HEIGHT="28" WC="0.91" CONTENT="deltager"/>
						</TextLine>
						<TextLine ID="line_19" HPOS="158" VPOS="820" WIDTH="751" HEIGHT="30">
							<String ID="string_134" HPOS="158" VPOS="821" WIDTH="202" HEIGHT="29" WC="0.92" CONTENT="arbetsgifvaren"/><SP WIDTH="26" VPOS="821" HPOS="360"/>
							<String ID="string_135" HPOS="386" VPOS="821" WIDTH="8" HEIGHT="21" WC="0.93" CONTENT="i"/><SP WIDTH="26" VPOS="821" HPOS="394"/>
							<String ID="string_136" HPOS="420" VPOS="820" WIDTH="134" HEIGHT="29" WC="0.90" CONTENT="afgifterna"/><SP WIDTH="27" VPOS="820" HPOS="554"/>
							<String ID="string_137" HPOS="581" VPOS="820" WIDTH="35" HEIGHT="23" WC="0.96" CONTENT="till"/><SP WIDTH="22" VPOS="820" HPOS="616"/>
							<String ID="string_138" HPOS="638" VPOS="821" WIDTH="83" HEIGHT="22" WC="0.93" CONTENT="denna"/><SP WIDTH="23" VPOS="821" HPOS="721"/>
							<String ID="string_139" HPOS="744" VPOS="821" WIDTH="91" HEIGHT="22" WC="0.91" CONTENT="anstalt"/><SP WIDTH="18" VPOS="821" HPOS="835"/>
							<String ID="string_140" HPOS="853" VPOS="820" WIDTH="56" HEIGHT="23" WC="0.96" CONTENT="med"/>
						</TextLine>
						<TextLine ID="line_20" HPOS="157" VPOS="855" WIDTH="753" HEIGHT="29">
							<String ID="string_141" HPOS="157" VPOS="856" WIDTH="75" HEIGHT="22" WC="0.96" CONTENT="minst"/><SP WIDTH="18" VPOS="856" HPOS="232"/>
							<String ID="string_142" HPOS="250" VPOS="856" WIDTH="48" HEIGHT="22" WC="0.93" CONTENT="den"/><SP WIDTH="20" VPOS="856" HPOS="298"/>
							<String ID="string_143" HPOS="318" VPOS="857" WIDTH="98" HEIGHT="26" WC="0.28" CONTENT="anpart,"/><SP WIDTH="11" VPOS="857" HPOS="416"/>
							<String ID="string_144" HPOS="427" VPOS="862" WIDTH="53" HEIGHT="15" WC="0.28" CONTENT="som"/><SP WIDTH="19" VPOS="862" HPOS="480"/>
							<String ID="string_145" HPOS="499" VPOS="855" WIDTH="77" HEIGHT="23" WC="0.96" CONTENT="ofvan"/><SP WIDTH="18" VPOS="855" HPOS="576"/>
							<String ID="string_146" HPOS="594" VPOS="856" WIDTH="107" HEIGHT="25" WC="0.95" CONTENT="nämnts,"/><SP WIDTH="19" VPOS="856" HPOS="701"/>
							<String ID="string_147" HPOS="720" VPOS="855" WIDTH="51" HEIGHT="22" WC="0.96" CONTENT="kan"/><SP WIDTH="15" VPOS="855" HPOS="771"/>
							<String ID="string_148" HPOS="786" VPOS="855" WIDTH="124" HEIGHT="29" WC="0.96" CONTENT="företaget"/>
						</TextLine>
						<TextLine ID="line_21" HPOS="157" VPOS="889" WIDTH="753" HEIGHT="30">
							<String ID="string_149" HPOS="157" VPOS="889" WIDTH="106" HEIGHT="30" WC="0.92" CONTENT="fritagas"/><SP WIDTH="27" VPOS="889" HPOS="263"/>
							<String ID="string_150" HPOS="290" VPOS="889" WIDTH="57" HEIGHT="23" WC="0.92" CONTENT="frän"/><SP WIDTH="27" VPOS="889" HPOS="347"/>
							<String ID="string_151" HPOS="374" VPOS="889" WIDTH="176" HEIGHT="29" WC="0.96" CONTENT="skyldigheten"/><SP WIDTH="27" VPOS="889" HPOS="550"/>
							<String ID="string_152" HPOS="577" VPOS="891" WIDTH="36" HEIGHT="20" WC="0.93" CONTENT="att"/><SP WIDTH="17" VPOS="891" HPOS="613"/>
							<String ID="string_153" HPOS="630" VPOS="889" WIDTH="100" HEIGHT="22" WC="0.92" CONTENT="tillhöra"/><SP WIDTH="19" VPOS="889" HPOS="730"/>
							<String ID="string_154" HPOS="749" VPOS="889" WIDTH="161" HEIGHT="22" WC="0.93" CONTENT="distriktsför-"/>
						</TextLine>
						<TextLine ID="line_22" HPOS="158" VPOS="923" WIDTH="752" HEIGHT="30">
							<String ID="string_155" HPOS="158" VPOS="923" WIDTH="221" HEIGHT="30" WC="0.92" CONTENT="säkringsanstalt;"/><SP WIDTH="15" VPOS="923" HPOS="379"/>
							<String ID="string_156" HPOS="394" VPOS="923" WIDTH="63" HEIGHT="22" WC="0.96" CONTENT="dock"/><SP WIDTH="11" VPOS="923" HPOS="457"/>
							<String ID="string_157" HPOS="468" VPOS="923" WIDTH="63" HEIGHT="22" WC="0.96" CONTENT="skall"/><SP WIDTH="10" VPOS="923" HPOS="531"/>
							<String ID="string_158" HPOS="541" VPOS="924" WIDTH="42" HEIGHT="22" WC="0.93" CONTENT="vid"/><SP WIDTH="10" VPOS="924" HPOS="583"/>
							<String ID="string_159" HPOS="593" VPOS="923" WIDTH="162" HEIGHT="22" WC="0.90" CONTENT="invaliditets-"/><SP WIDTH="11" VPOS="923" HPOS="755"/>
							<String ID="string_160" HPOS="766" VPOS="923" WIDTH="59" HEIGHT="22" WC="0.93" CONTENT="eller"/><SP WIDTH="13" VPOS="923" HPOS="825"/>
							<String ID="string_161" HPOS="838" VPOS="923" WIDTH="72" HEIGHT="23" WC="0.92" CONTENT="döds-"/>
						</TextLine>
						<TextLine ID="line_23" HPOS="159" VPOS="958" WIDTH="751" HEIGHT="29">
							<String ID="string_162" HPOS="159" VPOS="959" WIDTH="44" HEIGHT="22" WC="0.96" CONTENT="fall"/><SP WIDTH="24" VPOS="959" HPOS="203"/>
							<String ID="string_163" HPOS="227" VPOS="959" WIDTH="36" HEIGHT="22" WC="0.93" CONTENT="till"/><SP WIDTH="21" VPOS="959" HPOS="263"/>
							<String ID="string_164" HPOS="284" VPOS="958" WIDTH="398" HEIGHT="29" WC="0.92" CONTENT="distriktsförsäkringsanstalten"/><SP WIDTH="18" VPOS="958" HPOS="682"/>
							<String ID="string_165" HPOS="700" VPOS="958" WIDTH="123" HEIGHT="22" WC="0.91" CONTENT="inbetalas"/><SP WIDTH="19" VPOS="958" HPOS="823"/>
							<String ID="string_166" HPOS="842" VPOS="958" WIDTH="68" HEIGHT="28" WC="0.92" CONTENT="kapi-"/>
						</TextLine>
						<TextLine ID="line_24" HPOS="159" VPOS="992" WIDTH="752" HEIGHT="29">
							<String ID="string_167" HPOS="159" VPOS="993" WIDTH="153" HEIGHT="28" WC="0.91" CONTENT="talbeloppet"/><SP WIDTH="20" VPOS="993" HPOS="312"/>
							<String ID="string_168" HPOS="332" VPOS="992" WIDTH="24" HEIGHT="23" WC="0.96" CONTENT="af"/><SP WIDTH="19" VPOS="992" HPOS="356"/>
							<String ID="string_169" HPOS="375" VPOS="993" WIDTH="48" HEIGHT="22" WC="0.96" CONTENT="den"/><SP WIDTH="17" VPOS="993" HPOS="423"/>
							<String ID="string_170" HPOS="440" VPOS="992" WIDTH="114" HEIGHT="29" WC="0.96" CONTENT="pension,"/><SP WIDTH="21" VPOS="992" HPOS="554"/>
							<String ID="string_171" HPOS="575" VPOS="999" WIDTH="53" HEIGHT="15" WC="0.96" CONTENT="som"/><SP WIDTH="18" VPOS="999" HPOS="628"/>
							<String ID="string_172" HPOS="646" VPOS="992" WIDTH="47" HEIGHT="22" WC="0.94" CONTENT="bör"/><SP WIDTH="10" VPOS="992" HPOS="693"/>
							<String ID="string_173" HPOS="703" VPOS="992" WIDTH="35" HEIGHT="22" WC="0.93" CONTENT="till"/><SP WIDTH="12" VPOS="992" HPOS="738"/>
							<String ID="string_174" HPOS="750" VPOS="992" WIDTH="161" HEIGHT="22" WC="0.92" CONTENT="understöds-"/>
						</TextLine>
						<TextLine ID="line_25" HPOS="159" VPOS="1026" WIDTH="341" HEIGHT="31">
							<String ID="string_175" HPOS="159" VPOS="1027" WIDTH="143" HEIGHT="30" WC="0.91" CONTENT="berättigad"/><SP WIDTH="19" VPOS="1027" HPOS="302"/>
							<String ID="string_176" HPOS="321" VPOS="1033" WIDTH="93" HEIGHT="22" WC="0.93" CONTENT="person"/><SP WIDTH="17" VPOS="1033" HPOS="414"/>
							<String ID="string_177" HPOS="431" VPOS="1026" WIDTH="69" HEIGHT="29" WC="0.92" CONTENT="utgä."/>
						</TextLine>
					</TextBlock>
					<TextBlock ID="block_4" HPOS="160" VPOS="1038" WIDTH="757" HEIGHT="429">
						<TextLine ID="line_26" HPOS="229" VPOS="1038" WIDTH="683" HEIGHT="52">
							<String ID="string_178" HPOS="229" VPOS="1062" WIDTH="71" HEIGHT="22" WC="0.89" CONTENT="Inom"/><SP WIDTH="13" VPOS="1062" HPOS="300"/>
							<String ID="string_179" HPOS="313" VPOS="1061" WIDTH="31" HEIGHT="22" WC="0.92" CONTENT="de"/><SP WIDTH="12" VPOS="1061" HPOS="344"/>
							<String ID="string_180" HPOS="356" VPOS="1061" WIDTH="199" HEIGHT="22" WC="0.91" CONTENT="skandinaviska"/><SP WIDTH="13" VPOS="1061" HPOS="555"/>
							<String ID="string_181" HPOS="568" VPOS="1060" WIDTH="130" HEIGHT="27" WC="0.91" CONTENT="länderna,"/><SP WIDTH="12" VPOS="1060" HPOS="698"/>
							<String ID="string_182" HPOS="710" VPOS="1038" WIDTH="108" HEIGHT="51" WC="0.0" CONTENT="Sverige"/><SP WIDTH="11" VPOS="1038" HPOS="818"/>
							<String ID="string_183" HPOS="829" VPOS="1060" WIDTH="83" HEIGHT="30" WC="0.96" CONTENT="Norge"/>
						</TextLine>
						<TextLine ID="line_27" HPOS="160" VPOS="1094" WIDTH="752" HEIGHT="31">
							<String ID="string_184" HPOS="160" VPOS="1097" WIDTH="46" HEIGHT="22" WC="0.95" CONTENT="och"/><SP WIDTH="18" VPOS="1097" HPOS="206"/>
							<String ID="string_185" HPOS="224" VPOS="1096" WIDTH="142" HEIGHT="26" WC="0.94" CONTENT="Danmark,"/><SP WIDTH="11" VPOS="1096" HPOS="366"/>
							<String ID="string_186" HPOS="377" VPOS="1095" WIDTH="66" HEIGHT="30" WC="0.96" CONTENT="gälla"/><SP WIDTH="13" VPOS="1095" HPOS="443"/>
							<String ID="string_187" HPOS="456" VPOS="1096" WIDTH="39" HEIGHT="21" WC="0.96" CONTENT="för"/><SP WIDTH="9" VPOS="1096" HPOS="495"/>
							<String ID="string_188" HPOS="504" VPOS="1095" WIDTH="160" HEIGHT="22" WC="0.96" CONTENT="närvarande"/><SP WIDTH="10" VPOS="1095" HPOS="664"/>
							<String ID="string_189" HPOS="674" VPOS="1095" WIDTH="32" HEIGHT="28" WC="0.96" CONTENT="på"/><SP WIDTH="10" VPOS="1095" HPOS="706"/>
							<String ID="string_190" HPOS="716" VPOS="1094" WIDTH="196" HEIGHT="30" WC="0.95" CONTENT="ifrågavarande"/>
						</TextLine>
						<TextLine ID="line_28" HPOS="160" VPOS="1129" WIDTH="751" HEIGHT="30">
							<String ID="string_191" HPOS="160" VPOS="1131" WIDTH="102" HEIGHT="22" WC="0.96" CONTENT="område"/><SP WIDTH="28" VPOS="1131" HPOS="262"/>
							<String ID="string_192" HPOS="290" VPOS="1131" WIDTH="90" HEIGHT="22" WC="0.96" CONTENT="endast"/><SP WIDTH="26" VPOS="1131" HPOS="380"/>
							<String ID="string_193" HPOS="406" VPOS="1130" WIDTH="49" HEIGHT="22" WC="0.95" CONTENT="den"/><SP WIDTH="27" VPOS="1130" HPOS="455"/>
							<String ID="string_194" HPOS="482" VPOS="1129" WIDTH="126" HEIGHT="23" WC="0.95" CONTENT="allmänna"/><SP WIDTH="26" VPOS="1129" HPOS="608"/>
							<String ID="string_195" HPOS="634" VPOS="1129" WIDTH="88" HEIGHT="29" WC="0.95" CONTENT="lagens"/><SP WIDTH="23" VPOS="1129" HPOS="722"/>
							<String ID="string_196" HPOS="745" VPOS="1130" WIDTH="166" HEIGHT="29" WC="0.96" CONTENT="stadganden,"/>
						</TextLine>
						<TextLine ID="line_29" HPOS="162" VPOS="1164" WIDTH="751" HEIGHT="31">
							<String ID="string_197" HPOS="162" VPOS="1166" WIDTH="76" HEIGHT="29" WC="0.96" CONTENT="enligt"/><SP WIDTH="24" VPOS="1166" HPOS="238"/>
							<String ID="string_198" HPOS="262" VPOS="1165" WIDTH="87" HEIGHT="23" WC="0.96" CONTENT="hvilka"/><SP WIDTH="19" VPOS="1165" HPOS="349"/>
							<String ID="string_199" HPOS="368" VPOS="1171" WIDTH="31" HEIGHT="16" WC="0.96" CONTENT="en"/><SP WIDTH="17" VPOS="1171" HPOS="399"/>
							<String ID="string_200" HPOS="416" VPOS="1171" WIDTH="93" HEIGHT="22" WC="0.96" CONTENT="person"/><SP WIDTH="18" VPOS="1171" HPOS="509"/>
							<String ID="string_201" HPOS="527" VPOS="1165" WIDTH="8" HEIGHT="21" WC="0.96" CONTENT="i"/><SP WIDTH="17" VPOS="1165" HPOS="535"/>
							<String ID="string_202" HPOS="552" VPOS="1164" WIDTH="86" HEIGHT="29" WC="0.96" CONTENT="regeln"/><SP WIDTH="20" VPOS="1164" HPOS="638"/>
							<String ID="string_203" HPOS="658" VPOS="1165" WIDTH="28" HEIGHT="20" WC="0.93" CONTENT="är"/><SP WIDTH="19" VPOS="1165" HPOS="686"/>
							<String ID="string_204" HPOS="705" VPOS="1164" WIDTH="208" HEIGHT="29" WC="0.91" CONTENT="ansvarsskyldig"/>
						</TextLine>
						<TextLine ID="line_30" HPOS="161" VPOS="1198" WIDTH="750" HEIGHT="29">
							<String ID="string_205" HPOS="161" VPOS="1200" WIDTH="89" HEIGHT="23" WC="0.96" CONTENT="endast"/><SP WIDTH="27" VPOS="1200" HPOS="250"/>
							<String ID="string_206" HPOS="277" VPOS="1201" WIDTH="39" HEIGHT="21" WC="0.96" CONTENT="för"/><SP WIDTH="26" VPOS="1201" HPOS="316"/>
							<String ID="string_207" HPOS="342" VPOS="1199" WIDTH="88" HEIGHT="27" WC="0.96" CONTENT="skada,"/><SP WIDTH="20" VPOS="1199" HPOS="430"/>
							<String ID="string_208" HPOS="450" VPOS="1205" WIDTH="54" HEIGHT="16" WC="0.96" CONTENT="som"/><SP WIDTH="21" VPOS="1205" HPOS="504"/>
							<String ID="string_209" HPOS="525" VPOS="1199" WIDTH="51" HEIGHT="22" WC="0.96" CONTENT="han"/><SP WIDTH="18" VPOS="1199" HPOS="576"/>
							<String ID="string_210" HPOS="594" VPOS="1198" WIDTH="140" HEIGHT="29" WC="0.96" CONTENT="bevisligen"/><SP WIDTH="18" VPOS="1198" HPOS="734"/>
							<String ID="string_211" HPOS="752" VPOS="1198" WIDTH="57" HEIGHT="29" WC="0.96" CONTENT="sjelf"/><SP WIDTH="18" VPOS="1198" HPOS="809"/>
							<String ID="string_212" HPOS="827" VPOS="1199" WIDTH="84" HEIGHT="22" WC="0.96" CONTENT="vållat."/>
						</TextLine>
						<TextLine ID="line_31" HPOS="162" VPOS="1233" WIDTH="752" HEIGHT="29">
							<String ID="string_213" HPOS="162" VPOS="1234" WIDTH="96" HEIGHT="23" WC="0.95" CONTENT="Genom"/><SP WIDTH="27" VPOS="1234" HPOS="258"/>
							<String ID="string_214" HPOS="285" VPOS="1241" WIDTH="31" HEIGHT="15" WC="0.96" CONTENT="en"/><SP WIDTH="27" VPOS="1241" HPOS="316"/>
							<String ID="string_215" HPOS="343" VPOS="1233" WIDTH="148" HEIGHT="29" WC="0.96" CONTENT="förordning"/><SP WIDTH="27" VPOS="1233" HPOS="491"/>
							<String ID="string_216" HPOS="518" VPOS="1233" WIDTH="26" HEIGHT="22" WC="0.96" CONTENT="af"/><SP WIDTH="19" VPOS="1233" HPOS="544"/>
							<String ID="string_217" HPOS="563" VPOS="1233" WIDTH="67" HEIGHT="22" WC="0.96" CONTENT="1886"/><SP WIDTH="18" VPOS="1233" HPOS="630"/>
							<String ID="string_218" HPOS="648" VPOS="1233" WIDTH="111" HEIGHT="28" WC="0.95" CONTENT="regleras"/><SP WIDTH="19" VPOS="1233" HPOS="759"/>
							<String ID="string_219" HPOS="778" VPOS="1233" WIDTH="64" HEIGHT="22" WC="0.92" CONTENT="dock"/><SP WIDTH="18" VPOS="1233" HPOS="842"/>
							<String ID="string_220" HPOS="860" VPOS="1233" WIDTH="54" HEIGHT="22" WC="0.91" CONTENT="der-"/>
						</TextLine>
						<TextLine ID="line_32" HPOS="161" VPOS="1267" WIDTH="754" HEIGHT="30">
							<String ID="string_221" HPOS="161" VPOS="1269" WIDTH="76" HEIGHT="28" WC="0.96" CONTENT="jemte"/><SP WIDTH="15" VPOS="1269" HPOS="237"/>
							<String ID="string_222" HPOS="252" VPOS="1269" WIDTH="8" HEIGHT="22" WC="0.96" CONTENT="i"/><SP WIDTH="14" VPOS="1269" HPOS="260"/>
							<String ID="string_223" HPOS="274" VPOS="1269" WIDTH="106" HEIGHT="28" WC="0.92" CONTENT="Sverige"/><SP WIDTH="12" VPOS="1269" HPOS="380"/>
							<String ID="string_224" HPOS="392" VPOS="1268" WIDTH="211" HEIGHT="29" WC="0.91" CONTENT="jernvägsegares"/><SP WIDTH="12" VPOS="1268" HPOS="603"/>
							<String ID="string_225" HPOS="615" VPOS="1267" WIDTH="300" HEIGHT="29" WC="0.91" CONTENT="ersättningsskyldighet"/>
						</TextLine>
						<TextLine ID="line_33" HPOS="162" VPOS="1301" WIDTH="753" HEIGHT="29">
							<String ID="string_226" HPOS="162" VPOS="1303" WIDTH="44" HEIGHT="22" WC="0.96" CONTENT="vid"/><SP WIDTH="17" VPOS="1303" HPOS="206"/>
							<String ID="string_227" HPOS="223" VPOS="1303" WIDTH="121" HEIGHT="22" WC="0.96" CONTENT="inträffad"/><SP WIDTH="18" VPOS="1303" HPOS="344"/>
							<String ID="string_228" HPOS="362" VPOS="1301" WIDTH="177" HEIGHT="29" WC="0.96" CONTENT="kroppsskada"/><SP WIDTH="19" VPOS="1301" HPOS="539"/>
							<String ID="string_229" HPOS="558" VPOS="1301" WIDTH="113" HEIGHT="26" WC="0.96" CONTENT="sålunda,"/><SP WIDTH="21" VPOS="1301" HPOS="671"/>
							<String ID="string_230" HPOS="692" VPOS="1302" WIDTH="35" HEIGHT="21" WC="0.96" CONTENT="att"/><SP WIDTH="12" VPOS="1302" HPOS="727"/>
							<String ID="string_231" HPOS="739" VPOS="1301" WIDTH="51" HEIGHT="22" WC="0.96" CONTENT="han"/><SP WIDTH="13" VPOS="1301" HPOS="790"/>
							<String ID="string_232" HPOS="803" VPOS="1301" WIDTH="63" HEIGHT="22" WC="0.93" CONTENT="skall"/><SP WIDTH="12" VPOS="1301" HPOS="866"/>
							<String ID="string_233" HPOS="878" VPOS="1303" WIDTH="37" HEIGHT="20" WC="0.92" CONTENT="ut-"/>
						</TextLine>
						<TextLine ID="line_34" HPOS="163" VPOS="1334" WIDTH="753" HEIGHT="32">
							<String ID="string_234" HPOS="163" VPOS="1336" WIDTH="70" HEIGHT="30" WC="0.92" CONTENT="gifva"/><SP WIDTH="18" VPOS="1336" HPOS="233"/>
							<String ID="string_235" HPOS="251" VPOS="1336" WIDTH="168" HEIGHT="30" WC="0.91" CONTENT="godtgörelse,"/><SP WIDTH="19" VPOS="1336" HPOS="419"/>
							<String ID="string_236" HPOS="438" VPOS="1336" WIDTH="84" HEIGHT="22" WC="0.92" CONTENT="derest"/><SP WIDTH="17" VPOS="1336" HPOS="522"/>
							<String ID="string_237" HPOS="539" VPOS="1336" WIDTH="51" HEIGHT="22" WC="0.96" CONTENT="han"/><SP WIDTH="16" VPOS="1336" HPOS="590"/>
							<String ID="string_238" HPOS="606" VPOS="1336" WIDTH="21" HEIGHT="28" WC="0.97" CONTENT="ej"/><SP WIDTH="15" VPOS="1336" HPOS="627"/>
							<String ID="string_239" HPOS="642" VPOS="1334" WIDTH="51" HEIGHT="23" WC="0.93" CONTENT="kan"/><SP WIDTH="15" VPOS="1334" HPOS="693"/>
							<String ID="string_240" HPOS="708" VPOS="1334" WIDTH="160" HEIGHT="30" WC="0.91" CONTENT="ådagalägga"/><SP WIDTH="13" VPOS="1334" HPOS="868"/>
							<String ID="string_241" HPOS="881" VPOS="1336" WIDTH="35" HEIGHT="22" WC="0.96" CONTENT="att"/>
						</TextLine>
						<TextLine ID="line_35" HPOS="163" VPOS="1369" WIDTH="752" HEIGHT="30">
							<String ID="string_242" HPOS="163" VPOS="1371" WIDTH="57" HEIGHT="26" WC="0.96" CONTENT="den,"/><SP WIDTH="20" VPOS="1371" HPOS="220"/>
							<String ID="string_243" HPOS="240" VPOS="1378" WIDTH="52" HEIGHT="15" WC="0.96" CONTENT="som"/><SP WIDTH="19" VPOS="1378" HPOS="292"/>
							<String ID="string_244" HPOS="311" VPOS="1370" WIDTH="99" HEIGHT="23" WC="0.96" CONTENT="skadan"/><SP WIDTH="16" VPOS="1370" HPOS="410"/>
							<String ID="string_245" HPOS="426" VPOS="1370" WIDTH="63" HEIGHT="27" WC="0.96" CONTENT="lidit,"/><SP WIDTH="20" VPOS="1370" HPOS="489"/>
							<String ID="string_246" HPOS="509" VPOS="1370" WIDTH="57" HEIGHT="28" WC="0.96" CONTENT="sjelf"/><SP WIDTH="18" VPOS="1370" HPOS="566"/>
							<String ID="string_247" HPOS="584" VPOS="1370" WIDTH="99" HEIGHT="28" WC="0.96" CONTENT="ådragit"/><SP WIDTH="18" VPOS="1370" HPOS="683"/>
							<String ID="string_248" HPOS="701" VPOS="1369" WIDTH="39" HEIGHT="29" WC="0.96" CONTENT="sig"/><SP WIDTH="18" VPOS="1369" HPOS="740"/>
							<String ID="string_249" HPOS="758" VPOS="1370" WIDTH="48" HEIGHT="22" WC="0.96" CONTENT="den"/><SP WIDTH="19" VPOS="1370" HPOS="806"/>
							<String ID="string_250" HPOS="825" VPOS="1376" WIDTH="90" HEIGHT="23" WC="0.96" CONTENT="genom"/>
						</TextLine>
						<TextLine ID="line_36" HPOS="164" VPOS="1403" WIDTH="752" HEIGHT="29">
							<String ID="string_251" HPOS="164" VPOS="1405" WIDTH="181" HEIGHT="21" WC="0.92" CONTENT="öfverträdelse"/><SP WIDTH="27" VPOS="1405" HPOS="345"/>
							<String ID="string_252" HPOS="372" VPOS="1405" WIDTH="26" HEIGHT="21" WC="0.96" CONTENT="af"/><SP WIDTH="26" VPOS="1405" HPOS="398"/>
							<String ID="string_253" HPOS="424" VPOS="1404" WIDTH="117" HEIGHT="28" WC="0.94" CONTENT="gällande"/><SP WIDTH="27" VPOS="1404" HPOS="541"/>
							<String ID="string_254" HPOS="568" VPOS="1403" WIDTH="158" HEIGHT="22" WC="0.96" CONTENT="föreskrifter"/><SP WIDTH="28" VPOS="1403" HPOS="726"/>
							<String ID="string_255" HPOS="754" VPOS="1404" WIDTH="60" HEIGHT="20" WC="0.95" CONTENT="eller"/><SP WIDTH="18" VPOS="1404" HPOS="814"/>
							<String ID="string_256" HPOS="832" VPOS="1410" WIDTH="84" HEIGHT="15" WC="0.96" CONTENT="annan"/>
						</TextLine>
						<TextLine ID="line_37" HPOS="164" VPOS="1436" WIDTH="753" HEIGHT="31">
							<String ID="string_257" HPOS="164" VPOS="1439" WIDTH="58" HEIGHT="28" WC="0.92" CONTENT="grof"/><SP WIDTH="17" VPOS="1439" HPOS="222"/>
							<String ID="string_258" HPOS="239" VPOS="1438" WIDTH="167" HEIGHT="24" WC="0.95" CONTENT="vårdslöshet."/><SP WIDTH="32" VPOS="1438" HPOS="406"/>
							<String ID="string_259" HPOS="438" VPOS="1437" WIDTH="85" HEIGHT="22" WC="0.93" CONTENT="Sedan"/><SP WIDTH="18" VPOS="1437" HPOS="523"/>
							<String ID="string_260" HPOS="541" VPOS="1443" WIDTH="68" HEIGHT="16" WC="0.95" CONTENT="mera"/><SP WIDTH="19" VPOS="1443" HPOS="609"/>
							<String ID="string_261" HPOS="628" VPOS="1437" WIDTH="32" HEIGHT="21" WC="0.96" CONTENT="än"/><SP WIDTH="19" VPOS="1437" HPOS="660"/>
							<String ID="string_262" HPOS="679" VPOS="1438" WIDTH="34" HEIGHT="20" WC="0.96" CONTENT="ett"/><SP WIDTH="19" VPOS="1438" HPOS="713"/>
							<String ID="string_263" HPOS="732" VPOS="1437" WIDTH="114" HEIGHT="22" WC="0.96" CONTENT="årtionde"/><SP WIDTH="18" VPOS="1437" HPOS="846"/>
							<String ID="string_264" HPOS="864" VPOS="1436" WIDTH="53" HEIGHT="23" WC="0.96" CONTENT="står"/>
						</TextLine>
					</TextBlock>
					<TextBlock ID="block_5" HPOS="233" VPOS="1479" WIDTH="493" HEIGHT="25">
						<TextLine ID="line_38" HPOS="233" VPOS="1479" WIDTH="493" HEIGHT="25">
							<String ID="string_265" HPOS="233" VPOS="1481" WIDTH="47" HEIGHT="23" WC="0.90" CONTENT="Lag-"/><SP WIDTH="10" VPOS="1481" HPOS="280"/>
							<String ID="string_266" HPOS="290" VPOS="1481" WIDTH="32" HEIGHT="18" WC="0.93" CONTENT="och"/><SP WIDTH="12" VPOS="1481" HPOS="322"/>
							<String ID="string_267" HPOS="334" VPOS="1480" WIDTH="180" HEIGHT="18" WC="0.90" CONTENT="Ekonomiutskottets"/><SP WIDTH="12" VPOS="1480" HPOS="514"/>
							<String ID="string_268" HPOS="526" VPOS="1479" WIDTH="110" HEIGHT="19" WC="0.96" CONTENT="betänkande"/><SP WIDTH="12" VPOS="1479" HPOS="636"/>
							<String ID="string_269" HPOS="648" VPOS="1481" WIDTH="36" HEIGHT="15" WC="0.96" CONTENT="N:o"/><SP WIDTH="13" VPOS="1481" HPOS="684"/>
							<String ID="string_270" HPOS="697" VPOS="1479" WIDTH="29" HEIGHT="17" WC="0.96" CONTENT="12."/>
						</TextLine>
					</TextBlock>
				</ComposedBlock>
			</PrintSpace>
		</Page>
	</Layout>
</alto>
