1106 1773
374 149 31 32 U.
422 150 22 23 B.
461 164 28 3 —
502 151 66 29 Prop.
584 151 37 23 N:o
637 152 37 22 32.
692 160 2 3 :
869 153 26 20 38

153 217 65 25 äfven
233 221 44 26 der,
297 207 84 47 hvaröst
392 207 78 47 endast
486 226 32 18 ett
531 223 53 21 fåtal
599 220 72 24 hästar
683 223 60 21 skola
758 223 95 22 inställas
863 223 33 21 till

145 253 131 32 "mönstring,
292 256 84 33 hvilket
390 257 72 22 blefve
478 258 34 21 för
526 258 80 21 kronan
622 258 72 21 alltför
708 259 110 20 kostsamt.

477 370 54 29 Kap.
547 369 23 23 V.

222 435 12 20 I
251 435 224 22 öfverensstämmelse
490 436 49 22 med
553 434 57 24 hvad
625 436 114 22 Utskottet
753 436 38 22 vid
807 437 12 27 $
835 438 13 20 4
858 444 37 14 an-

152 471 49 26 fört,
223 471 40 21 har
284 471 33 22 till
339 472 13 27 $
371 473 28 20 23
421 471 70 29 fogats
512 472 112 21 föreskrift
644 480 34 13 om
700 472 95 29 grunden
811 472 34 21 för
859 473 37 20 hä-

152 510 81 18 starnas
251 507 122 29 fördelning
381 507 29 29 på
422 507 27 22 de
459 508 69 21 skilda
539 508 63 21 länen
611 511 55 18 samt
678 508 108 29 uppbåds-
796 508 40 21 och
845 508 51 21 lott-

152 543 183 28 ningsområdena,
351 543 41 22 och
409 543 39 22 har
462 543 113 22 Utskottet
584 543 77 22 härvid
672 544 58 21 velat
741 544 60 29 gifva
811 544 84 29 uttryck

152 578 23 22 åt
186 579 45 21 den
246 579 101 28 riktigare
363 579 163 29 uppfattningen
542 583 32 18 att
588 579 148 29 fördelningen
747 579 55 22 skall
814 580 81 28 lämpas

151 612 57 24 efter.
231 615 80 21 antalet
337 615 90 28 dugliga
444 615 72 21 hästar
532 616 58 21 inom
605 615 73 28 hvarje
693 615 58 22 klass
767 615 40 22 och
823 617 18 27 ej
857 615 38 22 ske

151 650 49 22 med
221 649 84 30 hänsyn
328 651 33 20 till
382 650 37 22 det
440 651 97 21 absoluta
557 651 81 21 antalet
658 651 72 21 hästar
750 652 58 21 inom
823 651 72 28 hvarje

152 682 92 36 område.
568 677 9 8 ”
749 715 3 2 E

225 722 86 22 Genom
327 723 136 28 omställning
478 723 22 21 af
515 726 72 19 texten
603 723 8 21 i
626 723 70 21 denna
712 724 12 27 $
736 723 39 22 har
784 723 113 22 Utskottet

153 761 52 19 trott
221 761 31 19 att
269 749 114 43 meningen
397 759 50 21 med
462 759 122 22 densamma
598 759 100 22 framstär
712 759 110 29 tydligare.

471 871 54 30 Kap.
542 872 35 23 VI.

224 937 129 21 Ordnandet
374 937 24 21 af
417 937 121 29 besigtning
557 937 40 22 och
612 937 92 29 lottning
719 937 81 22 med.de
818 933 79 37 hästar,

155 973 73 22 hvilka
244 972 39 22 vid
297 973 60 21 tiden
373 973 34 21 för
421 973 157 28 utskrifningen
593 973 87 22 befinna
688 973 33 28 sig
732 976 59 18 utom
801 973 38 21 det
847 972 50 23 lott-

154 1009 155 29 ningsomräde,
330 1009 34 21 till
385 1009 83 21 hvilket
491 1009 25 21 de
538 1009 57 27 höra,
617 1009 28 29 pä
666 1012 32 18 ett
718 1009 76 21 sådant
809 1011 42 19 sätt
866 1012 31 18 att

132 1070 11 4 —
156 1045 73 22 hästar
250 1045 49 21 icke
320 1045 35 21 mä
374 1045 8 20 i
397 1045 54 28 följd
466 1045 61 21 deraf
541 1045 71 22 kunna
627 1044 147 29 undandragas
790 1045 46 21 från
853 1045 44 21 del-

154 1081 96 28 tagande
271 1082 7 19 i
300 1081 119 28 lottningen
443 1084 54 18 samt
518 1085 50 17 utan
590 1083 31 20 att
636 1080 106 22 områdets
757 1081 69 28 öfriga
840 1081 58 21 häst-

154 1118 63 27 ägäre
241 1116 123 29 derigenom
387 1116 84 22 komme
493 1120 31 18 att
546 1116 68 22 blifva
631 1116 91 27 lidande,
738 1118 23 19 är
776 1117 66 28 enligt
856 1116 41 22 Ut-

153 1151 95 22 skottets
272 1152 65 21 tanke
358 1152 95 29 ogörligt,
467 1152 84 22 hvilket
566 1152 24 21 sä
604 1152 86 29 mycket
704 1159 58 14 mera
777 1154 23 19 är
815 1155 32 18 att
861 1152 36 21 be-

156 1188 63 29 klaga
234 1195 46 14 som
297 1185 58 24 detta
370 1187 38 23 vid
423 1188 73 28 hvarje
508 1188 130 28 utskrifning
649 1187 67 22 mäste
728 1188 85 21 komma
825 1191 32 18 att
866 1188 32 20 in-

154 1223 71 22 träffa.
259 1223 51 22 Som
325 1223 68 22 kändt
407 1223 97 29 begifver
520 1225 32 27 sig
566 1223 152 29 befolkningen
732 1224 7 20 i
751 1224 57 21 vissa
818 1223 81 22 trakter

154 1259 62 28 länga
231 1261 68 26 vägar
313 1259 29 28 pä
357 1259 171 28 arbetsförtjenst
542 1259 33 21 till
585 1259 27 21 de
622 1259 60 21 delar
692 1259 23 21 af
724 1259 78 26 landet,
812 1259 86 21 hvarest

154 1296 67 20 större
241 1294 89 22 arbeten
350 1294 70 22 såsom
435 1294 222 29 jernvägsbyggnader
676 1295 51 21 eller
736 1294 70 29 dylikt
815 1295 63 28 pågå;
891 1295 7 20 i

154 1330 95 29 Viborgs
265 1331 48 20 läns
326 1333 58 19 östra
397 1330 59 22 delar
468 1332 36 20 äro
518 1331 125 28 hästägarne
654 1330 62 29 länga
730 1331 56 21 tider
799 1330 61 22 borta
871 1330 28 29 pä

154 1366 103 21 fraktfart
272 1367 52 20 eller
334 1366 114 29 uppehålla
461 1367 32 28 sig
504 1367 8 20 i
524 1367 31 20 St.
563 1367 129 28 Petersburg
698 1366 70 22 såsom
775 1366 69 21 åkare.
859 1366 39 21 Att

155 1402 129 20 Töreskrifva
299 1402 38 20 det
351 1401 80 21 sådana
445 1409 101 20 personer
559 1402 60 20 skola
631 1402 38 20 vid
680 1402 130 27 utskrifning
822 1402 75 20 enkom

155 1436 88 29 begifva
258 1437 33 29 sig
306 1437 49 21 med
366 1437 46 21 sina
423 1437 73 21 hästar
507 1437 33 21 till
549 1437 139 26 hemtrakten,
700 1444 51 14 vore
762 1437 44 21 lika
816 1436 82 28 obilligt

160 1476 2 2 i
225 1478 299 24 Hästutskrifningsutskottets
537 1478 131 18 betänkande.
744 1505 9 3 N
817 1478 10 18 3

928 729 54 26 525.

919 938 12 26 s
947 938 34 20 27.
