1109 1775
307 136 81 23 Ständ.
404 136 38 24 Sv.
460 151 22 3 —
500 139 73 28 Prop.
589 140 42 22 N:o
646 140 36 22 31.
816 143 26 21 19

324 202 62 23 deras
408 210 68 22 egare,
495 204 107 28 äfvensom
619 206 36 27 för
672 206 146 23 kostnaderna
835 208 37 21 vid

323 237 207 28 undanskaffandet,
548 239 54 23 skall
622 240 120 28 ersättning
757 241 75 27 gäldas
847 241 27 27 af

323 271 91 26 kronan,
430 272 25 21 så
468 272 68 27 framt
551 273 21 27 ej
586 281 79 19 egaren
679 275 69 21 redan
762 274 109 28 härförin-

323 311 45 15 man
388 306 57 20 varit
462 306 148 22 underkastad
626 308 120 28 skyldighet
764 310 31 20 att
816 310 54 20 utan

324 339 122 28 ersättning
461 340 88 28 vidtaga
564 341 71 22 sådan
650 342 83 28 åtgärd.

392 374 161 28 Ersättningen
573 375 120 23 bestämmes
709 377 67 21 såsom
793 377 8 21 i
816 377 27 21 10
857 379 14 23 $

324 409 26 20 är
364 408 68 28 sagdt.
463 408 89 23 Hinner
570 410 116 28 värdering
703 411 9 21 i
727 412 37 20 der
779 412 92 28 stadgad

324 442 95 29 ordning
430 443 44 22 icke
484 444 36 22 ske
530 445 73 22 innan
612 445 193 29 anläggningarna
813 446 58 22 skola

324 477 164 28 undanskaffas,
512 479 41 21 låte
575 482 133 25 guvernören
730 488 75 20 genom
824 481 47 21 sak-

323 512 98 33 kunnige
432 515 104 25 upprätta
547 514 134 28 beskrifning
692 514 57 28 öfver
758 515 112 22 desamma.

392 544 20 24 Å
428 548 149 28 ersättningen
594 548 55 22 skall
665 549 77 27 gäldas
758 552 67 19 ränta
842 550 29 28 ef-

324 583 32 20 ter
377 588 35 15 sex
434 581 34 28 för
489 582 115 23 hundrade
626 590 32 15 om
673 584 46 21 året
732 584 53 27 från
801 584 70 29 dagen

323 615 35 28 för
372 616 202 28 undanskaffandet
589 617 32 22 till
636 618 45 21 dess
696 618 80 22 medlen
792 619 34 21 stå
840 621 31 19 att

324 650 60 28 lyfta.

185 754 70 22 Emot
273 753 39 22 det
327 755 8 21 i
350 754 45 22 den
413 755 85 29 nådiga
516 756 176 29 propositionen
707 757 37 21 till
763 757 107 21 Ständer-

117 797 41 14 nas
174 789 130 22 kännedom
320 789 133 22 meddelade
468 790 112 29 förslaget
595 791 37 21 till
644 791 140 29 kungörelse
800 791 70 22 hafva

118 823 130 22 Ständerna
269 824 52 21 icke
342 823 80 22 funnit
444 825 51 21 skäl
517 825 38 22 till
570 827 70 20 annat
654 825 120 22 uttalande
788 829 30 18 än
833 825 38 22 be-

118 858 112 22 träffande
246 859 58 21 sista
318 861 127 20 momentet
455 859 9 22 i
476 862 9 19 1
499 861 13 25 $
528 860 26 21 af
568 859 70 29 sagda
653 860 147 28 kungörelse.
823 859 48 22 Här

118 893 67 28 ingår
200 893 118 28 nämligen
333 893 149 29 bestämning
497 894 79 21 derom
592 896 34 19 att
640 898 122 24 guvernör,
776 893 96 22 såframt

118 927 46 22 han
186 927 73 22 funne
280 928 110 28 yrkande,
414 935 49 15 som
485 928 26 22 af
532 928 180 29 fästningsbefäl
730 928 80 22 blifvit
828 928 42 22 hos

118 962 85 22 honom
222 962 138 28 framstäldt,
380 962 56 22 eller
455 963 25 21 af
496 963 83 21 sådant
597 963 62 21 befäl
678 962 120 22 meddelad
812 962 59 22 före-

118 996 71 22 skrift
203 997 185 29 uppenbarligen
407 998 36 21 stå
457 998 8 21 i
481 998 58 22 strid
558 998 52 22 med
627 997 242 30 ,esplanadreglerna"

118 1031 43 22 och
176 1031 89 22 kränka
280 1032 93 22 enskild
386 1040 95 21 persons
493 1034 87 28 lagliga
590 1035 52 26 rätt,
654 1033 78 28 borde,
744 1033 9 21 i
764 1031 108 23 afseende

118 1067 13 21 å
146 1066 83 22 sakens
245 1066 171 30 hänskjutande
434 1068 37 21 till
489 1068 173 22 vederbörande
677 1068 68 28 befäl,
761 1071 56 25 göra
833 1074 39 14 an-

118 1101 76 22 mälan
210 1101 77 21 derom
306 1102 41 21 hos
366 1102 248 28 generalguvernören.
645 1102 82 21 Sävidt
742 1102 75 21 denna
832 1101 39 21 be-

118 1136 119 28 stämning
259 1136 52 21 icke
334 1136 88 28 äsyftar
437 1137 82 21 endast
534 1136 144 23 utverkande
694 1136 25 22 af
732 1136 84 28 högsta
830 1136 42 21 mi-

117 1170 153 22 litärbefälets
285 1170 121 23 föreskrift
422 1178 36 15 om
474 1171 39 22 det
528 1170 135 23 framstälda
674 1171 127 28 yrkandets
814 1171 58 22 äter-

118 1205 109 22 kallande
243 1205 56 21 eller
314 1205 190 29 undanrödjande
520 1206 26 21 af
558 1205 217 29 fästningsbefälets
790 1205 82 22 anord-

118 1239 64 29 ning,
196 1247 69 21 synes
277 1240 94 21 dermed
380 1241 23 20 ät
410 1240 227 29 militärmyndighet
647 1241 88 21 lemnas
746 1247 30 14 en
784 1239 88 30 ganska

120 1274 129 22 vidsträckt
263 1274 143 29 befogenhet
420 1275 8 21 i
443 1275 66 28 fräga
527 1282 37 14 om
582 1274 112 29 pröfning
708 1275 51 21 icke
774 1274 99 21 allenast

120 1309 26 22 af
158 1309 84 28 sjelfva
262 1309 172 29 författningen
456 1317 37 14 om
511 1309 229 29 fästningsesplanad
757 1311 57 19 utan
829 1308 43 22 ock

120 1343 24 22 af
160 1343 91 30 vigtiga
266 1344 144 29 rättsfrägor,
426 1351 50 15 som
491 1344 94 22 dermed
600 1345 36 20 stä
646 1344 8 21 i
665 1344 171 28 sammanhang.
845 1356 27 3 —

120 1377 144 30 Visserligen
280 1378 72 28 torde,
368 1379 9 21 i
392 1379 136 28 anslutning
543 1379 38 21 till
596 1378 45 22 den
656 1378 8 21 i
674 1377 198 29 författningsför-

119 1412 85 27 slagets
222 1413 26 20 16
263 1414 13 25 $
296 1412 36 27 (17
351 1413 23 26 $)
392 1413 96 27 intagna
509 1412 185 27 bestämningen,
717 1414 34 18 ett
774 1411 98 21 omedel-

118 1446 52 22 bart
185 1446 119 22 afvisande
319 1446 26 21 af
358 1448 34 19 ett
407 1446 53 21 utaf
472 1445 205 29 fästningsbefälet
693 1445 131 22 framstäldt
835 1452 37 21 yr-
