1131 1770
364 108 28 23 U.
408 109 28 21 B.
452 121 27 3 —
494 109 74 27 Prop.
584 108 44 23 N:o
644 109 37 22 31.
832 109 26 20 35

136 169 84 29 uppgår
234 170 32 21 till
281 171 65 20 minst
361 177 26 14 en
401 170 103 29 tredjedel
520 171 66 26 deraf,
601 171 42 21 kan
658 178 49 14 man
724 171 53 28 hysa
798 170 90 22 betänk-

134 203 68 29 lighet
216 203 72 22 derom
303 204 105 22 huruvida
423 205 117 21 detsamma
555 205 23 20 sä
593 205 86 28 mycket
693 212 81 21 gagnar
788 205 42 21 den
849 212 39 13 en-

134 237 75 27 skilde,
224 245 46 14 som
285 237 37 22 det
337 237 77 22 skadar
429 238 87 22 kronan.

203 271 35 22 Då
252 279 49 14 man
315 271 62 22 torde
392 271 71 22 kunna
479 275 82 25 antaga,
577 275 30 19 att
622 273 27 21 de
666 273 106 28 vojäfvige
788 272 40 21 och
838 271 49 22 sak-

134 305 94 28 kunnige
250 307 69 25 män»,
341 305 73 22 hvilka
436 307 115 27 uppskatta
573 306 42 21 den
637 306 73 27 skada,
728 313 62 21 egare
806 305 23 22 af
843 305 45 21 fast

135 339 103 28 egendom
267 347 77 21 genom
373 340 230 29 fästnings-esplanads
629 340 181 28 inskränkningen
835 339 53 27 lidit,

134 373 62 22 skola
210 373 91 29 fullgöra
316 374 141 28 värderingen
472 374 24 21 sä
511 377 31 18 att
557 375 39 20 full
613 375 116 28 ersättning
751 374 34 21 för
805 373 81 22 minsk-

134 409 52 26 ning
198 409 6 20 i
220 408 141 29 fastighetens
382 409 67 22 värde
469 409 96 26 erhälles,
580 409 61 21 torde
656 409 37 21 det
707 409 47 21 icke
770 408 68 21 blifva
852 407 35 21 för

135 448 77 21 egaren
228 442 101 28 omöjligt,
344 445 37 24 att,
396 442 71 22 derest
483 443 41 21 han
539 443 78 21 önskar
632 443 57 21 afstä
706 442 136 27 fastigheten,
864 441 24 21 få

134 475 123 21 densamma
271 480 52 17 utan
337 476 78 22 förlust
430 476 99 29 afyttrad.
542 476 41 28 8Af
599 476 62 22 dessa
676 476 45 22 skäl
736 476 42 21 kan
793 477 36 27 jag
840 476 48 20 der-

135 510 35 20 för
192 510 47 21 icke
261 518 51 13 anse
328 510 36 22 det
379 510 133 28 nödvändigt
526 514 31 18 att
572 511 81 21 kronan
669 511 91 27 älägges,
776 513 31 18 att
822 510 66 27 enligt

135 544 154 28 förordningen
304 544 22 21 af
341 544 24 22 är
381 545 54 21 1864
450 546 135 28 expropriera
600 546 57 21 inom
677 543 209 29 fästningsesplanad

136 578 95 28 befintlig
240 578 108 28 fastighet,
358 578 65 22 äfven
433 586 35 14 om
476 578 56 22 den
520 574 10 37 i
541 581 66 19 större
615 578 52 29 grad
675 578 88 22 förlorat
771 579 37 20 sitt
816 578 72 21 värde.

204 612 97 21 Emedan
323 612 38 21 det
375 612 6 21 i
397 612 114 22 allmänhet
530 613 48 21 icke
598 613 61 21 torde
677 620 52 14 vara
743 612 99 28 önskligt,
857 614 32 18 att

135 646 82 22 kronan
239 647 95 20 kommer
349 648 7 19 i
371 647 116 28 besittning
510 648 23 20 af
554 647 131 28 fastigheter,
700 647 82 21 hvilkas
798 646 89 21 förvalt-

136 680 179 29 ningskostnader
329 681 46 21 ofta
390 681 86 21 äsamka
493 681 40 21 den
549 689 58 14 mera
622 681 67 21 skada
704 682 26 19 än
744 687 62 21 gagn,
826 679 62 22 torde

135 722 50 14 man
200 715 100 21 särskildt
315 716 7 19 i
336 715 141 21 förevarande
492 715 39 21 fall
546 715 51 22 böra
609 715 94 21 undvika
713 717 31 18 att
756 721 77 21 genom
843 714 45 27 lag-

136 749 133 28 stadganden
279 750 73 27 tvinga
365 749 82 21 kronan
459 749 76 22 dertill.
559 749 29 21 Sä
597 749 86 28 mycket
693 750 66 20 större
767 747 121 22 varsamhet

135 783 68 21 borde
218 783 35 21 väl
267 783 74 21 härvid
357 783 112 28 iakttagas,
485 783 27 21 dä
526 791 48 13 man
589 783 43 22 kan
646 783 66 21 tänka
726 783 32 27 sig
774 781 42 22 den
837 782 52 27 möj-

136 817 66 28 lighet
217 820 31 18 att
263 817 41 21 den
319 817 53 29 jord,
387 825 45 13 som
447 817 23 21 af
485 817 81 21 kronan
581 817 35 22 för
630 815 209 30 fästningsesplanad
855 816 33 20 in-

136 852 52 21 lösts
213 851 54 22 efter
288 851 66 29 några
376 851 55 22 tider
452 859 62 14 anses
537 851 70 22 såsom
627 851 134 28 fästningens
777 849 110 29 egendom.

137 886 49 21 Den
202 885 107 22 enskildes
325 885 92 28 egande-
432 885 41 22 och
489 886 152 28 nyttjanderätt
655 885 33 21 till
703 886 57 20 inom
771 885 117 26 fästnings-

137 920 129 28 esplanaden
288 920 107 28 befintliga
417 920 126 28 fastigheter
563 919 66 22 borde
645 919 36 22 väl
696 919 64 22 äfven
775 918 28 29 pä
818 918 69 22 denna

136 954 75 28 grund,
227 954 23 20 sä
265 954 47 21 vidt
326 954 88 28 möjligt,
429 954 122 21 bibehällas.

206 988 35 21 Då
262 988 36 22 det
321 990 22 19 är
365 991 55 19 mest
441 988 106 28 sakenligt
569 991 30 18 att
615 988 26 21 de
656 988 98 28 kyrkliga
768 986 121 22 församlin-

137 1030 65 20 garne
218 1022 77 28 sjelfva
310 1023 61 21 sköta
382 1030 34 13 om
424 1023 46 20 sina
482 1022 139 21 ekonomiska
633 1021 183 28 angelägenheter,
827 1020 61 22 torde

137 1056 38 22 det
199 1056 35 21 väl
259 1064 50 14 vara
334 1056 125 28 naturligast
484 1059 31 18 att
537 1057 116 27 ersättning
675 1055 34 21 för
730 1055 122 27 minskning
867 1054 23 21 af

136 1090 119 29 prestabols
271 1090 65 22 värde
351 1090 105 22 utbetalas
471 1090 133 22 omedelbart
619 1090 22 21 ät
655 1089 159 28 församlingen.

207 1153 31 21 Af
253 1153 52 27 skäl,
320 1153 74 22 hvilka
408 1154 34 27 jag
457 1152 48 22 haft
519 1154 50 20 äran
584 1152 38 22 här
637 1152 116 25 framhälla,
768 1151 66 29 vägar
852 1152 36 28 jag

138 1188 121 28 ödmjukast
274 1188 79 21 föreslå

411 1252 33 19 att
460 1250 15 20 3
488 1250 15 27 $
518 1250 79 20 erhölle
611 1249 98 28 följande
725 1249 91 27 lydelse:

591 1312 14 27 $
622 1313 21 20 3.

412 1363 73 28 Egare
502 1364 28 27 af
544 1363 45 28 fast
600 1363 102 28 egendom
715 1363 131 20 tillkommer
858 1368 34 14 er-

343 1398 98 26 sättning
451 1398 29 26 af
484 1398 73 26 finska
567 1398 85 20 kronan
667 1397 36 26 för
718 1396 74 26 hvarje
807 1396 83 20 minsk-

209 1438 128 22 Lagutskottets
349 1436 110 18 betänkande
471 1436 38 18 N:o
522 1437 16 17 6.
