1114 1775
239 164 29 20 44
464 162 26 22 U.
505 161 24 23 B.
545 174 27 3 —
588 160 64 30 Prop.
664 160 41 35 N:o
721 160 38 22 32.

240 233 120 22 ledamoten
376 234 24 19 är
415 239 25 14 en
457 232 22 21 af
495 231 224 29 Generalguvernören
732 230 32 22 till
778 230 91 22 nämden
879 230 106 22 beordrad

239 268 59 22 finsk
319 267 83 27 officer,
417 267 41 21 och
473 267 42 22 den
529 267 68 29 tredje
613 267 73 28 väljes,
701 266 103 22 likaledes
820 266 35 22 för
869 269 33 20 tre
917 265 30 27 är,
961 266 24 21 af

240 304 27 22 de
282 304 33 21 till
330 303 195 29 uppbädsomrädet
539 303 93 21 hörande
647 303 160 21 kommunerna.

310 339 67 22 Valet
396 339 23 21 af
438 339 43 21 den
502 338 115 22 sistnämde
639 338 120 22 ledamoten
781 338 49 21 sker
848 345 76 21 genom
940 338 45 21 val-

240 377 55 24 män,
312 375 75 22 hvilka
404 378 64 22 utses,
489 383 26 13 en
532 375 35 21 för
585 376 73 28 hvarje
676 374 108 26 kommun,
802 374 13 21 ä
830 374 89 22 rädhus-
935 373 51 22 eller

239 411 211 21 kommunalstämma
466 411 40 21 och
521 410 29 29 pä
564 411 89 21 kallelse
664 410 156 22 sammanträda
832 410 57 22 inför
901 410 84 22 Guver-

240 449 64 20 nören
321 448 51 21 eller
387 447 41 21 den
443 448 126 27 tjensteman
585 447 42 22 han
642 447 8 21 i
666 448 38 20 sitt
717 446 61 22 ställe
794 446 117 22 förordnar.
927 447 59 21 Dock

240 483 38 22 mä
297 483 80 27 sådant
396 483 162 31 sammanträde
576 484 20 27 ej
613 482 70 22 hållas
702 484 60 20 utom
781 482 202 28 uppbädsomrädet.

240 518 45 22 Vid
291 512 8 40 -
308 517 59 23 valet
389 518 130 22 tillkommer
539 518 73 29 hvarje
630 518 85 22 valman
735 526 26 14 en
773 516 56 23 röst
850 517 41 23 och
912 518 73 29 afgöra

240 554 66 30 flesta
315 556 100 20 rösterna
430 554 51 21 eller
496 549 41 27 vid
549 554 43 22 lika
608 554 56 22 antal
681 556 68 19 röster
764 554 98 29 lottning.

309 590 72 32 Jämte
401 590 137 23 sistbemälde
557 584 94 42 ledamot
666 584 62 42 utses
747 590 7 21 i
770 590 111 22 enahanda
896 588 90 31 ordning

239 627 38 22 två
295 625 138 30 suppleanter
450 626 35 21 för
499 629 32 19 att
546 627 37 21 vid
598 626 131 23 inträffande
744 626 73 21 förfall
832 627 62 21 träda
909 627 8 20 i
931 627 55 21 hans

240 662 67 22 ställe.

310 699 240 29 Utskrifningsnämden
569 699 33 22 till
617 699 83 22 biträde
715 698 112 22 förordnar
843 698 144 33 Guvernören

236 726 113 31 dessutom
365 743 26 14 en
406 735 107 22 veterinär
528 736 51 21 eller
594 742 70 15 annan
680 735 121 29 sakkunnig
817 742 83 21 person.

581 802 12 26 $
611 802 33 21 15.

310 842 31 21 På
360 820 141 53 Guvernören
519 843 8 20 i
545 843 73 28 hvarje
633 843 35 20 län
685 834 123 30 ankommer
823 845 32 19 att
870 843 62 26 tillse,
948 843 37 22 det

239 878 36 22 val
290 878 23 22 af
328 878 137 22 medlemmar
479 879 7 21 i
502 878 249 29 besigtningsnämderna
766 878 41 22 och
820 878 23 22 af
853 879 85 23 valmän
950 879 36 22 för

239 914 241 22 kommunalledamoten
500 915 8 20 i
527 914 258 29 utskrifningsnämderna
805 915 7 20 i
832 914 48 29 laga
895 909 91 34 ordning

239 951 108 21 anställas.
376 950 131 22 Underläter
521 950 101 22 kommun
643 953 32 19 att
694 950 76 22 sådant
788 951 36 21 val
841 951 58 21 inom
918 954 67 18 utsatt

239 986 33 22 tid
285 986 123 27 verkställa,
426 988 50 27 äger
495 986 140 22 Guvernören
653 986 96 22 anförtro
768 986 37 22 det
823 986 162 29 ifrägavarande

239 1022 119 29 uppdraget
373 1022 23 22 ät
410 1022 43 22 den
469 1022 51 22 eller
535 1022 26 22 de
577 1029 102 22 personer
694 1023 57 21 inom
765 1022 134 27 kommunen,
911 1022 74 23 hvilka

238 1058 42 21 han
296 1058 72 21 finner
382 1058 70 21 dertill
468 1058 105 29 lämpliga.

579 1125 12 26 $
608 1124 33 21 16.

299 1164 50 23 Uti
367 1164 59 22 såväl
445 1164 142 29 besigtnings-
607 1172 45 14 som
668 1165 207 29 utskrifningsnämd
890 1166 93 21 tillkom-

238 1208 46 15 mer
298 1201 75 28 hvarje
391 1200 90 22 medlem
502 1202 27 20 en
543 1203 51 24 röst,
609 1201 41 21 och
665 1201 56 28 gälla
736 1201 38 21 vid
788 1201 73 28 yppad
874 1203 109 28 menings-

239 1235 85 23 olikhet'
339 1236 27 22 de
387 1236 62 22 flesta
471 1238 101 20 rösterna.
603 1231 70 27 Öfver
694 1236 113 22 förefallna
829 1238 155 29 omröstningar

238 1272 57 22 föres
311 1272 49 21 kort
374 1272 113 28 protokoll.

578 1338 12 26 8
608 1338 33 20 17.

308 1377 125 22 Uteblifver
451 1377 92 22 medlem
557 1378 8 20 i
583 1378 207 29 utskrifningsnämd
809 1379 50 21 eller
877 1365 111 36 tillkallad.

238 1413 113 29 suppleant
371 1413 34 21 för
423 1413 216 23 kommunalledamot
656 1413 48 22 frän
722 1414 211 29 utskrifningsställe,
948 1415 35 22 mä

237 1449 76 22 sädant
328 1449 49 22 icke
392 1452 75 27 utgöra
481 1449 77 22 hinder
572 1449 35 23 för
621 1450 166 29 förrättningens
802 1451 62 29 gäng.

308 1491 300 24 Hästutskrifningsutskotteis
621 1492 129 19 betänkande.

1026 358 31 9 aa
