1128 1773
271 154 13 20 6
460 152 29 23 U.
504 152 29 22 B.
550 165 26 3 —
592 152 72 28 Prop.
679 152 43 22 N:o
737 152 37 22 27.

362 221 106 27 Utgifter:

242 267 73 27 Enligt
330 268 164 26 propositionen
510 266 25 28 (s.
550 266 34 26 8).
616 267 117 27 5,890,970:
748 278 28 3 —

242 301 42 22 Till
309 301 158 27 nybyggnader
496 300 37 22 vid
558 301 27 21 de

272 336 60 21 äldre
346 336 95 21 banorna
460 336 66 27 enligt
541 336 43 20 sär-

272 370 56 21 skild
342 370 100 28 uppgift.
474 387 4 5 .
509 387 4 5 .
544 386 4 5 .
579 386 5 5 .
634 375 97 22 750,000:
747 382 28 3 —

242 405 42 22 Till
303 405 65 27 rörlig
387 405 96 21 materiel
498 405 36 21 vid
550 404 34 22 d:o

272 439 66 28 enligt
353 440 35 20 d:o
405 456 5 5 .
638 444 96 20 200,000:
752 451 24 3 —

243 475 42 20 Till
310 478 10 23 5
348 474 120 21 lokomotiv
490 474 96 27 (afsedda

272 512 32 18 att
328 508 103 21 bekostas
456 509 59 26 1895,
538 515 49 15 men

272 549 48 15 som
330 543 66 20 redan
408 543 54 26 1894
472 543 68 21 mäste
550 551 36 13 an-

272 577 100 26 skaffas).
403 593 5 5 .
439 593 5 5 .
475 593 4 4 <
510 593 4 5 <
546 594 38 5 so.
637 582 96 22 350,000:
749 589 27 3 —
834 581 118 22 7,190,970:
967 587 29 4 —

511 623 125 27 Behällning
651 623 36 21 ult.
703 623 47 20 dec.
766 623 54 26 1894
834 627 119 22 2,375,110:
968 627 27 21 43

312 674 44 21 Vid
376 674 158 28 behandlingen
556 675 25 21 af
599 675 125 21 Utskottets
747 674 136 21 betänkande
904 674 42 20 N:o
963 679 9 21 3
990 675 6 19 i

244 709 115 26 anledning
380 709 26 20 af
423 709 185 21 finansrelationen
623 709 63 21 hafva
701 709 99 27 samtliga
815 708 68 21 Ständ
899 708 97 27 godkänt

244 743 38 21 det
305 743 45 21 deri
372 744 25 25 (s.
414 744 25 25 38
455 743 22 26 f.)
492 743 75 27 gjorda
589 743 118 22 uttalandet
723 743 111 27 angående
851 742 145 29 ,nödvändig-

245 777 65 22 heten
325 777 63 22 deraf
400 780 32 19 att
447 777 68 22 skilda
530 778 75 27 anslag
619 777 31 22 till
661 777 157 28 nybyggnader
828 777 38 21 vid
876 777 28 21 de
914 777 82 26 färdiga

244 811 96 22 banorna
362 811 42 21 och
428 811 106 28 ökningen
554 812 24 21 af
590 813 42 20 den
647 812 77 27 rörliga
740 811 123 22 materielen
878 811 32 21 för
924 811 72 26 hvarje

245 845 144 28 finansperiod
404 845 105 22 beräknas
524 846 42 21 och
580 847 7 21 i
602 846 109 27 budgeten
721 846 130 27 uppföras*.

314 880 42 21 Till
378 879 86 29 ledning
479 881 33 21 för
527 880 145 32 beräkningen
686 881 25 20 af
723 881 59 21 detta
797 880 156 28 anslagsbehof
965 880 31 21 för

246 914 51 21 åren
319 916 110 25 1895—97
451 914 39 22 har
511 914 115 22 Utskottet
645 915 178 28 hufvudsakligen
837 915 46 21 haft
896 918 31 18 att
942 914 56 21 hålla

246 950 32 20 sin
300 948 31 22 till
352 949 42 21 den
414 948 135 28 förteckning
570 949 61 21 öfver
653 949 158 27 nybyggnader
833 949 41 21 och
889 956 29 20 ny
933 948 65 28 rörlig

246 983 103 25 materiel,
372 990 47 14 som
434 984 23 20 är
472 984 104 27 vidfogad
591 984 28 21 K.
634 984 26 21 E.
675 984 28 20 K.
732 984 73 27 Enligt
821 984 70 20 denna
905 983 93 21 förteck-

246 1018 52 26 ning
320 1017 67 21 skulle
409 1018 66 20 under
497 1018 42 21 den
561 1018 120 21 stundande
699 1018 172 27 treårsperioden
886 1018 32 20 för
933 1017 65 21 dessa

247 1051 99 21 ändamål
368 1051 106 21 erfordras
489 1052 156 27 sammanlagdt
660 1056 113 22 4,553,000
787 1051 66 21 mark.
883 1051 115 22 Utskottet

246 1085 38 21 har
298 1086 68 21 funnit
380 1086 160 27 behöfligheten
555 1086 25 21 af
590 1086 62 22 detta
666 1086 75 27 anslag
755 1086 53 21 böra
823 1085 110 27 erkännas,
949 1092 49 15 men

247 1120 77 27 afdrag
345 1120 45 21 deri
405 1120 53 21 böra
473 1120 64 27 göras
552 1120 25 22 af
589 1125 90 22 350,000
693 1120 62 21 mark
769 1120 50 21 eller
834 1122 67 25 priset
916 1120 32 21 för
965 1125 9 21 5
992 1122 6 19 i

246 1153 164 28 förteckningen
431 1158 112 24 upptagna
564 1154 125 26 lokomotiv,
705 1154 81 22 hvilket
801 1154 25 21 af
837 1154 115 22 Utskottet
966 1161 32 14 re-

247 1188 43 21 dan
305 1188 137 21 observerats
456 1188 65 22 bland
538 1190 54 26 1894
606 1190 34 20 års
655 1188 93 28 utgifter.
778 1189 110 27 Beloppet
904 1189 94 21 minskas

247 1222 127 28 härigenom
394 1223 32 21 till
447 1228 114 22 4,203,000
578 1223 67 21 mark.
674 1224 10 20 1
699 1223 85 27 bilagan
798 1223 21 21 D
835 1224 37 20 äro
888 1223 64 21 dessa
967 1226 31 18 ut-

246 1257 128 28 giftsposter
388 1256 154 28 specificerade
556 1257 46 22 sub.
617 1258 15 20 I.

315 1291 68 22 Detta
398 1292 75 26 anslag
486 1292 43 21 kan
539 1292 57 22 dock
608 1292 48 22 icke
668 1299 61 15 anses
741 1292 128 28 tillräckligt.
892 1292 29 21 Pä
930 1292 69 28 grund

247 1324 26 21 af
289 1324 94 21 erhällna
405 1325 155 27 upplysningar
582 1326 38 20 har
640 1326 120 24 Utskottet,
781 1326 38 20 vid
833 1326 131 26 granskning
978 1326 25 20 af

247 1358 163 27 förteckningen
429 1360 12 19 å
461 1365 17 14 s.
499 1364 13 21 9
533 1359 23 21 af
574 1360 28 20 K.
623 1359 26 21 E.
669 1360 28 20 K.
712 1359 61 21 öfver
788 1360 129 26 uppskjutna
932 1361 67 19 större

248 1392 84 22 arbeten
347 1396 86 18 stannat
447 1393 37 21 vid
499 1394 42 20 den
556 1394 62 27 äsigt,
634 1397 32 18 att
681 1394 42 20 den
738 1394 35 21 del
788 1396 21 18 af
824 1394 64 21 dessa
903 1394 94 26 arbeten,

246 1434 49 14 som
319 1428 24 20 är
367 1431 111 24 upptagen
500 1428 13 21 ä
534 1428 135 27 hosföljande
691 1428 148 28 specifikation
858 1429 19 21 II
892 1428 71 28 bilaga
978 1429 20 21 D

246 1462 108 28 svärligen
368 1461 43 22 kan
424 1462 126 28 uupskjutas
564 1462 32 22 till
610 1470 28 14 en
652 1470 75 14 senare
741 1463 151 28 finansperiod,
910 1463 43 21 och
967 1467 32 18 att

314 1502 130 17 Statsutskottets
456 1503 104 16 betänkande
571 1503 35 17 N:o
620 1507 21 12 10
653 1503 20 16 A.
