1134 1770
363 154 30 23 U.
408 156 27 22 B.
452 168 27 3 —
495 156 74 28 Prop.
585 156 42 23 N:o
643 156 36 23 31.
843 158 27 20 29

427 536 183 28 Reservationer.

511 605 18 21 L

211 666 98 22 Emedan
331 667 22 21 vi
375 667 48 21 icke
441 667 81 21 kunnat
537 668 76 21 förena
628 675 34 14 oss
678 676 34 13 om
727 668 41 21 alla
783 668 27 21 de
825 668 23 21 af
862 671 33 18 ut-

143 701 92 21 skottets
256 700 108 29 pluralitet
379 702 7 20 i
401 701 58 21 detta
480 701 116 29 lagförslag
617 702 102 28 vidtagna
737 702 120 28 ändringar,
872 710 23 14 se

142 736 23 20 vi
186 742 34 14 oss
243 734 124 22 nödsakade
389 738 32 18 att
435 736 7 20 i
457 735 104 29 vidfogad
583 737 130 20 reservation
731 736 164 28 tillkännagifva

142 769 39 21 vår
195 770 92 26 mening.

211 803 47 22 Vid
272 803 225 28 lagstiftningsfrågor,
511 804 38 20 der
564 804 92 21 kronans
672 804 40 21 och
727 804 42 21 den
787 804 107 21 enskildes

142 839 42 19 rätt
206 837 85 21 komma
313 840 31 18 att
365 838 88 28 afvägas
477 841 57 17 emot
548 833 125 38 hvarandra,
688 838 39 21 bör
741 838 95 22 hvarken
852 838 42 22 den

142 871 108 22 enskildes
273 871 70 22 fördel
364 871 124 28 tillgodoses
509 872 28 27 på
555 872 119 21 bekostnad
689 872 23 21 af
726 872 37 21 det
778 872 115 21 allmännas

143 907 19 27 ej
178 905 66 22 heller
259 905 37 22 det
311 905 115 22 allmännas
442 905 27 29 på
485 905 120 22 bekostnad
620 906 23 21 af
657 906 41 21 den
714 906 113 21 enskildes.

210 939 76 29 Enligt
300 939 48 22 vårt
363 939 138 22 förmenande
517 940 38 21 har
567 940 56 21 dock
633 940 105 21 utskottet
749 940 37 22 vid
799 941 96 21 behand-

141 974 73 28 lingen
230 974 22 21 af
267 974 59 21 detta
341 974 115 28 lagförslag
471 975 18 27 ej
505 974 50 21 fullt
569 974 88 22 beaktat
671 975 59 21 detta
740 977 51 19 utan
802 975 93 28 ensidigt

141 1007 135 29 tillgodosett
297 1008 41 21 den
363 1007 107 22 enskildes
493 1008 75 22 fördel.
606 1008 133 29 Stadgandet
761 1011 31 19 att
806 1009 88 26 kronan,

140 1043 48 20 ifall
210 1042 42 22 den
276 1043 17 27 ej
317 1043 37 21 vill
373 1042 28 28 på
416 1050 26 13 en
457 1043 58 27 gång
529 1043 63 27 gälda
606 1043 48 21 hela
669 1044 225 27 ersättningssumman

141 1076 35 22 för
190 1076 157 28 förminskning
362 1076 24 21 af
399 1076 142 28 fastighetens
556 1076 72 28 värde,
642 1084 51 14 vore
709 1077 85 29 skyldig
804 1080 31 18 att
844 1078 50 21 med

140 1118 28 14 en
188 1110 42 22 för*
245 1110 110 22 obestämd
375 1110 33 22 tid
429 1110 117 22 bestående
569 1110 53 29 årlig
644 1111 64 28 afgift
729 1113 78 19 ersätta
826 1111 66 21 sådan

141 1144 230 29 värdeförminskning,
385 1146 24 20 är
423 1144 34 22 för
472 1145 81 21 kronan
569 1145 24 21 så
615 1145 157 29 ofördelaktigt,
792 1148 31 19 att
844 1146 49 21 kro-

142 1187 43 14 nan
200 1180 18 28 ej
234 1179 105 28 någonsin
354 1179 61 21 torde
431 1179 71 21 kunna
517 1179 98 29 begagna
630 1180 32 28 sig
676 1180 67 22 deraf.
768 1175 126 27 Önskvärdt

142 1216 24 19 är
181 1214 37 21 det
232 1214 18 28 ej
266 1213 67 22 heller
348 1216 31 18 att
393 1214 39 21 hos
448 1221 35 14 oss
494 1214 55 28 ånyo
560 1214 68 22 skulle
637 1214 78 29 uppstå
725 1214 169 29 privilegierade,

142 1248 27 21 de
184 1248 58 21 förra
256 1248 118 21 rusthållen
388 1248 106 27 liknande,
509 1248 131 28 fastigheter.
664 1248 35 21 Då
713 1249 82 21 kronan
810 1249 83 21 således

142 1283 18 27 ej
185 1282 68 22 skulle
276 1282 72 21 kunna
369 1282 98 28 begagna
481 1283 33 27 sig
529 1282 24 22 af
567 1282 59 22 detta
641 1284 176 28 ersättningssätt,
832 1283 61 22 stode

142 1316 42 21 den
199 1317 54 20 intet
268 1319 65 18 annat
347 1316 70 21 medel
431 1316 32 21 till
478 1316 61 27 buds,
555 1318 27 19 än
598 1319 31 18 att
644 1318 101 27 antingen
757 1317 28 28 på
795 1325 27 13 en
836 1317 57 28 gång

141 1350 95 21 utbetala
248 1349 48 22 hela
306 1349 230 29 ersättningsbeloppet
549 1350 51 21 eller
609 1350 95 28 tillämpa
714 1352 180 27 expropriations-

140 1383 154 28 förordningen
311 1383 23 21 af
349 1383 42 21 den
407 1385 26 20 12
448 1383 121 22 December
585 1385 60 20 1864.
672 1384 44 21 Det
730 1385 23 20 af
768 1385 105 21 utskottet
887 1386 6 20 i

141 1418 13 20 3
170 1418 12 26 $
198 1418 13 20 3
226 1424 63 14 mom.
303 1417 122 27 föreslagna
440 1417 129 27 stadgandet
580 1417 66 21 hafva
656 1418 21 21 vi
690 1417 84 22 derföre
782 1419 18 27 ej
812 1418 82 21 kunnat

139 1451 121 28 godkänna.

208 1491 131 23 Lagutskottets
351 1491 109 18 betänkande
473 1491 36 18 N:o
523 1491 16 18 6.
