1109 1767
282 143 14 19 4
443 140 83 23 Ständ.
542 140 38 22 Sv.
597 152 24 3 —
638 140 72 27 Prop.
725 140 42 22 N:o
782 139 37 22 24.

255 205 65 21 öfver
342 184 121 53 Niinivesi|
484 205 106 28 uppsöka
611 203 112 23 Savolaks
747 204 82 22 banan.
858 204 46 21 Vid
927 204 81 21 sädant

255 238 144 22 förhållande
414 238 43 22 och
473 237 29 23 dä
517 239 13 21 ä
539 238 103 22 bibanan
652 238 53 22 från
716 238 145 28 Suonenjoki
871 238 37 21 till
918 238 90 28 Iisvesi,

255 272 97 22 hvilken
376 272 74 22 likväl
463 273 142 28 |uppsamlar
627 272 68 22 trafik
717 272 52 22 frän
792 280 29 14 en
838 272 170 28 jemförelsevis

255 314 62 14 mera
332 306 155 22 framstäende
502 307 110 28 landsort,
629 306 26 22 af
667 306 59 22 brist
741 308 29 27 pä
785 306 57 29 gods
858 306 43 22 och
911 306 97 22 resande

256 342 41 21 alls
313 341 52 22 icke
380 341 131 32 trafikerats
522 342 74 21 under
604 341 224 29 vintermänaderna,
838 341 46 22 kan
895 342 53 21 med
958 341 51 21 skäl

255 375 97 29 befaras,
377 377 33 20 att
431 374 63 24 mera
516 379 29 18 än
568 376 89 22 hälften
673 375 27 22 af
712 375 101 23 bibanan
836 375 170 29 Suonenjoki—

255 410 86 28 Kuhjo,
365 410 100 29 nämligen
505 410 52 22 frän
579 410 146 28 Rautalampi
748 410 107 29 kyrkoby
870 410 37 22 till
922 410 86 28 Kuhjo,

256 444 59 22 skall
330 445 93 21 komma
437 446 36 27 att
487 444 120 22 trafikeras
623 444 82 22 endast
720 444 73 22 under
804 444 45 22 den
863 444 35 22 tid
913 444 26 22 af
952 446 55 26 äret,

257 479 28 21 dä
300 478 83 29 sjöfart
398 478 41 22 här
454 474 46 43 kan
516 486 43 21 ega
573 486 58 14 rum.

324 513 37 21 En
385 512 118 29 betydligt
525 520 63 14 mera
609 512 134 22 trafikstark
769 512 124 29 slutpunkt
918 512 36 22 för
980 520 28 14 en

254 548 100 28 jernväg
369 547 37 21 till
421 555 33 13 nu
468 547 177 29 ifrågavarande
662 546 139 30 vattendrag
815 547 79 22 blefve
906 547 104 22 deremot

257 582 113 22 Suolahti.
401 576 194 36 Omgifningarna
618 582 25 21 af
665 582 105 21 Keiteles
793 581 92 29 sydliga
908 581 38 22 del
970 585 39 18 äro

255 616 169 30 jemförelsevis
447 616 75 22 bättre
542 615 123 23 befolkade
680 615 43 23 och
738 616 73 22 under
827 624 29 13 en
871 616 61 28 följd
947 616 25 21 af
986 616 24 21 är

256 652 41 21 har
313 651 186 29 ängbätsrörelse
514 653 40 26 egt
569 658 50 14 rum
635 650 98 22 emellan
748 645 136 27 Äänekoski
899 650 41 22 vid
958 650 51 22 dess

257 686 128 28 sydligaste
400 686 59 21 ända
472 686 45 23 och
531 685 126 22 Viitasaari
670 685 92 28 socken,
773 685 83 22 medan
866 685 145 29 ängbätsfart

257 722 8 20 i
280 720 107 29 riktning
405 722 49 20 mot
468 720 79 29 Kuhjo
564 720 41 22 vik
621 720 20 28 ej
657 719 156 23 förekommit.
843 720 46 22 Till
905 720 106 22 Suolahti

257 762 55 15 vore
327 755 70 21 också
412 754 113 22 vintertid
539 754 70 22 trafik
627 756 34 20 att
677 756 86 20 emotse
779 755 64 21 såväl
857 754 52 22 från
925 754 86 29 närlig-

257 790 74 28 gande
346 789 103 22 folkrika
464 789 57 29 byar
535 789 9 21 i
559 789 109 21 Laukkas
684 788 86 22 socken
785 796 49 14 som
848 789 51 21 från
910 788 100 22 Sumiais

257 824 43 22 och
310 824 185 28 Konginkangas
512 824 159 28 angränsande
687 824 103 28 kapeller
801 826 59 19 samt
871 826 62 19 östra
944 824 66 22 delen

257 858 26 22 af
295 858 126 29 Saarijärvi
444 855 91 25 socken.
565 853 71 27 Ännu
651 858 181 29 fördelaktigare
847 858 108 22 framstår
970 858 42 29 Jy-

257 892 233 30 väskylä—Suolahti
504 892 77 22 banan
595 892 53 22 med
663 892 108 22 afseende
787 894 14 20 å
815 892 44 22 den
871 893 139 29 lokaltrafik,

257 934 48 15 som
329 928 13 20 å
366 928 87 21 banans
475 927 199 22 mellanstationer
689 927 78 22 kunde
783 927 120 29 päräknas.
932 927 79 23 Allde-

257 962 33 22 les
306 966 55 18 nära
375 962 64 22 intill
458 952 75 32 denna
555 962 60 22 bana
636 962 64 29 ligga
715 962 118 29 nämligen
848 962 162 29 Kuhankoski,

257 997 168 21 Kuusankoski
450 991 43 27 och
517 997 167 28 Kapeenkoski
707 999 60 19 samt
789 997 52 21 litet
863 998 81 28 längre
959 997 53 21 frän

259 1032 132 21 densamma
405 1026 136 27 Äänekoski
556 1031 43 22 och
614 1031 181 22 Mämminkoski
810 1031 80 22 forsar.
914 1031 46 21 Det
975 1039 37 21 sy-

257 1074 41 14 nes
321 1074 55 14 vara
398 1066 177 28 otvifvelaktigt
596 1068 40 26 att,
659 1073 38 14 om
720 1066 177 28 ifrågavarande
912 1066 100 28 jernväg

257 1102 95 26 utföres,
376 1095 137 27 industriela
535 1101 57 21 verk
614 1101 42 21 här
679 1101 62 21 inom
765 1101 54 21 kort
841 1100 66 22 skola
921 1101 91 28 uppstå.

257 1136 142 28 Byggandet
414 1136 24 21 af
451 1134 267 30 Jyväskylä--Suolahti
733 1135 84 21 bandel
833 1142 54 14 vore
899 1134 88 29 jemväl
1002 1135 8 21 i

259 1172 25 20 sä
298 1171 72 21 mätto
393 1170 200 28 ändamälsenligt,
616 1171 34 20 att
671 1171 34 20 ett
719 1168 152 29 välbehöfligt
886 1169 103 22 tillskott
1004 1170 8 21 i

260 1205 67 21 trafik
343 1205 134 28 härigenom|
495 1204 76 21 skulle
582 1204 99 22 tillföras
709 1204 87 21 Keuru—
807 1204 128 28 Jyväskylä
950 1204 62 28 jern-

259 1243 52 25 väg,
336 1239 83 21 medan
434 1239 75 21 denna
523 1239 67 27 bana,
607 1245 36 15 om
659 1238 45 22 den
729 1238 86 22 erhölle
830 1238 131 28 Jyväskylä
976 1238 36 22 till

259 1273 128 29 slutpunkt,
411 1273 51 21 icke
483 1273 68 21 torde
573 1273 80 21 kunna
675 1273 102 27 päräkna
798 1280 29 14 en
849 1272 93 28 rörelse,
963 1280 49 14 som

259 1308 76 20 skulle
357 1310 116 18 motsvara
483 1302 9 36 |
495 1308 87 20 banans
605 1307 174 27 trafikförmäga
799 1306 44 22 och
857 1306 155 22 kostnaderna

258 1341 37 21 för
310 1341 52 21 dess
379 1340 162 29 exploataktion.

326 1375 47 21 För
395 1374 131 29 Jyväskylä
554 1365 108 43 Suolahti
681 1374 76 22 banan
780 1375 41 21 har
837 1374 40 22 vid
892 1369 120 35 Öfversty-

259 1410 75 22 relsen
349 1410 36 22 för
395 1412 54 26 väg-
460 1410 43 21 och
517 1410 248 29 vattenbyggnaderna
775 1410 122 29 uppgjorts
908 1409 104 30 följande

258 1444 209 29 kostnadsförslag:
