1114 1773
246 165 27 20 42
474 161 24 23 U.
514 161 23 23 B.
554 174 27 3 —
597 161 64 29 Prop.
676 161 38 23 N:o
730 160 35 23 32.

561 269 69 22 KAP.
646 268 31 21 II.

247 322 43 24 Om
301 323 95 22 landets
408 323 129 28 indelning
543 323 55 22 med
604 322 113 23 afseende
723 321 14 24 ä
745 321 243 28 hästutskrifningen.

595 389 12 26 s
623 389 20 20 8.

317 435 49 22 Den
386 435 111 30 indelning
508 435 30 24 af
558 435 73 22 landet
648 436 8 21 i
671 435 181 29 uppbädskretsar
866 438 55 19 samt
936 443 55 21 upp-

248 471 64 22 bäds-
327 471 41 22 och
383 471 209 30 lottningsomräden,
609 479 46 14 som
664 471 35 22 för
707 467 89 49 uppbäd
803 467 28 38 af
840 467 154 51 värnepligtigt

248 507 103 29 manskap
367 509 24 20 är
405 507 103 29 gällande,
523 507 107 30 tillämpas
644 507 100 29 jämväl
731 503 17 38 i
757 503 104 52 afseende
877 507 13 21 å
903 507 88 21 utskrif-

248 544 51 41 ning
314 543 23 21 af
352 543 77 22 kästar.

594 623 13 27 s
623 623 19 20 9.

317 668 62 21 Inom
398 669 73 28 hvarje
491 658 193 45 lottningsområde
699 673 59 18 utser
773 669 147 26 Guvernören,
935 668 55 22 efter

227 704 2 3 *
247 704 160 22 vederbörande
423 705 136 22 kommuners
574 705 99 27 hörande,
689 713 26 14 en
730 705 164 29 samlingsplats,
909 705 13 21 å
933 704 57 22 hvil-

247 740 43 21 ken
305 739 106 23 -omrädets
427 741 72 22 hästar
513 741 88 30 pröfvas
617 741 40 23 och
671 741 119 29 lottningen
806 741 132 22 verkställes.

316 777 33 21 På
363 776 82 30 förslag
459 777 24 22 af
498 777 163 23 Guvernörerne
672 777 128 22 bestämmer
812 777 92 22 Senaten
914 777 9 21 i
935 783 55 15 sam-

245 811 39 23 råd
301 812 50 22 med
369 812 225 30 Generalguvernören
613 814 34 22 för
664 813 73 29 hvarje
755 812 185 30 uppbådsområde
959 815 31 19 ett

247 848 51 22 eller
316 848 54 29 flere
394 849 223 30 utskrifningsställen,
635 845 40 27 der
692 849 101 23 hästarna
812 848 117 23 utskrifvas
949 848 41 22 och

245 884 142 23 öfverlemnas
403 885 22 22 åt
440 889 126 26 truppernas
581 885 133 23 utskickade.

554 1023 69 22 KAP.
639 1023 42 21 II.

249 1051 55 54 Om.
311 1082 30 22 de
359 1082 178 29 myndigheter,
556 1088 86 23 genom
657 1082 82 23 hvilka
753 1077 237 62 Kästutskrifötngen

547 1120 150 37 verkställes.
981 1138 6 7 N

520 1171 9 25 &

587 1191 12 26 s
617 1190 32 21 10.

318 1235 34 22 De
368 1236 153 29 myndigheter,
536 1236 73 22 hvilka
624 1228 93 29 närmast
731 1236 67 22 hafva
813 1239 32 18 att
859 1236 92 28 fullgöra
963 1236 27 21 de

247 1271 50 22 med
311 1271 206 30 hästutskrifningen
532 1271 101 22 förenade
648 1271 127 30 åligganden
790 1273 43 24 äro,
845 1271 93 22 förutom
948 1271 42 22 den

246 1307 35 20 för
291 1307 130 28 handlingen
433 1307 22 20 af
463 1307 223 30 värnepligtsärenden
694 1307 89 20 tillsatta
790 1307 199 28 uppbädsnämden:

317 1341 197 29 besigtningsnämd
527 1342 42 21 och

315 1376 212 29 utskrifningsnämd.

315 1413 82 29 Frågor
415 1413 91 22 rörande
525 1413 178 29 hästutskrifning
721 1413 130 30 handläggas
871 1413 40 22 och
930 1413 59 29 afgö-

246 1457 34 14 ras
296 1450 33 21 uti
343 1449 190 29 uppbädsnämden
549 1450 23 21 af
587 1450 48 22 dess
651 1450 97 29 ständige
764 1450 122 22 ledamöter.

317 1491 300 24 Hästutskrifningsutskottets
630 1492 131 19 betänkande.
