1148 1770
374 154 29 22 U.
419 155 28 21 B.
463 167 26 3 —
504 155 74 28 Prop.
594 156 43 22 N:o
651 156 41 22 29.
857 157 26 19 37

161 226 136 26 maskiner,
314 226 89 22 drifna
416 226 58 22 med
487 226 76 28 ånga,
577 228 91 24 vatten,
682 226 70 26 vind,
766 226 147 22 elektricitet

161 260 61 22 eller
240 266 89 16 annan
341 260 213 26 elementarkraft,
568 260 131 22 äfvensom
711 260 105 29 företag,
830 260 8 22 i
850 260 62 22 hvil-

160 294 43 22 ket
230 294 129 28 explosiva
387 294 91 22 ämnen
501 294 128 22 tillverkas
654 294 59 22 eller
731 294 182 29 yrkesmässigt

161 328 142 27 användas;

229 362 26 28 b)
273 362 231 30 byggnadsarbete,
530 369 53 15 som.
607 362 67 22 afser
691 362 117 30 jernväg,
827 362 84 27 kanal,

160 392 76 38 hamn,
251 397 38 29 kaj
304 397 59 22 eller
372 396 100 29 fyrbåk,
487 397 129 22 äfvensom
630 398 79 21 större
721 397 191 29 brobyggnads-

161 431 91 26 arbete,
271 438 54 15 som
348 431 94 22 utföres
460 431 38 28 på
522 432 93 21 statens
640 431 61 22 eller
724 432 132 21 kommuns
875 431 38 22 be-

161 465 121 27 kostnad;

229 499 22 29 c)
270 499 87 29 kyrko-
385 499 44 22 och
458 499 331 29 fabriksbyggnadsarbete;
819 499 30 22 så
867 499 45 22 ock

161 533 135 29 byggande
325 533 32 23 af
382 533 47 22 hus
453 534 11 21 i
491 533 65 23 flera
583 535 35 21 än
645 540 30 16 en
701 533 97 29 våning
825 533 7 22 i
854 533 56 22 stad

161 568 60 22 eller
238 568 103 29 köping,
361 568 131 22 äfvensom
510 568 119 22 likartadt
649 568 84 22 arbete
747 568 14 21 å
773 568 93 26 landet,
880 567 33 23 då

161 602 42 22 det
229 602 95 22 utföres
351 602 39 22 för
417 603 102 25 statens,
547 603 165 21 kommunens
740 602 58 22 eller
830 608 83 16 annan

160 636 140 29 menighets
318 636 87 27 behof;

229 671 26 28 d)
275 671 156 29 anläggning
450 671 59 21 eller
521 671 133 22 underhåll
667 670 25 22 af
705 670 91 22 allmän
809 672 103 24 vatten-,

160 705 86 22 kloak-
265 705 58 22 eller
341 705 161 29 gasledning;

231 739 24 28 e)
273 740 101 25 rörelse,
401 746 54 15 som
480 739 68 22 afser
566 739 161 29 anläggning
746 738 60 22 eller
823 738 91 22 under-

162 773 56 23 håll
239 773 32 22 af
285 774 117 21 elektrisk
420 774 105 28 ledning
543 774 60 21 eller
621 773 166 22 bedrifvande
801 773 25 21 af
837 772 77 22 trafik

161 808 14 22 ä
194 808 109 28 jernväg
323 808 58 22 eller
401 814 83 16 annan
503 808 110 28 spärväg
631 808 39 21 för
689 807 91 21 allmän
794 807 120 21 samfärd-

162 842 45 27 sel;
228 842 45 22 och

229 876 20 29 f)
267 876 102 27 rörelse,
389 876 45 21 der
452 876 82 21 såsom
553 876 62 28 yrke
634 875 95 22 utföres
741 875 113 28 lossning
867 875 46 22 och

161 911 112 28 lastning
292 911 25 22 af
334 917 84 20 varor,
438 911 64 20 samt
519 910 33 28 pä
571 909 132 22 enahanda
723 910 49 21 sätt
789 909 125 22 bedrifvet

161 945 147 29 bergnings-
327 945 46 22 och
391 944 200 29 dykeriföretag;
608 943 29 23 sä
650 944 44 22 ock
706 943 206 28 skorstensfejeri.

509 1047 13 21 3
539 1030 27 50 8.

229 1115 191 29 Arbetsgifvare
438 1115 31 22 är
488 1115 54 26 den,
563 1115 40 22 för
621 1115 76 21 hvars
716 1114 111 29 räkning
846 1114 10 22 i
871 1114 17 22 2
899 1115 15 27 $

160 1150 110 22 nämnät
289 1150 97 28 företag
403 1149 95 23 utföres
518 1150 60 21 eller
596 1148 133 23 bedrifves.

229 1185 59 21 Har
305 1184 86 29 någon
409 1183 112 30 upplätit
538 1184 147 22 utförandet
704 1183 32 22 af
751 1183 90 26 arbete,
858 1190 54 15 som

161 1219 163 22 omförmäles
348 1219 10 21 i
379 1219 18 21 2
415 1219 16 27 $
449 1218 114 29 punkten
585 1218 33 29 b),
640 1218 30 29 c),
693 1218 60 22 eller
774 1217 35 29 d),
828 1218 11 21 i
857 1218 55 22 dess

161 1254 82 22 helhet
270 1253 27 22 åt
316 1260 101 22 person,
437 1260 53 15 som
508 1253 67 28 gjort
593 1253 41 22 till
651 1252 44 22 sitt
712 1252 61 28 yrke
791 1253 37 21 att
846 1252 67 22 verk-

162 1288 79 22 ställa
260 1288 91 28 dylika
369 1288 110 25 arbeten,
499 1294 59 15 vare
577 1288 48 21 den
643 1286 159 22 sistnämnde
815 1286 99 22 ansedd

161 1322 84 22 såsom
264 1322 190 28 arbetsgifvare.

234 1355 120 29 Uppläter
381 1355 85 29 någon
492 1355 52 22 viss
565 1355 41 22 del
625 1355 32 22 af
671 1354 95 22 sådant
784 1354 84 22 arbete
886 1353 30 22 ät

161 1397 96 18 annan,
283 1397 42 20 ege
343 1390 52 21 rätt
412 1391 38 20 att
468 1389 16 22 ä
503 1389 80 22 denne
602 1388 153 27 öfverflytta
774 1389 30 20 de
823 1388 93 21 arbets-

160 1423 119 29 gifvaren
301 1423 80 28 enligt
404 1422 84 22 denna
507 1422 43 28 lag
569 1421 140 30 äliggande
729 1421 170 28 förpligtelser
905 1428 9 19 ;

229 1500 48 23 Lag-
290 1500 32 17 och
334 1499 182 18 Ekonomiutskottets
528 1499 109 18 betänkande
651 1500 35 16 N:o
698 1498 29 18 12.
