1125 1767
364 155 28 22 U.
408 154 27 24 B.
451 168 26 3 —
493 155 73 28 Prop.
581 155 43 22 N:o
639 155 36 22 27.

426 528 184 28 Reservationer.

508 598 17 21 I.

210 661 104 21 Emedan
334 660 42 29 jag
398 661 8 21 i
426 661 113 21 särskilda
554 661 99 28 punkter
670 660 51 22 icke
736 661 46 21 kan
798 661 97 21 omfatta

142 695 126 21 utskottets
290 694 239 29 författningsförslag
553 694 102 22 anhåller
673 694 41 29 jag
735 697 34 20 att
788 695 25 21 få
827 694 68 22 fram-

142 729 63 22 hålla
220 730 48 21 min
283 729 125 22 afvikande
424 730 66 28 åsigt.

210 764 52 22 Den
265 760 15 38 i
295 764 273 29 författningsförslagets
580 766 12 26 $
601 766 12 20 2
622 766 120 28 upptagna
749 764 145 22 tidsbestäm-

142 799 87 28 ningen
246 799 72 27 ,inom
328 798 97 22 Januari
436 799 97 21 månad"
544 799 35 21 för
589 800 151 28 magistraten
749 801 34 19 att
791 798 104 22 inhemta

142 833 229 29 stadsfullmäktiges,
379 836 75 20 event.
463 833 193 22 rådhusstämmas
661 834 108 28 yttrande
776 833 119 29 angående

142 868 88 22 antalet
245 867 293 29 försäljningsrättigheter,
547 875 45 14 som
606 868 66 22 skola
680 868 110 28 utgifvas,
802 868 43 22 och
857 874 37 15 om

142 903 28 21 de
186 903 88 21 trakter
296 902 26 22 af
340 902 88 28 staden,
451 902 40 22 der
511 902 233 30 försäljningsställen
759 902 36 22 för
811 903 84 21 minut-

142 937 84 22 handel
242 938 52 21 med
309 938 66 22 viner
391 938 42 22 och
448 945 96 21 svagare
555 937 137 29 rusdrycker
706 937 24 21 få
739 937 75 21 finnas
822 936 73 22 under

142 972 102 29 följande
259 972 240 30 försäljningstermin,
519 980 67 21 synes
602 973 48 28 mig
667 972 94 28 mycket
777 972 117 28 olämplig,

142 1007 96 22 emedan
254 1007 39 22 det
308 1008 95 27 slutliga
425 1008 136 28 afgörandet
579 1008 25 21 af
624 1006 131 23 inlemnade
771 1006 124 22 ansöknin-

141 1049 42 21 gar
198 1049 37 15 om
250 1041 264 30 försäljningsrättighet
531 1042 132 29 derigenom
679 1041 59 21 skall
753 1041 92 21 komma
860 1043 35 19 att

141 1076 41 22 ske
197 1077 26 21 så
238 1079 56 24 sent,
311 1079 35 19 att
360 1076 45 22 den
417 1076 93 29 vanliga
521 1076 63 22 tiden
595 1076 36 22 för
640 1075 255 29 hyresaftalsingående

140 1111 71 21 redan
230 1111 84 28 utgått.
344 1111 46 21 Vid
411 1111 189 21 remissdebatten
621 1111 63 21 inom
699 1109 196 29 Borgareståndet

141 1145 27 21 af
188 1145 44 22 den
247 1145 86 29 nådiga
354 1145 173 30 propositionen
550 1145 42 22 har
607 1153 28 14 en
650 1145 55 21 ärad
725 1144 104 25 medlem,
846 1151 48 14 som

142 1183 25 18 är
179 1180 38 21 väl
226 1181 119 28 förtrogen
353 1180 52 21 med
414 1179 79 29 dylika
501 1180 111 21 ärendens
621 1179 147 28 behandling,
777 1178 119 29 uppgifvit

141 1217 35 18 att
184 1215 76 20 denna
268 1215 109 28 vanligen
386 1215 119 28 medtager
515 1222 28 13 en
551 1214 34 22 tid
594 1213 25 22 af
624 1221 41 21 par
676 1213 115 22 månader.
813 1212 82 29 Enligt

140 1248 267 29 författningsförslaget
420 1249 47 21 kan
482 1248 97 22 sålunda
594 1249 50 26 den,
656 1255 48 14 som
716 1247 44 22 den
773 1250 55 19 1:sta
837 1247 58 21 Juni

142 1283 67 21 tänkt
224 1286 77 26 öppna
316 1291 28 13 en
360 1283 160 22 minuthandel
535 1283 52 22 med
602 1283 72 25 viner,
685 1282 58 21 först
755 1281 140 29 föregående

140 1318 61 21 Mars
217 1318 83 21 månad
316 1318 24 21 få
361 1321 54 18 veta
435 1325 37 14 om
491 1317 56 22 hans
563 1317 103 22 ansökan
682 1324 34 14 om
733 1316 114 29 rättighet
861 1318 35 19 att

142 1352 76 22 drifva
233 1352 44 22 den
298 1353 119 21 tilltänkta
437 1352 87 22 affären
546 1352 78 22 blifvit
638 1351 101 29 beviljad
755 1351 42 22 och
813 1351 8 20 i
836 1350 59 22 hvil-

140 1387 45 20 ken
202 1387 62 20 trakt
280 1387 25 20 af
318 1387 80 20 staden
414 1387 45 20 han
475 1387 59 20 skall
553 1387 105 27 förlägga
674 1386 138 21 densamma.
844 1385 51 21 Olä-

140 1420 142 27 genheterna
297 1420 70 21 häraf
379 1424 39 17 äro
433 1419 139 29 uppenbara,
586 1419 29 21 då
630 1419 46 21 han
692 1419 19 28 ej
728 1419 63 21 förut
806 1418 89 21 kunnat

141 1457 56 26 göra
213 1461 47 22 upp
279 1453 128 29 hyresaftal
427 1460 37 15 om
487 1453 62 22 lokal
568 1453 36 22 för
619 1453 36 22 sin
670 1452 62 22 affär.
764 1453 53 20 Men
833 1455 62 18 ännu

209 1495 182 18 Ekonomiutskoiteis
403 1495 109 18 betänkande
524 1495 20 17 N
551 1500 9 11 o
572 1494 29 18 10.
