1125 1767
343 162 29 22 U.
388 162 28 22 B.
431 176 28 2 —
475 162 73 29 Prop.
564 163 44 23 N:o
623 162 36 23 27.

379 534 300 22 Ekonomiutskottets
694 533 181 23 betänkande

328 568 53 22 N:o
397 568 46 28 10,
458 568 8 22 i
483 568 134 28 anledning
628 567 28 23 af
663 568 65 22 Hans
738 567 137 29 Kejserliga

328 602 123 28 Majestäts
466 602 91 29 nådiga
571 602 163 28 proposition,
750 602 124 28 angående

328 638 63 21 vissa
407 637 208 28 inskränkningar
629 637 11 22 i
654 636 109 23 handeln
775 637 55 22 med
841 637 33 22 vi-

327 677 45 16 ner
388 671 46 23 och
449 672 77 21 andra
541 678 99 21 svagare
656 670 159 29 rusdrycker.

189 768 162 22 Förevarande
377 768 86 28 nådiga
487 768 145 29 proposition
656 768 42 22 har
721 768 26 21 af
767 768 108 29 samtliga

121 802 69 22 stånd
212 802 141 22 remitterats
375 802 38 22 till
435 802 229 26 ekonomiutskottet,
686 802 90 22 hvilket
788 802 87 30 jemväl

122 836 85 23 medels
219 837 85 28 utdrag
326 844 27 14 ur
368 837 112 21 ståndens
503 837 117 29 protokoll
643 836 92 22 erhållit
755 836 38 22 del
808 837 26 22 af
847 838 28 21 de

121 871 143 25 uttalanden,
280 878 49 14 som
344 871 41 21 vid
400 871 162 22 diskussionen
578 878 36 15 om
626 871 96 22 berörda
731 872 145 28 proposition

122 906 106 28 afgifvits
243 906 63 21 inom
322 905 28 22 de
373 905 76 23 skilda
463 905 106 23 stånden.
600 906 116 29 Derjemte
732 906 42 22 har
788 906 88 23 utskot-

121 943 35 19 tet
171 941 8 21 i
195 940 61 29 syfte
271 942 35 20 att
321 940 75 22 erfara
411 940 30 22 de
456 940 57 27 skäl,
537 941 30 28 på
582 940 75 29 grund
679 940 27 22 af
717 940 81 22 hvilka
812 948 63 22 rege-

122 976 81 28 ringen
220 974 50 22 icke
286 974 104 29 godkänt
411 974 44 22 den
471 974 27 23 af
509 975 130 22 Ständerna
649 974 40 23 vid
700 978 90 20 senaste
800 976 76 22 landt-

122 1010 46 28 dag
184 1012 101 26 antagna
300 1009 95 27 motion,
419 1009 161 22 innefattande
603 1010 137 28 förordning
762 1018 38 14 om
814 1010 62 22 vissa

122 1044 195 28 inskränkningar
339 1044 9 20 i
363 1043 102 22 handeln
488 1044 52 22 med
565 1051 95 22 svagare
675 1044 143 28 rusdrycker,
834 1044 41 22 hos

121 1078 132 29 Kejserliga
269 1078 98 21 Senaten
385 1078 99 22 anhållit
500 1086 37 14 om
559 1078 83 29 utdrag
656 1086 28 14 ur
699 1078 39 22 det
753 1079 122 28 protokoll,

122 1120 50 14 som
194 1112 57 22 förts
274 1112 39 22 vid
336 1111 208 30 handläggningen
568 1112 26 22 af
612 1112 101 22 nämnda
735 1113 141 23 ständermo-

122 1147 56 22 tion.
210 1146 49 22 Och
280 1147 42 21 har
343 1148 122 26 utskottet,
489 1147 58 22 efter
570 1147 102 22 erhållen
694 1147 38 22 del
753 1148 26 22 af
795 1148 80 22 ofvan-

123 1181 96 22 berörda
242 1181 145 29 aktstycken,
410 1182 84 21 skridit
516 1182 37 21 till
574 1181 172 29 behandlingen
769 1182 27 22 af
813 1182 64 22 detta

123 1216 91 27 ärende,
225 1216 90 21 hvilket
326 1216 38 21 vid
375 1216 157 22 innevarande
543 1216 155 22 ständermöte
705 1216 87 28 jemväl
802 1218 74 28 gjorts

123 1251 37 21 till
172 1250 97 22 föremål
283 1250 37 22 för
334 1251 51 21 icke
401 1250 90 22 mindre
507 1255 29 17 än
555 1253 86 19 tvenne
656 1251 62 21 inom
733 1252 143 22 Prestestån-

123 1285 40 21 det
178 1285 43 21 och
236 1285 47 21 lika
304 1286 85 27 många
404 1285 63 21 inom
488 1285 175 22 Bondeståndet
684 1285 130 22 inlemnade
829 1293 46 14 mo-

123 1318 156 29 tionsförslag.

193 1353 76 21 Sedan
284 1352 169 30 försäljningen
476 1353 20 28 ej
513 1352 89 22 mindre
617 1352 26 22 af
654 1352 99 22 bränvin
769 1353 43 22 och
827 1354 50 21 der-

123 1386 53 22 med
191 1387 110 21 likstälda
316 1387 99 27 drycker
430 1391 29 17 än
475 1388 26 20 af
513 1387 156 27 maltdrycker
684 1387 93 21 ordnats
793 1395 83 20 genom

124 1419 113 22 särskilda
252 1419 172 29 författningar,
440 1421 26 20 så
481 1427 68 20 synes
563 1426 29 14 en
602 1420 68 21 lucka
680 1420 8 20 i
698 1420 179 28 lagstiftningen

123 1453 133 29 förefinnas,
278 1454 26 22 så
318 1454 69 29 länge
410 1453 50 23 icke
476 1454 69 21 äfven
570 1452 101 23 handeln
686 1453 53 22 med
753 1454 66 22 viner
835 1454 43 22 och

194 1494 180 19 Ekonomiutskottets
387 1494 110 18 betänkande
510 1496 37 16 N:o
559 1494 28 18 10.
