<?xml version="1.0" encoding="UTF-8"?>
<alto xmlns="http://www.loc.gov/standards/alto/ns-v3#" xmlns:xlink="http://www.w3.org/1999/xlink" xmlns:xsi="http://www.w3.org/2001/XMLSchema-instance" xsi:schemaLocation="http://www.loc.gov/standards/alto/ns-v3# http://www.loc.gov/alto/v3/alto-3-0.xsd">
	<Description>
		<MeasurementUnit>pixel</MeasurementUnit>
		<sourceImageInformation>
			<fileName>/tmp/tess_mfm7zb2j_input.PNG</fileName>
		</sourceImageInformation>
		<OCRProcessing ID="OCR_0">
			<ocrProcessingStep>
				<processingSoftware>
					<softwareName>tesseract 5.3.4</softwareName>
				</processingSoftware>
			</ocrProcessingStep>
		</OCRProcessing>
	</Description>
	<Layout>
		<Page WIDTH="1114" HEIGHT="1750" PHYSICAL_IMG_NR="0" ID="page_0">
			<PrintSpace HPOS="0" VPOS="0" WIDTH="1114" HEIGHT="1750">
				<ComposedBlock ID="cblock_0" HPOS="273" VPOS="152" WIDTH="399" HEIGHT="24">
					<TextBlock ID="block_0" HPOS="273" VPOS="152" WIDTH="399" HEIGHT="24">
						<TextLine ID="line_0" HPOS="273" VPOS="152" WIDTH="399" HEIGHT="24">
							<String ID="string_0" HPOS="273" VPOS="152" WIDTH="12" HEIGHT="20" WC="0.96" CONTENT="2"/><SP WIDTH="282" VPOS="152" HPOS="285"/>
							<String ID="string_1" HPOS="567" VPOS="152" WIDTH="45" HEIGHT="24" WC="0.95" CONTENT="N:o"/><SP WIDTH="20" VPOS="152" HPOS="612"/>
							<String ID="string_2" HPOS="632" VPOS="153" WIDTH="40" HEIGHT="23" WC="0.94" CONTENT="26."/>
						</TextLine>
					</TextBlock>
				</ComposedBlock>
				<ComposedBlock ID="cblock_1" HPOS="243" VPOS="217" WIDTH="755" HEIGHT="268">
					<TextBlock ID="block_1" HPOS="243" VPOS="217" WIDTH="755" HEIGHT="268">
						<TextLine ID="line_1" HPOS="315" VPOS="217" WIDTH="680" HEIGHT="23">
							<String ID="string_3" HPOS="315" VPOS="219" WIDTH="49" HEIGHT="21" WC="0.96" CONTENT="Med"/><SP WIDTH="25" VPOS="219" HPOS="364"/>
							<String ID="string_4" HPOS="389" VPOS="219" WIDTH="100" HEIGHT="21" WC="0.90" CONTENT="afseende"/><SP WIDTH="31" VPOS="219" HPOS="489"/>
							<String ID="string_5" HPOS="520" VPOS="219" WIDTH="50" HEIGHT="21" WC="0.90" CONTENT="derå"/><SP WIDTH="26" VPOS="219" HPOS="570"/>
							<String ID="string_6" HPOS="596" VPOS="220" WIDTH="32" HEIGHT="19" WC="0.96" CONTENT="att"/><SP WIDTH="26" VPOS="220" HPOS="628"/>
							<String ID="string_7" HPOS="654" VPOS="218" WIDTH="53" HEIGHT="21" WC="0.96" CONTENT="1887"/><SP WIDTH="26" VPOS="218" HPOS="707"/>
							<String ID="string_8" HPOS="733" VPOS="219" WIDTH="35" HEIGHT="20" WC="0.89" CONTENT="års"/><SP WIDTH="25" VPOS="219" HPOS="768"/>
							<String ID="string_9" HPOS="793" VPOS="217" WIDTH="35" HEIGHT="21" WC="0.96" CONTENT="lån"/><SP WIDTH="24" VPOS="217" HPOS="828"/>
							<String ID="string_10" HPOS="852" VPOS="217" WIDTH="47" HEIGHT="21" WC="0.96" CONTENT="icke"/><SP WIDTH="26" VPOS="217" HPOS="899"/>
							<String ID="string_11" HPOS="925" VPOS="217" WIDTH="70" HEIGHT="21" WC="0.95" CONTENT="ökade"/>
						</TextLine>
						<TextLine ID="line_2" HPOS="243" VPOS="251" WIDTH="754" HEIGHT="30">
							<String ID="string_12" HPOS="243" VPOS="253" WIDTH="248" HEIGHT="28" WC="0.91" CONTENT="Hypoteksföreningens"/><SP WIDTH="23" VPOS="253" HPOS="491"/>
							<String ID="string_13" HPOS="514" VPOS="252" WIDTH="115" HEIGHT="22" WC="0.96" CONTENT="utländska"/><SP WIDTH="18" VPOS="252" HPOS="629"/>
							<String ID="string_14" HPOS="647" VPOS="252" WIDTH="142" HEIGHT="21" WC="0.96" CONTENT="förbindelser"/><SP WIDTH="15" VPOS="252" HPOS="789"/>
							<String ID="string_15" HPOS="804" VPOS="254" WIDTH="52" HEIGHT="19" WC="0.96" CONTENT="utan"/><SP WIDTH="16" VPOS="254" HPOS="856"/>
							<String ID="string_16" HPOS="872" VPOS="251" WIDTH="76" HEIGHT="22" WC="0.93" CONTENT="endast"/><SP WIDTH="14" VPOS="251" HPOS="948"/>
							<String ID="string_17" HPOS="962" VPOS="253" WIDTH="35" HEIGHT="20" WC="0.91" CONTENT="ut-"/>
						</TextLine>
						<TextLine ID="line_3" HPOS="243" VPOS="285" WIDTH="753" HEIGHT="30">
							<String ID="string_18" HPOS="243" VPOS="287" WIDTH="74" HEIGHT="28" WC="0.96" CONTENT="gjorde"/><SP WIDTH="23" VPOS="287" HPOS="317"/>
							<String ID="string_19" HPOS="340" VPOS="294" WIDTH="26" HEIGHT="15" WC="0.96" CONTENT="en"/><SP WIDTH="16" VPOS="294" HPOS="366"/>
							<String ID="string_20" HPOS="382" VPOS="288" WIDTH="130" HEIGHT="27" WC="0.96" CONTENT="omsättning"/><SP WIDTH="14" VPOS="288" HPOS="512"/>
							<String ID="string_21" HPOS="526" VPOS="287" WIDTH="24" HEIGHT="22" WC="0.96" CONTENT="af"/><SP WIDTH="13" VPOS="287" HPOS="550"/>
							<String ID="string_22" HPOS="563" VPOS="289" WIDTH="32" HEIGHT="19" WC="0.96" CONTENT="ett"/><SP WIDTH="15" VPOS="289" HPOS="595"/>
							<String ID="string_23" HPOS="610" VPOS="287" WIDTH="91" HEIGHT="27" WC="0.96" CONTENT="tidigare"/><SP WIDTH="15" VPOS="287" HPOS="701"/>
							<String ID="string_24" HPOS="716" VPOS="288" WIDTH="103" HEIGHT="26" WC="0.96" CONTENT="upptaget"/><SP WIDTH="15" VPOS="288" HPOS="819"/>
							<String ID="string_25" HPOS="834" VPOS="286" WIDTH="112" HEIGHT="22" WC="0.96" CONTENT="utländskt"/><SP WIDTH="14" VPOS="286" HPOS="946"/>
							<String ID="string_26" HPOS="960" VPOS="285" WIDTH="36" HEIGHT="22" WC="0.95" CONTENT="lån"/>
						</TextLine>
						<TextLine ID="line_4" HPOS="244" VPOS="320" WIDTH="753" HEIGHT="29">
							<String ID="string_27" HPOS="244" VPOS="325" WIDTH="50" HEIGHT="18" WC="0.96" CONTENT="utan"/><SP WIDTH="23" VPOS="325" HPOS="294"/>
							<String ID="string_28" HPOS="317" VPOS="322" WIDTH="99" HEIGHT="27" WC="0.93" CONTENT="förlängd"/><SP WIDTH="22" VPOS="322" HPOS="416"/>
							<String ID="string_29" HPOS="438" VPOS="321" WIDTH="179" HEIGHT="28" WC="0.91" CONTENT="amorteringstid,"/><SP WIDTH="21" VPOS="321" HPOS="617"/>
							<String ID="string_30" HPOS="638" VPOS="322" WIDTH="38" HEIGHT="21" WC="0.96" CONTENT="har"/><SP WIDTH="15" VPOS="322" HPOS="676"/>
							<String ID="string_31" HPOS="691" VPOS="321" WIDTH="139" HEIGHT="22" WC="0.96" CONTENT="Direktionen"/><SP WIDTH="16" VPOS="321" HPOS="830"/>
							<String ID="string_32" HPOS="846" VPOS="321" WIDTH="33" HEIGHT="21" WC="0.96" CONTENT="för"/><SP WIDTH="14" VPOS="321" HPOS="879"/>
							<String ID="string_33" HPOS="893" VPOS="320" WIDTH="104" HEIGHT="22" WC="0.95" CONTENT="Finlands"/>
						</TextLine>
						<TextLine ID="line_5" HPOS="244" VPOS="354" WIDTH="754" HEIGHT="29">
							<String ID="string_34" HPOS="244" VPOS="356" WIDTH="209" HEIGHT="27" WC="0.91" CONTENT="Hypoteksförening"/><SP WIDTH="22" VPOS="356" HPOS="453"/>
							<String ID="string_35" HPOS="475" VPOS="356" WIDTH="116" HEIGHT="21" WC="0.70" CONTENT="framhållit"/><SP WIDTH="22" VPOS="356" HPOS="591"/>
							<String ID="string_36" HPOS="613" VPOS="358" WIDTH="33" HEIGHT="19" WC="0.96" CONTENT="att"/><SP WIDTH="20" VPOS="358" HPOS="646"/>
							<String ID="string_37" HPOS="666" VPOS="356" WIDTH="40" HEIGHT="21" WC="0.96" CONTENT="den"/><SP WIDTH="22" VPOS="356" HPOS="706"/>
							<String ID="string_38" HPOS="728" VPOS="355" WIDTH="107" HEIGHT="27" WC="0.96" CONTENT="beviljade"/><SP WIDTH="15" VPOS="355" HPOS="835"/>
							<String ID="string_39" HPOS="850" VPOS="355" WIDTH="97" HEIGHT="28" WC="0.93" CONTENT="garantin"/><SP WIDTH="16" VPOS="355" HPOS="947"/>
							<String ID="string_40" HPOS="963" VPOS="354" WIDTH="35" HEIGHT="23" WC="0.92" CONTENT="så-"/>
						</TextLine>
						<TextLine ID="line_6" HPOS="244" VPOS="390" WIDTH="752" HEIGHT="26">
							<String ID="string_41" HPOS="244" VPOS="391" WIDTH="67" HEIGHT="22" WC="0.92" CONTENT="lunda"/><SP WIDTH="29" VPOS="391" HPOS="311"/>
							<String ID="string_42" HPOS="340" VPOS="392" WIDTH="120" HEIGHT="20" WC="0.93" CONTENT="motsvarar"/><SP WIDTH="28" VPOS="392" HPOS="460"/>
							<String ID="string_43" HPOS="488" VPOS="390" WIDTH="188" HEIGHT="22" WC="0.91" CONTENT="sammanräknadt"/><SP WIDTH="30" VPOS="390" HPOS="676"/>
							<String ID="string_44" HPOS="706" VPOS="391" WIDTH="76" HEIGHT="21" WC="0.95" CONTENT="endast"/><SP WIDTH="28" VPOS="391" HPOS="782"/>
							<String ID="string_45" HPOS="810" VPOS="391" WIDTH="65" HEIGHT="25" WC="0.95" CONTENT="något"/><SP WIDTH="25" VPOS="391" HPOS="875"/>
							<String ID="string_46" HPOS="900" VPOS="396" WIDTH="45" HEIGHT="15" WC="0.96" CONTENT="mer"/><SP WIDTH="24" VPOS="396" HPOS="945"/>
							<String ID="string_47" HPOS="969" VPOS="391" WIDTH="27" HEIGHT="20" WC="0.95" CONTENT="än"/>
						</TextLine>
						<TextLine ID="line_7" HPOS="244" VPOS="424" WIDTH="754" HEIGHT="27">
							<String ID="string_48" HPOS="244" VPOS="425" WIDTH="128" HEIGHT="26" WC="0.92" CONTENT="26,000,000"/><SP WIDTH="22" VPOS="425" HPOS="372"/>
							<String ID="string_49" HPOS="394" VPOS="424" WIDTH="68" HEIGHT="22" WC="0.96" CONTENT="finska"/><SP WIDTH="22" VPOS="424" HPOS="462"/>
							<String ID="string_50" HPOS="484" VPOS="425" WIDTH="61" HEIGHT="21" WC="0.96" CONTENT="mark"/><SP WIDTH="24" VPOS="425" HPOS="545"/>
							<String ID="string_51" HPOS="569" VPOS="427" WIDTH="56" HEIGHT="19" WC="0.96" CONTENT="samt"/><SP WIDTH="23" VPOS="427" HPOS="625"/>
							<String ID="string_52" HPOS="648" VPOS="427" WIDTH="32" HEIGHT="19" WC="0.96" CONTENT="att"/><SP WIDTH="15" VPOS="427" HPOS="680"/>
							<String ID="string_53" HPOS="695" VPOS="424" WIDTH="23" HEIGHT="21" WC="0.96" CONTENT="af"/><SP WIDTH="14" VPOS="424" HPOS="718"/>
							<String ID="string_54" HPOS="732" VPOS="425" WIDTH="60" HEIGHT="21" WC="0.96" CONTENT="detta"/><SP WIDTH="16" VPOS="425" HPOS="792"/>
							<String ID="string_55" HPOS="808" VPOS="424" WIDTH="76" HEIGHT="27" WC="0.96" CONTENT="belopp"/><SP WIDTH="16" VPOS="424" HPOS="884"/>
							<String ID="string_56" HPOS="900" VPOS="424" WIDTH="33" HEIGHT="21" WC="0.93" CONTENT="för"/><SP WIDTH="15" VPOS="424" HPOS="933"/>
							<String ID="string_57" HPOS="948" VPOS="426" WIDTH="50" HEIGHT="19" WC="0.92" CONTENT="när-"/>
						</TextLine>
						<TextLine ID="line_8" HPOS="243" VPOS="458" WIDTH="301" HEIGHT="27">
							<String ID="string_58" HPOS="243" VPOS="459" WIDTH="95" HEIGHT="21" WC="0.93" CONTENT="varande"/><SP WIDTH="16" VPOS="459" HPOS="338"/>
							<String ID="string_59" HPOS="354" VPOS="458" WIDTH="72" HEIGHT="23" WC="0.92" CONTENT="utestå"/><SP WIDTH="15" VPOS="458" HPOS="426"/>
							<String ID="string_60" HPOS="441" VPOS="459" WIDTH="103" HEIGHT="26" WC="0.91" CONTENT="oguldna:"/>
						</TextLine>
					</TextBlock>
				</ComposedBlock>
				<ComposedBlock ID="cblock_2" HPOS="313" VPOS="509" WIDTH="616" HEIGHT="62">
					<TextBlock ID="block_2" HPOS="313" VPOS="509" WIDTH="616" HEIGHT="62">
						<TextLine ID="line_9" HPOS="313" VPOS="509" WIDTH="616" HEIGHT="28">
							<String ID="string_61" HPOS="313" VPOS="511" WIDTH="13" HEIGHT="20" WC="0.82" CONTENT="&amp;"/><SP WIDTH="18" VPOS="511" HPOS="326"/>
							<String ID="string_62" HPOS="344" VPOS="511" WIDTH="54" HEIGHT="20" WC="0.95" CONTENT="1884"/><SP WIDTH="16" VPOS="511" HPOS="398"/>
							<String ID="string_63" HPOS="414" VPOS="509" WIDTH="33" HEIGHT="22" WC="0.93" CONTENT="års"/><SP WIDTH="16" VPOS="509" HPOS="447"/>
							<String ID="string_64" HPOS="463" VPOS="511" WIDTH="47" HEIGHT="26" WC="0.82" CONTENT="41/,"/><SP WIDTH="9" VPOS="511" HPOS="510"/>
							<String ID="string_65" HPOS="519" VPOS="511" WIDTH="26" HEIGHT="25" WC="0.89" CONTENT="%"/><SP WIDTH="15" VPOS="511" HPOS="545"/>
							<String ID="string_66" HPOS="560" VPOS="510" WIDTH="36" HEIGHT="21" WC="0.92" CONTENT="lån"/><SP WIDTH="31" VPOS="510" HPOS="596"/>
							<String ID="string_67" HPOS="627" VPOS="527" WIDTH="3" HEIGHT="4" WC="0.84" CONTENT="."/><SP WIDTH="32" VPOS="527" HPOS="630"/>
							<String ID="string_68" HPOS="662" VPOS="527" WIDTH="4" HEIGHT="4" WC="0.84" CONTENT="."/><SP WIDTH="32" VPOS="527" HPOS="666"/>
							<String ID="string_69" HPOS="698" VPOS="527" WIDTH="4" HEIGHT="4" WC="0.91" CONTENT="."/><SP WIDTH="30" VPOS="527" HPOS="702"/>
							<String ID="string_70" HPOS="732" VPOS="509" WIDTH="53" HEIGHT="22" WC="0.93" CONTENT="Fmk"/><SP WIDTH="18" VPOS="509" HPOS="785"/>
							<String ID="string_71" HPOS="803" VPOS="509" WIDTH="126" HEIGHT="28" WC="0.86" CONTENT="14,382,500"/>
						</TextLine>
						<TextLine ID="line_10" HPOS="314" VPOS="543" WIDTH="615" HEIGHT="28">
							<String ID="string_72" HPOS="314" VPOS="543" WIDTH="12" HEIGHT="22" WC="0.62" CONTENT="å"/><SP WIDTH="17" VPOS="543" HPOS="326"/>
							<String ID="string_73" HPOS="343" VPOS="545" WIDTH="53" HEIGHT="20" WC="0.95" CONTENT="1887"/><SP WIDTH="17" VPOS="545" HPOS="396"/>
							<String ID="string_74" HPOS="413" VPOS="545" WIDTH="34" HEIGHT="20" WC="0.93" CONTENT="års"/><SP WIDTH="15" VPOS="545" HPOS="447"/>
							<String ID="string_75" HPOS="462" VPOS="545" WIDTH="48" HEIGHT="26" WC="0.90" CONTENT="4%"/><SP WIDTH="14" VPOS="545" HPOS="510"/>
							<String ID="string_76" HPOS="524" VPOS="543" WIDTH="36" HEIGHT="22" WC="0.92" CONTENT="län"/><SP WIDTH="31" VPOS="543" HPOS="560"/>
							<String ID="string_77" HPOS="591" VPOS="561" WIDTH="4" HEIGHT="4" WC="0.69" CONTENT="."/><SP WIDTH="31" VPOS="561" HPOS="595"/>
							<String ID="string_78" HPOS="626" VPOS="561" WIDTH="5" HEIGHT="4" WC="0.78" CONTENT="."/><SP WIDTH="31" VPOS="561" HPOS="631"/>
							<String ID="string_79" HPOS="662" VPOS="560" WIDTH="5" HEIGHT="5" WC="0.72" CONTENT="."/><SP WIDTH="31" VPOS="560" HPOS="667"/>
							<String ID="string_80" HPOS="698" VPOS="561" WIDTH="5" HEIGHT="4" WC="0.58" CONTENT="."/><SP WIDTH="47" VPOS="561" HPOS="703"/>
							<String ID="string_81" HPOS="750" VPOS="560" WIDTH="10" HEIGHT="9" WC="0.28" CONTENT="»"/><SP WIDTH="19" VPOS="560" HPOS="760"/>
							<String ID="string_82" HPOS="779" VPOS="529" WIDTH="5" HEIGHT="47" WC="0.26" CONTENT="="/><SP WIDTH="32" VPOS="529" HPOS="784"/>
							<String ID="string_83" HPOS="816" VPOS="544" WIDTH="113" HEIGHT="26" WC="0.42" CONTENT="—8,827,500"/>
						</TextLine>
					</TextBlock>
				</ComposedBlock>
				<ComposedBlock ID="cblock_3" HPOS="630" VPOS="584" WIDTH="299" HEIGHT="26">
					<TextBlock ID="block_3" HPOS="630" VPOS="584" WIDTH="299" HEIGHT="26">
						<TextLine ID="line_11" HPOS="630" VPOS="584" WIDTH="299" HEIGHT="26">
							<String ID="string_84" HPOS="630" VPOS="585" WIDTH="86" HEIGHT="21" WC="0.93" CONTENT="Summa"/><SP WIDTH="15" VPOS="585" HPOS="716"/>
							<String ID="string_85" HPOS="731" VPOS="584" WIDTH="54" HEIGHT="21" WC="0.91" CONTENT="Fmk"/><SP WIDTH="15" VPOS="584" HPOS="785"/>
							<String ID="string_86" HPOS="800" VPOS="584" WIDTH="129" HEIGHT="26" WC="0.92" CONTENT="23,210,000"/>
						</TextLine>
					</TextBlock>
				</ComposedBlock>
				<ComposedBlock ID="cblock_4" HPOS="245" VPOS="630" WIDTH="759" HEIGHT="855">
					<TextBlock ID="block_4" HPOS="245" VPOS="630" WIDTH="759" HEIGHT="855">
						<TextLine ID="line_12" HPOS="313" VPOS="630" WIDTH="685" HEIGHT="23">
							<String ID="string_87" HPOS="313" VPOS="631" WIDTH="11" HEIGHT="21" WC="0.96" CONTENT="I"/><SP WIDTH="15" VPOS="631" HPOS="324"/>
							<String ID="string_88" HPOS="339" VPOS="631" WIDTH="141" HEIGHT="21" WC="0.96" CONTENT="betraktande"/><SP WIDTH="14" VPOS="631" HPOS="480"/>
							<String ID="string_89" HPOS="494" VPOS="630" WIDTH="65" HEIGHT="22" WC="0.96" CONTENT="häraf"/><SP WIDTH="14" VPOS="630" HPOS="559"/>
							<String ID="string_90" HPOS="573" VPOS="631" WIDTH="39" HEIGHT="22" WC="0.96" CONTENT="och"/><SP WIDTH="16" VPOS="631" HPOS="612"/>
							<String ID="string_91" HPOS="628" VPOS="630" WIDTH="26" HEIGHT="22" WC="0.96" CONTENT="dä"/><SP WIDTH="16" VPOS="630" HPOS="654"/>
							<String ID="string_92" HPOS="670" VPOS="630" WIDTH="40" HEIGHT="22" WC="0.96" CONTENT="den"/><SP WIDTH="16" VPOS="630" HPOS="710"/>
							<String ID="string_93" HPOS="726" VPOS="631" WIDTH="62" HEIGHT="21" WC="0.96" CONTENT="andel"/><SP WIDTH="16" VPOS="631" HPOS="788"/>
							<String ID="string_94" HPOS="804" VPOS="630" WIDTH="23" HEIGHT="22" WC="0.96" CONTENT="af"/><SP WIDTH="16" VPOS="630" HPOS="827"/>
							<String ID="string_95" HPOS="843" VPOS="631" WIDTH="55" HEIGHT="21" WC="0.93" CONTENT="1884"/><SP WIDTH="15" VPOS="631" HPOS="898"/>
							<String ID="string_96" HPOS="913" VPOS="630" WIDTH="35" HEIGHT="21" WC="0.93" CONTENT="års"/><SP WIDTH="15" VPOS="630" HPOS="948"/>
							<String ID="string_97" HPOS="963" VPOS="631" WIDTH="35" HEIGHT="20" WC="0.92" CONTENT="ut-"/>
						</TextLine>
						<TextLine ID="line_13" HPOS="246" VPOS="663" WIDTH="751" HEIGHT="29">
							<String ID="string_98" HPOS="246" VPOS="665" WIDTH="87" HEIGHT="21" WC="0.92" CONTENT="ländska"/><SP WIDTH="23" VPOS="665" HPOS="333"/>
							<String ID="string_99" HPOS="356" VPOS="665" WIDTH="43" HEIGHT="26" WC="0.96" CONTENT="län,"/><SP WIDTH="23" VPOS="665" HPOS="399"/>
							<String ID="string_100" HPOS="422" VPOS="671" WIDTH="45" HEIGHT="15" WC="0.96" CONTENT="som"/><SP WIDTH="16" VPOS="671" HPOS="467"/>
							<String ID="string_101" HPOS="483" VPOS="666" WIDTH="55" HEIGHT="21" WC="0.93" CONTENT="varit"/><SP WIDTH="16" VPOS="666" HPOS="538"/>
							<String ID="string_102" HPOS="554" VPOS="665" WIDTH="74" HEIGHT="22" WC="0.92" CONTENT="afsedd"/><SP WIDTH="11" VPOS="665" HPOS="628"/>
							<String ID="string_103" HPOS="639" VPOS="665" WIDTH="38" HEIGHT="27" WC="0.93" CONTENT="för"/><SP WIDTH="15" VPOS="665" HPOS="677"/>
							<String ID="string_104" HPOS="692" VPOS="665" WIDTH="104" HEIGHT="22" WC="0.92" CONTENT="successiv"/><SP WIDTH="16" VPOS="665" HPOS="796"/>
							<String ID="string_105" HPOS="812" VPOS="665" WIDTH="100" HEIGHT="21" WC="0.96" CONTENT="emission"/><SP WIDTH="14" VPOS="665" HPOS="912"/>
							<String ID="string_106" HPOS="926" VPOS="665" WIDTH="8" HEIGHT="20" WC="0.96" CONTENT="i"/><SP WIDTH="15" VPOS="665" HPOS="934"/>
							<String ID="string_107" HPOS="949" VPOS="663" WIDTH="48" HEIGHT="22" WC="0.96" CONTENT="män"/>
						</TextLine>
						<TextLine ID="line_14" HPOS="245" VPOS="698" WIDTH="754" HEIGHT="28">
							<String ID="string_108" HPOS="245" VPOS="698" WIDTH="24" HEIGHT="22" WC="0.90" CONTENT="af"/><SP WIDTH="20" VPOS="698" HPOS="269"/>
							<String ID="string_109" HPOS="289" VPOS="699" WIDTH="137" HEIGHT="27" WC="0.90" CONTENT="föreningens"/><SP WIDTH="22" VPOS="699" HPOS="426"/>
							<String ID="string_110" HPOS="448" VPOS="699" WIDTH="102" HEIGHT="26" WC="0.92" CONTENT="utläning,"/><SP WIDTH="17" VPOS="699" HPOS="550"/>
							<String ID="string_111" HPOS="567" VPOS="699" WIDTH="110" HEIGHT="22" WC="0.92" CONTENT="allaredan"/><SP WIDTH="15" VPOS="699" HPOS="677"/>
							<String ID="string_112" HPOS="692" VPOS="699" WIDTH="72" HEIGHT="22" WC="0.92" CONTENT="blifvit"/><SP WIDTH="15" VPOS="699" HPOS="764"/>
							<String ID="string_113" HPOS="779" VPOS="698" WIDTH="163" HEIGHT="26" WC="0.92" CONTENT="slutemitterad,"/><SP WIDTH="16" VPOS="698" HPOS="942"/>
							<String ID="string_114" HPOS="958" VPOS="698" WIDTH="41" HEIGHT="21" WC="0.96" CONTENT="har"/>
						</TextLine>
						<TextLine ID="line_15" HPOS="245" VPOS="733" WIDTH="755" HEIGHT="28">
							<String ID="string_115" HPOS="245" VPOS="733" WIDTH="132" HEIGHT="28" WC="0.90" CONTENT="föreningen,"/><SP WIDTH="22" VPOS="733" HPOS="377"/>
							<String ID="string_116" HPOS="399" VPOS="733" WIDTH="33" HEIGHT="22" WC="0.96" CONTENT="för"/><SP WIDTH="15" VPOS="733" HPOS="432"/>
							<String ID="string_117" HPOS="447" VPOS="735" WIDTH="32" HEIGHT="20" WC="0.96" CONTENT="att"/><SP WIDTH="15" VPOS="735" HPOS="479"/>
							<String ID="string_118" HPOS="494" VPOS="734" WIDTH="70" HEIGHT="21" WC="0.92" CONTENT="kunna"/><SP WIDTH="16" VPOS="734" HPOS="564"/>
							<String ID="string_119" HPOS="580" VPOS="733" WIDTH="148" HEIGHT="28" WC="0.92" CONTENT="upprätthälla"/><SP WIDTH="15" VPOS="733" HPOS="728"/>
							<String ID="string_120" HPOS="743" VPOS="733" WIDTH="31" HEIGHT="21" WC="0.93" CONTENT="sin"/><SP WIDTH="16" VPOS="733" HPOS="774"/>
							<String ID="string_121" HPOS="790" VPOS="733" WIDTH="136" HEIGHT="26" WC="0.92" CONTENT="länerörelse,"/><SP WIDTH="16" VPOS="733" HPOS="926"/>
							<String ID="string_122" HPOS="942" VPOS="733" WIDTH="58" HEIGHT="21" WC="0.96" CONTENT="varit"/>
						</TextLine>
						<TextLine ID="line_16" HPOS="246" VPOS="767" WIDTH="754" HEIGHT="28">
							<String ID="string_123" HPOS="246" VPOS="767" WIDTH="110" HEIGHT="22" WC="0.92" CONTENT="nödsakad"/><SP WIDTH="15" VPOS="767" HPOS="356"/>
							<String ID="string_124" HPOS="371" VPOS="769" WIDTH="33" HEIGHT="20" WC="0.93" CONTENT="att"/><SP WIDTH="10" VPOS="769" HPOS="404"/>
							<String ID="string_125" HPOS="414" VPOS="768" WIDTH="86" HEIGHT="21" WC="0.96" CONTENT="utfärda"/><SP WIDTH="10" VPOS="768" HPOS="500"/>
							<String ID="string_126" HPOS="510" VPOS="768" WIDTH="112" HEIGHT="21" WC="0.93" CONTENT="inhemska"/><SP WIDTH="14" VPOS="768" HPOS="622"/>
							<String ID="string_127" HPOS="636" VPOS="769" WIDTH="48" HEIGHT="25" WC="0.85" CONTENT="41/,"/><SP WIDTH="9" VPOS="769" HPOS="684"/>
							<String ID="string_128" HPOS="693" VPOS="768" WIDTH="27" HEIGHT="27" WC="0.85" CONTENT="*/,"/><SP WIDTH="18" VPOS="768" HPOS="720"/>
							<String ID="string_129" HPOS="738" VPOS="767" WIDTH="147" HEIGHT="28" WC="0.95" CONTENT="obligationer,"/><SP WIDTH="11" VPOS="767" HPOS="885"/>
							<String ID="string_130" HPOS="896" VPOS="767" WIDTH="104" HEIGHT="22" WC="0.96" CONTENT="daterade"/>
						</TextLine>
						<TextLine ID="line_17" HPOS="246" VPOS="802" WIDTH="753" HEIGHT="27">
							<String ID="string_131" HPOS="246" VPOS="803" WIDTH="41" HEIGHT="22" WC="0.96" CONTENT="den"/><SP WIDTH="18" VPOS="803" HPOS="287"/>
							<String ID="string_132" HPOS="305" VPOS="805" WIDTH="9" HEIGHT="19" WC="0.95" CONTENT="1"/><SP WIDTH="17" VPOS="805" HPOS="314"/>
							<String ID="string_133" HPOS="331" VPOS="803" WIDTH="105" HEIGHT="21" WC="0.96" CONTENT="Februari"/><SP WIDTH="24" VPOS="803" HPOS="436"/>
							<String ID="string_134" HPOS="460" VPOS="804" WIDTH="61" HEIGHT="21" WC="0.93" CONTENT="1892."/><SP WIDTH="30" VPOS="804" HPOS="521"/>
							<String ID="string_135" HPOS="551" VPOS="803" WIDTH="33" HEIGHT="21" WC="0.92" CONTENT="Dä"/><SP WIDTH="17" VPOS="803" HPOS="584"/>
							<String ID="string_136" HPOS="601" VPOS="804" WIDTH="36" HEIGHT="21" WC="0.93" CONTENT="det"/><SP WIDTH="15" VPOS="804" HPOS="637"/>
							<String ID="string_137" HPOS="652" VPOS="803" WIDTH="120" HEIGHT="22" WC="0.92" CONTENT="emellertid"/><SP WIDTH="15" VPOS="803" HPOS="772"/>
							<String ID="string_138" HPOS="787" VPOS="803" WIDTH="46" HEIGHT="21" WC="0.92" CONTENT="icke"/><SP WIDTH="16" VPOS="803" HPOS="833"/>
							<String ID="string_139" HPOS="849" VPOS="809" WIDTH="50" HEIGHT="15" WC="0.93" CONTENT="vore"/><SP WIDTH="16" VPOS="809" HPOS="899"/>
							<String ID="string_140" HPOS="915" VPOS="802" WIDTH="84" HEIGHT="27" WC="0.95" CONTENT="möjligt"/>
						</TextLine>
						<TextLine ID="line_18" HPOS="247" VPOS="837" WIDTH="753" HEIGHT="28">
							<String ID="string_141" HPOS="247" VPOS="840" WIDTH="32" HEIGHT="19" WC="0.93" CONTENT="att"/><SP WIDTH="22" VPOS="840" HPOS="279"/>
							<String ID="string_142" HPOS="301" VPOS="837" WIDTH="111" HEIGHT="28" WC="0.96" CONTENT="förutsäga"/><SP WIDTH="22" VPOS="837" HPOS="412"/>
							<String ID="string_143" HPOS="434" VPOS="838" WIDTH="54" HEIGHT="21" WC="0.91" CONTENT="huru"/><SP WIDTH="23" VPOS="838" HPOS="488"/>
							<String ID="string_144" HPOS="511" VPOS="837" WIDTH="151" HEIGHT="28" WC="0.96" CONTENT="försäljningen"/><SP WIDTH="23" VPOS="837" HPOS="662"/>
							<String ID="string_145" HPOS="685" VPOS="837" WIDTH="23" HEIGHT="22" WC="0.96" CONTENT="af"/><SP WIDTH="18" VPOS="837" HPOS="708"/>
							<String ID="string_146" HPOS="726" VPOS="838" WIDTH="62" HEIGHT="21" WC="0.93" CONTENT="dessa"/><SP WIDTH="15" VPOS="838" HPOS="788"/>
							<String ID="string_147" HPOS="803" VPOS="837" WIDTH="149" HEIGHT="27" WC="0.93" CONTENT="obligationer,"/><SP WIDTH="16" VPOS="837" HPOS="952"/>
							<String ID="string_148" HPOS="968" VPOS="837" WIDTH="32" HEIGHT="27" WC="0.78" CONTENT="ly-"/>
						</TextLine>
						<TextLine ID="line_19" HPOS="247" VPOS="871" WIDTH="751" HEIGHT="29">
							<String ID="string_149" HPOS="247" VPOS="873" WIDTH="70" HEIGHT="22" WC="0.92" CONTENT="dande"/><SP WIDTH="23" VPOS="873" HPOS="317"/>
							<String ID="string_150" HPOS="340" VPOS="873" WIDTH="76" HEIGHT="21" WC="0.93" CONTENT="endast"/><SP WIDTH="16" VPOS="873" HPOS="416"/>
							<String ID="string_151" HPOS="432" VPOS="873" WIDTH="12" HEIGHT="21" WC="0.93" CONTENT="&amp;"/><SP WIDTH="14" VPOS="873" HPOS="444"/>
							<String ID="string_152" HPOS="458" VPOS="872" WIDTH="66" HEIGHT="22" WC="0.90" CONTENT="finskt"/><SP WIDTH="22" VPOS="872" HPOS="524"/>
							<String ID="string_153" HPOS="546" VPOS="875" WIDTH="61" HEIGHT="25" WC="0.90" CONTENT="mynt"/><SP WIDTH="22" VPOS="875" HPOS="607"/>
							<String ID="string_154" HPOS="629" VPOS="872" WIDTH="39" HEIGHT="23" WC="0.90" CONTENT="och"/><SP WIDTH="22" VPOS="872" HPOS="668"/>
							<String ID="string_155" HPOS="690" VPOS="872" WIDTH="90" HEIGHT="22" WC="0.90" CONTENT="sälunda"/><SP WIDTH="15" VPOS="872" HPOS="780"/>
							<String ID="string_156" HPOS="795" VPOS="872" WIDTH="135" HEIGHT="21" WC="0.91" CONTENT="uteslutande"/><SP WIDTH="15" VPOS="872" HPOS="930"/>
							<String ID="string_157" HPOS="945" VPOS="871" WIDTH="53" HEIGHT="22" WC="0.92" CONTENT="hän-"/>
						</TextLine>
						<TextLine ID="line_20" HPOS="245" VPOS="907" WIDTH="753" HEIGHT="27">
							<String ID="string_158" HPOS="245" VPOS="907" WIDTH="74" HEIGHT="22" WC="0.91" CONTENT="visade"/><SP WIDTH="22" VPOS="907" HPOS="319"/>
							<String ID="string_159" HPOS="341" VPOS="907" WIDTH="33" HEIGHT="22" WC="0.95" CONTENT="till"/><SP WIDTH="24" VPOS="907" HPOS="374"/>
							<String ID="string_160" HPOS="398" VPOS="907" WIDTH="41" HEIGHT="22" WC="0.93" CONTENT="den"/><SP WIDTH="15" VPOS="907" HPOS="439"/>
							<String ID="string_161" HPOS="454" VPOS="907" WIDTH="111" HEIGHT="22" WC="0.92" CONTENT="inhemska"/><SP WIDTH="17" VPOS="907" HPOS="565"/>
							<String ID="string_162" HPOS="582" VPOS="907" WIDTH="136" HEIGHT="27" WC="0.96" CONTENT="marknaden,"/><SP WIDTH="17" VPOS="907" HPOS="718"/>
							<String ID="string_163" HPOS="735" VPOS="907" WIDTH="33" HEIGHT="22" WC="0.96" CONTENT="för"/><SP WIDTH="15" VPOS="907" HPOS="768"/>
							<String ID="string_164" HPOS="783" VPOS="907" WIDTH="115" HEIGHT="21" WC="0.92" CONTENT="framtiden"/><SP WIDTH="15" VPOS="907" HPOS="898"/>
							<String ID="string_165" HPOS="913" VPOS="907" WIDTH="85" HEIGHT="21" WC="0.92" CONTENT="komme"/>
						</TextLine>
						<TextLine ID="line_21" HPOS="247" VPOS="941" WIDTH="753" HEIGHT="28">
							<String ID="string_166" HPOS="247" VPOS="944" WIDTH="32" HEIGHT="20" WC="0.92" CONTENT="att"/><SP WIDTH="22" VPOS="944" HPOS="279"/>
							<String ID="string_167" HPOS="301" VPOS="942" WIDTH="65" HEIGHT="21" WC="0.91" CONTENT="ställa"/><SP WIDTH="23" VPOS="942" HPOS="366"/>
							<String ID="string_168" HPOS="389" VPOS="942" WIDTH="39" HEIGHT="27" WC="0.93" CONTENT="sig,"/><SP WIDTH="24" VPOS="942" HPOS="428"/>
							<String ID="string_169" HPOS="452" VPOS="942" WIDTH="64" HEIGHT="21" WC="0.92" CONTENT="hafva"/><SP WIDTH="22" VPOS="942" HPOS="516"/>
							<String ID="string_170" HPOS="538" VPOS="942" WIDTH="136" HEIGHT="27" WC="0.92" CONTENT="föreningens"/><SP WIDTH="24" VPOS="942" HPOS="674"/>
							<String ID="string_171" HPOS="698" VPOS="943" WIDTH="105" HEIGHT="26" WC="0.92" CONTENT="delegare,"/><SP WIDTH="19" VPOS="943" HPOS="803"/>
							<String ID="string_172" HPOS="822" VPOS="941" WIDTH="130" HEIGHT="22" WC="0.93" CONTENT="församlade"/><SP WIDTH="15" VPOS="941" HPOS="952"/>
							<String ID="string_173" HPOS="967" VPOS="941" WIDTH="33" HEIGHT="22" WC="0.96" CONTENT="till"/>
						</TextLine>
						<TextLine ID="line_22" HPOS="247" VPOS="976" WIDTH="752" HEIGHT="27">
							<String ID="string_174" HPOS="247" VPOS="976" WIDTH="107" HEIGHT="22" WC="0.92" CONTENT="ordinarie"/><SP WIDTH="25" VPOS="976" HPOS="354"/>
							<String ID="string_175" HPOS="379" VPOS="976" WIDTH="172" HEIGHT="27" WC="0.90" CONTENT="bolagsstämma,"/><SP WIDTH="26" VPOS="976" HPOS="551"/>
							<String ID="string_176" HPOS="577" VPOS="976" WIDTH="48" HEIGHT="22" WC="0.92" CONTENT="icke"/><SP WIDTH="25" VPOS="976" HPOS="625"/>
							<String ID="string_177" HPOS="650" VPOS="977" WIDTH="80" HEIGHT="21" WC="0.93" CONTENT="kunnat"/><SP WIDTH="23" VPOS="977" HPOS="730"/>
							<String ID="string_178" HPOS="753" VPOS="976" WIDTH="71" HEIGHT="27" WC="0.92" CONTENT="undgä"/><SP WIDTH="22" VPOS="976" HPOS="824"/>
							<String ID="string_179" HPOS="846" VPOS="978" WIDTH="32" HEIGHT="19" WC="0.96" CONTENT="att"/><SP WIDTH="20" VPOS="978" HPOS="878"/>
							<String ID="string_180" HPOS="898" VPOS="976" WIDTH="33" HEIGHT="21" WC="0.93" CONTENT="till"/><SP WIDTH="16" VPOS="976" HPOS="931"/>
							<String ID="string_181" HPOS="947" VPOS="976" WIDTH="52" HEIGHT="21" WC="0.93" CONTENT="fullo"/>
						</TextLine>
						<TextLine ID="line_23" HPOS="245" VPOS="1010" WIDTH="755" HEIGHT="28">
							<String ID="string_182" HPOS="245" VPOS="1011" WIDTH="118" HEIGHT="27" WC="0.91" CONTENT="uppskatta"/><SP WIDTH="15" VPOS="1011" HPOS="363"/>
							<String ID="string_183" HPOS="378" VPOS="1011" WIDTH="41" HEIGHT="21" WC="0.93" CONTENT="den"/><SP WIDTH="15" VPOS="1011" HPOS="419"/>
							<String ID="string_184" HPOS="434" VPOS="1011" WIDTH="75" HEIGHT="27" WC="0.93" CONTENT="fördel,"/><SP WIDTH="12" VPOS="1011" HPOS="509"/>
							<String ID="string_185" HPOS="521" VPOS="1017" WIDTH="45" HEIGHT="15" WC="0.96" CONTENT="som"/><SP WIDTH="12" VPOS="1017" HPOS="566"/>
							<String ID="string_186" HPOS="578" VPOS="1011" WIDTH="68" HEIGHT="21" WC="0.93" CONTENT="skulle"/><SP WIDTH="11" VPOS="1011" HPOS="646"/>
							<String ID="string_187" HPOS="657" VPOS="1011" WIDTH="89" HEIGHT="22" WC="0.92" CONTENT="beredas"/><SP WIDTH="10" VPOS="1011" HPOS="746"/>
							<String ID="string_188" HPOS="756" VPOS="1010" WIDTH="244" HEIGHT="28" WC="0.92" CONTENT="Hypoteksföreningen,"/>
						</TextLine>
						<TextLine ID="line_24" HPOS="247" VPOS="1044" WIDTH="755" HEIGHT="28">
							<String ID="string_189" HPOS="247" VPOS="1045" WIDTH="72" HEIGHT="22" WC="0.92" CONTENT="derest"/><SP WIDTH="22" VPOS="1045" HPOS="319"/>
							<String ID="string_190" HPOS="341" VPOS="1046" WIDTH="37" HEIGHT="21" WC="0.93" CONTENT="det"/><SP WIDTH="23" VPOS="1046" HPOS="378"/>
							<String ID="string_191" HPOS="401" VPOS="1045" WIDTH="61" HEIGHT="21" WC="0.93" CONTENT="äfven"/><SP WIDTH="22" VPOS="1045" HPOS="462"/>
							<String ID="string_192" HPOS="484" VPOS="1045" WIDTH="114" HEIGHT="22" WC="0.90" CONTENT="framdeles"/><SP WIDTH="24" VPOS="1045" HPOS="598"/>
							<String ID="string_193" HPOS="622" VPOS="1046" WIDTH="130" HEIGHT="21" WC="0.92" CONTENT="förunnades"/><SP WIDTH="22" VPOS="1046" HPOS="752"/>
							<String ID="string_194" HPOS="774" VPOS="1045" WIDTH="124" HEIGHT="27" WC="0.96" CONTENT="föreningen"/><SP WIDTH="15" VPOS="1045" HPOS="898"/>
							<String ID="string_195" HPOS="913" VPOS="1047" WIDTH="39" HEIGHT="25" WC="0.96" CONTENT="att,"/><SP WIDTH="15" VPOS="1047" HPOS="952"/>
							<String ID="string_196" HPOS="967" VPOS="1044" WIDTH="35" HEIGHT="23" WC="0.97" CONTENT="för"/>
						</TextLine>
						<TextLine ID="line_25" HPOS="247" VPOS="1079" WIDTH="752" HEIGHT="27">
							<String ID="string_197" HPOS="247" VPOS="1080" WIDTH="40" HEIGHT="21" WC="0.92" CONTENT="den"/><SP WIDTH="23" VPOS="1080" HPOS="287"/>
							<String ID="string_198" HPOS="310" VPOS="1079" WIDTH="102" HEIGHT="22" WC="0.91" CONTENT="händelse"/><SP WIDTH="21" VPOS="1079" HPOS="412"/>
							<String ID="string_199" HPOS="433" VPOS="1081" WIDTH="100" HEIGHT="25" WC="0.92" CONTENT="gynsamt"/><SP WIDTH="23" VPOS="1081" HPOS="533"/>
							<String ID="string_200" HPOS="556" VPOS="1079" WIDTH="84" HEIGHT="22" WC="0.90" CONTENT="tillfälle"/><SP WIDTH="24" VPOS="1079" HPOS="640"/>
							<String ID="string_201" HPOS="664" VPOS="1079" WIDTH="86" HEIGHT="27" WC="0.92" CONTENT="erbjöde"/><SP WIDTH="23" VPOS="1079" HPOS="750"/>
							<String ID="string_202" HPOS="773" VPOS="1080" WIDTH="39" HEIGHT="26" WC="0.96" CONTENT="sig,"/><SP WIDTH="25" VPOS="1080" HPOS="812"/>
							<String ID="string_203" HPOS="837" VPOS="1079" WIDTH="48" HEIGHT="22" WC="0.93" CONTENT="med"/><SP WIDTH="15" VPOS="1079" HPOS="885"/>
							<String ID="string_204" HPOS="900" VPOS="1079" WIDTH="99" HEIGHT="27" WC="0.92" CONTENT="tillgodo-"/>
						</TextLine>
						<TextLine ID="line_26" HPOS="246" VPOS="1114" WIDTH="756" HEIGHT="28">
							<String ID="string_205" HPOS="246" VPOS="1114" WIDTH="103" HEIGHT="27" WC="0.91" CONTENT="njutande"/><SP WIDTH="15" VPOS="1114" HPOS="349"/>
							<String ID="string_206" HPOS="364" VPOS="1114" WIDTH="24" HEIGHT="21" WC="0.93" CONTENT="af"/><SP WIDTH="13" VPOS="1114" HPOS="388"/>
							<String ID="string_207" HPOS="401" VPOS="1114" WIDTH="111" HEIGHT="22" WC="0.91" CONTENT="enahanda"/><SP WIDTH="15" VPOS="1114" HPOS="512"/>
							<String ID="string_208" HPOS="527" VPOS="1115" WIDTH="145" HEIGHT="27" WC="0.93" CONTENT="statsgaranti,"/><SP WIDTH="16" VPOS="1115" HPOS="672"/>
							<String ID="string_209" HPOS="688" VPOS="1120" WIDTH="45" HEIGHT="16" WC="0.93" CONTENT="som"/><SP WIDTH="19" VPOS="1120" HPOS="733"/>
							<String ID="string_210" HPOS="752" VPOS="1114" WIDTH="144" HEIGHT="27" WC="0.92" CONTENT="härförinnan,"/><SP WIDTH="10" VPOS="1114" HPOS="896"/>
							<String ID="string_211" HPOS="906" VPOS="1116" WIDTH="96" HEIGHT="26" WC="0.92" CONTENT="upptaga"/>
						</TextLine>
						<TextLine ID="line_27" HPOS="246" VPOS="1148" WIDTH="754" HEIGHT="28">
							<String ID="string_212" HPOS="246" VPOS="1148" WIDTH="36" HEIGHT="22" WC="0.93" CONTENT="län"/><SP WIDTH="16" VPOS="1148" HPOS="282"/>
							<String ID="string_213" HPOS="298" VPOS="1148" WIDTH="13" HEIGHT="22" WC="0.92" CONTENT="å"/><SP WIDTH="14" VPOS="1148" HPOS="311"/>
							<String ID="string_214" HPOS="325" VPOS="1148" WIDTH="128" HEIGHT="27" WC="0.91" CONTENT="utrikesort;"/><SP WIDTH="23" VPOS="1148" HPOS="453"/>
							<String ID="string_215" HPOS="476" VPOS="1148" WIDTH="40" HEIGHT="23" WC="0.96" CONTENT="och"/><SP WIDTH="23" VPOS="1148" HPOS="516"/>
							<String ID="string_216" HPOS="539" VPOS="1149" WIDTH="40" HEIGHT="21" WC="0.93" CONTENT="har"/><SP WIDTH="15" VPOS="1149" HPOS="579"/>
							<String ID="string_217" HPOS="594" VPOS="1149" WIDTH="136" HEIGHT="27" WC="0.93" CONTENT="föreningens"/><SP WIDTH="15" VPOS="1149" HPOS="730"/>
							<String ID="string_218" HPOS="745" VPOS="1148" WIDTH="118" HEIGHT="27" WC="0.92" CONTENT="Direktion,"/><SP WIDTH="17" VPOS="1148" HPOS="863"/>
							<String ID="string_219" HPOS="880" VPOS="1148" WIDTH="67" HEIGHT="28" WC="0.93" CONTENT="enligt"/><SP WIDTH="15" VPOS="1148" HPOS="947"/>
							<String ID="string_220" HPOS="962" VPOS="1148" WIDTH="38" HEIGHT="23" WC="0.93" CONTENT="bo-"/>
						</TextLine>
						<TextLine ID="line_28" HPOS="247" VPOS="1183" WIDTH="753" HEIGHT="28">
							<String ID="string_221" HPOS="247" VPOS="1183" WIDTH="164" HEIGHT="27" WC="0.87" CONTENT="lagsstämmans"/><SP WIDTH="29" VPOS="1183" HPOS="411"/>
							<String ID="string_222" HPOS="440" VPOS="1183" WIDTH="72" HEIGHT="22" WC="0.4" CONTENT="dertill"/><SP WIDTH="25" VPOS="1183" HPOS="512"/>
							<String ID="string_223" HPOS="537" VPOS="1183" WIDTH="97" HEIGHT="23" WC="0.91" CONTENT="lemnade"/><SP WIDTH="26" VPOS="1183" HPOS="634"/>
							<String ID="string_224" HPOS="660" VPOS="1183" WIDTH="174" HEIGHT="28" WC="0.96" CONTENT="bemyndigande,"/><SP WIDTH="26" VPOS="1183" HPOS="834"/>
							<String ID="string_225" HPOS="860" VPOS="1183" WIDTH="48" HEIGHT="22" WC="0.93" CONTENT="med"/><SP WIDTH="26" VPOS="1183" HPOS="908"/>
							<String ID="string_226" HPOS="934" VPOS="1183" WIDTH="66" HEIGHT="22" WC="0.90" CONTENT="fram-"/>
						</TextLine>
						<TextLine ID="line_29" HPOS="247" VPOS="1217" WIDTH="752" HEIGHT="29">
							<String ID="string_227" HPOS="247" VPOS="1217" WIDTH="100" HEIGHT="22" WC="0.91" CONTENT="hällande"/><SP WIDTH="15" VPOS="1217" HPOS="347"/>
							<String ID="string_228" HPOS="362" VPOS="1217" WIDTH="65" HEIGHT="22" WC="0.93" CONTENT="häraf"/><SP WIDTH="13" VPOS="1217" HPOS="427"/>
							<String ID="string_229" HPOS="440" VPOS="1217" WIDTH="6" HEIGHT="21" WC="0.93" CONTENT="i"/><SP WIDTH="16" VPOS="1217" HPOS="446"/>
							<String ID="string_230" HPOS="462" VPOS="1218" WIDTH="170" HEIGHT="28" WC="0.91" CONTENT="underdänighet"/><SP WIDTH="15" VPOS="1218" HPOS="632"/>
							<String ID="string_231" HPOS="647" VPOS="1218" WIDTH="100" HEIGHT="21" WC="0.92" CONTENT="hemstält"/><SP WIDTH="15" VPOS="1218" HPOS="747"/>
							<String ID="string_232" HPOS="762" VPOS="1218" WIDTH="105" HEIGHT="21" WC="0.93" CONTENT="huruvida"/><SP WIDTH="10" VPOS="1218" HPOS="867"/>
							<String ID="string_233" HPOS="877" VPOS="1218" WIDTH="47" HEIGHT="21" WC="0.93" CONTENT="icke"/><SP WIDTH="10" VPOS="1218" HPOS="924"/>
							<String ID="string_234" HPOS="934" VPOS="1219" WIDTH="65" HEIGHT="20" WC="0.92" CONTENT="stats-"/>
						</TextLine>
						<TextLine ID="line_30" HPOS="247" VPOS="1251" WIDTH="752" HEIGHT="28">
							<String ID="string_235" HPOS="247" VPOS="1251" WIDTH="84" HEIGHT="27" WC="0.91" CONTENT="garanti"/><SP WIDTH="23" VPOS="1251" HPOS="331"/>
							<String ID="string_236" HPOS="354" VPOS="1251" WIDTH="34" HEIGHT="22" WC="0.96" CONTENT="till"/><SP WIDTH="22" VPOS="1251" HPOS="388"/>
							<String ID="string_237" HPOS="410" VPOS="1257" WIDTH="80" HEIGHT="16" WC="0.93" CONTENT="samma"/><SP WIDTH="23" VPOS="1257" HPOS="490"/>
							<String ID="string_238" HPOS="513" VPOS="1251" WIDTH="135" HEIGHT="28" WC="0.92" CONTENT="omfattning,"/><SP WIDTH="22" VPOS="1251" HPOS="648"/>
							<String ID="string_239" HPOS="670" VPOS="1258" WIDTH="45" HEIGHT="15" WC="0.96" CONTENT="som"/><SP WIDTH="24" VPOS="1258" HPOS="715"/>
							<String ID="string_240" HPOS="739" VPOS="1253" WIDTH="40" HEIGHT="20" WC="0.96" CONTENT="den"/><SP WIDTH="23" VPOS="1253" HPOS="779"/>
							<String ID="string_241" HPOS="802" VPOS="1252" WIDTH="35" HEIGHT="21" WC="0.93" CONTENT="vid"/><SP WIDTH="21" VPOS="1252" HPOS="837"/>
							<String ID="string_242" HPOS="858" VPOS="1253" WIDTH="141" HEIGHT="20" WC="0.92" CONTENT="1863—1864"/>
						</TextLine>
						<TextLine ID="line_31" HPOS="247" VPOS="1285" WIDTH="751" HEIGHT="27">
							<String ID="string_243" HPOS="247" VPOS="1285" WIDTH="62" HEIGHT="20" WC="0.88" CONTENT="ärens"/><SP WIDTH="22" VPOS="1285" HPOS="309"/>
							<String ID="string_244" HPOS="331" VPOS="1285" WIDTH="104" HEIGHT="26" WC="0.91" CONTENT="landtdag"/><SP WIDTH="15" VPOS="1285" HPOS="435"/>
							<String ID="string_245" HPOS="450" VPOS="1286" WIDTH="114" HEIGHT="26" WC="0.90" CONTENT="beviljade,"/><SP WIDTH="16" VPOS="1286" HPOS="564"/>
							<String ID="string_246" HPOS="580" VPOS="1287" WIDTH="62" HEIGHT="20" WC="0.92" CONTENT="äfven"/><SP WIDTH="16" VPOS="1287" HPOS="642"/>
							<String ID="string_247" HPOS="658" VPOS="1287" WIDTH="106" HEIGHT="25" WC="0.92" CONTENT="framgent"/><SP WIDTH="15" VPOS="1287" HPOS="764"/>
							<String ID="string_248" HPOS="779" VPOS="1287" WIDTH="72" HEIGHT="20" WC="0.93" CONTENT="kunde"/><SP WIDTH="16" VPOS="1287" HPOS="851"/>
							<String ID="string_249" HPOS="867" VPOS="1286" WIDTH="66" HEIGHT="21" WC="0.93" CONTENT="varda"/><SP WIDTH="15" VPOS="1286" HPOS="933"/>
							<String ID="string_250" HPOS="948" VPOS="1286" WIDTH="50" HEIGHT="20" WC="0.92" CONTENT="Fin-"/>
						</TextLine>
						<TextLine ID="line_32" HPOS="248" VPOS="1318" WIDTH="751" HEIGHT="28">
							<String ID="string_251" HPOS="248" VPOS="1318" WIDTH="62" HEIGHT="21" WC="0.93" CONTENT="lands"/><SP WIDTH="23" VPOS="1318" HPOS="310"/>
							<String ID="string_252" HPOS="333" VPOS="1318" WIDTH="209" HEIGHT="27" WC="0.93" CONTENT="Hypoteksförening"/><SP WIDTH="15" VPOS="1318" HPOS="542"/>
							<String ID="string_253" HPOS="557" VPOS="1319" WIDTH="145" HEIGHT="22" WC="0.87" CONTENT="tillförsäkrad"/><SP WIDTH="16" VPOS="1319" HPOS="702"/>
							<String ID="string_254" HPOS="718" VPOS="1319" WIDTH="32" HEIGHT="22" WC="0.96" CONTENT="för"/><SP WIDTH="16" VPOS="1319" HPOS="750"/>
							<String ID="string_255" HPOS="766" VPOS="1319" WIDTH="23" HEIGHT="22" WC="0.93" CONTENT="af"/><SP WIDTH="13" VPOS="1319" HPOS="789"/>
							<String ID="string_256" HPOS="802" VPOS="1319" WIDTH="125" HEIGHT="27" WC="0.96" CONTENT="föreningen"/><SP WIDTH="16" VPOS="1319" HPOS="927"/>
							<String ID="string_257" HPOS="943" VPOS="1319" WIDTH="7" HEIGHT="21" WC="0.93" CONTENT="i"/><SP WIDTH="16" VPOS="1319" HPOS="950"/>
							<String ID="string_258" HPOS="966" VPOS="1322" WIDTH="33" HEIGHT="18" WC="0.92" CONTENT="ut-"/>
						</TextLine>
						<TextLine ID="line_33" HPOS="247" VPOS="1352" WIDTH="753" HEIGHT="29">
							<String ID="string_259" HPOS="247" VPOS="1352" WIDTH="73" HEIGHT="22" WC="0.91" CONTENT="landet"/><SP WIDTH="23" VPOS="1352" HPOS="320"/>
							<String ID="string_260" HPOS="343" VPOS="1352" WIDTH="135" HEIGHT="28" WC="0.91" CONTENT="upptagande"/><SP WIDTH="22" VPOS="1352" HPOS="478"/>
							<String ID="string_261" HPOS="500" VPOS="1353" WIDTH="35" HEIGHT="22" WC="0.96" CONTENT="län"/><SP WIDTH="22" VPOS="1353" HPOS="535"/>
							<String ID="string_262" HPOS="557" VPOS="1356" WIDTH="56" HEIGHT="19" WC="0.96" CONTENT="samt"/><SP WIDTH="23" VPOS="1356" HPOS="613"/>
							<String ID="string_263" HPOS="636" VPOS="1355" WIDTH="32" HEIGHT="20" WC="0.96" CONTENT="att"/><SP WIDTH="21" VPOS="1355" HPOS="668"/>
							<String ID="string_264" HPOS="689" VPOS="1353" WIDTH="60" HEIGHT="22" WC="0.93" CONTENT="Hans"/><SP WIDTH="15" VPOS="1353" HPOS="749"/>
							<String ID="string_265" HPOS="764" VPOS="1353" WIDTH="120" HEIGHT="28" WC="0.92" CONTENT="Kejserliga"/><SP WIDTH="15" VPOS="1353" HPOS="884"/>
							<String ID="string_266" HPOS="899" VPOS="1353" WIDTH="101" HEIGHT="27" WC="0.90" CONTENT="Majestät"/>
						</TextLine>
						<TextLine ID="line_34" HPOS="246" VPOS="1387" WIDTH="754" HEIGHT="30">
							<String ID="string_267" HPOS="246" VPOS="1387" WIDTH="50" HEIGHT="22" WC="0.93" CONTENT="ville"/><SP WIDTH="24" VPOS="1387" HPOS="296"/>
							<String ID="string_268" HPOS="320" VPOS="1387" WIDTH="111" HEIGHT="28" WC="0.93" CONTENT="förelägga"/><SP WIDTH="23" VPOS="1387" HPOS="431"/>
							<String ID="string_269" HPOS="454" VPOS="1388" WIDTH="121" HEIGHT="22" WC="0.92" CONTENT="Ständerna"/><SP WIDTH="23" VPOS="1388" HPOS="575"/>
							<String ID="string_270" HPOS="598" VPOS="1389" WIDTH="35" HEIGHT="21" WC="0.91" CONTENT="vid"/><SP WIDTH="22" VPOS="1389" HPOS="633"/>
							<String ID="string_271" HPOS="655" VPOS="1389" WIDTH="145" HEIGHT="22" WC="0.93" CONTENT="innevarande"/><SP WIDTH="18" VPOS="1389" HPOS="800"/>
							<String ID="string_272" HPOS="818" VPOS="1389" WIDTH="102" HEIGHT="28" WC="0.92" CONTENT="landtdag"/><SP WIDTH="14" VPOS="1389" HPOS="920"/>
							<String ID="string_273" HPOS="934" VPOS="1388" WIDTH="66" HEIGHT="28" WC="0.96" CONTENT="nådig"/>
						</TextLine>
						<TextLine ID="line_35" HPOS="249" VPOS="1422" WIDTH="755" HEIGHT="31">
							<String ID="string_274" HPOS="249" VPOS="1422" WIDTH="132" HEIGHT="28" WC="0.96" CONTENT="proposition"/><SP WIDTH="23" VPOS="1422" HPOS="381"/>
							<String ID="string_275" HPOS="404" VPOS="1429" WIDTH="33" HEIGHT="15" WC="0.92" CONTENT="om"/><SP WIDTH="23" VPOS="1429" HPOS="437"/>
							<String ID="string_276" HPOS="460" VPOS="1423" WIDTH="120" HEIGHT="27" WC="0.87" CONTENT="beviljande"/><SP WIDTH="23" VPOS="1423" HPOS="580"/>
							<String ID="string_277" HPOS="603" VPOS="1424" WIDTH="23" HEIGHT="21" WC="0.93" CONTENT="af"/><SP WIDTH="20" VPOS="1424" HPOS="626"/>
							<String ID="string_278" HPOS="646" VPOS="1423" WIDTH="66" HEIGHT="22" WC="0.93" CONTENT="sädan"/><SP WIDTH="20" VPOS="1423" HPOS="712"/>
							<String ID="string_279" HPOS="732" VPOS="1424" WIDTH="91" HEIGHT="29" WC="0.92" CONTENT="garanti,"/><SP WIDTH="15" VPOS="1424" HPOS="823"/>
							<String ID="string_280" HPOS="838" VPOS="1423" WIDTH="8" HEIGHT="22" WC="0.96" CONTENT="i"/><SP WIDTH="15" VPOS="1423" HPOS="846"/>
							<String ID="string_281" HPOS="861" VPOS="1424" WIDTH="49" HEIGHT="21" WC="0.93" CONTENT="stöd"/><SP WIDTH="15" VPOS="1424" HPOS="910"/>
							<String ID="string_282" HPOS="925" VPOS="1423" WIDTH="79" HEIGHT="22" WC="0.93" CONTENT="hvaraf"/>
						</TextLine>
						<TextLine ID="line_36" HPOS="246" VPOS="1456" WIDTH="754" HEIGHT="29">
							<String ID="string_283" HPOS="246" VPOS="1456" WIDTH="242" HEIGHT="29" WC="0.91" CONTENT="Hypoteksföreningen,"/><SP WIDTH="20" VPOS="1456" HPOS="488"/>
							<String ID="string_284" HPOS="508" VPOS="1457" WIDTH="54" HEIGHT="22" WC="0.93" CONTENT="efter"/><SP WIDTH="16" VPOS="1457" HPOS="562"/>
							<String ID="string_285" HPOS="578" VPOS="1457" WIDTH="73" HEIGHT="28" WC="0.89" CONTENT="hvarje"/><SP WIDTH="15" VPOS="1457" HPOS="651"/>
							<String ID="string_286" HPOS="666" VPOS="1457" WIDTH="57" HEIGHT="28" WC="0.92" CONTENT="gäng"/><SP WIDTH="15" VPOS="1457" HPOS="723"/>
							<String ID="string_287" HPOS="738" VPOS="1458" WIDTH="115" HEIGHT="22" WC="0.92" CONTENT="utverkadt"/><SP WIDTH="16" VPOS="1458" HPOS="853"/>
							<String ID="string_288" HPOS="869" VPOS="1458" WIDTH="73" HEIGHT="27" WC="0.92" CONTENT="nädigt"/><SP WIDTH="15" VPOS="1458" HPOS="942"/>
							<String ID="string_289" HPOS="957" VPOS="1458" WIDTH="43" HEIGHT="21" WC="0.89" CONTENT="till-"/>
						</TextLine>
					</TextBlock>
				</ComposedBlock>
			</PrintSpace>
		</Page>
	</Layout>
</alto>
