1114 1742
263 136 50 20 VIII
555 138 43 22 N:o
619 138 39 22 32.

233 205 67 19 nören
317 203 50 22 eller
383 203 40 21 den
439 204 128 26 tjensteman
582 203 42 21 han
640 204 7 20 i
662 203 38 22 sitt
715 203 62 21 ställe
791 202 120 22 förordnar.
941 202 41 22 Vid

233 237 57 22 valet
313 237 127 22 tillkommer
462 238 73 27 hvarje
556 238 84 21 valman
663 244 26 15 en
704 238 53 26 röst,
773 237 39 22 och
827 236 74 28 afgöra
919 236 65 23 flesta

233 273 99 21 rösterna
347 272 51 21 eller
412 272 36 21 vid
462 272 44 21 lika
521 272 58 21 antal
594 273 70 20 röster
678 271 99 28 lottning.

301 306 72 21 Jämte
395 306 135 22 sistbemälde
552 306 94 22 ledamot
667 307 60 20 utses
742 306 7 21 i
764 305 113 22 enahanda
892 305 91 28 ordning

233 340 37 22 två
292 339 139 28 suppleanter
452 340 33 22 för
505 342 33 21 att
552 340 35 22 vid
601 340 128 22 inträffande
744 339 69 22 förfall
828 340 64 22 träda
906 340 8 21 i
928 340 56 22 hans

233 374 68 22 ställe.

301 409 239 28 Utskrifningsnämden
563 409 32 22 till
614 409 85 22 biträde
713 409 114 22 förordnar
842 409 140 22 Guvernören

234 443 110 22 dessutom
359 449 26 16 en
400 443 108 22 veterinär
523 443 50 23 eller
588 450 72 16 annan
675 444 121 27 sakkunnig
810 449 84 22 person.

581 507 11 28 8
609 508 32 21 15.

301 546 31 22 Pä
354 546 139 23 Guvernören
515 547 9 22 i
541 547 74 28 hvarje
629 547 36 22 län
681 547 123 22 ankommer
819 548 33 20 att
867 547 62 27 tillse,
946 547 37 21 det

234 581 34 21 val
284 580 23 22 af
319 581 136 22 medlemmar
469 582 7 21 i
492 581 250 28 besigtningsnämderna
759 581 40 22 och
814 581 23 21 af
849 581 85 22 valmän
949 581 34 22 för

234 616 244 22 kommunalledamoten
499 617 7 21 i
528 615 259 28 utskrifningsnämderna
806 616 6 21 i
827 616 49 27 laga
891 615 92 28 ordning

233 650 110 21 anställas.
373 651 129 21 Underläter
523 651 102 22 kommun
647 651 33 21 att
698 651 78 21 sådant
791 650 34 22 val
840 651 57 21 inom
912 651 70 21 utsatt

233 683 33 22 tid
287 684 123 27 verkställa,
433 691 49 21 eger
501 685 139 22 Guvernören
655 684 96 22 anförtro
768 685 36 22 det
819 684 163 28 ifrägavarande

234 719 121 26 uppdraget
371 719 22 21 ät
409 719 40 22 den
465 719 50 22 eller
531 720 26 21 de
570 725 103 22 personer
687 719 58 22 inom
759 720 136 26 kommunen,
911 719 72 22 hvilka

233 753 43 21 han
291 753 69 22 finner
375 753 70 22 dertill
460 753 106 28 lämpliga.

580 817 11 28 8
609 818 31 21 16.

301 856 39 22 Uti
363 857 58 21 såväl
436 856 153 28 besigstnings-
608 863 45 16 som
668 857 206 27 utskrifningsnämd
889 857 94 22 tillkom-

234 896 45 16 mer
301 890 74 28 hvarje
397 891 90 22 medlem
502 897 26 16 en
546 893 53 25 röst,
615 891 38 22 och
668 891 56 27 gälla
739 892 36 21 vid
789 892 72 27 yppad
876 892 106 27 menings-

234 924 79 22 olikhet
329 924 26 22 de
369 925 63 22 flesta
447 927 104 21 rösterna.
581 922 64 26 Öfver
659 925 112 22 förefallna
781 926 160 27 omröstningar
951 925 32 22 fö-

234 965 34 15 res
283 959 51 22 kort
347 960 115 26 protokoll.

580 1023 12 27 8
609 1024 32 20 17.

300 1060 117 23 Uteblifver
440 1062 90 22 medlem
551 1063 7 21 i
581 1062 205 28 utskrifningsnämd
809 1063 51 21 eller
877 1062 105 22 tillkallad

233 1094 115 28 suppleant
370 1095 33 22 för
425 1096 218 23 kommunalledamot
657 1097 48 22 frän
720 1097 211 27 utskrifningsställe,
947 1097 36 21 mä

233 1129 78 21 sädant
325 1130 47 21 icke
387 1130 79 27 utgöra
479 1130 76 22 hinder
569 1130 34 22 för
617 1131 170 28 förrättningens
802 1132 61 26 gäng.

300 1163 102 23 Inträffar
424 1164 68 22 under
513 1166 111 26 pägäende
645 1165 272 28 utskrifningsförrättning
938 1165 43 22 för-

232 1198 37 22 fall
284 1198 34 22 för
332 1198 244 28 utskrifningsnämdens
592 1200 134 27 ordförande,
742 1200 113 22 förordnar
871 1200 111 22 Guvernö-

232 1238 37 16 ren
291 1234 30 26 pä
343 1234 74 21 derom
439 1234 92 22 skeende
551 1234 97 22 anmälan
664 1234 130 22 oförtöfvadt
809 1240 70 16 annan
895 1234 87 27 lämplig

232 1272 78 22 person
325 1269 34 19 att
373 1267 53 22 hans
441 1268 121 26 befattning
576 1269 69 21 under
659 1269 59 21 tiden
733 1269 87 21 förestä.

579 1330 12 28 8
609 1330 32 21 18.

300 1368 42 22 Vid
365 1368 26 22 de
415 1368 153 28 myndigheter,
591 1376 45 16 som
659 1369 121 23 handhafva
795 1370 185 28 hästutskrifning,

231 1403 108 28 begagnas
362 1404 131 27 ostämpladt
515 1411 83 21 papper
620 1405 39 22 och
681 1412 50 21 eger
752 1406 59 22 lösen
827 1405 33 23 för
875 1406 107 28 utgäende

233 1438 144 28 expeditioner
393 1438 18 28 ej
429 1445 51 16 rum.
