1114 1764
257 162 14 20 4
446 160 30 22 U.
491 160 28 22 B.
535 174 27 2 —
577 160 74 28 Prop.
667 161 43 21 N:o
725 161 38 21 26.

230 221 108 22 afseende
360 222 56 22 derå
438 224 34 18 att
487 223 34 20 ett
535 222 40 20 lån
590 222 91 21 komme
696 224 35 19 att
745 222 140 28 möjliggöra
899 222 45 22 den
959 222 24 21 af

230 256 53 22 hela
298 256 79 22 landet
392 256 25 20 så
432 256 68 28 länge
515 255 44 22 och
574 255 70 29 lifligt
666 255 169 29 efterlängtade
849 256 134 28 myntreali-

229 290 111 28 sationen,
355 290 97 28 beviljat
466 290 259 28 Hypoteksföreningen
736 290 45 21 den
791 290 100 28 begärda
902 298 81 21 garan-

229 325 42 25 tin,
286 324 128 29 hvarjemte
429 324 129 22 Ständerna
574 324 140 26 meddelade,
725 326 35 20 att
772 325 73 28 något
855 327 71 19 annat
938 324 46 22 för-

229 359 77 22 behåll
328 359 40 21 vid
391 359 75 21 denna
491 358 92 29 garanti
605 359 51 21 icke
679 358 78 22 blifvit
780 358 95 28 fästadt,
898 362 29 18 än
950 362 35 18 att

230 393 172 23 Bondeståndet
424 393 74 21 såsom
520 392 76 22 vilkor
618 393 37 21 till
670 392 104 22 ståndets
789 392 67 22 bifall
879 393 36 22 till
930 394 54 21 den-

229 435 86 15 samma
322 428 105 25 bestämt,
437 429 35 19 att
479 426 259 29 Hypoteksföreningen
749 427 27 21 af
784 427 39 21 det
832 428 152 27 garanterade

229 463 63 21 lånet
314 462 71 21 borde
400 462 8 20 i
422 461 112 21 Finlands
543 461 67 21 Bank
618 461 114 28 deponera
741 461 28 21 de
777 463 12 19 8
799 461 105 29 miljoner
912 463 71 27 mark,

229 496 110 23 hvarmed
362 496 102 21 bankens
487 496 100 28 tillgång
608 496 30 28 på
660 495 115 21 metallisk
797 496 80 21 valuta
897 499 87 20 ansetts

230 532 55 21 böra
305 531 126 22 förstärkas
447 530 36 21 för
499 532 34 19 att
548 532 60 20 sätta
624 530 91 21 banken
731 530 7 21 i
753 530 93 22 tillfälle
861 533 35 19 att
910 531 75 22 inlösa

231 567 50 21 sina
296 565 75 23 sedlar
387 565 42 21 och
445 567 35 19 att
491 565 131 29 derigenom
634 565 137 28 möjliggöra
781 565 170 23 fastställandet
961 566 26 21 af

230 600 128 22 metalliskt
372 602 66 25 mynt
454 599 7 21 i
470 599 64 22 mark
547 599 42 22 och
600 599 70 29 penni
680 600 74 21 såsom
767 600 59 21 enda
836 600 87 29 lagliga
933 604 52 18 vär-

231 635 133 22 demätaren
379 635 8 20 i
402 633 107 23 Finland.
532 634 34 22 På
581 634 75 29 grund
672 633 69 23 häraf
749 633 181 30 bemyndigades
946 635 39 22 Se-

231 673 76 24 naten,
330 669 30 29 på
382 672 46 18 sätt
450 669 101 28 framgår
572 676 28 14 ur
622 668 86 29 nådiga
730 668 166 29 förordningen
912 669 43 22 den
971 671 13 19 4

232 704 58 28 april
308 704 60 25 1864,
384 705 34 19 att
434 703 37 21 till
486 703 259 28 Hypoteksföreningen
761 703 92 22 utfärda
865 703 119 22 försäkran

231 746 37 14 om
290 739 45 20 den
358 737 96 22 sålunda
476 737 25 21 af
514 737 130 22 Ständerna
659 737 113 28 beviljade
787 739 114 27 garantin.
931 738 55 21 Med

233 773 51 21 stöd
307 773 26 20 af
352 771 76 21 denna
449 771 91 28 garanti
561 774 89 26 upptog
670 771 137 28 föreningen
823 772 43 21 den
885 774 24 20 15
925 779 60 14 mars

231 808 53 21 1865
300 808 26 20 af
338 805 130 23 bankhuset
475 805 30 22 M.
514 806 28 20 A.
555 813 46 14 von
611 805 138 22 Rothschild
759 806 20 21 &
789 806 77 21 Söhne
877 807 8 20 i
897 806 88 21 Frank-

230 842 48 22 furt
293 849 19 14 a.
328 841 30 22 M.
375 842 33 19 ett
423 840 40 21 lån
479 840 25 21 af
518 841 12 20 3
546 840 106 29 miljoner
667 840 74 21 thaler
751 848 83 21 genom
845 841 138 21 utfärdande

229 876 27 23 af
269 876 153 28 obligationer
444 875 100 28 löpande
559 875 52 21 med
626 875 42 27 41/,
679 875 27 26 9/,
721 875 60 28 årlig
796 877 75 26 ränta;
887 875 44 22 och
945 875 38 21 be-

229 911 95 28 tingade
339 910 36 28 sig
389 909 146 28 längifvaren
550 909 82 22 härvid
648 917 27 12 en
691 909 166 28 kapitalrabatt
872 910 26 21 af
912 911 25 20 18
949 911 34 26 ?/,.

229 945 34 22 Af
276 945 28 21 de
326 943 97 23 sälunda
441 944 103 21 erhällna
560 943 91 22 medlen
666 943 107 29 utgäfvos
790 943 35 22 till
839 944 121 29 jordegare
975 944 8 21 i

229 980 80 22 landet
330 978 192 28 amorteringslän
538 981 48 19 mot
607 978 139 28 erläggande
769 978 26 22 af
813 980 41 26 51/,
867 980 27 26 %/,
909 981 73 24 ränta,

229 1015 29 27 1/,
276 1015 28 26 %
323 1013 239 29 kapitalafbetalning
574 1012 42 22 och
630 1014 28 26 !/,
668 1013 27 26 ?/,
707 1012 276 28 förvaltningskostnads-

232 1048 88 28 bidrag.
350 1046 224 29 Amorteringstiden
598 1046 141 22 beräknades
762 1047 36 21 till
814 1048 26 20 57
857 1047 24 21 är
897 1047 43 21 och
955 1047 28 21 de

229 1082 73 22 under
317 1082 75 21 denna
407 1081 34 21 tid
457 1082 36 20 till
510 1081 149 22 oförändradt
673 1080 83 29 belopp
771 1081 116 29 utgäende
903 1081 81 21 annui-

230 1120 89 18 teterna
333 1115 145 22 innefattade
494 1115 140 28 amortering
649 1115 19 29 ej
685 1115 88 21 mindre
789 1116 27 20 af
828 1115 82 29 sjelfva
921 1116 62 20 läne-

230 1158 105 15 summan
358 1154 29 17 än
403 1149 69 22 äfven
488 1150 26 20 af
526 1150 44 21 den
586 1149 68 21 andel
669 1149 35 21 uti
719 1148 150 23 förenämnda
885 1149 100 29 kapital-

230 1186 82 26 rabatt,
336 1192 49 14 som
401 1184 91 28 belöpte
508 1184 36 28 sig
558 1184 30 29 pä
603 1184 75 20 denna
694 1191 94 14 summa.
817 1184 13 21 TI
845 1184 57 28 följd
917 1184 70 22 häraf

235 1220 49 22 blef
306 1219 40 21 det
367 1219 82 28 nödigt
472 1221 34 19 att
528 1219 76 21 införa
626 1226 29 13 en
678 1218 147 28 bestämning
847 1218 86 27 derom,
949 1221 35 19 att

232 1253 150 29 ifrägavande
406 1253 39 21 län
472 1253 77 21 kunde
572 1252 48 22 före
642 1252 229 28 amorteringstidens
893 1253 91 28 utgäng

229 1288 137 22 återbetalas
382 1287 82 21 endast
479 1287 51 21 med
546 1287 84 27 tillägg
645 1286 26 22 af
684 1294 28 14 en
727 1286 46 22 viss
787 1286 116 22 beräknad
915 1286 69 22 andel

230 1322 35 21 uti
286 1322 45 20 den
353 1320 278 29 kapitalrabattsfordran,
652 1327 49 13 som
715 1320 138 28 föreningen
868 1319 59 22 hade
942 1320 41 21 hos

228 1356 142 28 läntagarne.

296 1390 82 21 Denna
386 1388 132 29 väsentliga
532 1388 142 29 utvidgning
682 1387 26 22 af
712 1387 271 29 Hypoteksföreningens

228 1425 138 22 länerörelse
388 1423 59 22 hade
471 1423 127 22 emellertid
621 1422 114 29 knappast
758 1423 89 21 kunnat
866 1422 117 29 förläggas

229 1459 36 22 till
281 1467 28 14 en
325 1458 149 30 olämpligare
490 1457 115 30 tidpunkt.
629 1457 51 22 Den
696 1458 66 21 svära
778 1457 117 28 missväxt,
912 1464 48 15 som
975 1457 8 22 i

296 1499 140 20 Statsutskottets
449 1499 111 18 betänkande
571 1498 38 19 N:o
622 1499 17 18 8.
