1114 1770
229 163 13 20 8
455 162 25 22 U.
495 161 23 23 B:
533 174 30 3 —
578 162 63 29 Prop.
657 160 38 24 N:o
710 161 36 23 32.

229 232 152 29 angelägenhet
401 232 7 21 i
429 232 28 22 de
478 235 57 19 stora
553 233 170 21 militärstaterna
737 229 122 30 anordnats,
874 229 108 24 omfattar

228 272 78 19 tvenne
327 267 182 23 hufvudmoment.
539 268 43 22 För
602 268 38 22 det
663 267 67 22 första
749 269 37 21 äro
804 268 97 28 samtlige
915 267 58 22 häst-

227 306 63 26 ägare
308 304 97 28 skyldige
420 306 33 19 att
464 304 107 28 uppgifva
586 304 37 22 det
637 304 57 21 antal
709 304 77 30 hästar,
801 303 77 22 hvaraf
890 303 30 22 de
934 305 39 19 äro

226 340 145 26 innehafvare,
386 342 55 19 samt
455 342 32 18 att
501 340 55 21 efter
571 340 58 21 vissa
641 339 35 22 års
688 339 133 22 mellantider
830 339 84 22 inställa
924 339 49 22 dem

228 376 33 21 tili
279 376 123 28 mönstring.
432 374 70 23 Dessa
521 376 140 27 mönstringar
681 374 60 22 skola
759 374 100 23 anställas
877 376 57 20 inom
950 375 24 21 sä

228 412 45 21 små
285 410 106 28 områden,
403 414 31 18 att
448 406 125 38 hästägaren
582 411 45 21 -för
641 411 41 21 den
698 410 56 22 skull
769 411 48 22 icke
833 411 34 21 mä
879 411 95 21 behöfva

227 447 116 21 försumma
357 453 46 15 mer
417 448 27 19 än
457 443 64 32 högst
536 454 31 17 en,
583 447 7 20 i
605 445 109 30 Tyskland
727 453 26 14 en
765 446 46 22 half
823 445 46 29 dag.
900 442 73 26 Ända-

227 482 64 22 målet
306 481 49 22 med
365 483 168 27 mönstringärna
543 484 23 19 är
575 482 120 29 egentligen
705 485 31 18 ett
746 481 120 23 statistiskt.
890 482 83 22 Vidare

227 517 80 29 äligger
328 517 125 29 hästägarne
473 518 147 29 förpligtelsen
642 521 32 18 att
694 519 7 20 i
724 517 90 29 krigstid
834 518 71 21 hemta
926 519 47 20 sina

227 553 71 25 hästar
321 553 32 21 till
368 554 44 20 viss
433 553 57 29 plats
509 553 36 21 för
565 553 149 29 wndergäende
735 553 24 21 af
781 553 121 29 besigtning
916 561 58 21 resp,

227 587 96 30 lottning,
344 588 109 22 hvarefter
473 588 34 28 de,
527 596 45 14 som
594 589 75 22 dervid
687 589 102 22 bestämts
805 589 32 21 till
852 590 121 27 uttagning.

227 624 60 22 skola
308 624 23 22 af
353 626 77 26 ägarne
451 624 94 22 inställas
563 624 32 22 till
610 627 31 19 ett
655 624 36 22 för
704 625 54 21 flere
773 624 82 22 mindre
870 624 102 22 områden

227 663 130 25 gemensamt
378 654 207 34 utskrifningsställe,
604 660 39 22 der
661 661 100 21 hästarna
781 660 55 23 efter
850 660 123 29 ytterligare
995 681 2 2 .

228 696 121 28 besigtning
363 696 142 22 öfverlemnas
519 696 33 22 till
564 696 27 22 de
601 696 34 22 för
647 704 54 20 resp.
712 699 88 26 trupper
812 696 90 22 utsedde
914 696 59 22 häst-

229 730 149 34 emottagarne.
831 759 3 4 ,

299 767 35 21 Då
348 766 101 22 Finlands
465 767 86 22 ständer
564 775 75 21 genom
655 767 118 29 antagande
789 768 23 21 af
825 768 150 28 Värneplikts-

229 803 62 28 lagen
308 803 76 21 erkänt
402 803 47 22 vårt
467 802 56 23 folks
542 801 122 31 skyldighet
678 806 32 19 att
728 804 3 20 i
746 803 50 23 män
814 804 23 21 af
854 805 46 21 sina
915 804 68 21 kraf-

229 842 32 18 ter
275 838 116 23 medverka
406 839 32 21 till
453 842 93 23 tronens
555 840 40 22 och
610 839 182 23 fäderneslandets
807 840 90 27 försvar,
911 839 64 29 följer

227 874 66 23 redan
305 874 67 27 deraf,
387 877 31 18 att
437 874 102 29 Finlands
558 876 46 21 folk
625 876 18 28 ej
664 875 42 21 kan
730 875 135 29 undandraga
886 876 34 28 sig
940 878 33 19 att

227 910 37 22 vid
284 909 130 23 inträffande
424 917 2 4 '
433 911 142 22 mobilisation
590 910 112 29 tillgodose
717 911 27 23 de
759 910 72 23 finska
847 907 126 33 truppernas

227 946 65 23 behof
313 946 23 22 af
356 946 71 22 hästar
448 949 55 19 samt
517 947 68 28 öfriga
605 947 169 22 förnödenheter.
809 947 52 22 Men
877 947 22 22 af
920 946 69 27 skäl,

225 977 39 39 som
286 977 74 39 delvis
370 983 8 20 i
393 981 42 22 den
449 982 78 29 nådiga
543 983 158 28 propositionen
716 983 65 22 äfven
796 983 96 29 antydas,
911 982 62 23 torde

225 1018 38 22 det
278 1018 73 21 finska
372 1017 69 22 folket
462 1018 34 21 för
516 1018 187 23 &stadkommande
726 1019 23 22 af
770 1021 31 20 ett
820 1019 90 28 kraftigt
930 1019 42 22 och

225 1053 102 22 effektivt
350 1054 84 22 försvar
455 1054 52 22 böra
527 1054 78 29 jämväl
625 1054 56 22 efter
701 1054 136 29 möjligheten
852 1054 63 29 ätaga
940 1055 33 28 sig

225 1092 32 19 att
277 1090 8 20 i
307 1088 109 23 -enahanda
439 1090 101 22 afseende
564 1090 119 22 underlätta
704 1090 171 28 mobiliseringen
898 1091 23 21 af
938 1090 35 22 de
999 1099 2 3 '

224 1125 69 29 ryska.
310 1127 95 27 trupper,
424 1124 74 23 hvilka
518 1126 87 28 bidraga
624 1126 32 22 till
679 1126 82 22 landets
784 1126 114 30 trygghet.:
923 1126 49 22 Och

225 1161 37 21 det
281 1161 43 22 kar
339 1161 18 29 ej
376 1160 97 27 förbises,
491 1164 32 19 att
540 1161 37 22 det
595 1161 68 22 skulle
683 1162 134 29 synnerligen
835 1162 89 28 menligt
938 1163 33 21 in-

225 1196 69 23 verka
313 1196 28 30 på
364 1196 116 22 sistnämda
500 1200 98 26 truppers
624 1197 263 29 mobiliseringsfärdighet
908 1198 63 22 öfver

223 1232 93 27 hufvud,
331 1232 72 22 derest
417 1232 28 22 de
455 1240 51 15 vore
518 1233 117 22 hänvisade
645 1236 32 19 att
685 1233 49 22 från
747 1241 58 15 mera
817 1234 95 28 aflägsna
924 1235 46 28 ncj-

224 1268 39 22 der
276 1268 101 22 anskaffa
390 1268 38 22 det
442 1269 78 28 nödiga
535 1269 79 22 antalet
628 1269 77 22 hästar.
731 1269 43 22 Om
789 1270 42 22 ock
844 1270 127 29 åläggandet

224 1304 23 20 af
264 1310 42 21 nya
323 1304 41 21 och
381 1304 31 21 till
427 1306 33 19 sin
475 1304 47 21 hela
537 1304 103 22 innebörd
655 1305 28 26 på
697 1305 92 21 förhand
804 1306 49 20 icke
867 1306 52 20 fullt
933 1306 39 20 be-

223 1339 106 21 stämbara
343 1338 79 21 bördor
433 1339 84 21 komme
529 1342 32 18 att
572 1345 76 22 genom
660 1339 309 28 hästutskrifningsinstitutets

223 1373 111 22 införande:
356 1373 111 22 åhvälfvas
490 1373 102 23 Finlands
610 1373 55 27 folk,
689 1378 54 18 samt
763 1374 145 30 betänklighet
928 1375 41 23 och

223 1408 100 29 farhägor
337 1408 29 30 pä
379 1408 76 29 mänga
470 1408 43 23 häll
528 1409 62 22 häraf
600 1409 111 29 försports,
723 1409 34 23 mä
767 1410 37 22 det
813 1411 57 22 dock
880 1411 13 22 &
903 1411 66 22 andra

223 1444 61 22 sidan
299 1448 60 25 tagas
374 1445 8 21 i
397 1445 145 27 betraktande,
556 1448 32 19 att
605 1445 132 29 godtgörelse
752 1447 34 21 för
801 1447 42 22 den
858 1447 111 29 egendom,

295 1481 297 30 Hästutskrifningsutskottets
605 1487 131 20 betänkande.
