1111 1767
328 129 28 23 U.
370 130 27 21 B.
412 142 29 3 —
456 130 71 28 Prop.
543 130 40 22 N:o
598 131 35 21 24.
799 131 27 21 39

106 186 169 24 Expropriationer
287 186 20 18 af
318 187 52 17 mark
382 187 35 17 och
430 186 117 19 fiskevatten.
577 201 3 3 .
611 202 4 3 .
646 202 3 4 .
680 200 3 4 .
722 187 62 21 29,030
797 187 57 17 mark.

106 215 117 23 Vågbrytare
238 228 4 5 «
272 229 4 4 .
306 229 4 4 .
613 229 4 4 2
681 229 4 3 0.
713 216 74 20 136,500
822 229 10 7 ,,

106 243 57 21 Molo,
169 244 58 21 jemte
237 243 29 17 till
277 229 101 32 densamma
388 224 77 45 ledande
473 229 137 36 jernvägsbank
617 243 68 22 (inclu-

175 272 47 17 sivet
234 271 145 46 arbetsledning.
386 272 36 17 och
433 268 120 21 oförutsedda
565 272 86 22 utgifter)
681 286 4 4 .
713 272 73 21 149500
822 285 10 8 ,,

107 300 103 22 Muddring
240 314 4 3 .
274 314 3 3 .
410 313 275 5 KL
725 301 61 20 4500
822 313 10 8 j,

104 328 101 23 Strandkaj
217 328 30 18 för
258 313 71 38 pråmar
375 342 38 5 OR
442 342 4 5 s
477 342 38 5 Mom
546 342 37 4 Pos
613 342 38 5 DR
681 341 4 4 &
735 329 51 20 7,200
821 342 10 8 ,

104 356 208 24 Planeringsarbeten!.
343 371 3 4 .
377 371 3 4 .
581 370 37 5 mi
648 371 4 4 &
682 369 4 5 x
725 357 62 21 10000
821 370 11 9 9

106 381 225 31 Hamnkontorsbyggnad
344 371 93 32 äfvensom
444 371 106 38 varuskjul
580 399 4 4 +
615 399 3 3 <
682 399 4 4 RR
724 385 62 21 25,000

106 413 146 23 Arbetsledning
269 414 35 17 och
321 413 119 19 oförutsedda
458 414 101 18 kostnader
577 414 28 17 för
623 413 60 24 öfriga

174 443 84 21 arbeten,
270 444 50 16 utom
333 443 60 18 molon
408 457 4 4 .
443 457 3 4 .
477 457 3 4 .
511 457 3 4 ss
545 457 3 4 «=
579 457 3 4 so
613 457 3 4 so
647 457 38 4 L.
723 443 63 20 20,520

625 478 74 17 Summa
711 477 73 20 520,000
796 477 57 18 mark.

175 530 159 21 Kostnaderna
356 530 35 21 för
413 530 83 27 sjelfva
518 531 150 25 hamnbanan,
691 530 47 21 deri
752 530 100 21 inberäk-

105 565 59 21 nade
187 564 85 27 jemväl
288 564 52 27 spår
358 565 41 21 och
413 564 119 27 vexlingar
546 565 29 26 på
589 565 82 26 molon,
687 564 74 27 uppgå
776 564 77 21 såsom

104 599 71 21 ofvan
190 599 88 21 anförts
293 599 34 21 till
344 599 112 26 1,130,000
471 599 71 21 mark.

173 633 146 22 Beträffande
334 634 83 26 nyttan
434 633 26 20 af
472 633 43 22 den
530 633 136 27 ifrågasatta
680 633 123 26 jernvägen
818 633 35 21 till

104 667 145 27 Mäntyluoto
265 667 61 22 delar
341 667 117 21 utskottet
472 667 90 22 tillfullo
582 668 42 21 den
637 667 152 27 uppfattning,
804 673 49 15 som

103 702 8 21 i
134 702 80 27 frågan
236 702 98 21 uttalats
357 702 25 20 af
403 703 92 21 senaste
513 702 120 27 landtdags
647 702 204 26 jernvägsutskott.

105 736 123 22 Utskottet
256 737 75 26 yttrar
338 736 84 21 ebland
449 737 71 21 annat
548 738 48 26 ,att
621 736 150 26 Björneborgs
801 736 51 21 stad

103 771 43 22 och
169 771 51 22 hela
238 771 42 21 den
299 771 25 21 af
336 770 226 28 Björneborgsbanan
577 770 118 27 betjenade
710 770 142 22 vidsträckta

103 806 145 21 landsdelens
270 806 89 26 export-
378 806 41 20 och
438 805 168 27 importrörelse
621 805 7 21 i
643 805 68 27 högst
726 804 126 27 väsendtlig

102 840 57 27 grad
181 840 90 21 komme
298 841 36 21 att
359 840 105 21 hämmas
486 840 42 21 och
549 840 124 25 försvåras,
695 845 38 15 om
755 844 97 16 varorna

104 874 67 22 skola
186 874 102 22 belastas
306 874 52 22 med
373 874 44 21 alla
433 874 27 22 de
475 874 161 22 omkostnader
652 874 41 21 och
708 874 144 26 olägenheter

103 915 51 15 som
169 910 39 20 äro
224 908 106 22 förenade
344 908 51 22 med
410 914 28 16 en
454 909 66 21 extra
535 908 138 26 omlastning
688 908 41 21 och
742 913 110 15 varornas

103 943 119 27 pråmning
237 943 83 21 mellan
336 943 70 21 Räfsö
421 943 41 21 och
472 943 142 27 Björneborg.
637 942 135 27 Isynnerhet
783 942 68 21 känn-

102 978 54 22 bart
175 978 75 21 blefve
268 978 64 21 detta
354 977 34 21 för
410 979 212 25 trävaruexporten,
645 977 72 21 hvaraf
748 976 57 22 dock
824 982 27 16 en

103 1012 88 27 ganska
215 1012 128 26 betydande
357 1012 69 21 trafik
444 1011 29 27 på
492 1012 72 21 denna
578 1012 60 20 bana
652 1013 26 19 är
693 1012 36 20 att
744 1012 107 25 emotses,

101 1046 50 22 dels
176 1046 50 21 från
249 1046 66 27 sågar
337 1046 6 21 i
365 1046 111 22 närheten
492 1046 26 21 af
534 1046 159 26 Tammerfors,
708 1045 48 22 dels
770 1050 82 22 genom

103 1081 191 26 tillgodogörande
320 1086 14 16 af
369 1080 215 26 skogsressurserna
610 1080 7 21 i
642 1080 27 21 de
691 1080 95 25 trakter,
809 1080 43 20 den

104 1115 182 26 Björneborgska
296 1115 75 20 banan
381 1114 150 27 genomlöper.
553 1114 42 21 För
605 1114 73 21 denna
688 1113 163 22 trävarutrafik

102 1150 27 20 är
152 1149 38 21 det
215 1149 176 26 uppenbarligen
413 1149 27 20 af
460 1149 48 21 stor
527 1149 123 26 botydelse,
666 1149 36 20 att
721 1149 130 20 trävarorna

104 1183 67 21 skola
185 1183 77 20 kunna
273 1183 83 21 forslas
368 1183 6 20 i
389 1183 167 26 jernvägsvagn
571 1183 59 21 ända
644 1182 59 21 fram
717 1181 35 22 till
767 1182 7 20 i
790 1181 60 21 ham-

104 1223 59 15 nens
181 1217 142 21 omedelbara
341 1217 81 21 närhet
437 1217 96 26 belägna
547 1216 142 27 brädgårdar,
705 1215 97 22 derifrån
816 1217 34 20 ut-

105 1251 156 27 skeppningen
270 1251 68 21 sedan
349 1251 44 22 lätt
401 1251 42 21 och
451 1251 109 22 bekvämt
568 1251 74 21 kunde
650 1256 42 21 ega
700 1256 56 15 rum.
772 1250 78 21 Denna

102 1285 181 22 trävarurörelse
301 1285 153 21 tillförsäkrar
471 1285 144 22 hamnbanan
630 1284 69 22 trafik
717 1284 80 22 jemväl
812 1290 38 15 un-

105 1319 40 22 der
160 1319 114 27 vintertid,
291 1321 54 20 enär
365 1319 136 27 sågegarene
515 1320 52 21 med
582 1319 30 21 all
627 1319 144 22 sannolikhet
786 1319 64 20 skola

102 1353 62 22 finna
186 1354 39 21 det
247 1354 174 27 fördelaktigast
443 1355 36 20 att
501 1354 201 26 nedtransportera
724 1359 28 15 en
774 1353 35 21 del
828 1353 25 20 af

103 1388 50 20 sina
169 1388 164 25 sågprodukter
350 1389 71 20 under
436 1389 73 20 denna
523 1389 32 20 tid
571 1388 26 20 af
609 1388 56 25 året,
681 1387 28 20 då
723 1387 126 25 jernvägar-

105 1427 40 15 nes
160 1421 83 26 rörliga
257 1421 105 21 material
377 1421 105 26 vanligen
497 1423 25 19 är
537 1421 86 21 mindre
638 1422 69 25 tagen
721 1420 7 21 i
744 1419 105 27 anspråk.

169 1470 179 23 Jernvägsutskottets
360 1470 110 18 betänkande
482 1470 37 18 N:o
530 1470 19 17 2.
