1114 1756
232 164 28 20 26
458 161 25 24 U.
498 161 23 23 B.
537 175 27 2 —
581 161 62 29 Prop.
658 160 37 23 N:o
711 161 38 22 32.

231 235 42 20 sätt
292 241 47 14 som
358 235 77 27 posten
455 233 41 21 och
510 231 173 30 skjutsväsendet
697 231 73 22 kunna
786 231 82 22 ostördt
882 231 95 22 funktio-

233 277 50 14 nera
299 269 65 21 äfven
382 269 7 20 i
404 268 97 29 krigstid.
977 297 2 2 |

303 305 13 20 I
331 305 41 21 alla
380 304 27 21 de
416 303 81 27 länder,
507 303 73 22 hvilka
590 303 66 22 infört
665 303 185 28 hästutskrifning,
859 303 65 22 hafva
935 305 44 19 sär-

232 340 69 22 skilda
316 339 135 23 föreskrifter
465 339 33 22 till
513 339 69 28 skydd
597 339 35 21 för
646 339 120 22 hästafveln
776 338 109 23 befunnits
896 339 83 28 nödiga.

233 377 29 21 Så
282 379 36 19 äro
334 377 7 20 i
356 375 165 30 Kejsaredömet
532 375 47 21 från
594 374 131 29 utskrifning
740 374 134 29 undantagna
890 375 18 28 ej
924 374 55 22 blott

232 413 95 28 hingstar
348 411 41 22 och
410 414 48 19 ston
479 412 8 20 i
507 414 81 19 statens
607 411 52 21 eller
673 410 97 22 enskilda
784 417 112 22 personers
912 413 67 19 stute-

232 449 47 25 rier,
296 447 74 22 hvilka
386 447 66 22 hållas
468 447 133 21 uteslutande
617 447 34 21 för
666 446 78 26 afveln,
760 448 26 20 än
802 446 102 27 enskilda,
914 447 23 21 af
946 447 33 21 öf-

233 484 142 28 verstyrelsen
396 483 34 20 för
451 483 172 21 riksstuterierna
644 481 71 22 dertill
733 482 131 28 berättigade
878 489 101 22 personer

234 519 105 28 tillhöriga
355 519 101 27 hingstar,
471 518 84 21 hvilkas
570 517 159 28 nödvändighet
742 517 34 22 för
788 517 72 22 afveln
870 518 109 29 bestyrkts

232 562 76 21 genom
330 555 66 27 intyg,
418 553 113 22 utfärdade
553 553 22 21 af
594 553 258 28 häradslandstingsnämd
868 553 58 27 eller,
942 553 38 21 der

233 589 66 22 sådan
321 589 49 22 icke
390 589 77 26 finnes,
487 589 22 21 af
524 589 165 28 häradsstyrelse
705 589 34 20 för
755 589 225 28 bondeangelägenhe-

232 629 60 18 terna
308 625 51 22 eller
373 624 149 22 motsvarande
537 624 129 29 myndighet.
696 624 36 21 Dä
746 624 39 22 hos
800 632 35 14 oss
850 624 107 22 hästafvel
972 625 8 20 i

233 663 67 20 större
321 661 100 21 stuterier
435 660 48 22 icke
495 673 2 4 -
506 660 147 26 förekommer,
673 659 40 22 och
733 660 115 28 tillgången
867 660 36 29 pä
915 660 65 21 fram-

233 697 87 22 stående
336 697 118 28 afvelsdjur
469 691 72 26 derför
556 698 23 19 är
593 697 66 27 ringa,
674 697 24 20 är
709 695 75 28 frågan
800 695 38 22 här
852 696 89 29 förtjent
957 696 24 21 af

234 735 56 20 ännu
302 735 68 20 större
381 732 192 29 uppmärksamhet.
603 732 34 21 De
647 731 165 30 knapphändiga
822 732 159 22 bestämmelser

233 769 41 22 den
296 769 48 22 nåd.
364 776 60 22 prop.
444 769 8 21 i
472 776 61 14 mom.
553 769 19 25 e)
591 768 23 22 af
631 768 140 22 förevarande
790 769 12 27 $
818 770 13 20 2
847 771 55 19 samt
917 776 63 14 mom.

234 807 34 20 9:0
283 806 8 20 i
306 805 103 28 förslaget
423 804 33 22 till
471 804 128 29 kungörelse
613 812 34 14 om
662 804 76 27 hästar,
750 804 74 22 hvilka
836 806 36 20 äro
884 804 96 22 befriade

233 841 47 21 från
296 840 137 28 utskrifning,
444 840 73 21 härom
528 840 111 26 innehålla,
654 848 64 20 synas
733 840 49 22 icke
792 848 51 14 vara
854 840 126 29 tillräckliga

234 877 34 21 för
283 876 125 22 ändamålet.
438 876 57 21 Från
514 875 169 23 fackmannahäll
698 876 39 22 har
752 876 32 22 till
799 876 41 22 och
854 876 49 22 med
918 876 63 30 påyr-

233 913 54 26 kats,
306 915 32 19 att
352 912 41 21 alla
408 911 95 29 hingstar
519 912 40 22 och
575 912 48 22 stön
638 911 66 22 borde
719 912 95 22 frikallas
830 912 47 22 från
893 912 88 25 utskrif-

233 950 57 27 ning.
314 942 81 27 'Äfven
410 954 35 14 om
461 947 34 21 för
509 947 125 29 krigsbehof
648 947 86 29 dugliga
748 947 72 23 hästar
835 948 7 21 i
856 948 125 28 erforderlig

233 983 78 29 mängd
332 983 69 22 skulle
423 983 96 26 erhållas,
538 983 46 22 ifall
601 983 55 23 blott
675 983 107 22 vallackar
800 984 84 21 komme
901 987 32 18 att
948 987 33 18 ut-

233 1019 100 27 skrifvas,
352 1019 38 22 har
412 1018 114 22 Utskottet
545 1019 48 22 icke
611 1018 82 23 kunnat
710 1019 56 22 fästa
782 1019 100 22 afseende
898 1020 37 21 vid
950 1022 32 19 ett

232 1055 101 29 yrkande,
349 1062 52 19 som,
414 1058 60 18 utom
486 1058 31 18 att
527 1055 37 21 det
573 1054 121 29 undantoge
706 1055 81 22 hälften
798 1056 22 30 af
830 1056 82 21 landets
924 1056 58 21 häst-

232 1091 62 22 stock
323 1091 49 21 från
397 1090 136 29 utskrifning,
558 1090 108 22 dessutom
693 1091 53 21 lider
771 1091 23 22 af
817 1092 115 28 svagheten
950 1095 32 19 att

231 1126 77 28 skjuta:
321 1127 63 21 öfver
403 1127 37 21 det
460 1127 48 27 mål,
525 1128 33 20 dit
573 1127 116 22 detsamma
704 1127 74 28 syftar.
808 1127 90 29 Följden
913 1128 23 22 af
950 1120 36 30 att

232 1162 40 22 alla
291 1162 96 28 hingstar
409 1162 132 28 undantoges
562 1162 48 22 från
628 1162 130 28 utskrifning
777 1162 84 22 komme
876 1164 106 28 nämligen

232 1200 50 19 utan
297 1198 78 22 tvifvel
390 1201 34 18 att
442 1198 67 22 blifva
525 1198 47 27 den,
587 1201 32 19 att
630 1198 65 22 äfven
710 1206 26 14 en
749 1201 45 19 stor
804 1198 78 29 mängd
893 1206 89 22 svagare

231 1233 48 28 djur
294 1233 68 22 skulle
378 1233 115 22 bibehållas
509 1234 116 22 outskurna.
643 1234 32 21 till
691 1234 95 28 betydlig
801 1232 66 24 skada
882 1235 35 21 för
937 1235 45 21 lan-

232 1269 47 22 dets
294 1270 112 22 hästafvel.
435 1270 104 21 Deremot
560 1270 66 22 borde
646 1269 35 22 för
699 1270 110 28 hästägare
829 1270 92 22 beredas
940 1271 43 21 till-

230 1304 50 21 fälle
300 1307 32 18 att
347 1309 51 17 utan
420 1305 64 20 altför
499 1308 57 20 stora
571 1305 114 27 omgängar
700 1305 23 21 fä
737 1305 79 21 honom
831 1306 152 27 tillhöriga,
947 1300 38 37 till

232 1339 119 28 afvelsdjur
369 1340 99 27 lämpliga
487 1339 96 28 hingstar
602 1339 40 21 och
658 1342 48 18 ston
721 1340 128 21 attesterade
864 1340 70 22 säsom
949 1340 34 23 sä-

230 1374 60 22 dana.
321 1371 119 30 Utskottet,
460 1382 45 14 som
528 1374 58 22 dock
604 1374 49 22 icke
670 1382 62 14 anser
747 1374 65 29 några
827 1369 156 35 detaljbestäm-

230 1410 77 23 melser
322 1412 7 20 i
344 1410 59 23 detta
415 1410 74 23 afseen
497 1410 26 23 de
539 1410 138 29 erforderliga
687 1412 31 21 uti
729 1411 154 29 ständerlagen,
892 1412 34 22 fär
935 1412 49 22 der-

230 1447 34 21 för
280 1447 79 22 föreslä
375 1450 31 19 att
421 1454 51 15 vare
491 1448 36 27 sig
541 1454 76 21 genom
633 1447 42 21 den
689 1447 127 28 kungörelse
828 1449 8 20 i
848 1449 76 26 ämnet,
936 1456 47 14 som

303 1486 301 26 Hästutskrifningsutskottefs
617 1489 130 19 betänkande.
