1117 1753
237 161 27 20 58
463 158 24 23 U.
502 158 23 23 B.
542 171 27 3 —
585 158 62 29 Prop.
664 157 37 24 N:o
717 158 37 22 32.

237 229 38 22 dre
297 229 43 29 god
360 229 151 22 beskaffenhet
527 219 44 31 och
595 228 89 22 sålunda
703 228 77 28 jemväl
800 228 23 22 af
837 224 58 32 lägre
910 228 72 21 värde.

237 265 13 21 I
269 265 73 28 öfrigt
353 265 66 28 hyser
437 265 36 28 jag
490 265 8 20 i
513 263 66 23 likhet
595 264 48 22 med
658 263 105 22 utskottet
778 263 41 22 den
834 263 56 22 fasta
905 263 76 22 tillför-

236 301 47 28 sigt,
303 303 32 19 att
354 300 42 22 den
415 300 216 28 lottningsomrädena
646 300 7 21 i
669 301 12 26 $
698 301 27 20 37
742 299 23 22 af
779 299 50 22 dess
844 299 81 30 förslag
939 299 41 22 till-

237 336 93 21 erkända
350 336 128 28 rättigheten
496 339 31 17 att
541 343 77 21 genom
633 335 102 22 kontrakt
749 335 49 22 med
813 335 82 22 kronan
909 335 71 22 öfver-

236 374 49 26 taga
295 372 149 28 hästegarenes
457 371 150 29 skyldigheter,
621 372 7 21 i
640 370 119 23 vidsträckt
769 379 50 14 mon
830 371 54 22 skall
896 371 84 22 komma

236 408 32 20 till
283 407 104 28 utöfoing,
402 407 137 28 hvarigenom
555 408 90 27 lottning
657 406 76 22 endast
744 408 8 20 i
764 406 23 22 få
798 407 39 22 fall
849 407 54 21 skall
913 407 67 21 blifva

236 442 123 29 nödvändig
374 442 41 22 och
430 437 108 35 slumpens
554 442 137 28 inblandning
706 442 84 22 förfalla
806 443 32 21 till
853 450 26 14 en
892 443 88 29 obetyd-
993 456 3 2 -

235 479 72 28 lighet.
320 478 1 6 '

291 537 2 2 .
305 514 44 22 Till
367 514 26 22 de
409 510 154 33 myndighöter,
578 522 45 14 som
639 514 134 22 omförmälas
784 515 7 21 i
794 515 55 29 kap.
856 515 44 27 III,
907 513 73 28 måste,

240 550 50 22 med
307 550 103 22 afseende
430 550 13 22 &
465 550 186 22 den,individuela.
667 550 113 29 värdering
795 551 23 21 af
832 550 99 22 hästarna
945 547 35 33 jag

236 589 71 19 anseti
325 594 51 14 vara
394 586 65 29 nödig
473 581 35 27 för
522 584 137 24 undvikande
675 586 23 22 af
712 586 127 28 rättsvädor,
853 586 86 23 komma
951 594 29 25 en

238 622 194 29 värderingsnämd,
451 622 88 22 hvarför
559 623 59 22 såväl
639 622 100 29 kapitlets
761 623 74 22 rubrik
858 630 45 15 som
923 624 57 27 $:10

236 658 113 29 undergätt
370 658 61 21 häraf
451 654 101 33 betingad
573 659 128 28 förändring,
715 660 64 27 jemte
795 659 37 22 det
847 659 89 22 emellan
952 660 27 21 13

238 694 40 21 och
299 695 27 20 14
347 695 26 26 $$
392 694 77 21 införts
489 701 26 14 en
531 702 28 20 ny
574 695 68 21 under
657 695 104 28 sistsagda
776 702 102 20 nummer,
893 695 86 21 hvilken

235 729 131 28 framskjutit
381 729 27 21 de
423 730 94 28 följande
533 731 12 26 $
560 738 94 14 numren.

303 762 54 24 Med
378 765 82 29 hänsyn
469 758 58 41 till”
538 758 95 41 rubriken
656 766 40 21 och
716 767 13 27 $
746 767 27 21 10
789 762 100 32 vidtagna
904 766 76 22 redak-

236 801 77 21 tionela
328 794 149 35 förändringar
491 801 83 28 framgå
588 809 26 14 ur
629 801 36 22 det
680 802 102 28 följande:

556 890 53 30 Kap.
625 890 37 24 HI.

302 944 36 22 Om
355 944 26 22 de
397 944 154 28 myndigheter,
567 951 74 22 genom
653 945 71 23 hvilka
734 945 176 28 hästutskrifning

276 977 3 5 N
496 980 40 23 och
553 980 110 28 värdering
680 981 45 23 ske.

665 1041 12 26 $
695 1041 33 20 10.

482 1080 35 22 De
537 1081 153 28 myndigheter,
712 1081 73 22 hvilka
806 1083 94 20 närmast
913 1080 67 27 hafvd

410 1119 31 18 att
456 1116 93 29 fullgöra
561 1117 27 21 de
604 1116 48 22 med
662 1117 204 28 hästutskrifningen
877 1116 101 24 förerisde
997 1112 2 2 -

410 1151 134 28 åligganden,
569 1154 43 25 äro,
631 1153 99 21 förutom
747 1153 41 21 den
810 1153 34 21 för
864 1153 115 28 handlägg-

410 1188 78 27 ningen'
512 1187 23 21 af
562 1188 222 28 värnepligtsärenden
812 1189 87 21 tillsatta
924 1196 54 21 upp-

411 1218 153 36 bädsnämden:
843 1249 3 2 ,

479 1257 205 30 besigtningsnämd,
705 1266 44 15 som
771 1259 68 22 tillika
860 1261 24 20 är
904 1259 74 22 värde-

409 1294 128 27 ringsnämd,
553 1298 54 25 samt

481 1328 211 29 utskrifningsnämd.

473 1363 90 30 ,Frågor
579 1364 90 22 rörande
684 1365 179 31 hästutskrifning
877 1365 101 29 handläg-

407 1407 38 21 gas
469 1401 42 21 och
532 1401 85 28 afgöras
639 1402 31 20 uti
686 1401 190 29 uppbädsnämden
891 1402 23 21 af
928 1402 49 22 dess

409 1436 97 29 ständige
522 1437 121 22 ledamöter.

303 1477 302 25 Hästutskrifningsutskottets
619 1479 130 20 betänkande.
