1109 1775
265 137 28 20 24
431 136 82 23 Ständ.
529 136 36 24 Sv.
582 150 25 2 —
624 137 73 27 Prop.
713 138 43 22 N:o
771 137 36 22 29.

583 255 24 21 17
624 256 19 26 8.

304 311 66 22 Aftal
385 318 37 15 om
437 311 133 29 försäkring
585 320 54 21 eger
653 312 170 29 arbetsgifvare
838 312 85 22 afsluta
935 312 53 22 med

237 346 78 28 någon
331 345 26 22 af
368 345 175 23 nedannämnda
557 347 120 21 anstalter:

307 404 20 27 a)
342 403 71 22 sådan
434 403 230 29 försäkringsanstalt
683 404 9 22 i
709 404 108 28 Finland,
837 411 49 14 som
905 410 83 22 genom

239 440 87 19 statens
341 438 181 22 föranstaltande
537 438 46 22 kan
598 439 71 21 varda
685 438 111 28 inrättad;

307 491 20 24 d)
343 490 102 22 enskildt
460 490 349 30 olycksfallsförsäkringsbolag
824 490 53 22 med
890 490 99 22 hufvud-

239 525 173 28 förvaltningen
429 525 64 22 inom
507 526 106 27 Finland,
630 526 76 21 derest
721 525 82 22 sådant
817 525 69 29 bolag
897 525 42 21 hos
950 525 39 21 Se-

239 562 70 19 naten
324 560 110 21 utverkar
449 560 36 28 sig
503 560 106 22 tillstånd
618 560 38 22 till
665 560 148 29 upptagande
823 560 26 22 af
856 560 134 28 försäkring

239 595 74 28 enligt
327 594 77 21 denna
417 595 49 28 lag;

307 649 19 23 ec)
349 645 90 29 sådana,
461 647 29 28 pä
512 646 146 29 delegarenes
683 646 139 29 ömsesidiga
841 645 150 30 ansvarighet

239 679 118 29 grundade
373 680 399 29 olycksfallsförsäkringsanstalter,
789 681 37 21 till
841 680 91 22 hvilkas
948 680 43 21 bil-

239 714 74 22 dande
329 713 107 29 Senaten,
452 715 29 28 på
496 715 67 28 gjord
578 715 104 22 ansökan
698 715 43 22 och
757 715 59 21 efter
826 714 111 29 pröfning
945 717 46 18 sär-

239 749 73 21 skildt
329 748 26 23 af
370 749 127 22 anstaltens
515 749 104 30 förmåga
638 752 34 19 att
687 749 128 29 behörigen
829 749 101 29 fullgöra
945 748 47 22 för-

240 783 130 29 säkringen,
386 784 115 22 meddelat
515 784 114 28 tillstånd;
646 786 59 19 samt

308 836 21 23 d)
347 835 110 22 utländsk
479 836 238 29 försäkringsanstalt,
741 836 70 21 hvars
834 836 158 29 organisation

239 870 43 21 och
304 869 145 29 förvaltning
467 871 100 21 Senaten
585 871 74 21 finner
675 871 98 29 erbjuda
787 870 151 29 erforderliga
953 878 38 21 ga-

240 904 86 22 rantier
341 904 36 22 för
391 905 148 29 upptagande
550 905 25 21 af
583 906 178 28 ifrågavarande
771 907 36 19 art
818 905 25 21 af
849 905 142 29 försäkring;

241 938 58 22 dock
317 939 52 21 med
387 938 113 23 förbehåll
518 942 39 26 att,
574 940 28 21 då
617 940 82 22 sådant
715 939 130 29 olycksfall,
862 946 49 14 som
926 939 8 22 i
950 941 13 20 4
978 940 13 26 8

240 972 67 29 afses,
323 973 113 29 inträffar,
452 974 149 28 utgifvandet
615 974 25 22 af
653 974 38 22 det
701 974 73 28 årliga
784 974 146 28 skadestånd,
943 981 49 14 som

239 1008 143 22 tillkommer
397 1008 44 21 den
457 1008 99 22 skadade
567 1009 56 21 eller
632 1009 57 21 hans
703 1008 218 28 rättsinnehafvare,
932 1008 60 22 skall

241 1049 83 22 genom
342 1042 273 30 försäkringsanstaltens
630 1043 93 29 försorg
738 1043 148 22 säkerställas
902 1044 29 28 på
946 1045 47 20 sätt

241 1077 42 22 och
298 1077 63 22 inom
377 1078 44 22 den
436 1078 41 28 tid,
493 1086 49 14 som
557 1078 8 22 i
582 1080 26 21 15
623 1080 13 26 &
651 1078 101 28 stadgas.

584 1212 25 21 18
624 1213 19 26 8.

309 1260 22 29 Ä
350 1267 101 22 Senaten
473 1268 132 21 ankommer
625 1271 34 18 att
673 1268 110 22 förordna
798 1269 98 22 rörande
911 1264 81 37 tillsyn

242 1302 65 21 öfver
329 1301 28 22 de
379 1303 117 26 anstalter,
520 1309 48 15 som
588 1303 92 21 erhållit
695 1303 106 21 tillstånd
816 1305 35 19 att
865 1303 8 21 i
889 1303 104 27 enlighet

242 1335 51 21 med
309 1335 75 21 denna
398 1335 38 28 lag
451 1337 101 26 upptaga
566 1335 139 29 försäkring.
