1131 1770
360 159 29 23 U.
405 160 27 22 B.
450 173 27 2 —
492 160 74 28 Prop.
582 160 44 23 N:o
642 160 35 22 31.
840 162 25 20 31

122 256 4 2 —
144 226 79 27 fordra,
245 230 31 18 att
298 230 61 18 ränta
374 228 41 20 och
430 229 128 27 amortering
572 228 128 21 bestämmes
715 228 29 26 så,
760 231 31 18 att
806 236 37 14 sex
860 228 35 21 för

144 260 110 22 hundrade
268 261 13 21 å
296 261 41 21 den
353 261 92 28 oguldna
461 262 153 21 hufvudstolen
628 262 104 27 beräknas
748 262 70 21 såsom
835 264 61 19 ränta

144 297 54 18 samt
214 302 26 14 en
255 295 34 21 för
303 294 110 22 hundrade
429 295 70 21 såsom
514 296 128 27 amortering
658 296 65 21 deraf.

212 328 48 22 4:de
282 329 41 21 och
346 330 55 20 11:te
422 330 26 26 $$
472 329 113 28 godkänna
607 330 22 21 vi
651 330 6 20 i
680 329 123 22 hufvudsak
828 330 67 28 enligt

145 362 246 22 Utskottsbetänkandet
415 371 48 13 men
486 364 49 20 med
557 363 66 29 nödig
644 364 174 28 omformulering
840 364 7 20 i
862 364 34 20 öf-

144 397 196 21 verensstämmelse
357 397 48 21 med
421 397 128 29 stadgandet
564 398 7 21 i
586 398 12 27 $
615 399 18 20 3.

212 431 212 28 Tilläggsmomentet
444 432 33 21 till
507 433 3 26 $
534 434 26 19 10
583 433 7 20 i
612 432 115 21 utskottets
749 432 81 28 förslag
848 434 48 19 ute-

144 465 65 22 slutes
226 465 68 22 säsom
310 466 48 21 icke
373 466 122 28 tillämpligt
510 467 67 27 enligt
590 467 50 20 värt
653 466 87 28 förslag.

212 499 66 22 Hvad
301 500 66 28 angår
382 501 12 26 $
410 501 26 20 13
458 500 85 28 (nådiga
565 508 59 21 prop.
640 501 11 27 $
668 501 39 26 12),
722 501 72 20 kunna
809 501 22 21 vi
846 500 47 21 icke

144 534 74 21 förena
241 541 35 14 oss
298 542 34 13 om
357 542 26 13 en
398 535 154 27 inskränkning
567 535 22 20 af
604 534 41 21 den
660 536 42 19 rätt
721 535 33 20 till
774 535 122 27 expropria-

144 568 51 26 tion,
218 576 45 13 som
284 568 82 21 kronan
386 576 29 13 nu
431 576 55 20 eger,
500 568 85 22 hvartill
600 568 95 21 kowmer
710 570 40 19 den
765 568 130 28 omständig-

144 602 63 21 heten
223 605 31 18 att
270 610 25 13 en
311 602 123 28 förändring
450 602 94 22 infördes
560 603 6 20 i
582 604 55 20 1864
660 603 33 20 års
716 603 179 28 expropriations-

144 636 126 28 förordning
285 640 51 17 utan
352 639 31 19 att
398 636 59 21 detta
472 637 7 20 i
495 636 137 28 lagförslaget
646 636 103 28 angifves.

212 670 12 21 I
240 670 77 29 nådiga
332 672 152 28 propositonen
500 673 22 19 är
538 671 40 21 ock
593 670 99 29 äfventyr
713 673 67 19 utsatt
801 670 35 21 för
857 670 37 21 det

144 705 38 21 fall
204 708 32 18 att
257 705 81 21 kronan
362 706 18 27 ej
399 706 57 20 inom
472 706 44 20 viss
532 704 90 29 stadgad
636 705 32 21 tid
682 704 72 29 gifver
767 704 126 28 jordägaren

144 739 104 21 tillkänna
270 740 32 20 sin
325 739 105 21 åstundan
452 742 32 18 att
506 740 67 20 inlösa
594 739 104 27 fastighet
717 738 35 22 för
766 738 87 22 hvilken
868 738 28 28 på

144 773 70 28 grund
235 773 23 21 af
280 773 70 21 denna
372 773 126 28 förordning
520 774 116 27 ersättning
657 772 66 22 redan
738 772 118 27 fastställts,
872 772 24 21 så

145 810 31 18 att
196 807 69 28 någon
286 807 48 21 fara
354 808 18 28 ej
396 807 61 21 torde
479 815 51 13 vara
550 807 35 21 för
599 806 91 27 handen,
706 809 30 19 att
750 807 82 20 kronan
844 809 51 18 utan

144 842 93 28 verkligt
252 842 65 20 behof
332 842 106 27 företager
453 842 157 28 expropriation
626 841 22 21 af
656 840 134 29 fastigheten,
798 840 34 21 för
842 840 54 21 hvil-

144 876 42 21 ken
206 876 82 21 kronan
310 876 66 21 redan
404 876 70 27 nägon
504 876 31 20 tid
558 875 40 21 fätt
621 875 69 21 betala
712 875 123 27 ersättning.
865 874 31 22 Vi

144 910 115 28 godkänna
281 909 85 22 derföre
389 911 11 26 &
417 911 26 20 13
458 910 7 20 i
480 909 122 22 hufvudsak
618 909 66 28 enligt
699 909 42 21 den
755 908 78 28 nädiga
848 916 48 21 pro-

144 945 128 28 positionen.

212 979 11 20 I
246 978 36 21 det
304 979 22 20 vi
348 978 34 21 för
404 977 66 28 öfrigt
491 977 113 28 godkänna
623 977 123 22 Utskottets
762 976 134 22 betänkande

145 1013 79 22 föreslå
239 1013 22 21 vi
276 1013 34 20 för
326 1013 26 27 $$
368 1013 18 26 3,
401 1013 19 25 4,
436 1013 33 25 10,
485 1013 25 20 11
527 1012 40 21 och
583 1013 26 20 13
624 1011 94 28 följande
733 1011 92 28 lydelse:

602 1092 11 26 s
624 1092 25 26 3.

420 1154 11 20 1
447 1161 62 13 mom.
525 1154 66 27 enligt
605 1153 115 21 utskottets
736 1152 85 28 förslag.

419 1189 12 19 2
447 1195 61 13 mom.
524 1188 66 28 enligt
605 1187 115 21 utskottets
735 1187 87 27 förslag.

421 1223 14 20 3
456 1229 66 14 mom.
545 1222 159 27 Ersättningen
718 1222 57 20 skall
789 1221 53 27 utgå
856 1221 37 21 sä-

351 1264 47 14 som
413 1256 57 28 årlig
485 1258 66 19 ränta
566 1256 38 21 och
619 1256 133 27 amortering
768 1255 68 27 efter
852 1255 45 27 sju

350 1291 44 27 för
408 1291 113 21 hundrade
537 1291 28 26 af
576 1291 33 21 det
624 1290 80 28 belopp,
716 1290 104 21 hvarmed
830 1296 62 20 egen-

350 1326 88 20 domens
461 1326 65 19 värde
540 1324 117 25 minskats;
674 1324 38 21 och
731 1324 105 21 beräknas
852 1330 46 14 sex

351 1359 35 27 för
408 1359 114 20 hundrade
543 1359 72 21 såsom
634 1360 67 19 ränta
715 1358 14 21 å
743 1358 42 21 den
800 1357 96 28 oguldna

352 1393 155 26 hufvudstolen
526 1395 58 18 samt
598 1393 120 20 återstoden
732 1392 73 20 såsom
821 1398 73 13 amor-

352 1426 70 27 tering
444 1425 69 28 deraf,
534 1425 26 21 så
579 1427 33 19 att
626 1426 31 20 all
672 1425 74 20 vidare
762 1424 133 27 betalnings-

352 1459 121 28 skyldighet
494 1459 14 21 å
529 1459 105 22 Kronans
654 1459 49 21 sida
721 1458 54 28 efter
790 1457 108 28 trettiosju

215 1500 129 23 Lagutskottets
357 1499 109 18 betänkande
479 1501 35 16 N:o
528 1500 16 17 6.
