1109 1761
266 137 26 21 28
461 138 25 21 U.
501 138 27 21 B.
544 149 26 4 —
586 137 71 27 Prop.
673 136 40 22 N:o
728 135 35 22 24.

238 195 67 22 vexel
327 195 30 27 på
371 195 90 22 landets
477 195 107 21 framtida
599 195 103 26 förmåga
717 196 36 19 att
768 194 55 21 bära
839 193 71 21 ökade
927 193 60 20 skat-

238 229 106 22 tebördor
359 229 35 21 för
409 229 141 22 betäckande
565 229 26 21 af
603 229 160 21 annuiteterna
777 227 14 22 å
807 227 135 26 statslånen.

307 263 76 22 Ehuru
406 270 27 15 en
456 264 104 26 pröfning
582 263 25 21 af
627 263 92 26 frågans
741 261 119 22 finansiela
875 261 48 22 sida
938 261 50 21 icke

238 297 138 21 tillkommer
398 297 235 27 Jernvägsutskottet,
657 297 42 20 har
721 296 117 22 utskottet
860 295 57 22 dock
938 295 50 21 icke

239 330 88 22 kunnat
342 330 119 22 underlåta
477 333 35 19 att
528 331 57 21 söka
599 331 60 21 bilda
674 330 34 27 sig
723 336 28 16 en
766 330 60 27 åsigt
840 330 85 26 jemväl
939 330 49 20 här-

238 364 102 27 utinnan,
363 366 54 20 enär
440 364 131 22 derförutan
595 366 35 20 ett
652 364 119 22 uttalande
793 364 51 21 från
858 364 130 21 utskottets

239 399 54 26 sida,
317 399 6 20 i
346 398 60 22 hvad
428 398 54 22 mån
504 405 40 15 ens
563 399 74 27 någon
652 398 35 22 del
702 398 25 21 af
740 399 27 21 de
782 398 125 21 framförda
923 397 65 21 önsk-

238 432 141 27 ningsmålen
403 433 74 21 kunde
500 433 103 27 beaktas,
619 433 50 21 icke
691 438 54 16 vore
767 432 95 27 möjligt.
892 432 50 21 Med
958 431 30 21 af-

239 467 82 21 seende
336 466 56 22 härå
407 467 38 21 vill
460 467 117 22 utskottet
589 468 83 20 främst
687 467 75 21 uttala
777 467 43 21 den
834 466 154 27 uppfattning,

239 502 36 20 att
289 507 38 15 om
342 502 29 20 än
387 502 42 20 den
449 502 174 26 omständighet,
640 502 36 20 att
692 503 62 20 stora
769 501 112 27 kapitaler
898 500 91 22 bundits

239 535 6 20 i
267 535 298 27 jernvägsanläggningar,
563 531 14 36 i
588 536 74 26 någon
684 536 52 21 mån
757 536 73 22 kunde
846 536 70 21 hafva
930 535 58 21 med-

239 570 84 20 värkat
346 570 35 20 till
404 570 42 21 den
467 570 7 21 i
497 570 77 21 landet
593 570 96 21 rådande
705 570 204 27 penningebristen,
924 570 66 21 detta

239 604 56 21 dock
311 603 81 22 endast
406 604 89 21 kunnat
510 604 99 27 härflyta
625 603 69 27 deraf,
709 605 37 20 att
761 604 34 21 till
811 604 64 21 detta
883 603 106 21 ändamål

238 644 7 14 1
268 637 150 22 öfverhöfvan
442 639 47 21 stor
511 639 84 26 mängd
613 638 113 21 användts
744 643 81 22 genom
841 637 148 27 beskattning

239 672 126 27 hopbragta
381 672 144 26 statsmedel;
541 673 82 21 medan
640 672 123 22 resultatet
781 672 147 27 naturligtvis
938 671 52 22 icke

239 707 88 21 kunnat
338 706 71 21 blifva
422 706 88 27 sådant,
526 713 37 14 om
578 707 126 27 upplånade
719 707 79 26 medel,
814 707 35 21 till
865 708 73 20 större
954 706 34 21 be-

239 741 51 27 lopp
305 743 30 19 än
350 747 30 15 nu
397 741 70 27 skett,
483 741 77 21 dervid
576 741 75 22 funnit
667 741 149 27 användning.
840 741 44 22 Det
899 743 25 19 är
932 741 58 21 dock

239 775 127 27 uppenbart
381 776 36 21 att
427 775 54 22 flere
491 776 72 21 andra
573 781 166 22 ogynnsamma
749 775 162 28 förhållanden,
922 775 67 22 bland

240 812 71 19 annat
329 810 26 21 de
374 810 111 27 felslagna
505 811 130 26 skördarna,
651 811 8 20 i
673 810 99 22 främsta
787 812 100 20 rummet
902 812 38 20 äro
956 816 32 15 or-

241 845 70 20 saken
334 844 35 21 till
392 845 38 21 det
452 851 31 15 nu
500 845 99 22 rådande
617 845 122 26 betryckta
758 845 148 22 ekonomiska
921 845 68 27 läget.

239 878 51 21 Men
313 879 67 21 dessa
395 879 194 26 omständigheter
608 881 39 19 äro
662 879 120 26 ingalunda
797 879 26 21 af
836 879 43 21 den
894 880 44 25 art,
954 881 36 19 att

240 912 26 21 de
288 912 68 22 borde
378 912 116 22 föranleda
516 912 35 22 till
573 912 164 28 inskränkning
755 913 7 21 i
777 913 133 21 utförandet
925 913 25 21 af
964 913 26 21 så

239 946 138 26 produktiva
395 946 90 28 företag
504 952 49 16 som
567 947 232 27 jernvägbyggnader.
829 948 110 21 Tvärtom
955 953 34 21 sy-

240 986 40 16 nes
295 980 39 22 det
349 981 69 21 under
433 981 78 27 dylika
521 981 194 27 omständigheter
725 987 56 15 vara
792 982 198 27 maktpåliggande

239 1016 37 20 att
298 1015 102 27 begagna
422 1015 45 21 alla
488 1016 27 21 de
537 1016 79 26 medel,
633 1021 50 16 som
705 1016 77 20 kunna
797 1016 92 27 bidraga
904 1016 35 22 till
955 1017 35 21 att

239 1049 44 21 öka
292 1049 85 21 folkets
385 1050 137 26 produktiva
530 1050 102 26 förmåga
642 1050 42 21 och
692 1050 91 22 befästa
791 1050 53 22 dess
852 1050 137 22 motstånds-

240 1083 63 22 kraft
310 1084 71 21 under
389 1089 166 21 ogynnsamma
563 1084 206 22 tidsförhållanden.
781 1084 34 22 Af
820 1084 70 22 ofvan
896 1085 94 27 intagna

240 1118 226 26 petitionsmemorial
479 1119 107 26 framgår,
599 1119 94 22 att
641 1114 9 36 i
659 1119 34 22 ett
702 1120 60 21 stort
769 1119 64 22 antal
841 1119 26 22 af
872 1120 58 26 dem,
938 1119 51 22 med

240 1151 141 27 åberopande
399 1152 26 21 af
441 1153 26 20 de
486 1153 131 26 pröfningar
632 1159 49 15 som
697 1153 109 22 särskildt
821 1153 27 22 de
864 1154 126 26 aflägsnare

239 1185 90 21 delarne
345 1185 26 21 af
383 1186 78 21 landet
476 1186 71 22 under
563 1188 92 20 senaste
669 1188 85 20 tvenne
769 1187 26 21 år
805 1187 139 27 genomgått,
954 1187 36 27 på-

240 1219 70 26 yrkas
332 1219 141 22 förbättrade
497 1220 222 22 kommunikationer
741 1221 36 21 för
799 1222 37 20 att
857 1221 83 21 bereda
955 1221 35 21 be-

240 1252 129 27 folkningen
398 1254 117 26 möjlighet
544 1256 36 20 att
606 1255 7 20 i
638 1260 27 16 en
693 1254 92 22 framtid
807 1255 85 21 lättare
913 1256 77 20 kunna

241 1287 134 21 öfvervinna
394 1288 135 28 motgångar
548 1288 26 20 af
587 1289 117 21 enahanda
720 1289 55 25 slag.
806 1289 33 21 En
853 1289 137 26 motivering

241 1320 69 22 sådan
326 1326 50 15 som
391 1321 79 26 denna,
482 1321 92 22 hvilken
586 1328 69 20 synes
666 1322 139 22 omedelbart
815 1322 174 27 framsprungen

239 1360 27 15 ur
289 1356 34 20 ett
346 1354 65 27 djupt
433 1355 72 21 kändt
527 1356 150 21 medvetande
700 1362 37 15 om
759 1356 60 21 hvad
839 1356 38 22 det
892 1358 32 25 är,
941 1362 49 15 som

240 1389 75 27 lägger
331 1389 26 22 de
372 1391 61 19 mest
447 1389 136 23 hämmande
600 1390 86 22 banden
702 1390 29 27 på
745 1391 43 21 den
799 1391 147 21 ekonomiska
956 1392 34 20 ut-

240 1423 139 27 vecklingen,
401 1424 100 25 innebär,
524 1424 71 28 enligt
617 1425 129 21 utskottets
761 1426 78 26 tanke,
854 1431 28 17 en
896 1426 94 26 mycket

310 1473 180 24 Jernvägsutskottets
503 1475 110 18 betänkande
625 1475 37 18 N:o
675 1475 16 18 2.
