1109 1764
268 125 14 21 2
429 123 83 24 Ständ.
528 123 39 24 Sv.
581 137 28 3 —
624 124 73 27 Prop.
712 123 43 22 N:o
769 123 36 22 32.

240 188 142 29 krigsbehof,
398 188 130 29 hvarjemte
537 188 88 29 förslag
634 188 37 21 till
683 187 114 22 särskilda
807 187 186 22 administrativa

239 222 167 29 författningar
429 223 8 20 i
453 225 78 19 ämnet
551 222 81 22 blifvit
653 221 129 22 Ständerna
797 221 37 22 till
849 221 145 30 upplysning

240 257 141 22 meddelade.

309 291 76 22 Sedan
400 291 46 22 den
460 291 86 30 nädiga
560 289 175 32 propositionen
745 291 26 22 af
779 291 131 22 Ständerna
920 291 74 22 öfver-

239 327 99 21 lemnats
353 325 38 22 till
405 325 129 30 beredning
549 326 26 21 af
587 328 34 19 ett
635 326 37 21 för
687 326 130 21 ändamälet
827 325 111 22 särskildt
948 327 46 21 till-

240 363 46 20 satt
300 360 99 28 utskott,
415 359 41 22 har
470 360 101 23 nämnda
585 360 92 22 utskott
691 360 107 22 deröfver
811 359 96 30 afgifvit
916 360 79 23 betän-

240 395 82 22 kande.
352 395 52 21 Den
425 394 166 23 förberedande
613 395 174 28 behandlingen
809 394 26 22 af
851 395 45 21 den
910 395 84 30 nädiga

240 429 181 30 propositionen,
436 429 97 22 hvilken
548 429 98 22 kommit
661 429 129 22 Ständerna
807 429 115 22 tillhanda
936 430 59 22 först

240 465 45 21 den
302 465 27 22 10
342 463 74 30 April,
432 463 88 22 säledes
534 463 74 22 under
618 463 153 29 landtdagens
781 470 81 15 senare
872 463 67 29 hälft,
955 464 41 22 har

240 498 136 28 emellertid,
399 497 26 23 af
445 498 71 22 sädan
531 498 127 29 anledning
672 497 44 22 och
731 497 52 22 med
798 497 108 22 afseende
921 499 14 20 ä
949 502 47 18 äm-

239 535 52 20 nets
313 533 52 28 vigt
387 533 43 22 och
453 533 148 28 omfattning,
625 533 51 21 icke
699 532 90 21 kunnat
807 531 26 22 af
845 531 151 24 förenämnda

240 567 112 23 särskildt
374 567 99 22 tillsatta
492 567 93 22 utskott
606 567 99 29 tidigare
720 567 113 28 fullgöras
849 570 29 19 än
894 569 34 20 att
943 568 53 22 dess

240 601 147 23 betänkande
403 602 106 28 afgifvits
524 601 60 22 först
599 601 44 22 den
659 603 27 21 28
701 601 158 22 innevarande
873 602 47 29 Maj
936 605 60 19 samt

241 637 44 21 den
300 637 29 21 30
343 636 9 21 i
367 643 86 15 samma
468 636 84 22 mänad
566 636 38 22 till
619 636 129 22 Ständerna
762 636 108 26 utdelats,
886 636 42 22 vid
937 636 59 22 hvil-

240 671 41 21 ket
295 670 146 22 förhällande
456 671 39 21 det
510 670 51 22 icke
576 671 61 22 varit
647 670 130 22 Ständerna
786 671 94 28 möjligt
890 673 35 19 att
934 671 62 22 med-

240 705 73 22 hinna
335 704 218 30 detaljoranskning
575 706 25 21 af
620 705 174 29 ifrågavarande
809 705 52 22 dem
876 705 120 29 förelagda

240 739 133 29 lagförslag.

309 773 46 22 Till
377 773 59 29 följd
453 773 68 22 häraf
533 773 25 22 fä
572 774 131 21 Ständerna
717 774 42 21 hos
774 774 74 21 Eders
863 774 133 28 Kojserliga

241 807 109 29 Majestät
365 807 168 29 underdänigst
548 808 100 22 anmäla:

515 884 31 20 att
562 882 125 22 Ständerna
709 882 46 22 icke
769 882 58 22 varit
842 882 8 22 i
865 882 84 28 tillfälle
963 885 32 20 att

446 916 36 22 vid
503 916 150 22 innevarande
676 916 105 29 landtdag
798 916 92 28 slutföra
904 918 92 27 gransk-

446 951 84 28 ningen
552 951 27 27 af
599 952 25 20 de
645 951 8 21 i
676 951 41 21 den
737 951 83 28 nädiga
832 951 163 28 propositionen

445 985 109 28 ingäende
575 986 261 28 författningsförslagen,
861 985 37 22 och
920 988 75 20 emotse

445 1019 126 23 Ständerna
594 1020 71 28 derför
688 1022 31 20 att
740 1020 70 28 nådig
829 1020 136 27 proposition
986 1021 9 21 i

445 1056 73 20 ämnet
533 1050 10 37 —
552 1055 77 21 varder
665 1054 93 22 härnäst
789 1055 206 22 sammanträdande

446 1088 94 22 Ständer
555 1089 57 27 änyo
627 1088 33 22 till
675 1088 130 28 behandling
819 1088 104 28 förelagd.

309 1156 112 22 Finlands
437 1157 99 21 Ständer
549 1156 132 22 framhärda
696 1159 42 19 etc.

309 1219 154 29 Helsingfors,
481 1220 45 22 den
540 1221 26 21 31
583 1219 45 29 Maj
647 1221 61 21 1894.

375 1435 98 18 Helsingfors,
485 1435 57 15 Finska
552 1435 169 19 Litteratursällskapets
731 1426 71 29 tryckeri,
815 1436 39 15 1894.
