1131 1770
272 145 25 20 12
563 145 44 23 N:o
627 146 40 21 29.

241 212 61 25 taget
318 211 69 21 under
403 211 36 20 det
455 211 30 26 år,
501 217 45 15 som
561 211 94 27 föregått
671 211 67 27 dagen
755 211 33 21 för
803 211 138 27 olycksfallet,
959 211 35 21 de-

239 244 33 21 las
286 245 48 21 med
351 245 53 21 talet
420 245 41 21 360
477 245 56 27 eller,
550 252 34 15 om
600 245 40 22 den
656 245 94 22 skadade
765 245 46 22 icke
826 245 56 22 varit
897 245 25 21 så
931 245 63 27 länge

239 279 8 20 i
262 278 107 28 företaget
391 279 118 27 sysselsatt,
533 280 47 21 med
604 279 82 22 antalet
702 279 66 28 dagar
783 280 43 21 han
843 279 37 22 der
894 279 47 21 haft
956 285 38 15 an-

240 313 109 28 ställning.
379 314 46 21 Har
449 314 69 21 under
533 315 71 27 någon
619 315 32 20 tid
667 314 40 21 den
723 314 95 22 skadade
833 314 7 21 i
854 313 53 28 följd
923 313 21 22 af
958 313 36 22 be-

240 347 62 28 vislig
316 348 98 27 sjukdom
430 348 57 21 varit
501 348 48 22 från
565 349 74 22 arbete
653 349 92 21 hindrad
761 349 51 21 eller
827 349 95 21 rörelsen
938 348 56 21 varit

241 377 117 38 afbruten,;
367 383 54 20 skall
436 383 58 21 tiden
510 383 73 22 härför
599 383 100 28 afdragas
715 383 49 21 från
780 383 139 27 nyssangifna
935 382 59 21 antal

242 416 72 27 dagar.

307 450 42 22 Vid
365 451 62 21 dessa
442 452 145 26 beräkningar
604 454 88 24 antages
708 451 73 27 hvarje
796 452 79 20 månad
884 450 109 22 innehålla

240 485 75 21 trettio
332 485 73 27 dagar.

307 520 76 21 Under
399 520 173 28 arbetsförtjenst
586 521 128 27 inbegripes,
735 521 59 20 utom
811 519 93 28 aflöning
919 520 7 21 i
941 526 52 21 pen-

240 554 83 27 ningar,
347 554 192 27 naturaförmåner,
556 555 146 27 uppskattade
718 554 53 22 efter
794 555 13 20 å
829 557 61 19 orten
914 557 80 24 gängse

238 589 52 26 pris,
306 589 64 21 andel
385 590 7 20 i
407 590 58 21 vinst
480 590 38 22 och
535 590 72 27 dylikt.

591 648 47 26 98.

306 687 42 22 Vid
363 688 117 21 bestäende
496 688 122 27 minskning
633 688 51 20 eller
699 687 77 22 förlust
792 686 23 22 af
823 687 169 27 arbetsförmäga

239 722 140 27 (invaliditet)
395 722 39 21 och
449 722 35 21 vid
500 722 90 22 dödsfall
605 722 72 27 lägges
693 722 32 21 till
740 722 71 27 grund
826 721 33 21 för
871 722 121 27 ersättning

239 755 202 28 arbetsförtjensten
457 756 33 22 för
505 757 30 26 är,
551 756 111 22 beräknad
677 756 32 20 till
725 757 42 20 360
782 756 80 27 gänger
873 756 40 21 den
925 756 68 27 enligt

239 791 12 20 8
267 791 11 27 &
293 791 123 21 uträknade
431 791 257 27 medeldagsförtjensten.

306 826 47 21 Har
368 826 41 21 den
425 826 94 21 skadade
535 827 56 21 varit
607 826 86 21 anstäld
708 826 35 21 vid
758 826 91 26 företag,
865 826 38 20 der
918 826 7 20 i
940 822 52 31 följd

238 859 23 21 af
281 854 108 28 rörelsens
412 862 35 19 art
462 860 85 22 arbetet
561 860 82 27 fortgår
659 860 77 22 endast
751 860 69 22 under
835 860 70 27 någon
922 860 33 21 del
971 860 24 22 af

238 895 52 26 året,
314 895 35 21 mä
372 895 40 21 den
436 895 92 22 sålunda
547 895 95 22 erhållna
658 894 163 28 ärsförtjensten
837 895 6 21 i
858 894 133 22 förhållande

236 929 73 20 härtill
326 928 120 27 nedsättas,
463 930 55 21 dock
532 930 47 21 icke
593 929 49 22 med
657 935 45 15 mer
717 931 27 20 än
761 936 25 15 en
802 929 109 27 fjerdedel.

305 963 143 28 Understiger
471 964 68 27 ärliga
557 964 201 27 arbetsförtjensten
773 963 134 28 fyrahundra
922 965 68 25 mark,

237 997 55 21 skall
314 997 65 22 likväl
399 998 60 21 detta
473 998 76 27 belopp
566 1000 77 25 utgöra
659 998 70 27 grund
743 997 34 22 för
793 999 117 26 uträkning
925 997 23 22 af
962 1005 29 14 nu

236 1031 165 27 ifrägavarande
423 1033 152 26 ersättningar,
600 1033 53 21 dock
673 1033 32 20 att
723 1032 84 21 skadad
823 1032 105 26 arbetare,
945 1038 46 15 som

236 1067 96 26 uppnått
357 1067 94 26 tjuguett
477 1067 30 26 är,
532 1067 46 21 icke
601 1068 34 20 mä
658 1066 92 22 tilldelas
766 1067 65 26 högre
847 1067 100 21 ärsränta
963 1069 27 19 än

236 1101 54 20 hans
306 1101 175 27 arbetsförtjenst
495 1101 34 21 för
545 1102 52 21 äret.

586 1165 25 20 10
627 1165 18 27 $.

304 1204 34 21 Dä
354 1205 99 21 arbetare
468 1204 47 22 lidit
530 1205 156 27 kroppsskada,
703 1205 80 26 äligger
799 1205 36 21 det
850 1204 140 28 arbetsgifva-

236 1245 37 15 ren
297 1238 51 22 eller
371 1239 54 22 hans
449 1239 184 22 ställföreträdare
657 1239 55 22 tillse
727 1241 34 20 att
776 1239 41 21 den
833 1239 95 22 skadade
944 1239 45 22 icke

236 1273 80 21 saknar
338 1273 65 27 nödig
425 1273 130 28 läkarehjelp
578 1275 56 20 samt
656 1273 53 22 värd
732 1273 39 22 och
794 1273 111 22 underhäll
920 1274 69 21 under

236 1307 135 25 sjukdomen;
388 1307 38 20 och
442 1307 54 20 skall
512 1307 121 20 kostnaden
649 1307 74 21 härför
733 1307 56 21 intill
800 1307 141 26 tjugunionde
952 1308 37 20 da-

235 1346 40 20 gen
298 1339 55 22 efter
375 1340 132 26 olycksfallet
529 1340 108 21 bestridas
660 1340 23 21 af
703 1340 175 27 arbetsgifvaren,
899 1347 33 15 om
948 1341 40 21 den

235 1371 99 25 skadade
345 1373 47 22 icke
407 1374 96 27 ätnjuter
519 1374 121 28 ersättning
655 1374 47 22 frän
718 1376 121 26 sjukkassa.

583 1439 22 20 11
624 1438 17 28 8.

302 1478 87 22 Skadad
413 1479 98 22 arbetare
533 1485 51 15 vare
600 1479 83 27 skyldig
699 1481 32 20 att
746 1480 55 22 intill
818 1480 49 22 dess
882 1480 43 22 han
941 1480 47 23 blif-
