1114 1773
323 129 27 22 U.
366 129 26 22 B.
409 142 26 3 —
450 130 73 28 Prop.
538 130 40 22 N:o
593 130 35 22 25.
807 130 14 21 5

100 192 48 16 som
171 187 34 20 ett
220 186 175 28 importförbud.
426 186 42 21 Om
488 186 166 28 lämpligheten
678 186 26 21 af
722 186 127 27 margarin-

99 220 155 28 tillverkning
277 220 62 20 inom
363 222 52 26 eget
432 220 57 21 land
507 227 55 20 vore
580 220 151 28 meningarna
746 220 103 20 deremot

97 253 92 21 delade.
211 254 54 20 Med
277 254 130 21 kännedom
424 261 36 14 om
476 256 34 19 att
526 254 52 21 från
593 253 101 22 Holland
709 253 88 28 årligen
811 260 38 14 ex-

99 287 134 29 porterades
251 288 39 21 100
306 288 107 28 miljoner
428 288 116 28 skålpund
555 288 178 28 margarinsmör
741 288 37 20 till
786 288 63 27 Eng-

98 322 65 27 land;
186 324 35 19 att
242 322 292 28 margarinfabrikationen
553 322 9 21 i
576 322 118 21 Danmark
708 322 51 21 från
775 321 45 22 den
837 324 10 19 1

97 356 66 28 April
187 357 56 21 1890
265 356 37 21 till
326 364 86 14 samma
428 356 44 28 dag
489 358 53 20 1891
560 356 66 29 stigit
645 356 53 21 från
712 358 13 20 6
741 356 108 28 miljoner

98 391 37 21 till
153 392 26 20 10
189 390 107 28 miljoner
308 390 126 29 skålpund;
446 393 34 19 att
492 390 220 29 margarinfabriker
720 390 128 22 existerade

97 426 9 20 i
128 425 65 22 Paris
209 425 43 21 och
276 425 125 21 Skottland
424 428 59 19 samt
502 428 36 19 att
553 428 62 19 stora
630 425 143 29 gvantiteter
788 425 61 21 oleo-

97 461 117 27 margarin
238 460 89 28 ärligen
349 460 165 28 importerades
530 460 37 21 till
589 461 93 27 Europa
701 459 51 22 frän
775 459 73 22 Nord-

97 495 103 21 amerika
219 495 43 21 och
279 494 141 28 Australien,
437 497 59 19 samt
514 495 80 21 vidare
610 496 34 20 att
659 493 190 29 margarinfabri-

97 530 112 21 kationen
224 529 71 22 redan
311 536 55 14 vore
382 529 67 29 tjugu
464 530 25 21 är
504 530 107 28 gammal,
623 529 78 22 kunde
712 536 54 14 man
778 529 71 28 omöj-

97 564 63 28 ligen
176 563 131 28 förutsätta,
324 566 36 19 att
375 564 28 21 de
418 566 62 19 stora
492 564 192 21 kulturländerna
694 564 59 21 hade
766 563 83 21 tillätit

97 599 181 21 konsumtionen
301 599 26 21 af
342 599 76 21 denna
432 606 55 15 vara
503 601 35 19 att
553 602 85 25 antaga
653 598 85 22 sädana
753 605 96 22 propor-

97 634 81 26 tioner,
195 633 76 22 derest
294 633 39 22 det
348 633 52 22 icke
418 635 88 20 ansetts
525 633 37 22 till
577 633 58 22 fullo
651 633 146 28 ädagalagdt,
814 635 35 20 att

98 668 132 21 densamma
245 667 21 29 ej
282 668 118 21 innehölle
415 669 72 27 några
502 668 37 22 för
554 667 81 22 helsan
643 667 106 29 skadliga
757 671 90 18 ämnen.

97 703 70 20 Detta
182 702 45 21 fett
242 703 71 20 borde
329 705 101 18 tvärtom
446 703 118 21 betraktas
575 703 74 21 såsom
660 710 29 13 en
699 702 91 28 verklig
800 701 48 22 väl-

97 737 99 28 gerning
218 736 38 22 för
277 737 27 21 de
328 737 125 21 arbetande
476 737 44 22 och
538 737 110 28 fattigare
670 737 177 21 folkklasserna.

97 771 87 21 Härtill
199 771 97 27 komme,
313 773 35 19 att
362 771 101 21 Finland
478 778 56 15 vore
542 774 34 18 ett
583 771 103 28 nordligt
696 771 61 27 land,
769 771 8 20 i
788 771 60 28 följd

97 805 84 22 hvaraf
195 805 51 22 dess
264 805 138 28 befolkning
416 806 26 21 af
454 806 118 28 naturliga
588 806 50 21 skäl
654 805 59 22 hade
729 807 33 19 ett
775 807 72 20 större

98 840 71 21 behof
182 839 27 22 af
222 839 122 29 fetthaltig
359 840 55 21 föda
429 844 29 17 än
474 841 72 21 andra
561 841 113 26 nationer,
691 840 42 21 och
749 842 34 19 ett
798 840 49 21 fak-

96 876 49 20 tum
169 872 62 30 vore,
247 877 34 19 att
303 876 160 27 natursmöret,
478 875 10 21 i
506 875 114 22 anseende
636 875 38 21 till
690 875 51 21 dess
757 875 89 28 dyrhet,

97 909 82 22 endast
201 910 8 21 i
225 909 123 29 obetydlig
362 910 54 21 mån
431 910 67 22 stode
514 910 45 21 den
573 910 85 28 fattige
673 910 121 21 arbetaren
809 909 38 21 till

96 944 65 21 buds.
192 944 62 21 Från
279 944 242 22 folkkonsumtionens
545 944 119 29 synpunkt
686 944 99 21 behöfde
808 944 39 21 det

97 978 77 22 derför
188 978 52 22 icke
256 986 66 14 anses
338 978 36 22 för
389 986 28 14 en
436 979 84 28 olycka
535 979 55 21 eller
609 979 56 27 fara,
682 985 37 15 om
733 978 114 22 förtäran-

97 1012 39 22 det
152 1012 25 22 af
190 1013 116 28 margarin
321 1020 78 14 vunne
414 1014 78 27 insteg
506 1014 8 20 i
530 1013 87 21 landet.
638 1012 48 22 Och
695 1013 44 21 den
748 1014 99 20 omstän-

96 1047 111 28 digheten
227 1048 55 25 åter,
298 1049 36 19 att
352 1049 86 19 smöret
454 1048 45 20 lätt
513 1047 78 22 kunde
607 1047 124 21 utblandas
746 1047 53 21 med
814 1048 33 19 ett

95 1082 36 21 för
152 1081 83 22 helsan
256 1082 119 28 oskadligt
398 1086 72 23 ämne,
486 1082 77 21 kunde
586 1089 78 14 ensam
684 1082 37 20 för
740 1081 37 28 sig
795 1081 52 21 icke

95 1116 120 21 betraktas
231 1116 73 21 såsom
322 1118 33 19 ett
370 1116 138 28 tillräckligt
524 1116 50 22 skäl
585 1116 37 21 för
629 1115 141 22 utdömande
782 1115 25 21 af
816 1115 31 21 all

95 1150 267 29 margarinfabrikation.

164 1184 46 22 Till
235 1192 51 14 svar
308 1185 14 21 &
337 1185 113 21 Senatens
473 1185 142 27 förberörda,
634 1187 57 19 utan
708 1184 109 22 afvaktan
833 1185 14 21 &

94 1218 173 23 vederbörande
289 1219 230 29 fackmyndigheters
538 1220 126 28 yttranden
683 1219 86 21 aflätna
784 1219 62 21 hem-

95 1253 90 28 ställan,
195 1253 146 22 meddelades
360 1254 35 21 uti
414 1254 239 22 Statssekretariatets
668 1253 53 21 bref
734 1253 26 21 af
773 1254 45 20 den
833 1254 13 21 9

94 1288 57 21 Juni
170 1289 59 25 1892,
239 1290 35 19 att
285 1288 66 21 Hans
359 1288 131 28 Kejserliga
498 1289 116 28 Majestät,
625 1288 52 22 med
684 1288 46 21 fäst
739 1288 107 21 afseende

95 1323 14 20 &
133 1322 259 28 Generalguvernörens
414 1322 127 28 utlåtande,
555 1322 72 29 jemte
643 1322 162 22 fastställande
824 1322 25 21 af

95 1356 39 21 det
164 1356 128 22 sedermera
324 1364 84 20 genom
437 1357 139 28 kungörelse
610 1357 27 21 af
666 1357 44 21 den
741 1358 26 20 14
796 1356 51 21 Juli

95 1390 55 21 1892
173 1390 135 20 meddelade
324 1391 109 21 förbudet
453 1394 49 18 mot
516 1391 154 27 tillverkning
690 1391 25 20 af
729 1391 116 27 margarin

93 1423 9 20 i
117 1423 110 27 Finland,
244 1423 51 21 icke
314 1424 64 20 velat
393 1424 83 21 bifalla
494 1424 38 22 till
552 1424 113 22 Senatens
684 1424 109 21 anhällan
809 1431 35 13 om

161 1486 48 24 Lag-
223 1486 31 18 och
266 1486 184 19 Ekonomiutskottets
462 1488 110 18 betänkande
585 1486 37 19 N:o
634 1487 18 17 4.
