1128 1770
295 147 14 20 4
464 144 75 23 Ständ.
555 145 34 22 Sv.
606 157 26 3 —
648 145 64 28 Prop.
728 144 38 22 N:o
781 144 35 23 28.

267 207 211 22 Bränvinsskatten
489 207 119 22 äfvensom
619 207 67 22 andel
696 207 8 22 i
711 208 102 21 utminu-

295 243 99 28 terings-
401 241 44 23 och
449 242 283 29 utskänkningsbolagens
738 244 76 20 netto-

297 272 72 38 vinst
385 276 632 28 LL
855 272 130 38 2,360,000:
998 272 22 38 —

671 316 94 22 Summa
780 318 47 26 Fay:
856 317 121 27 9,566,080:
992 316 27 21 43

597 403 103 29 Utgifter:

271 460 82 29 Enligt
368 461 45 21 den
428 460 85 29 nådiga
527 461 173 28 propositionen
740 476 4 5 .
776 477 4 5 .
810 476 5 5 .
859 460 119 28 5,890,970:
994 471 27 4 —

269 495 46 21 Till
337 495 170 29 nybyggnader
529 495 39 21 vid
588 494 29 22 de
632 495 62 21 äldre
715 494 103 22 banorna

299 530 74 28 enligt
383 530 101 21 särskild
498 529 104 28 uppgift.
633 547 4 4 .
668 546 4 4 .
738 545 5 5 «
810 545 4 5 .
881 529 98 26 750,000:
995 540 26 3 —

271 563 46 22 Till
326 564 73 28 rörlig
409 564 105 21 materiel
525 563 40 22 vid
572 564 115 21 desamma
697 542 74 54 enligt
775 546 25 39 d;
798 559 17 37 jo
882 564 97 26 200,000:
996 574 25 3 —

271 598 46 22 Till
342 599 13 21 5
378 598 128 22 lokomotiv
530 597 102 28 (afsedda
654 600 34 19 att
709 598 109 21 bekostas

299 632 25 22 år
341 633 61 27 1895,
418 640 53 14 men
487 632 105 22 bestälda
606 632 70 22 redan
692 632 24 22 är
733 632 63 27 1894)
812 649 4 4 .
882 632 98 27 350,000:
1000 644 23 3 —

271 667 140 28 Behällning
426 667 82 22 ultimo
524 667 127 21 December
670 684 4 4 .
706 683 4 5 .
741 683 5 4 .
777 683 4 4 .
812 684 5 4 .
861 667 120 27 2,375,110:
997 666 27 22 43

661 707 94 21 Summa
770 707 47 26 fm
843 703 9 36 =
861 707 119 28 9,566,080:
996 707 28 22 43

341 787 36 22 Då
392 787 130 22 emellertid
536 788 99 27 erfarits,
651 789 34 20 att
699 787 37 22 för
751 787 28 22 de
794 794 32 15 nu
836 788 119 28 pågående
963 787 63 29 jern-

273 823 168 28 vägsarbetena
455 823 74 22 under
544 822 155 23 innevarande
714 823 25 21 är
756 823 55 22 1894
826 823 103 21 kommer
942 824 34 20 att
987 830 37 14 an-

273 857 86 22 vändas
383 857 107 28 omkring
513 859 92 26 900,000
626 857 65 22 mark
713 865 49 14 mer
780 861 30 18 än
830 857 28 22 de
873 857 87 28 anslag,
977 864 48 15 som

273 891 133 29 inbegripas
426 892 9 20 i
450 891 168 23 ofvanstäende
632 891 139 29 utgiftspost
786 891 26 22 af
824 892 115 28 5,890,970
953 891 72 27 mark,

273 925 42 23 har
332 926 166 28 behällningen
514 927 8 21 i
537 926 300 22 kommunikationsfonden
852 926 42 22 vid
909 926 117 29 ingängen

275 960 24 22 af
312 961 25 21 är
353 961 57 22 1895
429 960 8 22 i
452 960 116 29 budgeten
590 961 119 29 upptagits
724 962 9 20 i
748 962 71 21 rundt
838 961 34 22 tal
894 961 81 21 endast
990 961 38 21 till

275 995 114 28 1,475,000
398 994 72 22 mark.

343 1028 123 30 Utgäende
481 1029 52 22 frän
544 1030 45 22 den
599 1030 96 22 sälunda
705 1030 149 29 kalkylerade
865 1030 163 22 trafikvinsten

274 1063 37 22 för
327 1064 24 21 år
371 1065 60 27 1894,
447 1065 116 27 4,610,000
577 1065 71 27 mark,
663 1065 42 21 har
720 1064 180 22 Statsutskottet
915 1064 42 22 vid
972 1072 57 21 upp-

275 1098 102 28 görande
393 1098 26 22 af
431 1099 313 22 kommunikationsfondens
760 1099 88 29 budget
862 1099 36 23 för
909 1100 54 21 ären
973 1100 55 21 1895

276 1133 83 21 —1897
383 1133 52 22 med
457 1133 92 29 hänsyn
572 1134 37 22 till
631 1134 44 22 den
690 1133 89 29 ökning
795 1134 8 21 i
818 1134 209 27 trafikinkomsten,

276 1173 49 15 som
341 1167 28 21 de
385 1167 139 29 föregäende
534 1169 55 21 ären
599 1171 39 26 egt
647 1176 50 14 rum
709 1168 43 22 och
763 1169 28 21 dä
800 1169 125 21 tillväxten
935 1168 26 22 af
967 1168 62 28 jern-

276 1204 114 26 vägarnas
413 1202 183 22 bruttoinkomst
616 1205 88 26 stegras
727 1202 69 22 äfven
810 1210 84 22 genom
908 1203 121 29 jernvägs-

276 1238 76 19 nätets
375 1237 143 29 utvidgning
537 1237 43 22 och
596 1237 27 21 de
637 1245 47 21 nya
698 1238 111 21 liniernas
824 1238 115 21 inverkan
953 1238 30 28 pä
1002 1237 27 21 de

277 1270 62 22 äldre
354 1270 114 22 banornas
483 1271 74 28 trafik,
573 1272 112 21 beräknat
699 1272 226 22 bruttoinkomstens
941 1272 89 28 ökning

276 1304 37 20 för
334 1305 25 19 år
376 1306 54 20 1895
445 1306 37 19 till
499 1307 92 24 800,000
613 1308 60 18 samt
687 1306 37 20 för
742 1306 28 20 de
784 1306 59 20 båda
857 1306 102 27 följande
975 1306 55 20 åren

277 1337 37 21 till
328 1344 59 21 resp.
404 1339 92 26 850,000
507 1339 43 20 och
560 1339 92 27 900,000
662 1339 70 21 mark.
751 1339 70 21 Hvad
830 1339 201 28 trafikutgifterna

277 1372 151 28 vidkommer,
445 1372 41 22 har
503 1373 44 21 den
562 1373 73 28 ärliga
649 1373 123 22 tillväxten
788 1373 8 21 i
812 1373 119 29 desamma,
941 1373 90 29 jemväl

277 1407 53 21 med
352 1406 53 22 stöd
424 1407 27 21 af
466 1407 28 21 de
508 1407 138 29 föregäende
661 1408 65 21 ärens
746 1408 101 28 bokslut,
868 1410 87 20 ansetts
975 1408 56 22 böra

278 1440 38 23 för
330 1444 55 20 ären
402 1443 138 22 1895—1897
556 1442 136 30 uppskattas
706 1443 38 22 till
758 1450 60 22 resp.
828 1444 99 28 500,000,
940 1444 91 27 540,000
