1117 1764
274 150 27 21 10
463 149 28 22 U.
507 149 28 22 B.
550 162 27 2 —
593 149 73 27 Prop.
683 148 44 22 N:o
743 147 38 22 26.

245 211 150 28 föreningens
419 211 179 28 bolagsstämma
619 212 76 19 ansett
717 210 37 27 sig
777 209 19 29 ej
818 216 55 15 vara
895 209 103 28 lagligen

245 245 132 28 berättigad
393 247 34 20 att
441 247 57 19 utan
513 244 109 22 särskildt
638 243 140 29 begifvande
794 243 25 22 af
835 243 79 28 hvarje
936 243 62 21 äldre

244 279 123 28 låntagare
383 279 48 22 deri
447 279 95 28 vidtaga
555 279 77 28 någon
647 277 105 29 ändring.
783 277 125 22 Gentemot
923 277 76 21 denna

245 313 152 29 uppfattning
406 313 103 21 uttalade
522 313 129 21 Ständerna
661 312 36 21 uti
707 312 35 21 sin
752 311 160 28 underdåniga
925 318 74 14 svars-

246 347 121 21 skrifvelse
383 348 74 21 såsom
473 347 34 21 sin
524 347 66 28 åsigt,
606 349 35 19 att
656 346 137 28 föreningen
811 345 51 22 icke
884 352 54 15 vore
962 345 36 21 be-

246 381 71 28 fogad
334 383 35 20 att
385 381 94 22 hvälfva
495 381 158 28 ersättningen
669 379 26 22 af
708 380 46 21 alla
768 380 134 29 uppkomna
917 379 83 22 brister

246 416 30 27 på
291 415 28 21 de
335 416 45 24 län,
396 416 40 21 der
451 415 139 22 förlusterna
605 415 106 28 uppstått
725 414 56 21 eller
803 413 196 29 hufvudsakligen

246 450 102 29 Kuopio,
364 450 128 29 Uleåborgs
508 451 42 20 och
561 450 34 22 S:t
606 449 96 22 Michels
712 449 46 27 län,
770 449 9 20 i
790 448 90 22 hvilket
892 447 108 22 afseende

246 485 131 20 Ständerna
399 485 125 28 påpekade,
547 487 35 19 att
604 491 28 14 en
653 491 88 14 summa
761 482 138 29 uppgående
914 483 36 20 till
966 482 32 21 in-

247 522 61 17 emot
330 520 91 26 300,000
445 519 64 21 mark
531 519 50 21 icke
606 517 77 22 blifvit
701 518 73 28 något
789 517 39 22 län
843 517 118 28 påbördad
976 517 26 21 af

246 553 50 21 skäl
319 555 36 19 att
376 555 125 27 nästsagda
521 560 88 15 summa
629 553 118 22 sannolikt
769 552 108 29 utgjorde
897 554 68 19 ränta
986 552 14 21 å

246 587 90 21 sådana
358 587 105 27 förskott,
488 588 13 21 å
522 587 80 22 hvilka
627 588 74 28 enligt
723 588 152 28 reglementet
896 589 68 19 ränta
979 586 19 28 ej

246 621 63 28 finge
331 622 92 21 räknas.
455 622 117 29 Derjemte
595 622 111 29 påvisade
729 621 129 22 Ständerna
882 621 118 28 åtskilliga

248 655 125 22 afvikelser
394 656 51 21 från
468 656 149 29 föreningens
637 657 149 28 reglemente,
809 655 80 22 hvilka
911 655 90 28 bolags-

247 692 141 19 stämmorna
411 691 88 20 lemnat
521 691 134 21 oanmärkta
672 691 42 21 och
729 698 49 13 som
795 689 51 22 haft
861 689 36 21 till
912 688 89 30 påföljd

248 726 34 19 att
299 724 130 28 betydande
445 724 89 29 belopp,
550 725 151 28 kalkylerade
715 725 37 20 till
775 725 92 26 200,000
883 725 11 19 &
910 724 90 24 300,000

247 759 72 26 mark,
335 759 104 28 frängätt
454 759 168 22 reservfonden.
653 759 11 21 I
679 759 114 22 anseende
808 759 36 21 till
864 758 66 21 dessa
952 765 48 14 om-

248 793 158 28 ständigheter
428 793 122 22 framhöllo
573 794 131 21 Ständerna
719 794 13 21 &
747 801 44 14 ena
813 793 72 27 sidan,
901 795 34 19 att
950 792 50 21 icke

247 827 52 22 hela
321 827 64 22 detta
408 828 83 26 deficit,
515 835 47 14 som
586 828 88 28 tyngde
697 828 145 29 föreningen,
860 835 41 13 var
916 827 27 21 af
956 827 44 21 den

248 862 165 27 beskaffenhet,
435 865 35 18 att
490 863 39 21 det
543 863 74 21 skulle
633 863 78 20 kunna
726 862 42 22 hos
784 862 81 22 endast
880 869 28 14 en
924 861 38 22 del
977 861 27 22 af

246 895 150 29 föreningens
419 897 106 28 delegare
544 900 117 18 uttaxeras
685 899 59 18 samt
764 897 13 20 ä
797 897 44 20 den
865 896 78 24 andra,
966 898 35 19 att

248 931 108 27 samtliga
379 931 105 28 delegare
506 931 8 21 i
537 931 135 28 föreningen
694 931 63 28 gjort
779 931 35 28 sig
835 930 108 29 skyldiga
965 930 36 21 till

248 964 87 21 sädana
350 964 131 29 betydande
497 965 124 21 afvikelser
635 965 53 21 frän
704 965 151 28 reglementet
866 966 34 19 att
910 964 28 21 de
949 964 52 21 med

248 998 49 21 skäl
320 999 77 21 kunde
420 1007 65 13 anses
507 1002 142 25 gemensamt
665 999 122 28 ansvariga
802 999 36 21 för
853 999 147 28 föreningens

247 1033 159 21 förbindelser.
437 1033 46 21 För
505 1036 34 19 att
560 1033 82 28 bringa
664 1033 82 28 frågan
762 1033 35 21 till
813 1033 81 29 slutlig
908 1033 93 28 lösning

247 1067 122 28 medgäfvo
393 1067 59 21 dock
475 1067 130 22 Ständerna
627 1067 141 28 afskrifning
789 1068 26 21 af
834 1067 166 29 Hypoteksför-

247 1101 113 28 eningens
383 1101 52 22 från
457 1102 113 21 Finlands
592 1102 61 21 bank
675 1101 104 22 erhållna
801 1102 38 21 län
858 1102 37 21 till
910 1101 90 22 förmån

246 1135 37 22 för
305 1136 148 28 föreningens
477 1136 104 29 delegare
605 1137 7 20 i
633 1136 135 29 Uleåborgs,
791 1137 93 27 Kuopio
908 1136 42 21 och
966 1136 34 22 S:t

247 1170 98 21 Michels
368 1170 46 27 län,
437 1177 52 15 men
505 1171 131 28 uppställde
652 1170 81 21 dervid
748 1170 102 29 följande
865 1170 85 22 vilkor:
966 1173 35 19 att

248 1204 144 21 återstående
415 1204 83 27 deficit,
519 1205 107 28 omkring
647 1206 92 26 465,000
762 1205 71 26 mark,
856 1212 84 21 genom
956 1205 44 21 för-

247 1239 112 28 eningens
376 1246 59 21 egna
450 1239 155 29 tillgöranden
618 1239 161 27 amorterades;
792 1242 34 19 att
836 1239 164 29 förvaltnings-

247 1273 156 21 kostnaderna
418 1273 35 21 för
469 1273 78 28 hvarje
563 1273 25 22 är
603 1273 76 22 blefve
694 1274 108 21 betäckta
812 1276 56 19 utan
882 1273 118 22 anlitande

247 1307 26 20 af
293 1307 28 20 de
344 1307 36 20 för
402 1310 67 17 ränta
491 1307 43 20 och
550 1307 140 28 amortering
707 1307 112 28 behöfliga
835 1307 89 21 medlen
941 1310 60 18 samt

248 1343 33 18 att
297 1340 36 21 till
349 1341 160 27 betryggande
525 1341 26 20 af
563 1341 149 27 föreningens
723 1341 105 28 förmåga
841 1343 35 18 att
889 1341 54 21 bära
954 1341 46 21 för-

246 1374 79 27 luster,
341 1382 48 14 som
405 1374 77 22 kunde
498 1375 84 28 uppstå
597 1375 25 21 sf
635 1375 70 21 redan
721 1375 66 28 gifna
798 1375 46 28 län,
855 1375 7 21 i
875 1375 125 30 reglemen-

246 1412 34 19 tet
302 1409 101 22 infördes
425 1417 28 14 en
476 1409 146 30 bestämning
643 1417 38 14 om
697 1409 119 22 bildandet
831 1409 26 23 af
870 1417 28 14 en
914 1418 84 14 reserv-

250 1444 65 26 fond,
337 1444 37 21 till
396 1444 107 29 beloppet
525 1445 50 21 icke
593 1445 182 28 understigande
793 1447 6 20 1
812 1447 27 26 "/,
855 1445 26 22 af
893 1445 107 30 samtliga

316 1485 141 17 Slatsutskottets
469 1485 109 18 betänkande
592 1485 35 17 N:o
640 1485 17 18 8.
