<?xml version="1.0" encoding="UTF-8"?>
<alto xmlns="http://www.loc.gov/standards/alto/ns-v3#" xmlns:xlink="http://www.w3.org/1999/xlink" xmlns:xsi="http://www.w3.org/2001/XMLSchema-instance" xsi:schemaLocation="http://www.loc.gov/standards/alto/ns-v3# http://www.loc.gov/alto/v3/alto-3-0.xsd">
	<Description>
		<MeasurementUnit>pixel</MeasurementUnit>
		<sourceImageInformation>
			<fileName>/tmp/tess_jgtupbwy_input.PNG</fileName>
		</sourceImageInformation>
		<OCRProcessing ID="OCR_0">
			<ocrProcessingStep>
				<processingSoftware>
					<softwareName>tesseract 5.3.4</softwareName>
				</processingSoftware>
			</ocrProcessingStep>
		</OCRProcessing>
	</Description>
	<Layout>
		<Page WIDTH="1109" HEIGHT="1767" PHYSICAL_IMG_NR="0" ID="page_0">
			<PrintSpace HPOS="0" VPOS="0" WIDTH="1109" HEIGHT="1767">
				<ComposedBlock ID="cblock_0" HPOS="190" VPOS="1139" WIDTH="39" HEIGHT="23">
					<TextBlock ID="block_0" HPOS="190" VPOS="1139" WIDTH="39" HEIGHT="23">
						<TextLine ID="line_0" HPOS="190" VPOS="1139" WIDTH="39" HEIGHT="23">
							<String ID="string_0" HPOS="190" VPOS="1139" WIDTH="39" HEIGHT="23" WC="0.93" CONTENT="18"/>
						</TextLine>
					</TextBlock>
				</ComposedBlock>
				<ComposedBlock ID="cblock_1" HPOS="190" VPOS="1242" WIDTH="38" HEIGHT="23">
					<TextBlock ID="block_1" HPOS="190" VPOS="1242" WIDTH="38" HEIGHT="23">
						<TextLine ID="line_1" HPOS="190" VPOS="1242" WIDTH="38" HEIGHT="23">
							<String ID="string_1" HPOS="190" VPOS="1242" WIDTH="38" HEIGHT="23" WC="0.92" CONTENT="28."/>
						</TextLine>
					</TextBlock>
				</ComposedBlock>
				<ComposedBlock ID="cblock_2" HPOS="191" VPOS="1344" WIDTH="38" HEIGHT="22">
					<TextBlock ID="block_2" HPOS="191" VPOS="1344" WIDTH="38" HEIGHT="22">
						<TextLine ID="line_2" HPOS="191" VPOS="1344" WIDTH="38" HEIGHT="22">
							<String ID="string_2" HPOS="191" VPOS="1344" WIDTH="38" HEIGHT="22" WC="0.79" CONTENT="38"/>
						</TextLine>
					</TextBlock>
				</ComposedBlock>
				<ComposedBlock ID="cblock_3" HPOS="269" VPOS="134" WIDTH="535" HEIGHT="28">
					<TextBlock ID="block_3" HPOS="269" VPOS="134" WIDTH="535" HEIGHT="28">
						<TextLine ID="line_3" HPOS="269" VPOS="134" WIDTH="535" HEIGHT="28">
							<String ID="string_3" HPOS="269" VPOS="136" WIDTH="13" HEIGHT="20" WC="0.96" CONTENT="2"/><SP WIDTH="145" VPOS="136" HPOS="282"/>
							<String ID="string_4" HPOS="427" VPOS="134" WIDTH="81" HEIGHT="23" WC="0.92" CONTENT="Ständ."/><SP WIDTH="16" VPOS="134" HPOS="508"/>
							<String ID="string_5" HPOS="524" VPOS="134" WIDTH="37" HEIGHT="23" WC="0.92" CONTENT="Sv."/><SP WIDTH="19" VPOS="134" HPOS="561"/>
							<String ID="string_6" HPOS="580" VPOS="148" WIDTH="28" HEIGHT="3" WC="0.92" CONTENT="—"/><SP WIDTH="14" VPOS="148" HPOS="608"/>
							<String ID="string_7" HPOS="622" VPOS="135" WIDTH="72" HEIGHT="27" WC="0.96" CONTENT="Prop."/><SP WIDTH="16" VPOS="135" HPOS="694"/>
							<String ID="string_8" HPOS="710" VPOS="135" WIDTH="43" HEIGHT="23" WC="0.96" CONTENT="N:o"/><SP WIDTH="15" VPOS="135" HPOS="753"/>
							<String ID="string_9" HPOS="768" VPOS="135" WIDTH="36" HEIGHT="23" WC="0.93" CONTENT="31."/>
						</TextLine>
					</TextBlock>
				</ComposedBlock>
				<ComposedBlock ID="cblock_4" HPOS="239" VPOS="200" WIDTH="758" HEIGHT="893">
					<TextBlock ID="block_4" HPOS="239" VPOS="200" WIDTH="754" HEIGHT="132">
						<TextLine ID="line_4" HPOS="239" VPOS="200" WIDTH="754" HEIGHT="29">
							<String ID="string_10" HPOS="239" VPOS="200" WIDTH="147" HEIGHT="28" WC="0.91" CONTENT="janderätten"/><SP WIDTH="19" VPOS="200" HPOS="386"/>
							<String ID="string_11" HPOS="405" VPOS="200" WIDTH="37" HEIGHT="22" WC="0.96" CONTENT="till"/><SP WIDTH="19" VPOS="200" HPOS="442"/>
							<String ID="string_12" HPOS="461" VPOS="200" WIDTH="47" HEIGHT="22" WC="0.96" CONTENT="fast"/><SP WIDTH="18" VPOS="200" HPOS="508"/>
							<String ID="string_13" HPOS="526" VPOS="200" WIDTH="112" HEIGHT="28" WC="0.96" CONTENT="egendom"/><SP WIDTH="15" VPOS="200" HPOS="638"/>
							<String ID="string_14" HPOS="653" VPOS="201" WIDTH="63" HEIGHT="21" WC="0.93" CONTENT="inom"/><SP WIDTH="14" VPOS="201" HPOS="716"/>
							<String ID="string_15" HPOS="730" VPOS="200" WIDTH="237" HEIGHT="29" WC="0.92" CONTENT="fästningsesplanad,"/><SP WIDTH="17" VPOS="200" HPOS="967"/>
							<String ID="string_16" HPOS="984" VPOS="200" WIDTH="9" HEIGHT="21" WC="0.96" CONTENT="i"/>
						</TextLine>
						<TextLine ID="line_5" HPOS="242" VPOS="234" WIDTH="748" HEIGHT="28">
							<String ID="string_17" HPOS="242" VPOS="234" WIDTH="165" HEIGHT="28" WC="0.93" CONTENT="sammanhang"/><SP WIDTH="10" VPOS="234" HPOS="407"/>
							<String ID="string_18" HPOS="417" VPOS="234" WIDTH="111" HEIGHT="22" WC="0.92" CONTENT="hvarmed"/><SP WIDTH="7" VPOS="234" HPOS="528"/>
							<String ID="string_19" HPOS="535" VPOS="234" WIDTH="130" HEIGHT="22" WC="0.92" CONTENT="Ständerna"/><SP WIDTH="11" VPOS="234" HPOS="665"/>
							<String ID="string_20" HPOS="676" VPOS="234" WIDTH="37" HEIGHT="22" WC="0.93" CONTENT="till"/><SP WIDTH="9" VPOS="234" HPOS="713"/>
							<String ID="string_21" HPOS="722" VPOS="234" WIDTH="130" HEIGHT="22" WC="0.92" CONTENT="kännedom"/><SP WIDTH="10" VPOS="234" HPOS="852"/>
							<String ID="string_22" HPOS="862" VPOS="234" WIDTH="128" HEIGHT="22" WC="0.92" CONTENT="meddelats"/>
						</TextLine>
						<TextLine ID="line_6" HPOS="241" VPOS="268" WIDTH="750" HEIGHT="30">
							<String ID="string_23" HPOS="241" VPOS="268" WIDTH="88" HEIGHT="30" WC="0.95" CONTENT="förslag"/><SP WIDTH="14" VPOS="268" HPOS="329"/>
							<String ID="string_24" HPOS="343" VPOS="269" WIDTH="38" HEIGHT="21" WC="0.93" CONTENT="till"/><SP WIDTH="14" VPOS="269" HPOS="381"/>
							<String ID="string_25" HPOS="395" VPOS="268" WIDTH="144" HEIGHT="29" WC="0.91" CONTENT="kungörelse,"/><SP WIDTH="16" VPOS="268" HPOS="539"/>
							<String ID="string_26" HPOS="555" VPOS="268" WIDTH="161" HEIGHT="23" WC="0.92" CONTENT="innefattande"/><SP WIDTH="15" VPOS="268" HPOS="716"/>
							<String ID="string_27" HPOS="731" VPOS="269" WIDTH="186" HEIGHT="22" WC="0.91" CONTENT="administrativa"/><SP WIDTH="14" VPOS="269" HPOS="917"/>
							<String ID="string_28" HPOS="931" VPOS="269" WIDTH="60" HEIGHT="22" WC="0.93" CONTENT="före-"/>
						</TextLine>
						<TextLine ID="line_7" HPOS="241" VPOS="302" WIDTH="742" HEIGHT="30">
							<String ID="string_29" HPOS="241" VPOS="303" WIDTH="95" HEIGHT="22" WC="0.90" CONTENT="skrifter"/><SP WIDTH="16" VPOS="303" HPOS="336"/>
							<String ID="string_30" HPOS="352" VPOS="302" WIDTH="118" HEIGHT="30" WC="0.91" CONTENT="angäende"/><SP WIDTH="14" VPOS="302" HPOS="470"/>
							<String ID="string_31" HPOS="484" VPOS="303" WIDTH="179" HEIGHT="29" WC="0.96" CONTENT="tillämpningen"/><SP WIDTH="21" VPOS="303" HPOS="663"/>
							<String ID="string_32" HPOS="684" VPOS="303" WIDTH="25" HEIGHT="21" WC="0.96" CONTENT="af"/><SP WIDTH="15" VPOS="303" HPOS="709"/>
							<String ID="string_33" HPOS="724" VPOS="303" WIDTH="100" HEIGHT="22" WC="0.93" CONTENT="nämnda"/><SP WIDTH="15" VPOS="303" HPOS="824"/>
							<String ID="string_34" HPOS="839" VPOS="303" WIDTH="144" HEIGHT="28" WC="0.87" CONTENT="förordning."/>
						</TextLine>
					</TextBlock>
					<TextBlock ID="block_5" HPOS="242" VPOS="337" WIDTH="754" HEIGHT="514">
						<TextLine ID="line_8" HPOS="309" VPOS="337" WIDTH="683" HEIGHT="29">
							<String ID="string_35" HPOS="309" VPOS="337" WIDTH="83" HEIGHT="29" WC="0.95" CONTENT="Enligt"/><SP WIDTH="14" VPOS="337" HPOS="392"/>
							<String ID="string_36" HPOS="406" VPOS="337" WIDTH="44" HEIGHT="22" WC="0.93" CONTENT="den"/><SP WIDTH="15" VPOS="337" HPOS="450"/>
							<String ID="string_37" HPOS="465" VPOS="338" WIDTH="85" HEIGHT="28" WC="0.92" CONTENT="nädiga"/><SP WIDTH="14" VPOS="338" HPOS="550"/>
							<String ID="string_38" HPOS="564" VPOS="338" WIDTH="175" HEIGHT="28" WC="0.93" CONTENT="propositionen"/><SP WIDTH="15" VPOS="338" HPOS="739"/>
							<String ID="string_39" HPOS="754" VPOS="345" WIDTH="55" HEIGHT="14" WC="0.93" CONTENT="vore"/><SP WIDTH="13" VPOS="345" HPOS="809"/>
							<String ID="string_40" HPOS="822" VPOS="345" WIDTH="30" HEIGHT="15" WC="0.93" CONTENT="en"/><SP WIDTH="10" VPOS="345" HPOS="852"/>
							<String ID="string_41" HPOS="862" VPOS="338" WIDTH="72" HEIGHT="22" WC="0.92" CONTENT="sädan"/><SP WIDTH="10" VPOS="338" HPOS="934"/>
							<String ID="string_42" HPOS="944" VPOS="338" WIDTH="48" HEIGHT="28" WC="0.92" CONTENT="lag-"/>
						</TextLine>
						<TextLine ID="line_9" HPOS="243" VPOS="372" WIDTH="749" HEIGHT="29">
							<String ID="string_43" HPOS="243" VPOS="372" WIDTH="110" HEIGHT="28" WC="0.92" CONTENT="stiftning"/><SP WIDTH="14" VPOS="372" HPOS="353"/>
							<String ID="string_44" HPOS="367" VPOS="372" WIDTH="106" HEIGHT="28" WC="0.96" CONTENT="påkallad"/><SP WIDTH="15" VPOS="372" HPOS="473"/>
							<String ID="string_45" HPOS="488" VPOS="372" WIDTH="67" HEIGHT="22" WC="0.96" CONTENT="deraf"/><SP WIDTH="12" VPOS="372" HPOS="555"/>
							<String ID="string_46" HPOS="567" VPOS="374" WIDTH="35" HEIGHT="20" WC="0.93" CONTENT="att"/><SP WIDTH="14" VPOS="374" HPOS="602"/>
							<String ID="string_47" HPOS="616" VPOS="372" WIDTH="72" HEIGHT="22" WC="0.91" CONTENT="Eders"/><SP WIDTH="15" VPOS="372" HPOS="688"/>
							<String ID="string_48" HPOS="703" VPOS="372" WIDTH="133" HEIGHT="29" WC="0.96" CONTENT="Kejserliga"/><SP WIDTH="11" VPOS="372" HPOS="836"/>
							<String ID="string_49" HPOS="847" VPOS="372" WIDTH="108" HEIGHT="29" WC="0.96" CONTENT="Majestät"/><SP WIDTH="7" VPOS="372" HPOS="955"/>
							<String ID="string_50" HPOS="962" VPOS="372" WIDTH="30" HEIGHT="29" WC="0.97" CONTENT="pä"/>
						</TextLine>
						<TextLine ID="line_10" HPOS="242" VPOS="406" WIDTH="748" HEIGHT="30">
							<String ID="string_51" HPOS="242" VPOS="406" WIDTH="200" HEIGHT="30" WC="0.92" CONTENT="krigsministerns"/><SP WIDTH="14" VPOS="406" HPOS="442"/>
							<String ID="string_52" HPOS="456" VPOS="406" WIDTH="10" HEIGHT="22" WC="0.93" CONTENT="i"/><SP WIDTH="16" VPOS="406" HPOS="466"/>
							<String ID="string_53" HPOS="482" VPOS="406" WIDTH="176" HEIGHT="29" WC="0.92" CONTENT="Kejsaredömet"/><SP WIDTH="15" VPOS="406" HPOS="658"/>
							<String ID="string_54" HPOS="673" VPOS="407" WIDTH="167" HEIGHT="29" WC="0.92" CONTENT="föredragning"/><SP WIDTH="22" VPOS="407" HPOS="840"/>
							<String ID="string_55" HPOS="862" VPOS="406" WIDTH="44" HEIGHT="22" WC="0.93" CONTENT="den"/><SP WIDTH="24" VPOS="406" HPOS="906"/>
							<String ID="string_56" HPOS="930" VPOS="408" WIDTH="60" HEIGHT="27" WC="0.93" CONTENT="18(6)"/>
						</TextLine>
						<TextLine ID="line_11" HPOS="242" VPOS="441" WIDTH="751" HEIGHT="30">
							<String ID="string_57" HPOS="242" VPOS="441" WIDTH="57" HEIGHT="22" WC="0.96" CONTENT="Juni"/><SP WIDTH="16" VPOS="441" HPOS="299"/>
							<String ID="string_58" HPOS="315" VPOS="442" WIDTH="55" HEIGHT="22" WC="0.93" CONTENT="1890"/><SP WIDTH="15" VPOS="442" HPOS="370"/>
							<String ID="string_59" HPOS="385" VPOS="441" WIDTH="122" HEIGHT="22" WC="0.92" CONTENT="stadfästat"/><SP WIDTH="11" VPOS="441" HPOS="507"/>
							<String ID="string_60" HPOS="518" VPOS="442" WIDTH="76" HEIGHT="29" WC="0.92" CONTENT="regler"/><SP WIDTH="10" VPOS="442" HPOS="594"/>
							<String ID="string_61" HPOS="604" VPOS="442" WIDTH="118" HEIGHT="28" WC="0.91" CONTENT="angäende"/><SP WIDTH="10" VPOS="442" HPOS="722"/>
							<String ID="string_62" HPOS="732" VPOS="441" WIDTH="148" HEIGHT="23" WC="0.92" CONTENT="underhället"/><SP WIDTH="10" VPOS="441" HPOS="880"/>
							<String ID="string_63" HPOS="890" VPOS="442" WIDTH="26" HEIGHT="21" WC="0.93" CONTENT="af"/><SP WIDTH="8" VPOS="442" HPOS="916"/>
							<String ID="string_64" HPOS="924" VPOS="441" WIDTH="69" HEIGHT="22" WC="0.93" CONTENT="Svea-"/>
						</TextLine>
						<TextLine ID="line_12" HPOS="242" VPOS="476" WIDTH="753" HEIGHT="29">
							<String ID="string_65" HPOS="242" VPOS="476" WIDTH="69" HEIGHT="29" WC="0.92" CONTENT="borgs"/><SP WIDTH="14" VPOS="476" HPOS="311"/>
							<String ID="string_66" HPOS="325" VPOS="476" WIDTH="229" HEIGHT="29" WC="0.91" CONTENT="fästningsesplanad"/><SP WIDTH="20" VPOS="476" HPOS="554"/>
							<String ID="string_67" HPOS="574" VPOS="477" WIDTH="43" HEIGHT="22" WC="0.93" CONTENT="och"/><SP WIDTH="18" VPOS="477" HPOS="617"/>
							<String ID="string_68" HPOS="635" VPOS="476" WIDTH="129" HEIGHT="29" WC="0.92" CONTENT="ordningen"/><SP WIDTH="15" VPOS="476" HPOS="764"/>
							<String ID="string_69" HPOS="779" VPOS="477" WIDTH="37" HEIGHT="22" WC="0.93" CONTENT="för"/><SP WIDTH="14" VPOS="477" HPOS="816"/>
							<String ID="string_70" HPOS="830" VPOS="476" WIDTH="124" HEIGHT="23" WC="0.91" CONTENT="utförande"/><SP WIDTH="16" VPOS="476" HPOS="954"/>
							<String ID="string_71" HPOS="970" VPOS="476" WIDTH="25" HEIGHT="21" WC="0.96" CONTENT="af"/>
						</TextLine>
						<TextLine ID="line_13" HPOS="242" VPOS="510" WIDTH="751" HEIGHT="30">
							<String ID="string_72" HPOS="242" VPOS="511" WIDTH="218" HEIGHT="29" WC="0.93" CONTENT="byggnadsarbeten"/><SP WIDTH="16" VPOS="511" HPOS="460"/>
							<String ID="string_73" HPOS="476" VPOS="511" WIDTH="12" HEIGHT="21" WC="0.91" CONTENT="å"/><SP WIDTH="16" VPOS="511" HPOS="488"/>
							<String ID="string_74" HPOS="504" VPOS="511" WIDTH="138" HEIGHT="28" WC="0.96" CONTENT="densamma,"/><SP WIDTH="20" VPOS="511" HPOS="642"/>
							<String ID="string_75" HPOS="662" VPOS="511" WIDTH="74" HEIGHT="29" WC="0.93" CONTENT="enligt"/><SP WIDTH="19" VPOS="511" HPOS="736"/>
							<String ID="string_76" HPOS="755" VPOS="511" WIDTH="81" HEIGHT="22" WC="0.96" CONTENT="hvilka"/><SP WIDTH="14" VPOS="511" HPOS="836"/>
							<String ID="string_77" HPOS="850" VPOS="511" WIDTH="76" HEIGHT="28" WC="0.96" CONTENT="regler"/><SP WIDTH="16" VPOS="511" HPOS="926"/>
							<String ID="string_78" HPOS="942" VPOS="510" WIDTH="27" HEIGHT="22" WC="0.81" CONTENT="de"/><SP WIDTH="15" VPOS="510" HPOS="969"/>
							<String ID="string_79" HPOS="984" VPOS="511" WIDTH="9" HEIGHT="21" WC="0.81" CONTENT="i"/>
						</TextLine>
						<TextLine ID="line_14" HPOS="243" VPOS="545" WIDTH="749" HEIGHT="30">
							<String ID="string_80" HPOS="243" VPOS="545" WIDTH="147" HEIGHT="30" WC="0.92" CONTENT="fästningens"/><SP WIDTH="29" VPOS="545" HPOS="390"/>
							<String ID="string_81" HPOS="419" VPOS="548" WIDTH="115" HEIGHT="19" WC="0.89" CONTENT="närmaste"/><SP WIDTH="30" VPOS="548" HPOS="534"/>
							<String ID="string_82" HPOS="564" VPOS="546" WIDTH="132" HEIGHT="29" WC="0.89" CONTENT="omgifning"/><SP WIDTH="31" VPOS="546" HPOS="696"/>
							<String ID="string_83" HPOS="727" VPOS="546" WIDTH="100" HEIGHT="28" WC="0.96" CONTENT="belägna"/><SP WIDTH="27" VPOS="546" HPOS="827"/>
							<String ID="string_84" HPOS="854" VPOS="545" WIDTH="138" HEIGHT="30" WC="0.95" CONTENT="fastigheter"/>
						</TextLine>
						<TextLine ID="line_15" HPOS="243" VPOS="573" WIDTH="751" HEIGHT="36">
							<String ID="string_85" HPOS="243" VPOS="581" WIDTH="92" HEIGHT="22" WC="0.96" CONTENT="komme"/><SP WIDTH="15" VPOS="581" HPOS="335"/>
							<String ID="string_86" HPOS="350" VPOS="583" WIDTH="34" HEIGHT="19" WC="0.96" CONTENT="att"/><SP WIDTH="14" VPOS="583" HPOS="384"/>
							<String ID="string_87" HPOS="398" VPOS="580" WIDTH="36" HEIGHT="22" WC="0.93" CONTENT="för"/><SP WIDTH="15" VPOS="580" HPOS="434"/>
							<String ID="string_88" HPOS="449" VPOS="573" WIDTH="184" HEIGHT="36" WC="0.87" CONTENT="tillgodoseende"/><SP WIDTH="15" VPOS="573" HPOS="633"/>
							<String ID="string_89" HPOS="648" VPOS="580" WIDTH="26" HEIGHT="21" WC="0.93" CONTENT="af"/><SP WIDTH="11" VPOS="580" HPOS="674"/>
							<String ID="string_90" HPOS="685" VPOS="581" WIDTH="147" HEIGHT="28" WC="0.92" CONTENT="fästningens"/><SP WIDTH="15" VPOS="581" HPOS="832"/>
							<String ID="string_91" HPOS="847" VPOS="580" WIDTH="95" HEIGHT="22" WC="0.93" CONTENT="försvar"/><SP WIDTH="10" VPOS="580" HPOS="942"/>
							<String ID="string_92" HPOS="952" VPOS="587" WIDTH="42" HEIGHT="14" WC="0.93" CONTENT="un-"/>
						</TextLine>
						<TextLine ID="line_16" HPOS="244" VPOS="615" WIDTH="751" HEIGHT="29">
							<String ID="string_93" HPOS="244" VPOS="615" WIDTH="119" HEIGHT="22" WC="0.91" CONTENT="derkastas"/><SP WIDTH="21" VPOS="615" HPOS="363"/>
							<String ID="string_94" HPOS="384" VPOS="615" WIDTH="63" HEIGHT="21" WC="0.96" CONTENT="vissa"/><SP WIDTH="21" VPOS="615" HPOS="447"/>
							<String ID="string_95" HPOS="468" VPOS="615" WIDTH="196" HEIGHT="29" WC="0.96" CONTENT="inskränkningar"/><SP WIDTH="19" VPOS="615" HPOS="664"/>
							<String ID="string_96" HPOS="683" VPOS="615" WIDTH="53" HEIGHT="21" WC="0.93" CONTENT="med"/><SP WIDTH="14" VPOS="615" HPOS="736"/>
							<String ID="string_97" HPOS="750" VPOS="615" WIDTH="96" HEIGHT="28" WC="0.91" CONTENT="hänsigt"/><SP WIDTH="14" VPOS="615" HPOS="846"/>
							<String ID="string_98" HPOS="860" VPOS="615" WIDTH="38" HEIGHT="21" WC="0.93" CONTENT="till"/><SP WIDTH="15" VPOS="615" HPOS="898"/>
							<String ID="string_99" HPOS="913" VPOS="615" WIDTH="82" HEIGHT="28" WC="0.92" CONTENT="rättig-"/>
						</TextLine>
						<TextLine ID="line_17" HPOS="244" VPOS="648" WIDTH="750" HEIGHT="30">
							<String ID="string_100" HPOS="244" VPOS="649" WIDTH="70" HEIGHT="22" WC="0.89" CONTENT="heten"/><SP WIDTH="22" VPOS="649" HPOS="314"/>
							<String ID="string_101" HPOS="336" VPOS="651" WIDTH="35" HEIGHT="20" WC="0.89" CONTENT="att"/><SP WIDTH="15" VPOS="651" HPOS="371"/>
							<String ID="string_102" HPOS="386" VPOS="650" WIDTH="13" HEIGHT="20" WC="0.92" CONTENT="å"/><SP WIDTH="14" VPOS="650" HPOS="399"/>
							<String ID="string_103" HPOS="413" VPOS="649" WIDTH="52" HEIGHT="22" WC="0.96" CONTENT="dem"/><SP WIDTH="22" VPOS="649" HPOS="465"/>
							<String ID="string_104" HPOS="487" VPOS="649" WIDTH="99" HEIGHT="29" WC="0.96" CONTENT="uppföra"/><SP WIDTH="18" VPOS="649" HPOS="586"/>
							<String ID="string_105" HPOS="604" VPOS="649" WIDTH="135" HEIGHT="29" WC="0.95" CONTENT="byggnader"/><SP WIDTH="15" VPOS="649" HPOS="739"/>
							<String ID="string_106" HPOS="754" VPOS="649" WIDTH="44" HEIGHT="22" WC="0.96" CONTENT="och"/><SP WIDTH="15" VPOS="649" HPOS="798"/>
							<String ID="string_107" HPOS="813" VPOS="649" WIDTH="95" HEIGHT="28" WC="0.96" CONTENT="vidtaga"/><SP WIDTH="14" VPOS="649" HPOS="908"/>
							<String ID="string_108" HPOS="922" VPOS="648" WIDTH="72" HEIGHT="22" WC="0.96" CONTENT="andra"/>
						</TextLine>
						<TextLine ID="line_18" HPOS="244" VPOS="683" WIDTH="748" HEIGHT="30">
							<String ID="string_109" HPOS="244" VPOS="683" WIDTH="161" HEIGHT="30" WC="0.96" CONTENT="anordningar,"/><SP WIDTH="19" VPOS="683" HPOS="405"/>
							<String ID="string_110" HPOS="424" VPOS="691" WIDTH="49" HEIGHT="15" WC="0.96" CONTENT="som"/><SP WIDTH="19" VPOS="691" HPOS="473"/>
							<String ID="string_111" HPOS="492" VPOS="684" WIDTH="112" HEIGHT="22" WC="0.96" CONTENT="innebära"/><SP WIDTH="18" VPOS="684" HPOS="604"/>
							<String ID="string_112" HPOS="622" VPOS="684" WIDTH="138" HEIGHT="29" WC="0.96" CONTENT="förändring"/><SP WIDTH="14" VPOS="684" HPOS="760"/>
							<String ID="string_113" HPOS="774" VPOS="684" WIDTH="26" HEIGHT="21" WC="0.93" CONTENT="af"/><SP WIDTH="12" VPOS="684" HPOS="800"/>
							<String ID="string_114" HPOS="812" VPOS="683" WIDTH="180" HEIGHT="30" WC="0.91" CONTENT="fastigheternas"/>
						</TextLine>
						<TextLine ID="line_19" HPOS="244" VPOS="718" WIDTH="752" HEIGHT="30">
							<String ID="string_115" HPOS="244" VPOS="719" WIDTH="193" HEIGHT="29" WC="0.92" CONTENT="ytförhållanden."/><SP WIDTH="23" VPOS="719" HPOS="437"/>
							<String ID="string_116" HPOS="460" VPOS="719" WIDTH="46" HEIGHT="22" WC="0.96" CONTENT="För"/><SP WIDTH="15" VPOS="719" HPOS="506"/>
							<String ID="string_117" HPOS="521" VPOS="719" WIDTH="85" HEIGHT="29" WC="0.93" CONTENT="dylika,"/><SP WIDTH="16" VPOS="719" HPOS="606"/>
							<String ID="string_118" HPOS="622" VPOS="719" WIDTH="170" HEIGHT="22" WC="0.90" CONTENT="innevånarene"/><SP WIDTH="10" VPOS="719" HPOS="792"/>
							<String ID="string_119" HPOS="802" VPOS="719" WIDTH="64" HEIGHT="22" WC="0.93" CONTENT="inom"/><SP WIDTH="10" VPOS="719" HPOS="866"/>
							<String ID="string_120" HPOS="876" VPOS="718" WIDTH="120" HEIGHT="29" WC="0.92" CONTENT="esplanad-"/>
						</TextLine>
						<TextLine ID="line_20" HPOS="245" VPOS="753" WIDTH="749" HEIGHT="30">
							<String ID="string_121" HPOS="245" VPOS="753" WIDTH="91" HEIGHT="22" WC="0.93" CONTENT="område"/><SP WIDTH="23" VPOS="753" HPOS="336"/>
							<String ID="string_122" HPOS="359" VPOS="753" WIDTH="108" HEIGHT="22" WC="0.91" CONTENT="åhvälfda"/><SP WIDTH="22" VPOS="753" HPOS="467"/>
							<String ID="string_123" HPOS="489" VPOS="754" WIDTH="197" HEIGHT="29" WC="0.96" CONTENT="inskränkningar"/><SP WIDTH="18" VPOS="754" HPOS="686"/>
							<String ID="string_124" HPOS="704" VPOS="754" WIDTH="8" HEIGHT="21" WC="0.96" CONTENT="i"/><SP WIDTH="18" VPOS="754" HPOS="712"/>
							<String ID="string_125" HPOS="730" VPOS="753" WIDTH="65" HEIGHT="22" WC="0.93" CONTENT="deras"/><SP WIDTH="15" VPOS="753" HPOS="795"/>
							<String ID="string_126" HPOS="810" VPOS="753" WIDTH="184" HEIGHT="29" WC="0.92" CONTENT="förmögenhets-"/>
						</TextLine>
						<TextLine ID="line_21" HPOS="245" VPOS="787" WIDTH="750" HEIGHT="30">
							<String ID="string_127" HPOS="245" VPOS="787" WIDTH="137" HEIGHT="30" WC="0.96" CONTENT="rättigheter"/><SP WIDTH="19" VPOS="787" HPOS="382"/>
							<String ID="string_128" HPOS="401" VPOS="788" WIDTH="154" HEIGHT="22" WC="0.95" CONTENT="tillförsäkras"/><SP WIDTH="15" VPOS="788" HPOS="555"/>
							<String ID="string_129" HPOS="570" VPOS="789" WIDTH="9" HEIGHT="21" WC="0.96" CONTENT="i"/><SP WIDTH="15" VPOS="789" HPOS="579"/>
							<String ID="string_130" HPOS="594" VPOS="788" WIDTH="44" HEIGHT="22" WC="0.96" CONTENT="den"/><SP WIDTH="18" VPOS="788" HPOS="638"/>
							<String ID="string_131" HPOS="656" VPOS="788" WIDTH="86" HEIGHT="29" WC="0.96" CONTENT="nådiga"/><SP WIDTH="17" VPOS="788" HPOS="742"/>
							<String ID="string_132" HPOS="759" VPOS="788" WIDTH="177" HEIGHT="29" WC="0.95" CONTENT="propositionen"/><SP WIDTH="14" VPOS="788" HPOS="936"/>
							<String ID="string_133" HPOS="950" VPOS="787" WIDTH="45" HEIGHT="22" WC="0.96" CONTENT="full"/>
						</TextLine>
						<TextLine ID="line_22" HPOS="246" VPOS="823" WIDTH="136" HEIGHT="28">
							<String ID="string_134" HPOS="246" VPOS="823" WIDTH="136" HEIGHT="28" WC="0.96" CONTENT="ersättning."/>
						</TextLine>
					</TextBlock>
					<TextBlock ID="block_6" HPOS="246" VPOS="857" WIDTH="751" HEIGHT="236">
						<TextLine ID="line_23" HPOS="314" VPOS="857" WIDTH="681" HEIGHT="29">
							<String ID="string_135" HPOS="314" VPOS="857" WIDTH="76" HEIGHT="22" WC="0.92" CONTENT="Jemte"/><SP WIDTH="16" VPOS="857" HPOS="390"/>
							<String ID="string_136" HPOS="406" VPOS="857" WIDTH="39" HEIGHT="22" WC="0.93" CONTENT="det"/><SP WIDTH="15" VPOS="857" HPOS="445"/>
							<String ID="string_137" HPOS="460" VPOS="857" WIDTH="129" HEIGHT="22" WC="0.93" CONTENT="Ständerna"/><SP WIDTH="15" VPOS="857" HPOS="589"/>
							<String ID="string_138" HPOS="604" VPOS="857" WIDTH="97" HEIGHT="22" WC="0.96" CONTENT="anslutit"/><SP WIDTH="15" VPOS="857" HPOS="701"/>
							<String ID="string_139" HPOS="716" VPOS="857" WIDTH="36" HEIGHT="29" WC="0.96" CONTENT="sig"/><SP WIDTH="15" VPOS="857" HPOS="752"/>
							<String ID="string_140" HPOS="767" VPOS="857" WIDTH="37" HEIGHT="22" WC="0.96" CONTENT="till"/><SP WIDTH="15" VPOS="857" HPOS="804"/>
							<String ID="string_141" HPOS="819" VPOS="858" WIDTH="75" HEIGHT="21" WC="0.96" CONTENT="denna"/><SP WIDTH="10" VPOS="858" HPOS="894"/>
							<String ID="string_142" HPOS="904" VPOS="857" WIDTH="91" HEIGHT="29" WC="0.95" CONTENT="princip"/>
						</TextLine>
						<TextLine ID="line_24" HPOS="246" VPOS="891" WIDTH="750" HEIGHT="30">
							<String ID="string_143" HPOS="246" VPOS="891" WIDTH="70" HEIGHT="22" WC="0.93" CONTENT="hafva"/><SP WIDTH="22" VPOS="891" HPOS="316"/>
							<String ID="string_144" HPOS="338" VPOS="891" WIDTH="128" HEIGHT="22" WC="0.92" CONTENT="Ständerna"/><SP WIDTH="21" VPOS="891" HPOS="466"/>
							<String ID="string_145" HPOS="487" VPOS="891" WIDTH="58" HEIGHT="22" WC="0.96" CONTENT="dock"/><SP WIDTH="19" VPOS="891" HPOS="545"/>
							<String ID="string_146" HPOS="564" VPOS="894" WIDTH="77" HEIGHT="19" WC="0.96" CONTENT="ansett"/><SP WIDTH="17" VPOS="894" HPOS="641"/>
							<String ID="string_147" HPOS="658" VPOS="891" WIDTH="113" HEIGHT="22" WC="0.96" CONTENT="särskilda"/><SP WIDTH="15" VPOS="891" HPOS="771"/>
							<String ID="string_148" HPOS="786" VPOS="892" WIDTH="125" HEIGHT="29" WC="0.96" CONTENT="ändringar"/><SP WIDTH="15" VPOS="892" HPOS="911"/>
							<String ID="string_149" HPOS="926" VPOS="892" WIDTH="8" HEIGHT="21" WC="0.93" CONTENT="i"/><SP WIDTH="15" VPOS="892" HPOS="934"/>
							<String ID="string_150" HPOS="949" VPOS="891" WIDTH="47" HEIGHT="22" WC="0.93" CONTENT="för-"/>
						</TextLine>
						<TextLine ID="line_25" HPOS="246" VPOS="925" WIDTH="751" HEIGHT="30">
							<String ID="string_151" HPOS="246" VPOS="925" WIDTH="228" HEIGHT="30" WC="0.90" CONTENT="fattningsförslaget"/><SP WIDTH="17" VPOS="925" HPOS="474"/>
							<String ID="string_152" HPOS="491" VPOS="933" WIDTH="54" HEIGHT="15" WC="0.96" CONTENT="vara"/><SP WIDTH="17" VPOS="933" HPOS="545"/>
							<String ID="string_153" HPOS="562" VPOS="926" WIDTH="121" HEIGHT="29" WC="0.96" CONTENT="påkallade"/><SP WIDTH="15" VPOS="926" HPOS="683"/>
							<String ID="string_154" HPOS="698" VPOS="926" WIDTH="49" HEIGHT="22" WC="0.96" CONTENT="dels"/><SP WIDTH="15" VPOS="926" HPOS="747"/>
							<String ID="string_155" HPOS="762" VPOS="925" WIDTH="26" HEIGHT="22" WC="0.96" CONTENT="af"/><SP WIDTH="13" VPOS="925" HPOS="788"/>
							<String ID="string_156" HPOS="801" VPOS="926" WIDTH="28" HEIGHT="21" WC="0.96" CONTENT="de"/><SP WIDTH="15" VPOS="926" HPOS="829"/>
							<String ID="string_157" HPOS="844" VPOS="926" WIDTH="8" HEIGHT="21" WC="0.96" CONTENT="i"/><SP WIDTH="14" VPOS="926" HPOS="852"/>
							<String ID="string_158" HPOS="866" VPOS="925" WIDTH="81" HEIGHT="22" WC="0.93" CONTENT="landet"/><SP WIDTH="15" VPOS="925" HPOS="947"/>
							<String ID="string_159" HPOS="962" VPOS="926" WIDTH="35" HEIGHT="21" WC="0.92" CONTENT="rå-"/>
						</TextLine>
						<TextLine ID="line_26" HPOS="248" VPOS="959" WIDTH="748" HEIGHT="30">
							<String ID="string_160" HPOS="248" VPOS="962" WIDTH="73" HEIGHT="21" WC="0.96" CONTENT="dande"/><SP WIDTH="19" VPOS="962" HPOS="321"/>
							<String ID="string_161" HPOS="340" VPOS="961" WIDTH="151" HEIGHT="22" WC="0.96" CONTENT="ekonomiska"/><SP WIDTH="18" VPOS="961" HPOS="491"/>
							<String ID="string_162" HPOS="509" VPOS="960" WIDTH="176" HEIGHT="22" WC="0.96" CONTENT="förhållandena"/><SP WIDTH="17" VPOS="960" HPOS="685"/>
							<String ID="string_163" HPOS="702" VPOS="962" WIDTH="60" HEIGHT="19" WC="0.96" CONTENT="samt"/><SP WIDTH="17" VPOS="962" HPOS="762"/>
							<String ID="string_164" HPOS="779" VPOS="960" WIDTH="26" HEIGHT="21" WC="0.95" CONTENT="af"/><SP WIDTH="12" VPOS="960" HPOS="805"/>
							<String ID="string_165" HPOS="817" VPOS="959" WIDTH="73" HEIGHT="30" WC="0.95" CONTENT="nödig"/><SP WIDTH="14" VPOS="959" HPOS="890"/>
							<String ID="string_166" HPOS="904" VPOS="960" WIDTH="92" HEIGHT="28" WC="0.96" CONTENT="hänsyn"/>
						</TextLine>
						<TextLine ID="line_27" HPOS="246" VPOS="994" WIDTH="751" HEIGHT="29">
							<String ID="string_167" HPOS="246" VPOS="995" WIDTH="38" HEIGHT="22" WC="0.93" CONTENT="till"/><SP WIDTH="14" VPOS="995" HPOS="284"/>
							<String ID="string_168" HPOS="298" VPOS="995" WIDTH="192" HEIGHT="28" WC="0.91" CONTENT="medborgarenes"/><SP WIDTH="22" VPOS="995" HPOS="490"/>
							<String ID="string_169" HPOS="512" VPOS="995" WIDTH="57" HEIGHT="28" WC="0.96" CONTENT="lugn"/><SP WIDTH="23" VPOS="995" HPOS="569"/>
							<String ID="string_170" HPOS="592" VPOS="994" WIDTH="43" HEIGHT="22" WC="0.93" CONTENT="och"/><SP WIDTH="17" VPOS="994" HPOS="635"/>
							<String ID="string_171" HPOS="652" VPOS="994" WIDTH="98" HEIGHT="28" WC="0.91" CONTENT="trefnad,"/><SP WIDTH="16" VPOS="994" HPOS="750"/>
							<String ID="string_172" HPOS="766" VPOS="994" WIDTH="49" HEIGHT="22" WC="0.96" CONTENT="dels"/><SP WIDTH="15" VPOS="994" HPOS="815"/>
							<String ID="string_173" HPOS="830" VPOS="994" WIDTH="26" HEIGHT="22" WC="0.93" CONTENT="af"/><SP WIDTH="14" VPOS="994" HPOS="856"/>
							<String ID="string_174" HPOS="870" VPOS="994" WIDTH="127" HEIGHT="22" WC="0.92" CONTENT="önskvärd-"/>
						</TextLine>
						<TextLine ID="line_28" HPOS="247" VPOS="1029" WIDTH="750" HEIGHT="28">
							<String ID="string_175" HPOS="247" VPOS="1031" WIDTH="69" HEIGHT="21" WC="0.96" CONTENT="heten"/><SP WIDTH="16" VPOS="1031" HPOS="316"/>
							<String ID="string_176" HPOS="332" VPOS="1032" WIDTH="34" HEIGHT="19" WC="0.95" CONTENT="att"/><SP WIDTH="14" VPOS="1032" HPOS="366"/>
							<String ID="string_177" HPOS="380" VPOS="1029" WIDTH="159" HEIGHT="22" WC="0.93" CONTENT="åstadkomma"/><SP WIDTH="13" VPOS="1029" HPOS="539"/>
							<String ID="string_178" HPOS="552" VPOS="1029" WIDTH="162" HEIGHT="28" WC="0.91" CONTENT="likformighet"/><SP WIDTH="17" VPOS="1029" HPOS="714"/>
							<String ID="string_179" HPOS="731" VPOS="1029" WIDTH="53" HEIGHT="22" WC="0.96" CONTENT="med"/><SP WIDTH="17" VPOS="1029" HPOS="784"/>
							<String ID="string_180" HPOS="801" VPOS="1029" WIDTH="107" HEIGHT="28" WC="0.93" CONTENT="gällande"/><SP WIDTH="18" VPOS="1029" HPOS="908"/>
							<String ID="string_181" HPOS="926" VPOS="1031" WIDTH="71" HEIGHT="19" WC="0.90" CONTENT="rätte-"/>
						</TextLine>
						<TextLine ID="line_29" HPOS="247" VPOS="1064" WIDTH="181" HEIGHT="29">
							<String ID="string_182" HPOS="247" VPOS="1064" WIDTH="181" HEIGHT="29" WC="0.91" CONTENT="gångsordning."/>
						</TextLine>
					</TextBlock>
				</ComposedBlock>
				<ComposedBlock ID="cblock_5" HPOS="247" VPOS="1129" WIDTH="753" HEIGHT="344">
					<TextBlock ID="block_7" HPOS="247" VPOS="1129" WIDTH="749" HEIGHT="102">
						<TextLine ID="line_30" HPOS="315" VPOS="1129" WIDTH="681" HEIGHT="32">
							<String ID="string_183" HPOS="315" VPOS="1134" WIDTH="46" HEIGHT="21" WC="0.96" CONTENT="Det"/><SP WIDTH="21" VPOS="1134" HPOS="361"/>
							<String ID="string_184" HPOS="382" VPOS="1141" WIDTH="80" HEIGHT="14" WC="0.96" CONTENT="senare"/><SP WIDTH="22" VPOS="1141" HPOS="462"/>
							<String ID="string_185" HPOS="484" VPOS="1129" WIDTH="128" HEIGHT="26" WC="0.96" CONTENT="momentet"/><SP WIDTH="21" VPOS="1129" HPOS="612"/>
							<String ID="string_186" HPOS="633" VPOS="1133" WIDTH="25" HEIGHT="22" WC="0.97" CONTENT="af"/><SP WIDTH="20" VPOS="1133" HPOS="658"/>
							<String ID="string_187" HPOS="678" VPOS="1132" WIDTH="76" HEIGHT="23" WC="0.96" CONTENT="denna"/><SP WIDTH="21" VPOS="1132" HPOS="754"/>
							<String ID="string_188" HPOS="775" VPOS="1132" WIDTH="109" HEIGHT="29" WC="0.96" CONTENT="paragraf"/><SP WIDTH="18" VPOS="1132" HPOS="884"/>
							<String ID="string_189" HPOS="902" VPOS="1133" WIDTH="42" HEIGHT="22" WC="0.96" CONTENT="har"/><SP WIDTH="14" VPOS="1133" HPOS="944"/>
							<String ID="string_190" HPOS="958" VPOS="1132" WIDTH="38" HEIGHT="22" WC="0.96" CONTENT="för"/>
						</TextLine>
						<TextLine ID="line_31" HPOS="248" VPOS="1167" WIDTH="748" HEIGHT="29">
							<String ID="string_191" HPOS="248" VPOS="1168" WIDTH="116" HEIGHT="22" WC="0.96" CONTENT="vinnande"/><SP WIDTH="15" VPOS="1168" HPOS="364"/>
							<String ID="string_192" HPOS="379" VPOS="1169" WIDTH="26" HEIGHT="20" WC="0.96" CONTENT="af"/><SP WIDTH="12" VPOS="1169" HPOS="405"/>
							<String ID="string_193" HPOS="417" VPOS="1168" WIDTH="117" HEIGHT="28" WC="0.93" CONTENT="tydlighet"/><SP WIDTH="14" VPOS="1168" HPOS="534"/>
							<String ID="string_194" HPOS="548" VPOS="1167" WIDTH="124" HEIGHT="29" WC="0.92" CONTENT="undergätt"/><SP WIDTH="15" VPOS="1167" HPOS="672"/>
							<String ID="string_195" HPOS="687" VPOS="1174" WIDTH="29" HEIGHT="15" WC="0.95" CONTENT="en"/><SP WIDTH="14" VPOS="1174" HPOS="716"/>
							<String ID="string_196" HPOS="730" VPOS="1167" WIDTH="73" HEIGHT="28" WC="0.93" CONTENT="nödig"/><SP WIDTH="14" VPOS="1167" HPOS="803"/>
							<String ID="string_197" HPOS="817" VPOS="1167" WIDTH="119" HEIGHT="22" WC="0.92" CONTENT="befunnen"/><SP WIDTH="14" VPOS="1167" HPOS="936"/>
							<String ID="string_198" HPOS="950" VPOS="1174" WIDTH="46" HEIGHT="14" WC="0.92" CONTENT="om-"/>
						</TextLine>
						<TextLine ID="line_32" HPOS="247" VPOS="1203" WIDTH="140" HEIGHT="28">
							<String ID="string_199" HPOS="247" VPOS="1203" WIDTH="140" HEIGHT="28" WC="0.96" CONTENT="redigering."/>
						</TextLine>
					</TextBlock>
					<TextBlock ID="block_8" HPOS="247" VPOS="1235" WIDTH="753" HEIGHT="99">
						<TextLine ID="line_33" HPOS="316" VPOS="1235" WIDTH="682" HEIGHT="30">
							<String ID="string_200" HPOS="316" VPOS="1237" WIDTH="82" HEIGHT="21" WC="0.96" CONTENT="Denna"/><SP WIDTH="14" VPOS="1237" HPOS="398"/>
							<String ID="string_201" HPOS="412" VPOS="1237" WIDTH="110" HEIGHT="28" WC="0.96" CONTENT="paragraf"/><SP WIDTH="12" VPOS="1237" HPOS="522"/>
							<String ID="string_202" HPOS="534" VPOS="1236" WIDTH="42" HEIGHT="21" WC="0.97" CONTENT="har"/><SP WIDTH="14" VPOS="1236" HPOS="576"/>
							<String ID="string_203" HPOS="590" VPOS="1236" WIDTH="116" HEIGHT="29" WC="0.95" CONTENT="godkänts"/><SP WIDTH="14" VPOS="1236" HPOS="706"/>
							<String ID="string_204" HPOS="720" VPOS="1235" WIDTH="54" HEIGHT="22" WC="0.96" CONTENT="med"/><SP WIDTH="14" VPOS="1235" HPOS="774"/>
							<String ID="string_205" HPOS="788" VPOS="1235" WIDTH="45" HEIGHT="22" WC="0.96" CONTENT="den"/><SP WIDTH="15" VPOS="1235" HPOS="833"/>
							<String ID="string_206" HPOS="848" VPOS="1235" WIDTH="99" HEIGHT="28" WC="0.96" CONTENT="ändring"/><SP WIDTH="11" VPOS="1235" HPOS="947"/>
							<String ID="string_207" HPOS="958" VPOS="1237" WIDTH="40" HEIGHT="25" WC="0.96" CONTENT="att,"/>
						</TextLine>
						<TextLine ID="line_34" HPOS="247" VPOS="1269" WIDTH="753" HEIGHT="31">
							<String ID="string_208" HPOS="247" VPOS="1274" WIDTH="65" HEIGHT="19" WC="0.93" CONTENT="utom"/><SP WIDTH="23" VPOS="1274" HPOS="312"/>
							<String ID="string_209" HPOS="335" VPOS="1278" WIDTH="73" HEIGHT="22" WC="0.90" CONTENT="egare,"/><SP WIDTH="21" VPOS="1278" HPOS="408"/>
							<String ID="string_210" HPOS="429" VPOS="1271" WIDTH="87" HEIGHT="28" WC="0.91" CONTENT="jemväl"/><SP WIDTH="22" VPOS="1271" HPOS="516"/>
							<String ID="string_211" HPOS="538" VPOS="1270" WIDTH="172" HEIGHT="22" WC="0.93" CONTENT="vederbörande"/><SP WIDTH="22" VPOS="1270" HPOS="710"/>
							<String ID="string_212" HPOS="732" VPOS="1269" WIDTH="150" HEIGHT="22" WC="0.92" CONTENT="innehafvare"/><SP WIDTH="23" VPOS="1269" HPOS="882"/>
							<String ID="string_213" HPOS="905" VPOS="1269" WIDTH="26" HEIGHT="22" WC="0.96" CONTENT="af"/><SP WIDTH="20" VPOS="1269" HPOS="931"/>
							<String ID="string_214" HPOS="951" VPOS="1269" WIDTH="49" HEIGHT="22" WC="0.96" CONTENT="fast"/>
						</TextLine>
						<TextLine ID="line_35" HPOS="248" VPOS="1304" WIDTH="561" HEIGHT="30">
							<String ID="string_215" HPOS="248" VPOS="1305" WIDTH="113" HEIGHT="29" WC="0.96" CONTENT="egendom"/><SP WIDTH="14" VPOS="1305" HPOS="361"/>
							<String ID="string_216" HPOS="375" VPOS="1304" WIDTH="71" HEIGHT="22" WC="0.96" CONTENT="borde"/><SP WIDTH="15" VPOS="1304" HPOS="446"/>
							<String ID="string_217" HPOS="461" VPOS="1305" WIDTH="40" HEIGHT="21" WC="0.96" CONTENT="vid"/><SP WIDTH="14" VPOS="1305" HPOS="501"/>
							<String ID="string_218" HPOS="515" VPOS="1305" WIDTH="173" HEIGHT="27" WC="0.96" CONTENT="förrättningen"/><SP WIDTH="15" VPOS="1305" HPOS="688"/>
							<String ID="string_219" HPOS="703" VPOS="1307" WIDTH="106" HEIGHT="18" WC="0.95" CONTENT="närvara."/>
						</TextLine>
					</TextBlock>
					<TextBlock ID="block_9" HPOS="248" VPOS="1338" WIDTH="751" HEIGHT="135">
						<TextLine ID="line_36" HPOS="315" VPOS="1338" WIDTH="683" HEIGHT="29">
							<String ID="string_220" HPOS="315" VPOS="1339" WIDTH="35" HEIGHT="21" WC="0.96" CONTENT="Af"/><SP WIDTH="13" VPOS="1339" HPOS="350"/>
							<String ID="string_221" HPOS="363" VPOS="1339" WIDTH="28" HEIGHT="21" WC="0.96" CONTENT="de"/><SP WIDTH="15" VPOS="1339" HPOS="391"/>
							<String ID="string_222" HPOS="406" VPOS="1338" WIDTH="151" HEIGHT="29" WC="0.96" CONTENT="synpunkter,"/><SP WIDTH="21" VPOS="1338" HPOS="557"/>
							<String ID="string_223" HPOS="578" VPOS="1338" WIDTH="74" HEIGHT="29" WC="0.96" CONTENT="enligt"/><SP WIDTH="16" VPOS="1338" HPOS="652"/>
							<String ID="string_224" HPOS="668" VPOS="1338" WIDTH="81" HEIGHT="22" WC="0.93" CONTENT="hvilka"/><SP WIDTH="13" VPOS="1338" HPOS="749"/>
							<String ID="string_225" HPOS="762" VPOS="1338" WIDTH="236" HEIGHT="28" WC="0.90" CONTENT="författningsförsla-"/>
						</TextLine>
						<TextLine ID="line_37" HPOS="248" VPOS="1372" WIDTH="750" HEIGHT="31">
							<String ID="string_226" HPOS="248" VPOS="1376" WIDTH="40" HEIGHT="27" WC="0.96" CONTENT="get"/><SP WIDTH="21" VPOS="1376" HPOS="288"/>
							<String ID="string_227" HPOS="309" VPOS="1373" WIDTH="80" HEIGHT="23" WC="0.93" CONTENT="blifvit"/><SP WIDTH="21" VPOS="1373" HPOS="389"/>
							<String ID="string_228" HPOS="410" VPOS="1373" WIDTH="133" HEIGHT="30" WC="0.91" CONTENT="uppgjordt,"/><SP WIDTH="23" VPOS="1373" HPOS="543"/>
							<String ID="string_229" HPOS="566" VPOS="1373" WIDTH="101" HEIGHT="29" WC="0.95" CONTENT="framgår"/><SP WIDTH="18" VPOS="1373" HPOS="667"/>
							<String ID="string_230" HPOS="685" VPOS="1374" WIDTH="35" HEIGHT="20" WC="0.93" CONTENT="att"/><SP WIDTH="14" VPOS="1374" HPOS="720"/>
							<String ID="string_231" HPOS="734" VPOS="1380" WIDTH="67" HEIGHT="22" WC="0.91" CONTENT="egare"/><SP WIDTH="15" VPOS="1380" HPOS="801"/>
							<String ID="string_232" HPOS="816" VPOS="1372" WIDTH="37" HEIGHT="22" WC="0.96" CONTENT="till"/><SP WIDTH="15" VPOS="1372" HPOS="853"/>
							<String ID="string_233" HPOS="868" VPOS="1372" WIDTH="47" HEIGHT="22" WC="0.93" CONTENT="fast"/><SP WIDTH="15" VPOS="1372" HPOS="915"/>
							<String ID="string_234" HPOS="930" VPOS="1380" WIDTH="68" HEIGHT="21" WC="0.91" CONTENT="egen-"/>
						</TextLine>
						<TextLine ID="line_38" HPOS="249" VPOS="1407" WIDTH="746" HEIGHT="31">
							<String ID="string_235" HPOS="249" VPOS="1408" WIDTH="52" HEIGHT="23" WC="0.96" CONTENT="dom"/><SP WIDTH="23" VPOS="1408" HPOS="301"/>
							<String ID="string_236" HPOS="324" VPOS="1409" WIDTH="63" HEIGHT="22" WC="0.92" CONTENT="inom"/><SP WIDTH="21" VPOS="1409" HPOS="387"/>
							<String ID="string_237" HPOS="408" VPOS="1408" WIDTH="229" HEIGHT="30" WC="0.90" CONTENT="fästningsesplanad"/><SP WIDTH="17" VPOS="1408" HPOS="637"/>
							<String ID="string_238" HPOS="654" VPOS="1408" WIDTH="71" HEIGHT="22" WC="0.96" CONTENT="borde"/><SP WIDTH="17" VPOS="1408" HPOS="725"/>
							<String ID="string_239" HPOS="742" VPOS="1415" WIDTH="56" HEIGHT="15" WC="0.95" CONTENT="vara"/><SP WIDTH="14" VPOS="1415" HPOS="798"/>
							<String ID="string_240" HPOS="812" VPOS="1407" WIDTH="131" HEIGHT="29" WC="0.96" CONTENT="berättigad"/><SP WIDTH="15" VPOS="1407" HPOS="943"/>
							<String ID="string_241" HPOS="958" VPOS="1408" WIDTH="37" HEIGHT="22" WC="0.96" CONTENT="till"/>
						</TextLine>
						<TextLine ID="line_39" HPOS="248" VPOS="1442" WIDTH="751" HEIGHT="31">
							<String ID="string_242" HPOS="248" VPOS="1444" WIDTH="45" HEIGHT="22" WC="0.91" CONTENT="full"/><SP WIDTH="15" VPOS="1444" HPOS="293"/>
							<String ID="string_243" HPOS="308" VPOS="1444" WIDTH="129" HEIGHT="29" WC="0.96" CONTENT="ersättning"/><SP WIDTH="15" VPOS="1444" HPOS="437"/>
							<String ID="string_244" HPOS="452" VPOS="1444" WIDTH="36" HEIGHT="22" WC="0.96" CONTENT="för"/><SP WIDTH="14" VPOS="1444" HPOS="488"/>
							<String ID="string_245" HPOS="502" VPOS="1444" WIDTH="32" HEIGHT="22" WC="0.96" CONTENT="all"/><SP WIDTH="14" VPOS="1444" HPOS="534"/>
							<String ID="string_246" HPOS="548" VPOS="1443" WIDTH="46" HEIGHT="23" WC="0.96" CONTENT="den"/><SP WIDTH="14" VPOS="1443" HPOS="594"/>
							<String ID="string_247" HPOS="608" VPOS="1443" WIDTH="136" HEIGHT="29" WC="0.96" CONTENT="minskning"/><SP WIDTH="15" VPOS="1443" HPOS="744"/>
							<String ID="string_248" HPOS="759" VPOS="1442" WIDTH="143" HEIGHT="30" WC="0.95" CONTENT="fastigheten"/><SP WIDTH="18" VPOS="1442" HPOS="902"/>
							<String ID="string_249" HPOS="920" VPOS="1443" WIDTH="79" HEIGHT="21" WC="0.96" CONTENT="kunde"/>
						</TextLine>
					</TextBlock>
				</ComposedBlock>
				<GraphicalElement ID="cblock_6" HPOS="1100" VPOS="0" WIDTH="9" HEIGHT="706"></GraphicalElement >
			</PrintSpace>
		</Page>
	</Layout>
</alto>
