1106 1745
372 164 22 17 U.
410 146 21 23 B.
448 161 28 2 —
492 139 63 38 Prop.
571 148 37 23 N:o
624 150 37 22 82.
854 152 27 19 55

134 189 69 26 a

106 235 2 2 +
140 213 35 40 O:
186 216 28 22 4.
229 215 85 29 Wrede,
328 216 29 23 A.
371 217 25 22 L.
411 226 42 13 von
469 219 114 29 Knorring,
598 219 25 22 E.
636 227 43 14 von
685 220 124 24 Haartman,
824 221 58 21 Wal-

90 251 3 1 :
120 258 2 2 >
137 251 44 30 Ki,
195 249 109 30 Törnudd,
325 251 114 33 Forselius,
461 254 81 27 Idman,
563 255 107 29 Alopeus,
691 256 97 26 Ayellan,
803 256 78 28 Lager-

126 283 75 28 *stedt
216 288 40 21 och
271 288 112 27 Pitkänen,
397 289 109 22 äfvensom
522 290 68 22 delvis
606 288 161 31 suppleanterne
782 299 43 14 von
842 291 39 22 Es-

137 329 47 20 sen,
200 322 73 28 Falck,
287 324 150 28 Fredriksson,
455 318 79 38 Lindh,
547 322 77 26 Genetz
639 326 40 22 och
694 326 145 22 Tuomikoski.

209 389 137 29 Helsingfors
362 390 41 22 den
419 392 28 20 28
462 392 41 28 maj
521 392 62 21 1894.

395 592 233 28 Reservationer:

500 675 15 22 L

208 712 89 26 Tanken
318 717 29 28 pä
368 717 137 28 obligatorisk
526 717 178 29 hästutskrifning
725 719 7 28 i
750 718 91 22 Finland
857 720 23 20 är

137 759 28 14 en
180 752 68 22 reflex
263 753 48 21 från
326 752 27 22 de
369 755 56 19 stora
440 753 180 30 militärstaternas
635 754 90 22 intresse
740 753 23 22 af
774 757 31 18 att
814 754 65 21 redan

136 789 8 19 i
160 786 91 23 fredstid
266 788 61 29 plans
344 784 68 33 vägen
430 788 34 21 för
479 796 26 14 en
521 788 66 22 snabb
603 788 41 22 och
658 788 125 29 fullständig
798 789 81 22 mobili-

139 825 71 27 sering
226 823 23 22 af
263 824 40 21 alla
318 823 28 22 de
361 827 93 26 trupper,
469 824 72 22 hvilka
555 824 73 22 kunna
642 825 93 22 förutses
750 825 85 22 komma
849 830 30 17 att

137 856 83 32 deltaga
243 860 8 20 i
272 867 26 14 en
321 859 82 29 krigisk
420 861 78 20 aktion.
528 860 61 22 Ledd
609 861 23 21 af
653 860 59 30 detta
727 861 95 26 intresse,
841 861 38 21 har

136 903 49 15 man
206 895 37 22 vid
266 892 215 32 hästutskrifningens
503 896 108 22 ordnande
623 897 10 20 i
648 895 91 31 nämnda
758 898 66 20 stater
839 897 39 21 och

136 931 64 21 bland
224 931 48 22 dem
293 932 168 28 Kejsaredömet,
482 932 79 28 stadigt
578 932 65 31 hällit
663 932 88 22 blicken
765 932 70 22 riktad
851 933 28 28 pä

137 966 94 29 antydda
253 967 48 27 mål,
323 967 32 21 till
377 968 48 21 icke
445 967 60 29 ringa
528 968 55 21 väda
603 968 34 21 för
652 967 83 22 enskild
751 968 127 28 eganderätt.

138 1002 68 22 Bland
223 999 216 33 specialstadganden,
454 1003 72 21 hvilka
541 1004 32 21 uti
585 1003 41 22 den
637 1003 31 21 till
676 1002 129 23 Ständernas
812 1004 67 21 hand-

136 1038 100 28 läggning
262 1033 157 29 öfverlemnade
442 1038 77 28 nådiga
542 1039 159 29 propositionen
722 1040 8 20 i
751 1040 70 20 ämnet
842 1041 36 19 äro

137 1073 83 28 egnade
235 1076 32 18 att
281 1074 78 28 ådraga
374 1074 33 28 sig
421 1074 187 28 uppmärksamhet
623 1074 40 22 och
679 1074 67 22 väcka
761 1074 117 28 betänklig-

136 1109 60 21 heter
218 1110 31 20 uti
270 1117 50 20 nyss
342 1104 86 27 berördt
443 1108 106 28 afseende,
563 1110 89 21 framstå
666 1110 8 20 i
688 1109 68 23 första
769 1110 58 21 hand
842 1110 37 21 be-

138 1145 156 28 stämningarna
315 1146 8 20 i
345 1145 146 28 lagförslagets
513 1147 7 20 6
537 1147 19 26 $,
576 1145 87 22 hvilken
677 1146 78 28 jemväl
769 1145 29 29 på
812 1145 67 22 sådan

137 1180 69 28 grund
230 1181 55 21 varit
306 1180 90 22 föremål
414 1181 36 21 för
464 1184 26 18 en
505 1180 158 30 genomgående
677 1181 79 22 debatt.
785 1181 35 22 De
835 1189 44 14 me-

139 1216 191 28 ningsbrytningar,
350 1216 73 22 hvilka
444 1216 107 22 härunder
570 1220 36 25 egt
626 1224 52 19 rum,
699 1216 64 23 hafva
783 1217 112 21 tenderat
886 1212 13 37 :

135 1252 32 21 till
184 1252 189 25 åstadkommande
393 1252 22 22 af
435 1260 26 13 en
476 1252 49 22 fullt
540 1254 75 20 rättvis
630 1252 69 29 grund
714 1252 35 22 för
763 1252 116 28 beräkning

136 1287 23 21 af
175 1287 42 21 den
242 1288 32 21 till
298 1288 137 27 hästegarene
460 1288 105 28 utgående
590 1289 148 27 ersättningen.
774 1288 49 22 Och
847 1291 32 18 att

136 1323 72 21 denna
223 1323 68 28 grund
308 1323 66 28 enligt
388 1323 41 22 den
444 1323 77 29 nådiga
536 1325 159 27 propositionen
710 1323 79 22 icke
761 1319 22 37 är
803 1325 75 20 rättvis

136 1359 69 27 ligger
220 1359 24 21 sä
258 1359 34 20 för
313 1361 70 26 öppen
404 1359 41 27 dag
460 1362 31 18 att
507 1359 179 22 sakförhällandet
700 1355 48 26 icke
763 1367 63 19 synes
842 1359 37 27 pä-

138 1393 56 21 kalla
209 1393 69 28 nägon
299 1389 69 26 annan
390 1393 131 29 bevisföring
541 1395 27 20 än
583 1401 26 14 en
625 1393 62 22 enkel
702 1393 98 28 antydan,
814 1393 65 21 huru-

135 1436 47 15 som
203 1428 101 29 beloppet
325 1429 23 21 af
368 1429 42 21 den
433 1430 122 27 ersättning,
575 1429 87 22 hvilken
683 1429 65 28 enligt
768 1429 34 21 för
820 1429 58 21 tiden

206 1470 299 24 Hästutskrifningsutskottets
518 1470 130 19 betänkande.
