1125 1764
267 163 28 20 48
454 161 28 23 U.
498 162 29 22 B.
543 175 27 3 —
585 161 74 29 Prop.
675 161 45 24 N:o
735 162 37 22 27.

307 232 21 25 3)
343 231 104 26 Flyttning
471 231 20 19 af
505 231 203 25 minutförsäljnings-
723 231 49 20 eller
786 231 205 26 utskänkningsställe

239 260 32 20 må
285 260 44 20 icke
344 260 35 20 ske
394 261 48 18 utan
456 259 84 20 erhållet
554 259 91 20 tillstånd
659 259 20 20 af
693 260 110 25 magistrat.

312 290 11 23 8
341 289 32 19 15.
404 289 19 21 1)
438 288 91 25 Lokaler,
544 288 35 20 der
593 288 138 20 minuthandel
747 289 45 19 med
806 294 83 20 svagare
899 289 93 25 rusdryc-

239 317 36 20 ker
288 317 63 24 idkas,
366 316 33 20 mä
414 316 62 20 hållas
491 319 66 23 öppna
571 317 70 19 endast
655 316 12 20 &
681 316 84 26 helgfria
779 317 61 25 dagar
854 316 45 21 från
913 317 27 20 kl.
957 317 36 20 9f.

239 352 26 13 m.
280 345 30 20 till
324 345 27 20 kl.
367 346 12 19 6
394 351 16 13 e.
426 351 26 14 m.

309 375 21 24 2)
353 373 67 20 Under
434 373 118 20 marknader
565 374 38 19 och
618 373 106 26 torgdagar
739 375 53 18 samt
806 373 13 20 &
832 374 40 25 dag
887 380 43 14 som
941 379 53 14 ome-

239 403 77 20 delbart
338 402 78 25 föregår
430 402 60 19 dessa
511 404 23 17 är
547 402 138 20 minuthandel
707 402 46 20 med
768 408 83 19 svagare
873 402 121 25 rusdrycker

239 431 114 26 förbjuden;
376 430 37 20 och
427 431 106 19 ankomme
547 431 12 19 &
573 431 131 24 länestyrelse
725 432 30 19 att
770 431 122 20 omedelbart
906 431 48 20 eller
968 430 26 27 pä

239 459 146 26 framställning
407 459 19 19 af
446 459 111 25 magistrat,
579 459 143 25 ordningsrätt,
745 459 179 26 stadsfullmäktige
946 460 48 19 eller

239 488 162 20 rädhusstämma
422 488 90 25 förbjuda
532 488 37 19 slik
584 488 71 19 handel
676 488 75 25 jemväl
766 488 34 19 vid
820 489 63 18 andra
897 488 96 25 tillfällen,

239 517 26 20 d3
279 519 64 18 större
357 516 127 25 folksamling
498 522 47 20 eger
559 523 51 13 rum.

308 546 21 24 3)
360 545 55 20 Intill
430 545 67 20 derom
512 545 123 20 annorlunda
649 545 81 25 stadgas
745 551 37 19 ege
796 545 134 26 länestyrelse
945 546 50 19 efter

239 574 34 20 det
287 573 145 20 vederbörande
446 573 65 20 blifvit
525 574 61 19 hörda
600 573 103 26 angäende
717 574 39 19 den
770 574 36 25 tid,
821 573 62 20 hvarä
897 574 96 20 utskänk-

240 603 47 24 ning
302 602 33 19 mä
349 602 99 20 bedrifvas
464 601 12 20 &
490 602 88 24 hoteller,
593 602 112 24 koditorier,
720 602 100 20 värdshus
836 604 52 18 samt
900 603 95 19 utskänk-

239 631 133 25 ningsställen
394 630 8 19 i
416 630 46 19 stad
484 632 53 18 samt
551 630 26 25 pä
591 630 74 24 landet,
688 630 35 19 der
738 630 173 20 värdshusrörelse
931 630 63 24 idkas,

240 659 53 25 gifva
309 658 74 20 sådana
405 660 90 18 närmare
517 658 200 26 förhällningsregler,
739 659 68 19 hvilka
826 659 30 19 för
869 660 69 24 hvarje
953 661 42 17 sär-

240 688 52 19 skild
307 689 31 17 ort
361 689 52 18 samt
428 687 45 19 med
494 688 93 19 afseende
601 687 12 20 å
635 687 211 26 värdshusplatsernas
869 688 52 19 olika
935 689 59 18 natur

241 716 68 19 kunna
323 722 59 14 anses
397 716 100 25 lämpliga.
526 716 70 19 Likväl
612 716 32 19 må
666 716 132 24 länestyrelse
813 716 44 20 icke
877 716 70 26 stadga
962 716 31 20 så-

240 745 51 19 dana
305 744 99 25 åtgärder,
419 750 43 14 som
480 744 182 26 stadsfullmäktige
672 744 37 20 och
720 745 104 25 magistrat
834 746 49 18 utan
893 745 100 25 menings-

241 773 136 25 skiljaktighet
392 774 82 18 motsatt
489 772 36 25 sig.

309 802 20 24 3)
359 800 52 20 Från
425 802 94 24 bryggeri
534 801 49 20 eller
605 801 97 19 vinfabrik
717 801 87 20 försålda
818 802 85 24 drycker
917 802 20 19 få
951 802 43 20 icke

241 830 30 20 till
286 830 73 26 köpare
382 830 99 19 utlemnas
504 830 66 19 under
591 831 46 19 sön-
653 830 47 19 eller
722 830 85 25 helgdag
822 830 38 20 och
874 830 43 20 icke
931 830 64 20 heller

240 859 84 19 nattetid
338 858 45 20 från
397 858 84 20 klockan
502 858 33 19 nio
551 864 32 13 om
597 858 80 20 aftonen
699 858 30 20 till
745 858 85 20 klockan
845 858 39 20 fem
902 858 26 26 på
943 865 51 13 mor-

240 894 72 18 gonen.

311 916 10 23 8
339 916 31 19 16.
400 914 129 20 Förekomma
538 910 11 33 &
571 914 64 25 ställe,
649 915 36 19 der
700 915 138 20 minuthandel
848 916 45 19 med
903 915 49 20 eller
962 918 31 17 ut-

241 944 114 24 skänkning
377 943 20 19 af
412 949 81 18 svagare
516 943 120 25 rusdrycker
649 943 63 25 idkas,
735 944 35 19 vid
784 943 97 20 särskilda
903 944 92 20 tillfällen

241 972 120 20 oordnindar
383 972 21 19 af
418 972 39 19 den
472 974 36 22 art,
530 974 29 17 att
573 972 128 20 innehafvare
722 972 20 19 af
757 972 119 25 rättigheten
898 972 43 20 icke
956 973 39 19 kan

243 1006 59 14 anses
318 1000 120 20 fortfarande
460 1005 36 19 ega
511 1000 24 19 de
551 1000 28 20 för
594 1000 125 20 densammas
741 1000 110 20 utöfvande
868 1001 127 25 erforderliga

241 1029 127 25 egenskaper,
384 1028 48 20 eller
446 1028 36 19 har
502 1028 67 26 nägon
583 1029 19 19 af
616 1028 25 20 de
661 1028 64 25 enligt
747 1030 4 22 $
768 1030 12 18 8
796 1029 114 20 meddelade
925 1030 69 24 rättig-

241 1058 56 19 heter
311 1058 54 18 visat
388 1056 31 25 sig
440 1057 101 19 föranleda
563 1057 92 19 störande
677 1057 124 25 oordningar,
822 1058 34 19 mä
871 1058 124 25 magistrat
983 1052 16 35 i

242 1086 44 19 stad
301 1086 37 19 och
352 1084 132 26 länestyrelse
503 1085 121 20 beträffande
639 1085 69 25 dylika
730 1086 73 19 ställen
817 1086 27 25 pä
859 1086 72 24 landet,
945 1086 50 20 efter

241 1114 82 25 behörig
337 1114 91 19 anmälan
443 1114 38 19 och
495 1114 87 19 anställd
597 1114 150 25 undersökning
761 1114 129 20 förenämnda
899 1115 96 25 rättighet

241 1143 113 23 inskränka,
368 1142 84 24 indraga
466 1142 48 20 eller
529 1143 37 19 ock
580 1142 143 20 innehafvaren
738 1142 88 20 derifrän
837 1143 64 25 skilja;
912 1144 38 19 och
959 1149 36 19 ege

242 1171 39 19 den
298 1170 85 20 sålunda
398 1170 63 20 skilde
476 1170 42 20 icke
527 1172 40 18 rätt
581 1173 29 17 att
618 1171 19 19 af
647 1171 60 19 redan
722 1172 69 24 erlagd
805 1172 191 25 utskänkringskatt

241 1199 62 25 något
317 1198 70 20 återfå.

312 1228 10 24 8
340 1228 32 19 17.
401 1228 18 18 A
433 1227 72 25 apotek
520 1227 33 20 må
574 1228 19 19 öl
607 1228 49 19 eller
678 1228 128 24 rusgifvande
828 1228 111 26 maltdryck
953 1229 44 19 icke

241 1256 98 26 försäljas,
354 1258 52 17 samt
429 1256 33 19 må
475 1256 119 25 försäljning
615 1256 19 20 af
649 1256 57 20 viner
721 1256 31 20 för
773 1256 119 20 medicinskt
906 1256 92 20 ändamål

243 1284 68 20 ställas
328 1284 7 19 i
349 1284 89 25 enlighet
453 1284 45 19 med
516 1285 83 19 särskild
615 1285 104 24 föreskrift,
737 1291 45 14 som
788 1286 20 18 af
818 1286 179 23 medicinalstyrel-

242 1318 37 14 sen
293 1314 68 17 härom
377 1312 107 19 meddelas.

312 1341 10 23 8
340 1340 32 19 18.
404 1341 19 24 1)
442 1340 31 19 Då
488 1340 138 20 minuthandel
641 1340 45 20 med
701 1340 51 20 eller
767 1341 138 25 utskänkning
919 1341 20 20 af
955 1347 43 14 sva-

242 1374 47 20 gare
303 1368 121 25 rusdrycker
438 1368 52 23 sker,
504 1368 31 19 får
550 1368 70 20 dörren
630 1368 30 20 till
670 1369 221 25 försäljningsrummen
900 1370 44 20 icke
953 1376 46 14 vara

242 1397 104 26 tillreglad.

311 1426 20 25 2)
362 1425 49 26 Den,
426 1431 44 14 som
485 1432 48 19 eger
546 1426 95 25 rättighet
656 1426 30 19 till
703 1426 138 21 minuthandel
856 1427 45 20 med
917 1433 82 20 svagare

242 1455 122 25 rusdrycker
378 1454 48 21 eller
441 1455 138 25 utskänkning
593 1455 58 24 deraf,
668 1461 46 14 vare
729 1455 99 26 förbjudet
842 1458 29 18 att
883 1457 58 20 äfven
950 1459 48 18 utan

311 1493 182 18 Ekonomiutskottets
506 1493 109 18 betänkande
627 1493 38 18 N:o
677 1493 29 18 10.
