<?xml version="1.0" encoding="UTF-8"?>
<alto xmlns="http://www.loc.gov/standards/alto/ns-v3#" xmlns:xlink="http://www.w3.org/1999/xlink" xmlns:xsi="http://www.w3.org/2001/XMLSchema-instance" xsi:schemaLocation="http://www.loc.gov/standards/alto/ns-v3# http://www.loc.gov/alto/v3/alto-3-0.xsd">
	<Description>
		<MeasurementUnit>pixel</MeasurementUnit>
		<sourceImageInformation>
			<fileName>/tmp/tess_fynbht9t_input.PNG</fileName>
		</sourceImageInformation>
		<OCRProcessing ID="OCR_0">
			<ocrProcessingStep>
				<processingSoftware>
					<softwareName>tesseract 5.3.4</softwareName>
				</processingSoftware>
			</ocrProcessingStep>
		</OCRProcessing>
	</Description>
	<Layout>
		<Page WIDTH="1123" HEIGHT="1773" PHYSICAL_IMG_NR="0" ID="page_0">
			<PrintSpace HPOS="0" VPOS="0" WIDTH="1123" HEIGHT="1773">
				<ComposedBlock ID="cblock_0" HPOS="246" VPOS="206" WIDTH="749" HEIGHT="135">
					<TextBlock ID="block_0" HPOS="246" VPOS="206" WIDTH="749" HEIGHT="135">
						<TextLine ID="line_0" HPOS="589" VPOS="206" WIDTH="61" HEIGHT="27">
							<String ID="string_0" HPOS="589" VPOS="206" WIDTH="12" HEIGHT="27" WC="0.89" CONTENT="$"/><SP WIDTH="18" VPOS="206" HPOS="601"/>
							<String ID="string_1" HPOS="619" VPOS="207" WIDTH="31" HEIGHT="20" WC="0.94" CONTENT="14."/>
						</TextLine>
						<TextLine ID="line_1" HPOS="314" VPOS="245" WIDTH="681" HEIGHT="27">
							<String ID="string_2" HPOS="314" VPOS="245" WIDTH="61" HEIGHT="27" WC="0.91" CONTENT="Sjuk-"/><SP WIDTH="22" VPOS="245" HPOS="375"/>
							<String ID="string_3" HPOS="397" VPOS="245" WIDTH="39" HEIGHT="21" WC="0.93" CONTENT="och"/><SP WIDTH="22" VPOS="245" HPOS="436"/>
							<String ID="string_4" HPOS="458" VPOS="246" WIDTH="186" HEIGHT="21" WC="0.92" CONTENT="veterinärvärden"/><SP WIDTH="23" VPOS="246" HPOS="644"/>
							<String ID="string_5" HPOS="667" VPOS="245" WIDTH="36" HEIGHT="22" WC="0.93" CONTENT="vid"/><SP WIDTH="24" VPOS="245" HPOS="703"/>
							<String ID="string_6" HPOS="727" VPOS="246" WIDTH="90" HEIGHT="26" WC="0.90" CONTENT="depoten"/><SP WIDTH="17" VPOS="246" HPOS="817"/>
							<String ID="string_7" HPOS="834" VPOS="245" WIDTH="77" HEIGHT="21" WC="0.96" CONTENT="ordnas"/><SP WIDTH="17" VPOS="245" HPOS="911"/>
							<String ID="string_8" HPOS="928" VPOS="245" WIDTH="67" HEIGHT="27" WC="0.96" CONTENT="enligt"/>
						</TextLine>
						<TextLine ID="line_2" HPOS="246" VPOS="279" WIDTH="748" HEIGHT="28">
							<String ID="string_9" HPOS="246" VPOS="279" WIDTH="139" HEIGHT="28" WC="0.90" CONTENT="föreskrifter,"/><SP WIDTH="22" VPOS="279" HPOS="385"/>
							<String ID="string_10" HPOS="407" VPOS="280" WIDTH="72" HEIGHT="21" WC="0.92" CONTENT="hvilka"/><SP WIDTH="23" VPOS="280" HPOS="479"/>
							<String ID="string_11" HPOS="502" VPOS="280" WIDTH="28" HEIGHT="27" WC="0.93" CONTENT="pä"/><SP WIDTH="22" VPOS="280" HPOS="530"/>
							<String ID="string_12" HPOS="552" VPOS="280" WIDTH="173" HEIGHT="22" WC="0.88" CONTENT="Befälhafvarens"/><SP WIDTH="22" VPOS="280" HPOS="725"/>
							<String ID="string_13" HPOS="747" VPOS="280" WIDTH="33" HEIGHT="21" WC="0.96" CONTENT="för"/><SP WIDTH="21" VPOS="280" HPOS="780"/>
							<String ID="string_14" HPOS="801" VPOS="280" WIDTH="69" HEIGHT="21" WC="0.92" CONTENT="finska"/><SP WIDTH="19" VPOS="280" HPOS="870"/>
							<String ID="string_15" HPOS="889" VPOS="279" WIDTH="105" HEIGHT="22" WC="0.92" CONTENT="militären"/>
						</TextLine>
						<TextLine ID="line_3" HPOS="246" VPOS="314" WIDTH="433" HEIGHT="27">
							<String ID="string_16" HPOS="246" VPOS="314" WIDTH="159" HEIGHT="27" WC="0.93" CONTENT="framställning"/><SP WIDTH="16" VPOS="314" HPOS="405"/>
							<String ID="string_17" HPOS="421" VPOS="315" WIDTH="107" HEIGHT="21" WC="0.92" CONTENT="meddelas"/><SP WIDTH="16" VPOS="315" HPOS="528"/>
							<String ID="string_18" HPOS="544" VPOS="315" WIDTH="23" HEIGHT="21" WC="0.93" CONTENT="af"/><SP WIDTH="14" VPOS="315" HPOS="567"/>
							<String ID="string_19" HPOS="581" VPOS="315" WIDTH="98" HEIGHT="21" WC="0.92" CONTENT="Senaten."/>
						</TextLine>
					</TextBlock>
				</ComposedBlock>
				<ComposedBlock ID="cblock_1" HPOS="473" VPOS="412" WIDTH="298" HEIGHT="84">
					<TextBlock ID="block_1" HPOS="473" VPOS="412" WIDTH="298" HEIGHT="84">
						<TextLine ID="line_4" HPOS="564" VPOS="412" WIDTH="110" HEIGHT="21">
							<String ID="string_20" HPOS="564" VPOS="412" WIDTH="74" HEIGHT="21" WC="0.4" CONTENT="KAP."/><SP WIDTH="17" VPOS="412" HPOS="638"/>
							<String ID="string_21" HPOS="655" VPOS="412" WIDTH="19" HEIGHT="20" WC="0.4" CONTENT="3."/>
						</TextLine>
						<TextLine ID="line_5" HPOS="473" VPOS="469" WIDTH="298" HEIGHT="27">
							<String ID="string_22" HPOS="473" VPOS="470" WIDTH="35" HEIGHT="20" WC="0.93" CONTENT="Om"/><SP WIDTH="16" VPOS="470" HPOS="508"/>
							<String ID="string_23" HPOS="524" VPOS="470" WIDTH="99" HEIGHT="26" WC="0.92" CONTENT="depotens"/><SP WIDTH="18" VPOS="470" HPOS="623"/>
							<String ID="string_24" HPOS="641" VPOS="469" WIDTH="130" HEIGHT="27" WC="0.90" CONTENT="upplösning."/>
						</TextLine>
					</TextBlock>
				</ComposedBlock>
				<ComposedBlock ID="cblock_2" HPOS="243" VPOS="532" WIDTH="751" HEIGHT="206">
					<TextBlock ID="block_2" HPOS="589" VPOS="532" WIDTH="61" HEIGHT="27">
						<TextLine ID="line_6" HPOS="589" VPOS="532" WIDTH="61" HEIGHT="27">
							<String ID="string_25" HPOS="589" VPOS="532" WIDTH="11" HEIGHT="27" WC="0.87" CONTENT="8"/><SP WIDTH="17" VPOS="532" HPOS="600"/>
							<String ID="string_26" HPOS="617" VPOS="532" WIDTH="33" HEIGHT="21" WC="0.95" CONTENT="15."/>
						</TextLine>
					</TextBlock>
					<TextBlock ID="block_3" HPOS="243" VPOS="571" WIDTH="751" HEIGHT="167">
						<TextLine ID="line_7" HPOS="312" VPOS="571" WIDTH="682" HEIGHT="29">
							<String ID="string_27" HPOS="312" VPOS="572" WIDTH="218" HEIGHT="27" WC="0.91" CONTENT="Hästreservdepoten"/><SP WIDTH="15" VPOS="572" HPOS="530"/>
							<String ID="string_28" HPOS="545" VPOS="572" WIDTH="99" HEIGHT="28" WC="0.92" CONTENT="upplöses"/><SP WIDTH="11" VPOS="572" HPOS="644"/>
							<String ID="string_29" HPOS="655" VPOS="572" WIDTH="63" HEIGHT="22" WC="0.93" CONTENT="sedan"/><SP WIDTH="11" VPOS="572" HPOS="718"/>
							<String ID="string_30" HPOS="729" VPOS="571" WIDTH="100" HEIGHT="23" WC="0.90" CONTENT="behofvet"/><SP WIDTH="11" VPOS="571" HPOS="829"/>
							<String ID="string_31" HPOS="840" VPOS="572" WIDTH="22" HEIGHT="22" WC="0.93" CONTENT="af"/><SP WIDTH="9" VPOS="572" HPOS="862"/>
							<String ID="string_32" HPOS="871" VPOS="572" WIDTH="123" HEIGHT="22" WC="0.92" CONTENT="densamma"/>
						</TextLine>
						<TextLine ID="line_8" HPOS="245" VPOS="606" WIDTH="749" HEIGHT="29">
							<String ID="string_33" HPOS="245" VPOS="607" WIDTH="98" HEIGHT="28" WC="0.93" CONTENT="upphört,"/><SP WIDTH="24" VPOS="607" HPOS="343"/>
							<String ID="string_34" HPOS="367" VPOS="607" WIDTH="88" HEIGHT="21" WC="0.91" CONTENT="hvarvid"/><SP WIDTH="16" VPOS="607" HPOS="455"/>
							<String ID="string_35" HPOS="471" VPOS="607" WIDTH="25" HEIGHT="21" WC="0.93" CONTENT="de"/><SP WIDTH="16" VPOS="607" HPOS="496"/>
							<String ID="string_36" HPOS="512" VPOS="606" WIDTH="127" HEIGHT="22" WC="0.92" CONTENT="öfverblifna"/><SP WIDTH="15" VPOS="606" HPOS="639"/>
							<String ID="string_37" HPOS="654" VPOS="606" WIDTH="109" HEIGHT="28" WC="0.92" CONTENT="hästarna,"/><SP WIDTH="17" VPOS="606" HPOS="763"/>
							<String ID="string_38" HPOS="780" VPOS="606" WIDTH="65" HEIGHT="28" WC="0.93" CONTENT="enligt"/><SP WIDTH="14" VPOS="606" HPOS="845"/>
							<String ID="string_39" HPOS="859" VPOS="606" WIDTH="135" HEIGHT="22" WC="0.93" CONTENT="Befälhafva-"/>
						</TextLine>
						<TextLine ID="line_9" HPOS="244" VPOS="641" WIDTH="750" HEIGHT="27">
							<String ID="string_40" HPOS="244" VPOS="648" WIDTH="48" HEIGHT="15" WC="0.93" CONTENT="rens"/><SP WIDTH="15" VPOS="648" HPOS="292"/>
							<String ID="string_41" HPOS="307" VPOS="641" WIDTH="33" HEIGHT="22" WC="0.96" CONTENT="för"/><SP WIDTH="15" VPOS="641" HPOS="340"/>
							<String ID="string_42" HPOS="355" VPOS="641" WIDTH="68" HEIGHT="22" WC="0.93" CONTENT="finska"/><SP WIDTH="16" VPOS="641" HPOS="423"/>
							<String ID="string_43" HPOS="439" VPOS="642" WIDTH="106" HEIGHT="21" WC="0.92" CONTENT="militären"/><SP WIDTH="15" VPOS="642" HPOS="545"/>
							<String ID="string_44" HPOS="560" VPOS="641" WIDTH="116" HEIGHT="27" WC="0.93" CONTENT="föreskrift,"/><SP WIDTH="16" VPOS="641" HPOS="676"/>
							<String ID="string_45" HPOS="692" VPOS="641" WIDTH="65" HEIGHT="27" WC="0.92" CONTENT="säljas"/><SP WIDTH="15" VPOS="641" HPOS="757"/>
							<String ID="string_46" HPOS="772" VPOS="642" WIDTH="12" HEIGHT="20" WC="0.92" CONTENT="&amp;"/><SP WIDTH="11" VPOS="642" HPOS="784"/>
							<String ID="string_47" HPOS="795" VPOS="641" WIDTH="95" HEIGHT="27" WC="0.93" CONTENT="offentlig"/><SP WIDTH="10" VPOS="641" HPOS="890"/>
							<String ID="string_48" HPOS="900" VPOS="642" WIDTH="94" HEIGHT="21" WC="0.93" CONTENT="auktion."/>
						</TextLine>
						<TextLine ID="line_10" HPOS="243" VPOS="676" WIDTH="751" HEIGHT="27">
							<String ID="string_49" HPOS="243" VPOS="677" WIDTH="42" HEIGHT="21" WC="0.93" CONTENT="Vid"/><SP WIDTH="16" VPOS="677" HPOS="285"/>
							<String ID="string_50" HPOS="301" VPOS="676" WIDTH="115" HEIGHT="22" WC="0.93" CONTENT="auktionen"/><SP WIDTH="16" VPOS="676" HPOS="416"/>
							<String ID="string_51" HPOS="432" VPOS="676" WIDTH="88" HEIGHT="22" WC="0.91" CONTENT="influtna"/><SP WIDTH="16" VPOS="676" HPOS="520"/>
							<String ID="string_52" HPOS="536" VPOS="676" WIDTH="76" HEIGHT="26" WC="0.93" CONTENT="medel,"/><SP WIDTH="17" VPOS="676" HPOS="612"/>
							<String ID="string_53" HPOS="629" VPOS="676" WIDTH="88" HEIGHT="26" WC="0.83" CONTENT="ätföljda"/><SP WIDTH="11" VPOS="676" HPOS="717"/>
							<String ID="string_54" HPOS="728" VPOS="676" WIDTH="23" HEIGHT="21" WC="0.93" CONTENT="af"/><SP WIDTH="9" VPOS="676" HPOS="751"/>
							<String ID="string_55" HPOS="760" VPOS="676" WIDTH="234" HEIGHT="27" WC="0.92" CONTENT="auktionsprotokollet,"/>
						</TextLine>
						<TextLine ID="line_11" HPOS="243" VPOS="711" WIDTH="415" HEIGHT="27">
							<String ID="string_56" HPOS="243" VPOS="712" WIDTH="100" HEIGHT="20" WC="0.96" CONTENT="insändas"/><SP WIDTH="15" VPOS="712" HPOS="343"/>
							<String ID="string_57" HPOS="358" VPOS="711" WIDTH="33" HEIGHT="21" WC="0.93" CONTENT="till"/><SP WIDTH="15" VPOS="711" HPOS="391"/>
							<String ID="string_58" HPOS="406" VPOS="711" WIDTH="252" HEIGHT="27" WC="0.91" CONTENT="Krigskommissariatet."/>
						</TextLine>
					</TextBlock>
				</ComposedBlock>
				<ComposedBlock ID="cblock_3" HPOS="241" VPOS="774" WIDTH="753" HEIGHT="376">
					<TextBlock ID="block_4" HPOS="588" VPOS="774" WIDTH="60" HEIGHT="27">
						<TextLine ID="line_12" HPOS="588" VPOS="774" WIDTH="60" HEIGHT="27">
							<String ID="string_59" HPOS="588" VPOS="774" WIDTH="11" HEIGHT="27" WC="0.95" CONTENT="8"/><SP WIDTH="18" VPOS="774" HPOS="599"/>
							<String ID="string_60" HPOS="617" VPOS="774" WIDTH="31" HEIGHT="21" WC="0.95" CONTENT="16."/>
						</TextLine>
					</TextBlock>
					<TextBlock ID="block_5" HPOS="241" VPOS="813" WIDTH="753" HEIGHT="337">
						<TextLine ID="line_13" HPOS="311" VPOS="813" WIDTH="683" HEIGHT="27">
							<String ID="string_61" HPOS="311" VPOS="814" WIDTH="42" HEIGHT="21" WC="0.93" CONTENT="Det"/><SP WIDTH="21" VPOS="814" HPOS="353"/>
							<String ID="string_62" HPOS="374" VPOS="814" WIDTH="47" HEIGHT="21" WC="0.91" CONTENT="frän"/><SP WIDTH="23" VPOS="814" HPOS="421"/>
							<String ID="string_63" HPOS="444" VPOS="820" WIDTH="98" HEIGHT="14" WC="0.92" CONTENT="reserven"/><SP WIDTH="15" VPOS="820" HPOS="542"/>
							<String ID="string_64" HPOS="557" VPOS="814" WIDTH="7" HEIGHT="20" WC="0.93" CONTENT="i"/><SP WIDTH="15" VPOS="814" HPOS="564"/>
							<String ID="string_65" HPOS="579" VPOS="814" WIDTH="64" HEIGHT="26" WC="0.92" CONTENT="tjenst"/><SP WIDTH="24" VPOS="814" HPOS="643"/>
							<String ID="string_66" HPOS="667" VPOS="813" WIDTH="108" HEIGHT="21" WC="0.92" CONTENT="inkallade"/><SP WIDTH="16" VPOS="813" HPOS="775"/>
							<String ID="string_67" HPOS="791" VPOS="813" WIDTH="148" HEIGHT="21" WC="0.90" CONTENT="underbefälet"/><SP WIDTH="15" VPOS="813" HPOS="939"/>
							<String ID="string_68" HPOS="954" VPOS="814" WIDTH="40" HEIGHT="20" WC="0.96" CONTENT="och"/>
						</TextLine>
						<TextLine ID="line_14" HPOS="243" VPOS="848" WIDTH="751" HEIGHT="28">
							<String ID="string_69" HPOS="243" VPOS="850" WIDTH="126" HEIGHT="26" WC="0.92" CONTENT="manskapet"/><SP WIDTH="15" VPOS="850" HPOS="369"/>
							<String ID="string_70" HPOS="384" VPOS="848" WIDTH="159" HEIGHT="28" WC="0.92" CONTENT="hemförlofvas,"/><SP WIDTH="15" VPOS="848" HPOS="543"/>
							<String ID="string_71" HPOS="558" VPOS="849" WIDTH="88" HEIGHT="21" WC="0.92" CONTENT="hvarvid"/><SP WIDTH="16" VPOS="849" HPOS="646"/>
							<String ID="string_72" HPOS="662" VPOS="848" WIDTH="72" HEIGHT="26" WC="0.92" CONTENT="tillgär"/><SP WIDTH="10" VPOS="848" HPOS="734"/>
							<String ID="string_73" HPOS="744" VPOS="848" WIDTH="72" HEIGHT="21" WC="0.93" CONTENT="säsom"/><SP WIDTH="11" VPOS="848" HPOS="816"/>
							<String ID="string_74" HPOS="827" VPOS="848" WIDTH="34" HEIGHT="22" WC="0.93" CONTENT="vid"/><SP WIDTH="11" VPOS="848" HPOS="861"/>
							<String ID="string_75" HPOS="872" VPOS="848" WIDTH="122" HEIGHT="22" WC="0.91" CONTENT="hemförlof-"/>
						</TextLine>
						<TextLine ID="line_15" HPOS="242" VPOS="883" WIDTH="751" HEIGHT="27">
							<String ID="string_76" HPOS="242" VPOS="884" WIDTH="68" HEIGHT="21" WC="0.95" CONTENT="vande"/><SP WIDTH="15" VPOS="884" HPOS="310"/>
							<String ID="string_77" HPOS="325" VPOS="890" WIDTH="26" HEIGHT="15" WC="0.96" CONTENT="ur"/><SP WIDTH="16" VPOS="890" HPOS="351"/>
							<String ID="string_78" HPOS="367" VPOS="883" WIDTH="58" HEIGHT="22" WC="0.93" CONTENT="aktiv"/><SP WIDTH="15" VPOS="883" HPOS="425"/>
							<String ID="string_79" HPOS="440" VPOS="884" WIDTH="64" HEIGHT="26" WC="0.93" CONTENT="tjenst"/><SP WIDTH="14" VPOS="884" HPOS="504"/>
							<String ID="string_80" HPOS="518" VPOS="883" WIDTH="7" HEIGHT="21" WC="0.93" CONTENT="i"/><SP WIDTH="17" VPOS="883" HPOS="525"/>
							<String ID="string_81" HPOS="542" VPOS="883" WIDTH="70" HEIGHT="27" WC="0.96" CONTENT="öfrigt,"/><SP WIDTH="16" VPOS="883" HPOS="612"/>
							<String ID="string_82" HPOS="628" VPOS="885" WIDTH="59" HEIGHT="20" WC="0.96" CONTENT="utom"/><SP WIDTH="18" VPOS="885" HPOS="687"/>
							<String ID="string_83" HPOS="705" VPOS="885" WIDTH="32" HEIGHT="20" WC="0.93" CONTENT="att"/><SP WIDTH="14" VPOS="885" HPOS="737"/>
							<String ID="string_84" HPOS="751" VPOS="884" WIDTH="164" HEIGHT="20" WC="0.92" CONTENT="reservmännen"/><SP WIDTH="1" VPOS="884" HPOS="915"/>
							<String ID="string_85" HPOS="916" VPOS="879" WIDTH="12" HEIGHT="36" WC="0.93" CONTENT="i"/><SP WIDTH="16" VPOS="879" HPOS="928"/>
							<String ID="string_86" HPOS="944" VPOS="883" WIDTH="49" HEIGHT="21" WC="0.90" CONTENT="stäl-"/>
						</TextLine>
						<TextLine ID="line_16" HPOS="242" VPOS="917" WIDTH="751" HEIGHT="29">
							<String ID="string_87" HPOS="242" VPOS="919" WIDTH="30" HEIGHT="21" WC="0.96" CONTENT="let"/><SP WIDTH="15" VPOS="919" HPOS="272"/>
							<String ID="string_88" HPOS="287" VPOS="919" WIDTH="33" HEIGHT="21" WC="0.93" CONTENT="för"/><SP WIDTH="17" VPOS="919" HPOS="320"/>
							<String ID="string_89" HPOS="337" VPOS="918" WIDTH="154" HEIGHT="28" WC="0.92" CONTENT="afgängsbetyg"/><SP WIDTH="15" VPOS="918" HPOS="491"/>
							<String ID="string_90" HPOS="506" VPOS="917" WIDTH="158" HEIGHT="22" WC="0.91" CONTENT="äterbekomma"/><SP WIDTH="16" VPOS="917" HPOS="664"/>
							<String ID="string_91" HPOS="680" VPOS="917" WIDTH="47" HEIGHT="22" WC="0.93" CONTENT="sina"/><SP WIDTH="16" VPOS="917" HPOS="727"/>
							<String ID="string_92" HPOS="743" VPOS="918" WIDTH="134" HEIGHT="27" WC="0.92" CONTENT="reservintyg"/><SP WIDTH="15" VPOS="918" HPOS="877"/>
							<String ID="string_93" HPOS="892" VPOS="917" WIDTH="49" HEIGHT="22" WC="0.93" CONTENT="med"/><SP WIDTH="15" VPOS="917" HPOS="941"/>
							<String ID="string_94" HPOS="956" VPOS="919" WIDTH="37" HEIGHT="26" WC="0.92" CONTENT="pä-"/>
						</TextLine>
						<TextLine ID="line_17" HPOS="241" VPOS="951" WIDTH="751" HEIGHT="28">
							<String ID="string_95" HPOS="241" VPOS="953" WIDTH="103" HEIGHT="26" WC="0.91" CONTENT="teckning"/><SP WIDTH="15" VPOS="953" HPOS="344"/>
							<String ID="string_96" HPOS="359" VPOS="954" WIDTH="32" HEIGHT="19" WC="0.96" CONTENT="att"/><SP WIDTH="16" VPOS="954" HPOS="391"/>
							<String ID="string_97" HPOS="407" VPOS="952" WIDTH="62" HEIGHT="21" WC="0.96" CONTENT="deras"/><SP WIDTH="16" VPOS="952" HPOS="469"/>
							<String ID="string_98" HPOS="485" VPOS="952" WIDTH="119" HEIGHT="27" WC="0.97" CONTENT="skyldighet"/><SP WIDTH="15" VPOS="952" HPOS="604"/>
							<String ID="string_99" HPOS="619" VPOS="954" WIDTH="32" HEIGHT="19" WC="0.94" CONTENT="att"/><SP WIDTH="15" VPOS="954" HPOS="651"/>
							<String ID="string_100" HPOS="666" VPOS="953" WIDTH="7" HEIGHT="20" WC="0.93" CONTENT="i"/><SP WIDTH="16" VPOS="953" HPOS="673"/>
							<String ID="string_101" HPOS="689" VPOS="953" WIDTH="92" HEIGHT="26" WC="0.92" CONTENT="tjensten"/><SP WIDTH="15" VPOS="953" HPOS="781"/>
							<String ID="string_102" HPOS="796" VPOS="953" WIDTH="86" HEIGHT="26" WC="0.92" CONTENT="gvarstä"/><SP WIDTH="10" VPOS="953" HPOS="882"/>
							<String ID="string_103" HPOS="892" VPOS="951" WIDTH="100" HEIGHT="28" WC="0.96" CONTENT="upphört."/>
						</TextLine>
						<TextLine ID="line_18" HPOS="241" VPOS="986" WIDTH="753" HEIGHT="28">
							<String ID="string_104" HPOS="241" VPOS="987" WIDTH="108" HEIGHT="27" WC="0.92" CONTENT="Depotens"/><SP WIDTH="16" VPOS="987" HPOS="349"/>
							<String ID="string_105" HPOS="365" VPOS="987" WIDTH="154" HEIGHT="26" WC="0.92" CONTENT="tillhörigheter"/><SP WIDTH="16" VPOS="987" HPOS="519"/>
							<String ID="string_106" HPOS="535" VPOS="986" WIDTH="100" HEIGHT="22" WC="0.91" CONTENT="aflemnas"/><SP WIDTH="17" VPOS="986" HPOS="635"/>
							<String ID="string_107" HPOS="652" VPOS="986" WIDTH="24" HEIGHT="21" WC="0.93" CONTENT="af"/><SP WIDTH="14" VPOS="986" HPOS="676"/>
							<String ID="string_108" HPOS="690" VPOS="986" WIDTH="140" HEIGHT="27" WC="0.88" CONTENT="depotchefen"/><SP WIDTH="8" VPOS="986" HPOS="830"/>
							<String ID="string_109" HPOS="838" VPOS="987" WIDTH="67" HEIGHT="26" WC="0.93" CONTENT="jämte"/><SP WIDTH="11" VPOS="987" HPOS="905"/>
							<String ID="string_110" HPOS="916" VPOS="986" WIDTH="78" HEIGHT="27" WC="0.92" CONTENT="nödiga"/>
						</TextLine>
						<TextLine ID="line_19" HPOS="242" VPOS="1020" WIDTH="751" HEIGHT="28">
							<String ID="string_111" HPOS="242" VPOS="1021" WIDTH="117" HEIGHT="22" WC="0.92" CONTENT="reversaler"/><SP WIDTH="24" VPOS="1021" HPOS="359"/>
							<String ID="string_112" HPOS="383" VPOS="1021" WIDTH="22" HEIGHT="21" WC="0.96" CONTENT="ät"/><SP WIDTH="23" VPOS="1021" HPOS="405"/>
							<String ID="string_113" HPOS="428" VPOS="1021" WIDTH="39" HEIGHT="22" WC="0.96" CONTENT="den"/><SP WIDTH="24" VPOS="1021" HPOS="467"/>
							<String ID="string_114" HPOS="491" VPOS="1027" WIDTH="76" HEIGHT="21" WC="0.96" CONTENT="person"/><SP WIDTH="22" VPOS="1027" HPOS="567"/>
							<String ID="string_115" HPOS="589" VPOS="1027" WIDTH="45" HEIGHT="16" WC="0.96" CONTENT="som"/><SP WIDTH="24" VPOS="1027" HPOS="634"/>
							<String ID="string_116" HPOS="658" VPOS="1020" WIDTH="23" HEIGHT="21" WC="0.93" CONTENT="af"/><SP WIDTH="22" VPOS="1020" HPOS="681"/>
							<String ID="string_117" HPOS="703" VPOS="1021" WIDTH="136" HEIGHT="21" WC="0.92" CONTENT="Guvernören"/><SP WIDTH="19" VPOS="1021" HPOS="839"/>
							<String ID="string_118" HPOS="858" VPOS="1021" WIDTH="7" HEIGHT="21" WC="0.93" CONTENT="i"/><SP WIDTH="20" VPOS="1021" HPOS="865"/>
							<String ID="string_119" HPOS="885" VPOS="1021" WIDTH="64" HEIGHT="26" WC="0.92" CONTENT="länet,"/><SP WIDTH="16" VPOS="1021" HPOS="949"/>
							<String ID="string_120" HPOS="965" VPOS="1022" WIDTH="28" HEIGHT="25" WC="0.96" CONTENT="pä"/>
						</TextLine>
						<TextLine ID="line_20" HPOS="241" VPOS="1055" WIDTH="752" HEIGHT="27">
							<String ID="string_121" HPOS="241" VPOS="1055" WIDTH="174" HEIGHT="22" WC="0.92" CONTENT="Befälhafvarens"/><SP WIDTH="23" VPOS="1055" HPOS="415"/>
							<String ID="string_122" HPOS="438" VPOS="1055" WIDTH="33" HEIGHT="22" WC="0.96" CONTENT="för"/><SP WIDTH="21" VPOS="1055" HPOS="471"/>
							<String ID="string_123" HPOS="492" VPOS="1055" WIDTH="68" HEIGHT="22" WC="0.93" CONTENT="finska"/><SP WIDTH="23" VPOS="1055" HPOS="560"/>
							<String ID="string_124" HPOS="583" VPOS="1056" WIDTH="106" HEIGHT="21" WC="0.92" CONTENT="militären"/><SP WIDTH="23" VPOS="1056" HPOS="689"/>
							<String ID="string_125" HPOS="712" VPOS="1055" WIDTH="106" HEIGHT="27" WC="0.92" CONTENT="anhällan,"/><SP WIDTH="16" VPOS="1055" HPOS="818"/>
							<String ID="string_126" HPOS="834" VPOS="1055" WIDTH="112" HEIGHT="22" WC="0.92" CONTENT="förordnas"/><SP WIDTH="15" VPOS="1055" HPOS="946"/>
							<String ID="string_127" HPOS="961" VPOS="1057" WIDTH="32" HEIGHT="20" WC="0.96" CONTENT="att"/>
						</TextLine>
						<TextLine ID="line_21" HPOS="241" VPOS="1090" WIDTH="751" HEIGHT="27">
							<String ID="string_128" HPOS="241" VPOS="1092" WIDTH="50" HEIGHT="25" WC="0.91" CONTENT="taga"/><SP WIDTH="23" VPOS="1092" HPOS="291"/>
							<String ID="string_129" HPOS="314" VPOS="1091" WIDTH="76" HEIGHT="25" WC="0.91" CONTENT="godset"/><SP WIDTH="15" VPOS="1091" HPOS="390"/>
							<String ID="string_130" HPOS="405" VPOS="1090" WIDTH="8" HEIGHT="20" WC="0.93" CONTENT="i"/><SP WIDTH="14" VPOS="1090" HPOS="413"/>
							<String ID="string_131" HPOS="427" VPOS="1090" WIDTH="77" HEIGHT="24" WC="0.93" CONTENT="förvar,"/><SP WIDTH="16" VPOS="1090" HPOS="504"/>
							<String ID="string_132" HPOS="520" VPOS="1091" WIDTH="32" HEIGHT="20" WC="0.96" CONTENT="till"/><SP WIDTH="17" VPOS="1091" HPOS="552"/>
							<String ID="string_133" HPOS="569" VPOS="1090" WIDTH="48" HEIGHT="21" WC="0.93" CONTENT="dess"/><SP WIDTH="15" VPOS="1090" HPOS="617"/>
							<String ID="string_134" HPOS="632" VPOS="1090" WIDTH="247" HEIGHT="26" WC="0.91" CONTENT="Krigskommissariatet"/><SP WIDTH="15" VPOS="1090" HPOS="879"/>
							<String ID="string_135" HPOS="894" VPOS="1096" WIDTH="34" HEIGHT="14" WC="0.96" CONTENT="om"/><SP WIDTH="16" VPOS="1096" HPOS="928"/>
							<String ID="string_136" HPOS="944" VPOS="1090" WIDTH="48" HEIGHT="20" WC="0.96" CONTENT="dess"/>
						</TextLine>
						<TextLine ID="line_22" HPOS="241" VPOS="1124" WIDTH="456" HEIGHT="26">
							<String ID="string_137" HPOS="241" VPOS="1124" WIDTH="74" HEIGHT="21" WC="0.96" CONTENT="vidare"/><SP WIDTH="16" VPOS="1124" HPOS="315"/>
							<String ID="string_138" HPOS="331" VPOS="1124" WIDTH="134" HEIGHT="26" WC="0.92" CONTENT="användning"/><SP WIDTH="16" VPOS="1124" HPOS="465"/>
							<String ID="string_139" HPOS="481" VPOS="1124" WIDTH="76" HEIGHT="21" WC="0.96" CONTENT="hinner"/><SP WIDTH="16" VPOS="1124" HPOS="557"/>
							<String ID="string_140" HPOS="573" VPOS="1124" WIDTH="124" HEIGHT="21" WC="0.96" CONTENT="bestämma."/>
						</TextLine>
					</TextBlock>
				</ComposedBlock>
				<ComposedBlock ID="cblock_4" HPOS="241" VPOS="1187" WIDTH="750" HEIGHT="129">
					<TextBlock ID="block_6" HPOS="241" VPOS="1187" WIDTH="750" HEIGHT="129">
						<TextLine ID="line_23" HPOS="585" VPOS="1187" WIDTH="61" HEIGHT="27">
							<String ID="string_141" HPOS="585" VPOS="1187" WIDTH="12" HEIGHT="27" WC="0.94" CONTENT="8"/><SP WIDTH="17" VPOS="1187" HPOS="597"/>
							<String ID="string_142" HPOS="614" VPOS="1188" WIDTH="32" HEIGHT="19" WC="0.95" CONTENT="17."/>
						</TextLine>
						<TextLine ID="line_24" HPOS="309" VPOS="1226" WIDTH="682" HEIGHT="28">
							<String ID="string_143" HPOS="309" VPOS="1226" WIDTH="146" HEIGHT="28" WC="0.92" CONTENT="Depotchefen"/><SP WIDTH="24" VPOS="1226" HPOS="455"/>
							<String ID="string_144" HPOS="479" VPOS="1227" WIDTH="37" HEIGHT="21" WC="0.96" CONTENT="och"/><SP WIDTH="24" VPOS="1227" HPOS="516"/>
							<String ID="string_145" HPOS="540" VPOS="1227" WIDTH="39" HEIGHT="21" WC="0.93" CONTENT="den"/><SP WIDTH="21" VPOS="1227" HPOS="579"/>
							<String ID="string_146" HPOS="600" VPOS="1227" WIDTH="66" HEIGHT="27" WC="0.92" CONTENT="jemte"/><SP WIDTH="20" VPOS="1227" HPOS="666"/>
							<String ID="string_147" HPOS="686" VPOS="1227" WIDTH="77" HEIGHT="21" WC="0.96" CONTENT="honom"/><SP WIDTH="16" VPOS="1227" HPOS="763"/>
							<String ID="string_148" HPOS="779" VPOS="1227" WIDTH="32" HEIGHT="21" WC="0.93" CONTENT="till"/><SP WIDTH="16" VPOS="1227" HPOS="811"/>
							<String ID="string_149" HPOS="827" VPOS="1227" WIDTH="90" HEIGHT="27" WC="0.93" CONTENT="depoten"/><SP WIDTH="16" VPOS="1227" HPOS="917"/>
							<String ID="string_150" HPOS="933" VPOS="1227" WIDTH="58" HEIGHT="21" WC="0.92" CONTENT="kom-"/>
						</TextLine>
						<TextLine ID="line_25" HPOS="241" VPOS="1260" WIDTH="750" HEIGHT="28">
							<String ID="string_151" HPOS="241" VPOS="1261" WIDTH="127" HEIGHT="21" WC="0.89" CONTENT="menderade"/><SP WIDTH="22" VPOS="1261" HPOS="368"/>
							<String ID="string_152" HPOS="390" VPOS="1260" WIDTH="165" HEIGHT="22" WC="0.89" CONTENT="underofficeren"/><SP WIDTH="24" VPOS="1260" HPOS="555"/>
							<String ID="string_153" HPOS="579" VPOS="1261" WIDTH="210" HEIGHT="21" WC="0.89" CONTENT="äterkommenderas"/><SP WIDTH="24" VPOS="1261" HPOS="789"/>
							<String ID="string_154" HPOS="813" VPOS="1262" WIDTH="33" HEIGHT="20" WC="0.96" CONTENT="till"/><SP WIDTH="24" VPOS="1262" HPOS="846"/>
							<String ID="string_155" HPOS="870" VPOS="1262" WIDTH="40" HEIGHT="20" WC="0.92" CONTENT="den"/><SP WIDTH="18" VPOS="1262" HPOS="910"/>
							<String ID="string_156" HPOS="928" VPOS="1264" WIDTH="63" HEIGHT="24" WC="0.92" CONTENT="trupp"/>
						</TextLine>
						<TextLine ID="line_26" HPOS="242" VPOS="1296" WIDTH="135" HEIGHT="20">
							<String ID="string_157" HPOS="242" VPOS="1296" WIDTH="26" HEIGHT="20" WC="0.92" CONTENT="de"/><SP WIDTH="15" VPOS="1296" HPOS="268"/>
							<String ID="string_158" HPOS="283" VPOS="1296" WIDTH="94" HEIGHT="20" WC="0.92" CONTENT="tillhöra."/>
						</TextLine>
					</TextBlock>
				</ComposedBlock>
				<GraphicalElement ID="cblock_5" HPOS="1120" VPOS="1401" WIDTH="3" HEIGHT="372"></GraphicalElement >
			</PrintSpace>
		</Page>
	</Layout>
</alto>
