1109 1773
310 132 81 24 Ständ.
407 132 37 23 Sv.
459 146 25 2 —
500 132 70 28 Prop.
585 133 41 22 N:o
640 132 37 22 29.
824 132 26 20 13

130 198 70 22 ocksä
210 198 93 29 obilligt
313 200 40 26 att,
366 198 73 22 säsom
451 199 73 29 enligt
535 198 173 29 propositionen
717 198 79 22 kunde
806 197 73 23 blifva

130 232 72 28 fallet,
219 232 141 22 tillerkänna
375 240 85 14 samma
475 232 214 30 kapitalunderstöd
704 233 24 20 ät
743 235 34 19 ett
788 232 58 22 barn
857 233 25 21 af

129 267 73 28 nägra
216 267 119 21 mänaders
352 267 62 22 älder
429 274 49 15 som
494 268 23 21 ät
532 270 34 18 ett
580 270 77 24 annat,
673 267 91 21 hvilket
772 268 63 20 inom
846 268 34 20 ett

130 301 56 21 eller
208 302 72 28 några
301 301 24 21 få
340 302 25 20 är
380 301 65 29 sjelft
459 302 47 21 kan
520 301 101 29 förtjena
636 302 42 20 sitt
692 301 129 28 uppehälle.
850 300 28 28 Ej

130 334 73 22 heller
218 342 55 15 vore
289 335 40 21 det
343 336 136 21 välbetänkt
494 338 35 19 att
543 336 65 28 gifva
622 334 140 22 skadeständ
774 336 8 20 i
792 335 88 28 kapital

130 370 25 20 åt
170 370 66 27 enka,
252 373 55 18 enär
320 370 53 28 hon,
385 377 37 15 om
432 370 113 28 kapitalet
553 370 118 27 förstöres,
680 369 72 29 jemte
762 370 52 21 sina
824 369 57 21 barn

131 404 93 22 komme
240 406 35 19 att
289 404 55 22 falla
359 404 157 29 fattigvärden
530 404 38 22 till
582 405 52 21 last.

200 439 34 21 Pä
250 439 75 28 grund
340 438 67 22 häraf
420 439 42 21 har
476 440 150 21 förevarande
636 439 110 29 paragraf
758 439 123 21 omformu-

131 473 78 27 lerats,
231 472 129 30 hvarjemte
383 474 27 21 de
431 474 8 20 i
459 474 174 28 propositionen
655 473 37 22 för
706 472 175 30 ifrägavarande

130 507 43 22 fall
192 507 132 29 föreslagna
342 510 201 26 procentsatserna
557 509 9 21 i
580 509 77 27 någon
672 509 54 21 män
741 508 81 21 blifvit
836 507 46 23 för-

131 541 76 30 höjda.

199 576 35 22 Ur
256 578 12 21 6
291 578 13 26 $
327 576 9 22 i
355 577 181 29 propositionen,
552 577 160 22 motsvarande
728 577 76 21 denna
818 584 64 21 para-

133 610 58 29 graf,
212 610 42 22 har
268 618 81 14 senare
364 612 67 21 delen
445 612 125 28 uteslutits,
584 612 72 29 jemte
672 611 39 22 det
725 611 37 21 till
777 618 105 22 paragra-

133 646 40 21 fen
195 645 77 28 fogats
294 648 34 19 ett
349 648 54 26 nytt
424 649 108 25 moment,
556 646 90 22 hvilket
664 646 20 29 ej
700 646 67 22 torde
780 646 104 22 erfordra

133 680 100 22 särskild
248 681 146 28 motivering.

201 714 34 22 Pä
250 717 46 19 sätt
310 715 64 22 förut
389 716 94 28 antydts
498 716 47 21 kan
560 716 39 21 det
610 716 42 22 fall
663 715 107 28 förutses,
781 718 34 18 att
825 716 59 21 visst

133 749 92 29 företag
246 750 39 21 till
306 750 60 29 följd
389 750 25 22 af
432 750 36 22 sin
484 752 35 20 art
533 750 51 22 icke
600 750 26 22 af
637 751 77 28 nägon
729 750 155 28 försäkrings-

134 784 86 22 anstalt
235 786 127 27 emottages
378 784 37 22 till
429 785 140 29 försäkring.
591 786 47 21 För
653 787 34 19 att
697 785 36 21 till
745 784 140 22 skadeständ

134 819 131 29 berättigad
286 826 84 22 person
393 819 8 21 i
416 820 82 21 sådant
512 819 43 22 fall
569 820 37 21 mä
620 819 74 22 blifva
709 819 127 29 behörigen
851 822 34 18 sä-

134 853 109 29 kerstäld,
264 854 41 21 har
320 854 40 22 det
379 856 66 27 synts
460 862 56 14 vara
531 854 144 28 nödvändigt
688 854 147 28 föreskrifva,
851 856 34 20 att

134 888 185 29 arbetsgifvaren
334 889 42 22 bör
391 889 142 22 tillförsäkra
547 890 85 22 honom
647 889 127 22 understöd
788 890 30 27 pä
833 897 52 14 ena-

134 923 76 22 handa
226 925 52 26 sätt,
294 931 49 14 som
359 925 7 20 i
382 925 13 21 6
410 926 13 25 8
438 925 96 22 anförts.

203 958 147 22 Beträffande
376 958 44 22 den
445 959 41 28 tid,
512 960 63 21 inom
600 959 97 22 hvilken
722 959 164 28 försäkringen

136 993 60 21 skall
212 993 118 28 fullgöras,
348 1001 69 21 synas
433 994 50 21 skäl
498 995 52 21 icke
564 994 74 21 finnas
650 996 34 19 att
693 993 36 22 för
739 1001 47 21 nya
795 993 91 28 företag

135 1027 115 22 fastställa
277 1035 75 14 annan
378 1035 71 21 norm,
476 1033 29 17 än
530 1029 36 21 för
594 1029 62 21 äldre
680 1028 90 28 sädana,
793 1027 94 22 hvarför

134 1061 87 30 jemväl
243 1063 36 21 för
302 1062 27 22 de
352 1063 62 22 förra
435 1063 111 22 bestämts
572 1071 28 14 en
615 1063 35 22 tid
664 1062 24 23 af
702 1064 28 21 30
745 1063 77 28 dagar.
851 1062 37 21 Dä

137 1097 39 21 det
191 1097 26 21 af
229 1097 175 28 propositionen
420 1097 19 29 ej
456 1098 87 28 tydligt
557 1097 101 29 framgär
668 1097 96 21 hvilken
775 1097 112 27 ställning

137 1130 167 30 arbetsgifvare
326 1132 92 22 komme
441 1134 34 19 att
493 1132 80 29 intaga
588 1133 119 27 gentemot
722 1132 87 21 skadad
824 1131 63 22 arbe-

137 1169 55 24 tare,
208 1166 64 22 intill
287 1166 52 22 dess
354 1166 134 29 försäkring
503 1169 39 26 egt
556 1174 57 20 rum,
629 1166 41 22 har
685 1166 38 22 till
738 1166 75 21 denna
823 1173 63 21 para-

137 1200 58 29 graf,
218 1201 162 21 motsvarande
405 1203 25 20 12
445 1202 13 26 $
474 1202 7 20 i
497 1201 180 29 propositionen,
692 1201 78 27 fogats
786 1202 34 20 ett
834 1202 54 26 nytt

138 1238 110 25 moment,
272 1236 250 21 öfverensstämmande
540 1236 53 21 med
607 1235 61 22 hvad
682 1236 9 20 i
707 1236 26 20 15
748 1236 13 26 $
777 1234 110 29 stadgats.

139 1270 52 21 Den
213 1270 9 21 i
245 1270 144 22 sistnämnda
410 1270 110 29 paragraf
540 1270 110 28 stadgade
669 1269 163 29 förpligtelsen
847 1269 42 21 bör

139 1305 79 29 äligga
235 1304 167 30 arbetsgifvare
415 1305 88 29 jemväl
518 1312 37 14 om
571 1305 44 21 han
630 1304 127 22 underlätit
772 1306 34 19 att
820 1303 68 22 behö-

138 1340 67 28 rigen
220 1340 85 21 afsluta
320 1340 57 21 eller
391 1340 157 28 upprätthälla
562 1339 139 28 försäkring.

207 1374 46 21 Det
275 1375 30 27 pä
319 1374 77 29 grund
410 1374 26 22 af
448 1374 134 29 försäkring
596 1373 116 29 utgäende
727 1372 163 23 skadeständet

139 1409 37 20 till
198 1408 87 20 skadad
307 1409 105 20 arbetare
434 1409 55 20 eller
509 1408 74 21 dödad
599 1408 114 21 arbetares
730 1406 110 28 anhöriga
854 1408 37 19 ut-

138 1442 67 22 faller
220 1441 8 21 i
238 1442 80 27 regeln
328 1442 74 21 under
412 1441 59 22 form
482 1441 26 22 af
516 1442 69 28 årligt
595 1440 126 23 understöd
736 1440 42 22 och
789 1440 8 20 i
808 1441 83 27 många

911 959 21 17 16
946 957 14 24 &.
