1111 1767
293 141 82 23 Ständ.
391 142 37 22 Sv.
443 155 28 3 —
486 142 73 28 Prop.
574 142 43 23 N:o
632 142 35 23 24.
813 144 11 20 7

106 207 40 21 vid
161 207 68 21 hafva
245 207 127 21 Ständerna
385 208 51 21 icke
447 208 90 21 kunnat
546 208 78 28 undgå
634 210 34 19 att
677 208 60 21 fästa
747 208 107 21 afseende

106 241 82 21 dervid
205 243 34 19 att
255 249 83 20 genom
354 241 133 29 byggandet
502 242 26 21 af
541 242 142 21 sistnämnda
702 243 100 28 jernväg
817 243 37 20 be-

106 275 82 21 hofvet
209 275 26 21 af
255 275 226 22 kommunikationer
496 276 8 21 i
520 276 38 21 det
581 276 49 21 inre
646 276 25 21 af
683 277 78 20 landet
776 276 79 21 blifvit

107 308 108 22 beaktadt
238 309 119 21 äfvensom
380 311 39 24 att,
443 309 52 21 med
517 309 119 29 undantag
654 310 25 21 af
692 310 162 21 Tammerfors-

111 343 180 28 —Björneborgs
311 343 104 29 jernväg,
440 344 44 21 alla
507 343 70 22 sedan
592 345 25 20 år
633 345 53 22 1879
709 345 93 28 byggda
816 345 39 21 ba-

106 385 42 14 nor
171 377 25 22 af
215 379 73 20 större
310 377 71 29 längd
402 378 86 21 utförts
510 379 9 21 i
536 379 90 22 landets
648 379 50 22 inre
721 382 60 19 samt
803 380 51 21 dess

106 414 61 20 östra
190 412 42 21 och
255 413 131 28 nordligare
405 412 68 22 delar.
503 413 46 21 Det
563 413 41 22 har
620 413 39 22 vid
674 413 82 23 sådant
769 414 85 21 förhål-

105 447 68 21 lande
195 448 66 27 synts
284 447 130 21 Ständerna
435 447 75 21 finnas
532 447 126 29 anledning
680 450 34 19 att
736 449 88 28 jemväl
846 449 8 21 i

105 481 76 28 någon
197 482 52 20 mån
267 481 56 22 söka
337 481 124 28 tillgodose
477 482 181 22 trafikbehofvet
673 483 8 21 i
696 483 89 22 landets
802 483 52 29 syd-

105 515 78 29 ligare,
198 516 171 29 jemförelsevis
384 518 46 19 tätt
445 516 122 22 befolkade
583 517 42 21 och
643 517 38 21 väl
697 517 80 22 odlade
792 518 62 21 trak-

105 553 40 19 ter.
177 551 129 21 Ständerna
321 550 69 22 hafva
404 550 82 22 härvid
501 551 82 21 främst
598 554 70 26 egnat
682 553 173 27 uppmärksam-

105 585 40 21 het
159 585 23 22 åt
197 593 28 13 en
241 585 7 22 i
264 585 113 21 särskilda
386 585 40 21 vid
436 585 140 29 landtdagen
586 585 136 23 framstälda
733 587 121 28 petitions-

105 620 118 21 memorial
238 619 131 28 föreslagen
385 619 59 21 bana
460 619 97 22 emellan
576 620 147 29 Helsingfors
745 621 43 22 och
803 614 50 29 Åbo

105 654 82 21 städer.
217 654 48 21 För
287 654 75 20 denna
383 653 66 27 bana,
466 653 94 22 hvarom
576 655 70 20 redan
661 655 39 21 vid
715 655 139 29 föregående

105 688 136 28 landtdagar
263 687 201 29 petitionsförslag
488 688 87 28 väckts,
599 688 69 22 hafva
690 689 62 21 olika
769 690 85 21 sträck-

104 723 84 29 ningar
210 722 140 29 ifrågasatts,
369 722 118 28 nämligen
502 722 51 22 från
569 723 147 29 Helsingfors
732 724 37 21 till
784 724 70 22 Num-

104 758 60 22 mela
180 758 55 22 eller
250 758 69 21 Karis
336 758 111 21 stationer
458 758 56 21 eller
525 758 42 21 ock
577 758 37 22 till
624 758 112 22 närheten
747 759 26 21 af
781 758 73 22 Gerk-

105 796 41 18 näs
161 792 68 22 vexel
244 792 13 21 å
271 792 225 29 Hangö—Hyvinge
511 792 59 22 bana
585 795 58 19 samt
656 792 51 22 från
718 794 69 21 Karis
798 794 56 21 eller

104 826 92 22 Ekenäs
215 827 112 21 stationer
343 826 65 22 öfver
424 826 53 22 Salo
493 826 89 30 köping
597 828 37 20 till
649 820 58 29 Åbo.
737 828 116 22 Fullstän-

104 861 54 29 diga
181 860 267 30 kostnadsberäkningar
462 864 40 18 äro
517 862 29 28 på
560 862 181 22 föranstaltande
758 862 43 22 och
816 863 37 21 be-

105 896 98 21 kostnad
218 895 25 22 af
257 895 100 22 nämnda
367 895 77 22 städer
454 896 135 22 utarbetade
600 896 36 22 för
646 896 28 22 de
685 897 62 21 olika
754 898 99 20 linierna

104 930 119 22 äfvensom
241 930 36 22 för
300 932 85 20 tvenne
407 930 62 22 olika
491 930 215 30 byggnadssystem,
731 932 25 21 af
774 932 80 21 hvilka

104 965 38 21 det
165 972 43 14 ena
229 964 136 22 förutsätter
387 964 119 22 enahanda
528 966 109 28 skenvigt
652 966 38 28 (30
704 966 38 28 kg.
758 974 41 21 per
814 966 39 28 m.)

103 1006 49 14 som
169 1000 12 20 å
196 1000 27 21 de
239 1001 84 27 tyngre
339 999 167 28 statsbanorna,
524 1000 42 21 och
581 1000 124 28 möjliggör
727 1008 29 14 en
778 1000 75 22 farha-

103 1034 88 28 stighet
212 1034 25 21 af
257 1035 27 21 45
299 1034 46 22 km.
361 1034 9 21 i
384 1034 103 27 timmen,
502 1034 82 22 medan
599 1034 36 21 för
651 1034 39 22 det
704 1035 71 21 andra
790 1036 63 20 anta-

103 1068 47 28 gits
173 1076 28 14 en
223 1068 105 29 rälsvigt,
351 1068 48 22 lika
420 1068 53 22 med
496 1068 44 22 den
562 1069 13 21 &
589 1068 90 22 landets
702 1069 57 21 lätta
781 1070 72 21 banor

104 1103 73 27 (22,355
199 1103 38 27 kg.
260 1110 41 21 per
323 1103 46 27 m.),
392 1102 42 21 och
458 1109 28 14 en
509 1102 154 29 farhastighet
685 1103 25 21 af
731 1104 26 21 32
780 1103 46 22 km.
845 1103 8 21 i

103 1137 104 21 timmen.

171 1176 46 21 För
241 1176 27 21 de
291 1175 63 22 olika
373 1175 99 22 linierna
488 1179 38 18 äro
543 1176 141 28 banlängder
699 1176 42 21 och
758 1177 94 28 anlägg-

103 1211 195 28 ningskostnader
312 1209 111 29 följande:

353 1263 102 31 Banlängd.
602 1267 205 23 Anläggningskostnad
819 1269 33 20 Fc

389 1295 40 18 Km.
629 1295 100 18 "Altern.1.
752 1296 99 18 Altern.II.

102 1332 237 31 Helsingfors-Nummela
395 1337 23 17 ÅN
443 1350 60 3 on
528 1350 31 4 aa
584 1351 3 3 a
613 1350 3 4 .
640 1337 92 21 3,900,000
754 1337 97 22 3,550,000.

145 1365 28 18 d:o
195 1361 16 31 —
219 1365 105 18 —Gerknäs
396 1365 22 17 64
470 1371 146 11 =...
639 1365 93 22 4,950,000
755 1365 97 21 4,500,000.

145 1393 28 18 d:o
195 1389 16 31 —
219 1394 78 17 —Karis
396 1394 22 16 82
471 1406 116 4 00
640 1394 92 21 5,900,000
754 1393 97 22 5,325,000.

102 1414 120 25 Karis—Åbo
385 1421 33 17 148
471 1434 146 4 0.
640 1421 92 21 9,200,000
754 1421 98 21 8,500,000.

103 1445 135 23 Ekenäs—Äbo
388 1449 33 18 119
475 1464 3 3 2.
532 1463 31 4 co.
587 1463 4 4 +
616 1463 3 3 «+
643 1449 91 21 9,150,000
757 1449 95 20 8,390,000.
