1125 1767
279 169 12 20 2
460 168 29 22 U.
505 168 28 22 B.
548 181 26 3 —
591 168 74 28 Prop.
681 167 45 23 N:o
742 167 37 27 27,

250 235 72 22 andra
337 243 96 20 svagare
448 235 138 29 rusdrycker
601 235 94 22 ordnats
710 235 87 22 medels
809 234 194 29 lagstadganden,

249 269 89 29 gäende
360 270 8 21 i
384 277 87 14 samma
492 269 106 29 riktning
620 277 48 14 som
691 269 35 27 de,
749 269 81 22 hvilka
851 269 61 28 gälla
934 269 69 21 först-

248 304 102 21 nämnda
372 303 105 28 drycker.
508 303 79 22 Såsom
611 311 28 14 en
662 303 58 29 bjert
742 303 172 28 inkonsegvensi
953 303 50 28 lag-

248 338 139 29 stiftningen
403 338 30 28 pä
448 337 64 22 detta
527 338 92 21 omräde
634 337 108 22 framstär
757 338 7 21 i
776 337 83 30 sjelfva
869 337 87 28 verket,
967 340 37 19 att

248 372 83 22 medan
346 372 168 29 försäljningen
529 372 27 22 af
569 371 162 29 maltdrycker,
755 372 80 22 hvilka
851 372 7 21 i
873 373 79 27 regeln
968 372 36 21 in-

248 407 93 21 nehälla
356 406 81 21 endast
453 408 54 20 3—6
523 407 28 27 ?/,
567 406 99 27 alkohol,
682 407 71 21 redan
773 414 28 14 en
816 407 81 28 längre
913 406 34 21 tid
962 413 41 14 va-

248 441 31 22 rit
292 440 157 23 underkastad
471 440 139 29 öfverhetlig
632 441 101 21 kontroll
756 440 43 23 och
815 448 28 14 en
867 441 85 28 mängd
967 441 34 21 in-

248 475 177 28 skränkningar,
440 475 101 22 handeln
557 475 7 21 i
580 475 52 21 stad
647 475 52 22 med
711 475 46 27 vin,
773 475 89 29 punsch
876 475 43 22 och
930 475 74 22 andra

247 509 139 29 rusdrycker
407 509 26 22 af
453 509 61 22 ända
536 509 36 22 till
595 511 26 20 22
644 510 188 28 volymprocents
856 509 148 22 alkoholhalt

248 545 41 22 allt
303 544 143 22 fortfarande
469 548 25 17 är
509 544 29 21 fri
554 544 43 22 och
618 544 178 22 okontrollerad.
826 544 35 21 De
877 544 125 29 olägenhe-

247 581 41 25 ter,
304 579 45 21 den
363 579 45 21 fria
424 579 42 21 och
482 579 185 21 okontrollerade
682 579 101 21 handeln
799 579 52 22 med
862 579 80 28 dylika
952 586 51 14 rus-

248 613 97 29 drycker
360 613 8 21 i
383 613 108 22 städerna
513 613 99 22 medfört
627 613 37 22 för
686 613 64 21 säväl
766 613 73 21 stads-
862 621 49 14 som
926 613 76 21 landt-

247 647 173 29 befolkningen,
435 647 71 21 hafva
525 647 80 21 blifvit
620 647 42 21 allt
684 655 62 13 mera
761 647 8 21 i
785 651 91 24 ögonen
891 647 110 27 fallande,

246 682 26 21 sä
287 684 35 19 att
336 681 121 29 yrkanden
472 682 30 28 pä
517 688 28 15 en
557 681 155 29 lagstiftning,
726 681 81 22 afsedd
817 684 36 19 att
863 682 72 21 ordna
943 682 58 28 jem-

246 716 38 21 väl
300 716 77 22 denna
391 716 91 26 handel,
499 715 46 29 dag
561 716 35 22 för
611 716 46 28 dag
673 716 41 21 allt
729 723 63 14 mera
807 716 129 21 framträdt.
960 716 43 21 Sä-

246 757 49 15 som
310 752 34 20 ett
358 751 95 28 uttryck
467 750 37 22 för
519 758 28 14 en
563 751 71 21 sådan
650 750 94 29 opinion
760 749 96 23 framstå
865 750 87 29 jemväl
971 750 30 22 de

246 784 88 30 förslag
348 785 98 21 rörande
467 785 197 29 inskränkningar
682 785 8 21 i
704 784 102 22 handeln
829 785 52 21 med
902 792 99 21 svagare

246 819 144 29 rusdrycker,
406 819 80 22 hvilka
501 820 94 21 väcktes
611 819 71 22 redan
693 819 40 21 vid
744 822 90 19 senaste
845 820 157 22 ständermöte

247 854 42 22 och
305 854 134 22 föranledde
454 854 37 21 till
507 854 44 22 den
567 854 70 22 ofvan
658 854 152 22 omförmälda
826 854 25 21 af
871 854 132 22 Ständerna

246 891 102 27 antagna
363 888 119 22 motionen
497 888 8 22 i
521 892 83 18 ämnet.

314 923 35 21 De
364 923 126 29 vigtigaste
505 922 204 30 bestämningarna
724 923 8 22 i
747 923 76 22 denna
839 923 88 21 motion
943 930 58 15 voro

244 957 112 30 följande:

313 995 35 19 att
363 992 44 22 den
423 1000 47 21 nya
491 992 166 29 förordningen
672 992 70 22 borde
765 992 104 24 omfatta,
890 992 53 22 med
957 1000 43 14 un-

245 1027 87 29 dantag
342 1027 26 21 af
377 1026 162 29 maltdrycker,
550 1027 47 21 alla
607 1026 184 29 alkoholhaltiga
803 1027 104 27 drycker,
918 1026 83 22 hvilka

244 1061 119 22 innehålla
386 1061 37 21 till
445 1062 43 21 och
511 1061 52 22 med
578 1063 14 20 4
607 1062 27 27 /,
650 1061 93 21 alkohol
767 1061 40 22 vid
822 1061 28 27 +
867 1062 40 21 15”
924 1061 75 29 enligt

245 1096 70 21 Celsii
330 1098 156 25 termometer;

314 1132 34 19 att
369 1129 112 30 rättighet
503 1130 37 21 till
564 1129 161 22 minuthandel
747 1130 52 21 med
821 1129 179 29 ifrägavarande

244 1164 98 29 drycker
356 1164 9 21 i
381 1164 51 21 stad
447 1164 92 29 gjordes
555 1163 113 22 beroende
691 1164 25 21 af
729 1163 271 30 stadsmyndigheternas

243 1198 150 29 begifvande;

313 1235 34 18 att
362 1232 135 22 tillverkare
512 1233 26 21 af
550 1233 67 20 viner
632 1232 43 22 och
690 1232 71 21 andra
780 1239 96 21 svagare
892 1233 108 28 rusdryc-

243 1267 41 20 ker
304 1266 73 21 skulle
401 1274 54 13 vara
477 1267 146 28 berättigade
646 1269 35 18 att
702 1266 55 21 idka
780 1266 84 21 handel
889 1267 52 20 med
964 1267 33 20 sä-

243 1300 60 20 dana
319 1300 25 20 af
357 1307 58 20 egen
431 1301 158 26 tillverkning,
613 1301 59 20 dock
694 1301 51 20 icke
761 1301 8 20 i
783 1301 86 26 partier
884 1301 113 20 understi-

244 1333 74 28 gande
335 1340 28 13 en
379 1333 37 21 hel
432 1333 58 28 korg
505 1335 36 25 (25
558 1333 106 28 buteljer)
680 1333 55 21 eller
750 1333 49 21 helt
815 1333 49 22 kärl
880 1341 37 14 om
927 1334 73 21 minst

244 1368 26 21 25
286 1367 58 21 liter.

311 1401 83 22 Denna
410 1401 87 22 motion
517 1401 141 29 godkändes,
674 1409 49 14 som
739 1401 93 28 bekant,
845 1402 50 22 icke
911 1403 26 21 af
950 1405 47 26 sty-

244 1436 82 27 relsen,
342 1436 95 21 hvilken
453 1439 48 18 mot
515 1436 205 29 bestämningarna
735 1437 8 21 i
754 1436 132 23 densamma
897 1437 100 22 förnäm-

243 1471 70 28 ligast
328 1471 59 22 hade
403 1474 34 18 att
453 1471 115 25 anmärka,
578 1473 34 20 att
623 1471 28 22 de
666 1471 167 29 ilagförslaget
841 1472 114 29 ingäende
963 1480 35 14 re-

311 1511 181 18 Ekonomiutskottets
505 1511 109 18 betänkande
627 1514 37 15 N:o
677 1512 27 17 10.
