1109 1767
305 117 99 36 "UB.
420 113 113 58 Prop.
547 132 41 23 N:o
603 132 34 24 24.

408 436 152 34 Tillägg

465 494 34 21 till

312 550 230 30 Jernvägsutskottets
562 551 195 23 betänkande
717 546 42 39 N:o
772 551 13 22 2
800 552 7 21 i
822 558 36 16 an-

177 595 3 7 C
243 585 89 29 ledning
347 586 24 22 af
385 585 80 29 nädiga
480 586 159 28 propositionen
655 585 37 23 N:o
705 584 28 23 24
744 586 113 28 angäende

243 620 75 22 vidare
331 620 236 29 jernvägsbyggnader
582 621 7 21 i
604 620 79 22 landet.

172 733 87 23 Genom
274 734 208 29 protokollsutdrag
496 735 35 21 för
546 735 43 21 den
606 736 11 20 7
631 734 44 28 Maj
688 734 41 21 har
739 734 64 22 Ridd.
815 735 42 21 och

103 768 73 22 Adeln
192 769 106 21 anmodat
316 768 233 29 Jernvägsutskottet:

174 804 46 24 watt
235 810 80 21 genom
334 803 119 22 utskottets
475 803 105 22 tekniska
598 803 128 27 ledamöter,
745 803 112 22 eventuelt

104 838 51 22 med
177 837 87 22 biträde
287 838 24 20 af
334 839 100 26 experter
457 845 26 14 en
507 838 163 28 approximativ
688 837 125 29 beräkning
833 838 24 21 af

102 872 127 30 kostnaden
252 872 35 21 för
309 872 234 28 Keuru-Jyväskylä
565 872 86 22 banans
673 872 117 21 utförande
805 873 50 21 med

67 910 5 11 :
104 907 80 21 endast
200 908 27 21 75
246 907 141 21 centimeters
407 905 106 29 spårvidd
532 907 69 21 måtte
619 906 25 22 sä
659 909 62 19 snart
736 914 49 14 som
801 907 55 27 möj-

103 940 42 30 ligt
158 942 122 28 -uppgöras
303 940 42 22 och
368 941 34 21 till
421 941 166 28 Ridderskapet
602 942 43 21 och
659 941 74 21 Adeln
748 941 107 22 insändas

103 975 65 28 jemte
184 975 137 29 upplysning
340 982 36 15 om
391 976 42 21 den
452 976 37 21 vid
507 976 104 21 ärendets
626 976 138 28 behandling
780 976 6 21 i
802 976 53 28 Kej-

103 1010 84 28 serliga
203 1010 97 22 Senaten
315 1010 120 22 förefallna
449 1011 160 28 omröstning”.

171 1044 86 22 Medels
275 1044 207 29 protokollsuidrag
504 1046 25 20 af
547 1052 86 15 samma
651 1046 46 27 dag
713 1046 42 20 har
769 1045 85 29 Borga-

103 1079 116 23 reständet
241 1080 68 28 gifvit
332 1080 108 21 utskottet
462 1080 118 21 enahanda
601 1080 102 28 uppdrag
722 1086 48 14 som
789 1080 64 21 Ridd.

103 1114 42 22 och
160 1114 79 22 Adeln.
251 1126 1 3 :
354 1139 2 3 N

86 1146 1 3 ;
115 1144 35 36 EEA
171 1148 45 23 Till
229 1149 143 28 fullgörande
391 1149 66 22 häraf
471 1149 36 21 får
521 1149 108 22 utskottet
644 1149 109 26 meddela,
769 1151 32 19 att
816 1148 38 22 vid

101 1178 190 34 föredragningen
307 1184 7 20 i
329 1183 125 29 Kejserliga
474 1184 96 21 Senaten
590 1184 24 21 af
631 1183 108 28 förslaget
753 1183 34 21 till
802 1190 51 20 pro-

102 1218 95 28 position
213 1218 116 29 angående
347 1218 78 22 vidare
438 1218 241 29 jernvägsbyggnader
692 1218 8 20 i
715 1217 76 22 landet
807 1224 46 15 me-

103 1252 225 30 ningsskiljaktighet
342 1252 129 28 förspordes
486 1254 79 20 endast
579 1254 8 20 i
602 1252 65 28 fråga
681 1259 36 14 om
731 1252 37 22 det
780 1253 71 27 bygg-

102 1288 142 28 nadssystem
264 1294 47 14 som
330 1288 131 21 vid-denna
478 1287 93 28 jernväg
589 1287 69 22 borde
677 1287 60 21 finna
752 1287 101 21 använd-

102 1322 60 29 ning.
197 1321 108 23 Senatens
330 1322 119 28 pluralitet,
475 1322 122 22 bestående
619 1321 24 22 af
665 1328 39 14 sex
725 1314 127 34 ledamöter,

86 1357 86 28 "ansåg
195 1357 74 21 banan
291 1357 65 21 böra:
369 1357 84 21 utföras
476 1356 87 23 normal
584 1356 83 29 spärig,
690 1356 34 21 till
747 1356 48 21 stöd
818 1356 35 21 för

100 1389 94 23 hvilken
214 1391 144 27 uppfattning
377 1392 111 24 anfördes,
507 1393 33 18 att
559 1392 124 20 Ständerna
701 1390 151 27 uttryckligen

101 1425 91 21 betonat
215 1427 33 19 att
273 1424 172 28 ifrågavarande
471 1425 71 20 banas
564 1424 178 26 hufvudsakliga
764 1423 89 28 uppgift

168 1482 183 23 Jernvägsutskottets
363 1482 111 18 betänkande
485 1482 37 17 N:o
534 1482 18 17 2.
775 1482 7 16 1
