1114 1767
231 155 13 19 2
389 150 2 2 i
457 153 26 23 U.
499 153 27 23 B.
581 152 63 29 Prop.
659 152 38 23 N:o
713 153 38 23 32.

230 224 101 21 hvarmed
346 223 172 30 mobiliseringen
534 224 22 21 af
570 224 27 21 de
612 224 73 21 finska
700 223 40 22 och
756 223 27 22 de
798 224 8 20 i
810 221 104 24 Finland
928 223 47 21 för-

230 259 62 29 lagda
312 260 66 29 ryska
399 263 116 25 trupperna
535 267 51 14 vore
606 259 90 22 förenad
710 260 8 21 i
733 259 55 29 följd
803 259 23 22 af
841 262 32 19 att
887 259 38 22 det
938 259 36 21 för

230 295 164 28 Kejsaredömet
407 295 113 23 utfärdade
535 295 138 30 reglementet
688 303 34 14 om
737 295 139 29 obligatorisk
885 295 89 28 försälj
966 291 11 38 -

229 331 52 28 ning
303 331 23 21 af
347 331 73 22 hästar
434 331 32 21 till
482 335 115 25 trupperna
612 331 37 21 vid
664 331 61 21 deras
741 331 105 21 ställande
861 331 29 28 pä
904 327 71 32 krigs-

229 366 34 21 fot
284 367 48 21 icke
348 375 56 20 vore
424 367 98 28 gällande
542 369 8 19 i
567 367 98 26 Finland,
680 367 38 21 här
733 367 112 28 päkallade
860 367 114 21 införande

230 402 23 21 af
273 403 111 21 enahanda
406 403 95 28 ordning,
522 403 159 22 öfverlemnade
704 402 92 22 Senaten
812 403 41 20 den
874 403 27 21 25
917 410 56 13 mars

232 439 53 20 1891
302 437 75 29 frägan
392 438 33 21 till
439 438 155 22 förberedande
610 439 157 28 handläggning
782 438 23 21 af
820 446 26 13 en
861 439 34 20 för
905 437 66 22 ända-

229 473 65 22 målet
314 473 78 22 utsedd
414 474 86 21 komité.
529 474 13 21 I
562 476 106 20 närmaste
686 474 222 22 öfverensstämmelse
923 473 50 22 med

229 509 37 22 det
291 509 23 22 af
335 509 94 22 komitén
454 509 124 22 utarbetade
600 510 40 21 och
663 511 32 20 till
718 509 119 22 Ständerna
858 511 8 20 i
887 510 86 29 tryckta

230 545 108 28 exemplar
357 545 100 22 utdelade
478 546 134 24 betänkande
632 546 38 21 har
691 546 41 21 den
751 545 79 29 nådiga
844 546 131 28 propositio-

229 588 42 14 nen
285 581 8 21 i
308 583 71 19 ämnet
394 581 73 22 blifvit
481 582 111 29 uppgjord.

264 621 3 7 '
299 616 97 22 Emedan
416 617 26 21 de
464 625 42 21 nya
527 617 144 29 förpligtelser
690 617 42 22 den
750 617 77 29 nådiga
843 617 130 29 propositio-

229 659 42 14 nén
292 652 117 21 innehåller
431 653 71 28 åsyfta
524 661 27 13 en
573 651 82 23 känbar
676 653 154 28 inskränkning
850 653 8 20 i
874 653 42 20 den
931 652 42 21 fria

229 687 91 29 ägande-
340 687 41 21 och
397 687 208 29 dispositionsrätten
620 688 33 21 till
668 689 55 21 visst
737 688 47 29 slag
799 688 23 21 af
835 687 137 29 lösegendom

228 724 55 24 samt
299 723 37 21 det
351 722 38 22 vid
404 724 176 22 remissdebatten
595 725 8 20 i
618 727 78 19 tvenne
712 724 62 22 stånd
789 723 136 27 framhållits,
941 726 32 18 att

227 758 74 32 frågan
317 758 89 22 berörde
415 760 110 29 grundlag,
535 760 38 22 har
583 760 119 26 Utskottet,
711 759 50 22 med
773 760 82 28 hänsyn
865 759 34 21 till
916 760 29 20 34
958 760 13 26 $

225 789 29 40 L.
262 793 44 28 O,
325 798 71 18 ansett
416 796 32 28 sig
465 796 52 22 böra
534 796 33 21 till
586 796 129 22 Ständernas
733 796 101 28 pröfning
851 795 122 26 hemställa,

228 830 105 22 huruvida
352 830 49 22 icke
419 830 120 23 Ständerna
556 832 50 23 ville
624 831 90 23 rörande
732 832 70 22 denna
820 831 35 22 del
870 830 23 22 af
909 832 64 20 ären-

228 866 38 20 det
279 866 95 22 infordra
389 866 109 23 utlätande
514 868 23 21 af
548 867 158 30 Lagutskottet.
733 867 124 23 Utskottets
870 867 8 21 i
894 866 78 25 sädant

228 901 56 29 syfte
303 902 75 28 gjorda
396 902 157 30 framställning
571 904 46 22 blef
634 903 23 22 af
674 904 98 29 samtliga
790 902 63 22 ständ
867 902 105 29 godkänd

228 940 41 21 och
283 940 39 22 har
332 940 115 22 Utskottet
459 938 119 29 sedermera
587 940 48 21 frän
645 939 152 29 Lagutskottet
807 938 42 22 fätt
861 940 110 26 emottaga

228 984 26 13 en
270 975 24 22 sä
308 976 92 28 lydande
416 971 122 26 skrifvelse:

264 1101 46 32 Till
326 1104 148 29 Ständernas
488 1111 123 22 särskilda
633 1110 89 24 Utskott
735 1110 43 28 för
793 1110 144 29 behandling

325 1152 39 23 af
375 1153 89 28 nådiga
477 1152 174 29 propositionen
667 1160 44 22 om
721 1152 142 28 utskrifning

430 1195 27 27 af
473 1195 83 22 hästar
572 1194 39 23 för
625 1193 142 30 krigsbehof.

298 1266 83 21 Genom
400 1266 124 22 skrifvelser
541 1266 33 21 till
590 1265 94 22 Ständen
700 1266 23 21 af
737 1265 43 22 den
795 1267 13 20 9
824 1267 145 21 innevarande

226 1303 44 26 Maj
290 1302 39 21 har
346 1302 104 20 särskilda
468 1302 114 21 Utskottet
596 1302 35 20 för
645 1302 130 27 behandling
790 1302 23 20 af
827 1302 78 27 nädiga
920 1309 49 20 pro-

225 1337 120 28 positioner
368 1343 34 14 om
423 1335 130 29 utskrifning
575 1336 23 21 af
620 1336 73 21 hästar
714 1337 35 20 för
767 1336 131 31 krigsbehof,
918 1339 51 18 enär

225 1369 161 32 ifrågavarande
401 1372 132 28 proposition
549 1371 73 29 afsäge
638 1371 96 22 enskilda
746 1372 121 29 hästegares
878 1372 90 31 förplig-

225 1408 63 22 tande
308 1409 7 21 i
335 1407 186 32 lsgstiftningsväg
540 1411 32 18 att
590 1407 29 30 pä
636 1409 59 21 vissa
710 1409 69 22 vilkor
794 1408 35 22 för
843 1408 125 29 krigsbehof

225 1444 57 22 afstä
303 1439 55 27 sina
370 1443 72 22 hästar
464 1444 41 21 och
526 1443 88 23 sålunda
635 1444 131 22 innefattade
789 1453 25 14 en
836 1445 81 22 känbar
938 1445 34 22 in-

295 1479 300 24 Hästutskrifningsutskottets
608 1479 131 20 betänkande.
