1136 1745
275 153 13 19 4
571 153 43 22 N:o
635 153 38 22 24.

246 219 69 21 naden
331 220 65 20 redan
414 219 103 21 användts
532 220 77 25 45,000
624 219 67 26 mark,
706 219 87 21 hvarför
808 219 84 21 således
903 219 33 21 till
947 219 48 21 full-

245 253 122 22 bordandet
390 253 22 22 af
433 253 214 23 Imatra—Harakka
668 253 79 21 bibana
768 253 124 27 ytterligare
906 254 92 25 300,500

245 288 63 21 mark
328 288 112 25 erfordras,
456 287 73 22 hvilka
544 289 69 20 medel
628 288 72 21 kunna
715 287 51 28 utgå
782 294 24 15 ur
822 287 176 28 statsjernvägar-

246 328 38 15 nes
301 322 183 21 nettoinkomster.

314 357 44 26 4:0)
383 356 118 22 Ständerna
524 356 84 22 anhålla
631 357 81 20 vidare:
735 358 38 24 att,
797 358 51 19 enär
867 355 132 22 omedelbart

246 390 54 22 efter
317 397 27 15 nu
360 390 110 27 pågående
484 390 200 28 jernvägsarbetens
699 390 139 27 slutförande,
855 391 66 27 enligt
936 390 61 22 Stän-

245 425 78 20 dernas
346 424 62 27 åsigt,
431 431 25 14 en
479 424 57 21 bana
558 425 64 21 borde
645 425 80 26 byggas
741 424 45 21 från
801 425 73 21 Keuru
890 424 79 22 station
985 424 13 21 å

244 458 66 21 Wasa
330 458 88 27 jernväg
441 458 32 21 till
489 459 116 26 Jyväskylä
621 459 54 26 stad,
691 459 69 20 denna
773 458 225 27 jernvägssträckning

245 493 68 21 måtte
328 492 63 21 innan
406 494 61 20 nästa
483 492 101 27 landtdag
599 492 104 22 definitivt
718 494 82 25 uppgås
815 495 55 19 samt
881 493 33 21 för
924 492 75 22 arbete

244 526 128 27 uppläggas,
395 526 110 22 äfvensom
527 526 184 27 kostnadsförslag
733 526 33 22 för
788 527 70 21 banan
881 529 116 25 uppgöras;

316 563 31 19 att
363 561 75 21 härvid
454 561 69 22 skulle
538 561 66 22 under
619 561 134 28 ompröfning
763 563 61 24 tagas
836 561 105 22 huruvida
951 561 46 22 icke

245 601 76 21 genom
337 595 70 27 någon
422 595 146 22 modifikation
584 595 23 22 af
621 596 213 27 byggnadssystemet
849 596 149 27 anläggnings-

244 629 120 22 kostnaden
380 630 72 21 kunde
466 630 138 27 nedbringas;
621 629 109 22 äfvensom

316 666 31 19 att
362 664 64 27 nådig
440 665 132 26 proposition
588 671 33 14 om
638 665 115 20 anvisande
768 664 22 21 af
804 664 69 21 medel
884 664 33 22 för
928 665 69 21 denna

243 698 201 27 jernvägsbyggnad
467 700 67 20 måtte
556 699 251 21 nästsammanträdande
831 699 93 22 Ständer
943 699 54 22 före-

245 733 83 26 läggas;
343 735 56 19 samt

316 767 44 27 5:0)
383 769 33 19 att
431 767 65 27 nådig
512 767 131 27 proposition
658 773 34 16 om
707 767 110 28 byggande
832 768 24 21 af
870 774 26 15 en
908 768 90 27 jernväg

245 801 48 21 frän
316 801 116 28 Jyväskylä
455 802 48 21 stad
523 802 33 22 till
571 802 88 27 lämplig
673 803 68 26 punkt
756 804 13 19 &
785 803 103 22 Savolaks
904 803 70 21 banan
990 803 7 21 i

245 835 70 21 sinom
331 835 33 22 tid
379 837 66 20 mätte
460 837 34 20 till
510 836 120 22 Ständerna
645 836 82 22 aflätas.

312 870 48 21 Med
377 870 113 27 anledning
504 870 24 22 af
542 871 129 22 Ständernas
687 871 113 22 omordade
810 871 100 22 anhällan
920 872 40 21 har
971 879 24 14 en

244 905 90 27 förnyad
350 905 161 28 undersökning
526 906 23 21 af
562 906 58 21 såväl
635 905 65 22 linien
724 906 87 22 Keuru—
821 906 115 28 Jyväskylä
951 913 45 15 som

245 939 39 21 ock
306 939 24 21 af
351 939 47 22 dess
422 939 139 28 fortsättning
582 941 33 20 till
631 940 130 27 Suonenjoki
775 941 119 27 försiggätt,
909 941 7 21 i
932 941 64 21 ända-

244 973 43 22 mäl
310 976 32 19 att
364 974 69 22 sävidt
448 975 83 27 möjligt
547 976 98 21 nedsätta
659 975 284 28 anläggningskostnaderna
958 976 38 21 och

244 1008 64 21 hafva
323 1009 74 21 härvid
414 1009 88 22 alldeles
516 1016 42 21 nya
572 1010 83 21 trac&er
664 1009 33 22 för
707 1009 57 22 såväl
775 1011 94 21 normal-
878 1017 44 15 som
933 1011 63 21 smal-

244 1043 51 27 spär
318 1043 101 27 uppgätts
438 1045 55 20 samt
508 1044 184 27 kostnadsförslag
707 1046 130 25 upprättats,
853 1045 55 21 ifrän
925 1045 71 21 hvilka

244 1077 135 22 sistnämnda
394 1077 104 28 framgår:

559 1146 68 23 Längd.
758 1147 169 23 Kostnadsförslag.

577 1175 34 13 Km.
698 1166 102 30 Normalspår.
888 1175 82 17 Smalspår.

257 1197 44 22 För
318 1197 47 21 hela
380 1198 156 22 sammanbind-

243 1232 131 27 ningsbanan
390 1232 47 21 från
452 1233 74 22 Keuru

243 1266 34 22 till
291 1265 138 28 Suonenjoki:

272 1300 120 20 Alternativ
414 1300 10 20 I
454 1316 4 4 .
491 1316 4 4 .
526 1317 4 4 .
561 1301 60 25 203,8
640 1312 26 3 —
685 1302 124 24 13,235,000
825 1314 26 2 —
869 1303 125 25 12,140,000

243 1332 62 21 deraf
319 1332 135 22 hufvudbana
488 1350 4 5 .
526 1350 4 5 .
563 1334 58 27 192,3
639 1346 26 2 —
736 1346 26 3 —
896 1346 26 4 —

242 1367 89 22 hvartill
346 1367 97 22 kommer
456 1375 25 14 en
492 1369 42 21 950

271 1404 69 19 meter
354 1401 49 28 lång
418 1402 76 21 kanal.
529 1420 1 5 .
575 1415 26 4 —
632 1416 25 2 —
731 1404 77 27 81,000
824 1416 26 3 —
916 1405 79 27 81,000

271 1437 121 21 Alternativ
406 1437 22 21 II
456 1454 2 4 .
491 1455 3 4 .
526 1455 4 4 .
561 1439 59 22 207,1
637 1451 28 2 —
683 1439 124 26 13,080,000
822 1451 26 3 —
868 1441 127 26 11,985,000

244 1472 63 21 deraf
320 1472 135 22 hufvudbana
491 1490 4 3 .
527 1490 4 4 .
563 1474 59 25 188,1
