1111 1767
280 152 14 20 4
443 148 82 23 Ständ.
540 148 37 22 Sv.
593 161 28 2 —
634 148 72 26 Prop.
722 147 42 22 N:o
781 146 35 22 25.

253 214 39 28 dig
308 214 43 22 ock
367 214 84 21 allmän
466 214 70 27 Lag".
564 213 83 21 Denna
667 212 119 28 Styrelsen
805 211 140 22 tillerkända
963 211 38 21 be-

252 248 112 29 fogenhet
385 247 59 22 hade
466 248 37 21 sin
525 247 129 29 förklaring
677 246 81 28 deruti,
787 248 34 20 att
842 245 160 22 frihetstidens

253 282 98 22 Ständer
366 282 8 22 i
389 282 113 22 särskilda
523 282 42 21 fall
580 281 134 29 delegerade
737 280 36 22 sin
795 280 66 22 makt
880 281 23 21 ät
921 279 82 28 Rädet,

253 324 49 14 som
317 317 37 21 för
370 317 72 28 öfrigt
456 317 9 21 i
480 316 64 22 äldre
559 316 61 22 tider
634 316 40 22 vid
690 316 65 22 sidan
766 316 26 21 af
799 315 135 29 Riksdagen
945 314 58 28 egde

253 359 29 14 en
297 351 89 29 ganska
404 351 128 22 vidsträckt
552 351 143 29 myndighet.
724 350 55 22 Men
797 357 83 21 genom
898 350 54 22 1772
968 350 36 20 års

252 386 192 28 Regeringsform
466 386 70 21 hafva
559 386 44 21 alla
624 385 53 21 frän
692 384 44 22 och
750 384 53 22 med
817 385 26 21 är
859 384 55 22 1680
928 384 75 21 säsom

252 420 115 29 grundlag
390 420 100 22 ansedda
513 420 142 29 stadganden
678 420 101 28 upphört
801 421 34 20 att
854 418 68 29 gälla,
938 418 66 22 och
991 414 16 39 i

253 456 52 22 dess
321 457 28 21 40
364 456 19 27 8,
400 463 48 14 som
464 455 75 29 lyder:
563 456 40 28 ,Ej
620 456 37 20 mä
671 455 129 28 Konunger
815 455 78 28 någon
907 462 33 21 ny
954 453 50 29 Lag

253 491 56 20 utan
332 490 140 21 Ständernes
495 490 103 28 wetskap
621 490 43 21 och
682 490 118 28 samtycke
816 492 61 25 göra,
893 488 56 22 eller
964 488 38 21 nä-

253 531 47 22 gon
315 524 100 28 gammal
430 524 118 28 afskaffa*,
564 524 41 22 har
621 523 176 28 ofvannämnda,
812 523 120 29 Styrelsen
942 522 62 22 med-

253 558 66 29 gifna
340 560 46 20 rätt
408 558 37 22 till
467 558 144 28 provisorisk
629 557 151 29 lagstiftning
798 557 80 22 blifvit
893 556 110 30 upphäfd.

252 592 99 22 Jemlikt
365 593 28 21 45
408 594 14 25 $
437 593 8 21 i
462 594 55 21 1772
540 593 35 21 års
598 592 189 29 Regeringsform
810 595 25 18 är
856 592 148 28 Regeringen

254 627 138 29 visserligen
407 627 131 29 berättigad
554 629 39 27 att,
609 627 40 22 vid
663 627 99 21 fienders
778 626 73 28 infall,
867 628 57 20 utan
937 626 67 22 Stän-

253 662 81 21 dernas
351 662 118 28 samtycke
484 662 98 28 pälägga
597 669 46 22 nya
658 662 88 21 skatter
761 663 59 20 samt
831 661 8 21 i
849 661 72 28 öfrigt
938 663 66 26 ,taga

253 696 28 22 de
295 696 60 21 mätt
374 696 42 22 och
436 698 58 27 steg,
514 704 47 14 som
577 698 52 20 med
643 696 83 22 Rikets
741 696 107 22 säkerhet
863 695 44 23 och
921 695 83 23 under-

253 731 102 21 sätarnes
377 730 99 23 fromma
499 731 250 22 öfverensstämmande
778 732 60 21 äro”.
875 730 54 22 Men
952 730 52 22 sist-

253 765 100 22 nämnda
373 766 133 28 stadgande,
527 773 48 15 som
595 766 80 22 endast
690 766 60 21 afser
765 768 46 19 rätt
825 765 36 22 för
876 765 128 22 Monarken

252 802 34 20 att
309 800 41 22 vid
371 800 163 29 försvarskrig,
557 800 63 22 intill
642 800 51 22 dess
716 800 129 22 Ständerna
859 800 72 22 hinna
946 807 58 14 sam-

252 834 134 28 mankallas,
410 837 102 26 upptaga
534 835 148 29 krigsgärder
704 835 43 21 och
769 835 95 28 vidtaga
882 834 70 22 andra
967 834 37 22 för

251 869 91 21 landets
364 869 90 22 försvar
482 870 172 28 oundgängliga
678 869 160 29 förfoganden,
864 869 66 22 torde
952 869 52 21 icke

252 904 79 21 kunna
347 904 90 22 anföras
454 905 74 21 säsom
545 904 52 22 stöd
611 904 37 22 för
664 912 28 14 en
708 904 86 29 ätgärd,
811 904 70 22 sädan
897 911 48 15 som
959 904 45 22 den

253 945 31 15 nu
299 938 183 28 ifrägavarande.

320 972 69 22 Hvad
404 972 110 22 särskildt
530 973 38 21 det
583 973 8 22 i
602 973 43 21 den
656 972 85 30 nädiga
751 973 175 29 propositionen
937 973 67 21 Stän-

252 1007 71 21 derna
344 1007 119 29 förelagda
484 1008 266 28 författningsförslaget
772 1009 77 27 angär,
873 1008 60 22 afser
956 1008 47 21 det-

252 1048 86 15 samma
353 1044 34 19 att
402 1043 24 20 ät
440 1042 149 29 Regeringen
609 1050 77 14 ensam
707 1042 142 22 öfverlemna
863 1042 141 30 befogenhet

251 1078 34 20 att
299 1076 83 29 pröfva
397 1076 43 22 och
456 1077 85 29 afgöra,
561 1077 116 22 huruvida
692 1084 28 14 en
735 1085 32 21 ny
782 1078 83 28 näring
881 1080 24 18 är
921 1077 25 22 af
960 1077 43 22 den

252 1112 40 26 art,
309 1113 35 19 att
359 1111 131 22 densamma
506 1113 56 20 utan
582 1112 78 21 vidare
675 1112 41 22 bör
731 1112 144 28 undantagas
890 1112 53 21 frän
959 1112 45 21 den

251 1146 90 21 landets
361 1146 150 28 medborgare
527 1146 8 21 i
550 1146 126 22 allmänhet
696 1146 119 28 medgifna
830 1146 172 29 näringsfrihet,

251 1180 8 21 i
275 1180 39 20 det
336 1181 34 20 att
386 1180 12 20 ä
412 1180 150 28 Regeringen
585 1180 75 22 skulle
681 1180 122 22 ankomma
817 1183 40 25 att,
873 1180 63 22 intill
951 1180 51 22 dess

251 1214 82 28 slutlig
355 1214 150 29 lagstiftning
520 1216 8 20 i
543 1216 95 20 ärendet
660 1215 78 21 kunde
760 1216 175 28 ävägabringas,
958 1216 46 21 för-

251 1248 72 22 ordna
339 1248 114 22 huruvida
469 1249 42 22 och
526 1249 81 27 under
615 1249 81 22 hvilka
711 1250 77 22 vilkor
803 1250 86 21 sädana
903 1258 47 20 nya
964 1253 39 18 nä-

250 1282 79 29 ringar
350 1283 64 28 finge
436 1283 99 29 utöfvas,
559 1290 49 15 som
628 1284 96 28 ansäges
739 1284 98 22 inverka
852 1284 107 22 störande
974 1285 30 28 pä

250 1316 90 21 landets
356 1317 116 27 naturliga
487 1316 316 28 produktionsförhällanden
824 1318 43 21 och
882 1317 120 22 intressen.

250 1350 41 20 Ett
307 1350 82 21 sädant
404 1350 121 28 Styrelsen
540 1350 102 22 lemnadt
652 1350 187 29 bemyndigande
849 1352 77 21 kunde
937 1352 65 28 dock,

251 1384 74 28 enligt
348 1384 141 22 Ständernas
512 1384 76 29 tanke,
604 1385 52 21 icke
678 1385 97 22 allenast
793 1389 56 25 göra
864 1386 45 22 den
924 1386 8 22 i
949 1387 53 22 1879

251 1419 36 22 års
308 1419 138 29 förordning
468 1419 102 22 uttalade
593 1419 154 29 grundsatsen
769 1428 37 14 om
829 1421 173 29 näringsfrihet,

249 1454 145 29 fullkomligt
404 1454 163 29 betydelselös,
581 1457 55 20 utan
647 1455 43 22 ock
702 1456 120 22 efterhand
832 1456 92 23 minska
934 1456 66 23 Stän-
