1114 1761
333 134 27 22 U.
376 134 26 21 B.
418 147 27 3 —
461 135 71 27 Prop.
548 135 40 22 N:o
604 135 34 22 24.
820 136 12 21 7

377 338 221 28 Reservation.

179 409 82 29 Enligt
280 410 41 21 vår
339 411 153 29 uppfattning
515 412 41 21 har
571 412 116 21 utskottet
700 412 52 21 icke
768 413 94 20 förfarit

111 444 150 27 konseqvent,
279 444 29 21 då
323 444 127 23 detsamma
462 445 40 22 vid
513 446 161 29 uppgörandet
682 446 26 21 af
714 446 146 22 förestående

111 477 325 31 sammanjemkningsförslag
459 479 88 22 lemnat
568 482 57 19 utan
648 480 108 22 afseende
770 481 92 21 Preste-

111 513 43 21 och
176 512 193 23 Bondeständens
388 514 76 21 beslut
480 514 84 27 derom,
581 516 35 19 att
630 514 72 29 nädig
716 515 145 28 proposition

111 547 71 21 mätte
197 546 132 30 föreläggas
346 548 270 22 nästsammanträdande
632 548 99 22 Ständer
742 549 119 28 angäende

110 581 165 21 Keski-Suomi
298 583 90 20 banans
410 583 155 21 fortsättande
589 583 37 20 till
646 583 149 28 Suonenjoki.
826 583 36 21 Dä

111 615 349 29 sammanjemkningsförslaget
479 616 8 21 i
503 616 107 22 särskilta
626 616 72 22 andra
712 616 64 22 delar
791 616 70 29 bygts

110 650 30 28 pä
161 650 40 21 tvä
217 650 81 21 ständs
314 650 82 26 beslut,
412 650 60 22 hade
488 651 82 21 sädant
586 650 132 22 förfarande
732 652 58 20 utan
806 651 56 21 tvif-

110 684 37 21 vel
171 683 67 22 bordt
261 684 72 22 vinna
355 684 151 28 tillämpning
530 684 68 22 äfven
620 685 9 20 i
652 684 64 22 detta
737 684 48 28 fall,
802 684 61 22 helst

109 718 91 22 Preste-
222 718 43 21 och
288 718 192 22 Bondeständens
503 718 76 22 beslut
601 718 52 21 icke
673 718 60 22 blott
748 725 114 21 samman-

109 752 56 21 falla
180 752 54 22 med
249 752 127 22 utskottets
390 752 8 21 i
414 752 71 22 saken
502 752 88 28 afgifna
605 752 95 28 förslag,
716 755 57 19 utan
787 753 75 21 delvis

111 786 68 22 äfven
200 786 53 22 med
276 786 44 22 den
343 786 85 28 nädiga
450 787 182 28 propositionen,
651 786 44 22 och
714 794 55 14 anse
784 787 24 21 vi
824 794 36 14 oss

111 820 92 22 derföre
217 821 57 21 böra
290 821 120 21 vördsamt
419 820 91 28 föreslä,
522 823 35 19 att
566 821 38 21 till
614 821 248 28 sammanjemknings-

110 854 111 29 förslaget
236 856 72 20 mätte
323 856 117 27 anknytas
455 856 155 21 nästnämnda
624 855 88 28 förslag
727 855 85 26 derom,

317 921 33 19 att
373 918 126 22 Ständerna
521 919 51 20 ville
594 918 160 27 underdänigst
769 917 93 22 anhålla

248 959 35 15 om
298 953 154 28 föreläggande
468 953 28 28 af
507 953 69 27 nädig
589 952 141 28 proposition
746 952 35 21 till
795 953 68 20 nästa

249 988 104 27 landtdag
368 994 36 14 om
420 987 121 27 byggandet
555 987 26 26 af
591 993 26 14 en
622 987 95 27 jernvög
728 986 55 27 frän
792 987 71 25 lämp-

249 1021 30 27 lig
306 1021 73 28 punkt
404 1021 13 20 &
442 1015 139 38 Jyväskylä
599 1019 100 22 Suolahti
724 1020 78 21 bandel
828 1019 35 21 till

251 1055 141 28 Suonenjoki.

180 1111 145 29 Helsingfors
342 1111 45 22 den
402 1113 24 20 21
444 1111 45 28 maj
508 1112 61 21 1894.

181 1170 20 21 A.
217 1169 21 22 0.
253 1170 99 21 Törnudd.
415 1169 44 21 Karl
476 1169 66 21 Wilén.
600 1169 15 20 J.
630 1169 16 20 J.
660 1167 134 22 Westerlund.

182 1204 45 21 Edv.
243 1204 86 21 Avellan.
415 1203 26 22 Eli
457 1203 105 21 Juntunen.
582 1198 12 36 —
602 1202 22 22 H.
638 1202 17 22 J.
670 1202 116 26 Malmgren.

182 1238 55 22 Kalle
252 1238 98 21 Piilonen.

272 1469 122 24 Helsingfors,
406 1460 23 27 J.
439 1460 16 26 C.
457 1459 109 27 Frenckell
578 1468 15 17 &
606 1468 42 21 Son,
660 1467 50 18 1894.
