1106 1781
302 30 21 49 linen

230 161 27 21 10
323 164 6 2 =
453 151 32 33 U:
497 160 22 23 B.
536 149 24 33 —
578 141 67 48 Prop.
661 149 38 33 N:o
714 158 36 23 32.

228 233 99 29 numerär
344 232 102 28 .derjämte
461 219 109 47 -ahgifves:
580 238 44 16 som
641 223 31 30 ett
686 230 23 22 af
724 229 169 29 utskrifningens
907 225 68 33 syfte-

228 267 48 27 mål;
297 267 72 23 kunde
392 268 59 22 detta
470 267 169 30 uttryek-synas
658 266 69 22 införa
748 269 31 19 ett
796 268 49 27 nytt
859 266 116 23 moment
961 262 17 39 i

228 306 7 19 i
257 303 45 23 den:
319 304 132 29 förpligtelse
474 305 13 27 8
507 304 37 22 för
554 303 71 29 öfrigt
642 302 121 24 innehåller.
793 302 124 23 Emellertid
934 302 40 22 och

228 340 29 22 då
275 340 92 23 Finland
385 341 8 21 i
411 340 53 28 följd
480 340 23 22 af
518 339 82 24 landets
616 339 104 28 naturliga
736 338 151 23 beskaffenhet
901 338 74 23 äfven-

228 384 46 14 som
295 376 163 28 befolkningens
479 376 83 28 gleshet
582 376 41 22 och
644 375 112 28 fattigdom
776 375 50 22 icke
845 374 62 24 torde
925 382 50 15 vara

229 412 78 29 egnadt.
327 413 33 21 till
383 412 160 30 operationsfält
562 412 35 22 för
618 414 68 20 större
707 414 152 26 truppmassor,
878 414 55 19 samt
943 410 31 22 de

228 452 94 26 trupper,
343 456 45 14 som
408 448 68 22 under
496 448 90 30 krigstid
602 448 72 23 kunna
688 446 201 28 hitkommenderas,
904 447 70 22 såsom

228 485 80 29 färdigt
321 484 155 27 mobiliserade,
494 484 77 29 jämväl
586 484 67 22 måste
669 483 36 23 vid
721 483 127 23 ankomsten
866 491 51 15 vara
931 484 45 21 för-

228 520 66 22 sedda
310 520 48 22 med
374 521 80 25 hästar;
470 520 28 22 dä
513 520 72 23 vidare
600 520 35 23 för
649 519 105 29 fyllandet
768 520 23 22 af
807 520 27 22 de
849 520 68 21 under
929 520 48 28 krig

228 557 172 29 uppkommande
415 556 102 22 luckorna
530 556 107 23 särskilda:
652 556 163 29 reservdepoter'
830 556 65 28 enligt
911 557 12 27 $
939 556 37 22 4:i

228 593 136 28 lagförslaget
386 593 70 21 finnas
478 596 32 18 att
530 592 65 30 tillgå,
616 593 64 29 jämte
700 592 37 22 det
757 590 146 31 lagförslagets
919 593 12 28 $
946 594 29 20 25

228 629 168 29 bestyrker,-
367 620 36 42 att
415 629 195 28 hästfördelningen
626 628 57 23 afser
704 628 118 29 »fyllandet
841 628 23 22 af
878 624 98 32 samtliga

228 664 70 22 dertill
313 665 132 28 "berättigade
461 665 98 29 truppers
577 664 86 26 behof»,
680 664 72 22 finner
767 664 114 22 Utskottet
895 664 39 22 det
947 664 29 29 pä

228 701 68 28 grund
317 700 23 22 af
358 700 147 29 lagförslagets
519 700 135 29 ordalydelse
670 708 50 14 vara
736 700 61 27 klart,
812 703 32 20 att
859 700 37 22 det
910 702 24 20 är
948 695 27 29 de

228 736 71 22 finska
314 740 56 18 samt
385 736 27 22 de
427 737 7 20 i
450 736 72 22 landet
537 736 141 22 stationerade
693 736 65 29 ryska
771 739 126 26 truppernas
910 736 66 23 behof

228 772 24 22 af
271 773 77 26 hästar,
370 780 44 14 som
437 772 37 22 vid
494 772 168 22 bestämmandet
679 772 23 22 af
722 780 29 14 nu
768 772 125 28 ifrågasatta
907 772 69 28 krigs-

229 811 75 26 tungas
320 808 105 24 effektiva
441 808 109 30 betydelse
564 809 68 21 måste
647 810 60 26 tagas
723 808 33 22 till
773 815 67 15 norm.

298 844 51 22 Det
354 844 58 22 antal
424 844 79 27 hästar,
513 852 46 14 som
571 845 35 21 för
616 845 26 22 de
652 844 72 22 finska
736 848 127 25 truppernas
873 844 102 29 komplet-

227 882 69 27 tering
311 876 41 27 vid
362 880 62 22 deras
438 880 104 24 ställande
558 880 28 30 pä
597 880 93 30 krigsfot
702 880 66 22 borde
778 880 111 24 anskaffas
899 880 76 29 genom

228 916 136 29 utskrifning,
376 918 62 27 utgör
448 917 68 29 enligt
524 917 115 29 uppgifter,
648 916 74 22 hvilka
732 918 56 21 varit
799 916 131 29 tillgängliga
942 916 34 22 för

228 952 118 28 Utskottet,
364 952 63 29 högst
447 954 75 25 1,500..
545 952 13 22 I
572 952 70 22 denna
658 960 82 14 summa
754 952 61 29 ingår
829 953 49 22 icke
897 953 27 22 de
941 952 35 23 för

227 988 72 22 finska
312 988 223 29 dragonregementets
548 989 119 29 uppbringa
682 988 27 22 de
724 989 33 21 till
766 989 157 28 krigsnumerär
938 990 37 20 nö-

228 1025 52 28 diga
291 1024 127 27 hästarna,
410 1020 14 38 i
435 1024 83 24 hvilket
530 1024 101 23 afseende
645 1024 56 29 gälla
716 1025 104 21 särskilda
835 1025 141 26 föreskrifter,

228 1061 60 28 gifna
303 1068 75 20 genom:
392 1060 77 28 nådiga
481 1060 143 30 kungörelsen
633 1061 42 21 den
688 1062 25 20 17
728 1062 54 28 april
794 1062 63 22 1889.
872 1060 103 22 Förutom
996 1066 4 6 '

229 1096 131 28 ofvansagda
375 1097 64 27 1,500
453 1096 73 24 hästar
537 1096 85 22 komme
633 1097 72 24 hästar
717 1100 33 25 att
761 1097 124 22 utskrifvas:
897 1097 78 29 jämväl

227 1132 34 22 för
270 1132 28 22 de
311 1133 6 20 i
332 1132 74 23 landet
421 1132 101 29 förlagda
532 1133 66 29 ryska
613 1136 126 26 truppernas
755 1134 127 28 utrustning.
909 1134 67 22 Detta

227 1168 66 22 behof
314 1168 60 22 «torde
394 1168 73 22 kunna
489 1169 127 29 uppskattas.
637 1170 32 20 till
690 1170 90 27 ungefär
802 1173 33 18 tre.
857 1170 79 28 gånger
951 1170 25 21 sä

228 1207 54 18 stort
303 1211 45 14 som
370 1204 36 22 det
422 1204 35 21 för
471 1203 83 23 landets
570 1210 51 22 egna
634 1199 89 41 irupper
742 1205 139 28 erforderliga
891 1206 84 26 antalet,

227 1247 48 14 men
296 1240 40 21 bör
356 1240 42 21 den
422 1240 109 28 möjlighet
551 1241 49 22 icke
620 1241 81 21 lemnas
721 1248 25 14 ur
766 1242 60 27 sigte,
842 1243 31 20 att
888 1248 26 15 en
929 1241 46 29 höj-

227 1276 51 28 ning
298 1275 23 22 af
343 1276 159 28 krigsstaterna:
516 1277 66 21 redan
601 1277 8 20 i
627 1284 27 14 en
669 1284 49 14 snar
733 1277 87 21 framtid
836 1276 72 22 kunde
924 1285 51 14 vara

227 1314 32 17 att
280 1314 85 18 emotse.
396 1311 12 21 I
428 1312 65 20 rundt
514 1312 29 21 tal
558 1312 85 21 komme
658 1312 83 22 således
757 1315 31 19 ett
802 1313 58 21 antal
875 1312 24 21 af
912 1313 63 27 högst

228 1346 63 25 6,000
313 1346 72 22 hästar
406 1348 31 19 att
459 1346 68 21 blifva
549 1346 105 28 behöfligt
674 1346 38 21 vid
726 1346 28 22 de
769 1347 8 20 i
791 1346 74 22 landet
879 1346 96 29 förlagda

226 1383 127 27 truppernas
369 1380 120 22 eventuella
505 1380 150 30 'mobilisering.
686 1382 49 22 Och
750 1381 28 21 dä
792 1382 71 21 härtill
877 1381 40 22 bör
931 1382 44 28 läg-

226 1424 38 20 gas
278 1417 27 21 10
317 1416 27 29 %,
355 1416 23 22 af
388 1416 38 22 det
438 1417 66 28 enligt
514 1419 203 27 truppernas.stater
726 1417 35 23 för
768 1417 91 29 krigstid
867 1420 108 27 upptagna

227 1452 57 22 antal
305 1452 73 22 hästar
398 1452 32 22 till
452 1452 100 23 bildande
575 1454 23 21 af
618 1454 169 29 reservdepoter,
805 1455 23 20 är
844 1454 37 22 det
893 1454 82 23 således

298 1490 302 28 Hästutskrifningsutskottets
614 1495 131 20 betänkande.
