1125 1767
340 162 29 23 U.
385 162 28 24 B.
427 176 29 3 —
471 163 74 29 Prop.
560 164 42 23 N:o
618 164 37 22 27.
821 166 28 20 33

125 232 177 25 ningsrättigheter
322 232 18 26 ej
362 233 121 19 bestämmas
504 233 67 25 högre,
592 235 26 18 än
634 234 182 26 stadsfullmäktige
830 234 49 20 eller

124 260 160 20 rådhusstämma
298 261 79 25 pröfvat
391 260 97 26 lämpligt.
517 261 30 20 Då
560 262 74 20 ärende
648 262 103 25 angående
760 262 118 26 försäljning

124 288 48 20 eller
197 289 135 25 utskänkning
355 289 20 19 af
397 289 57 19 viner
475 290 38 19 och
527 296 82 18 svagare
623 290 85 24 drycker
722 290 122 26 handlägges
858 291 21 19 af

126 316 180 26 stadsfullmäktige
315 317 48 19 eller
374 317 166 25 rådhusstämma,
552 317 33 20 må
592 318 101 26 försäljare
700 318 20 20 af
727 318 60 20 dessa
794 318 85 26 drycker

125 345 49 20 eller
194 345 128 20 innehafvare
343 346 20 19 af
385 346 59 25 sprit-
466 346 49 20 eller
536 346 97 20 vinfabrik
650 347 44 19 icke
707 347 7 19 i
729 347 150 26 öfverläggning

125 374 48 20 eller
187 374 67 20 beslut
269 374 84 26 deltaga.

194 402 41 20 Har
256 402 26 26 på
303 402 110 21 förberördt
435 404 40 19 sätt
490 404 136 25 utskänkning
640 404 64 20 blifvit
718 405 7 19 i
740 405 45 19 stad
800 404 78 21 tillåten

126 431 36 20 och
184 437 66 20 yppas
269 432 63 20 under
346 432 39 20 den
399 432 7 19 i
422 433 11 19 1
449 438 60 15 mom.
523 433 20 20 af
557 433 65 20 denna
638 434 10 23 $
666 434 120 19 omnämnda
800 434 77 25 försälj-

125 460 129 26 ningsperiod
277 461 73 19 sådana
372 461 98 20 särskilda
488 462 175 25 omständigheter,
678 464 29 18 att
722 462 123 26 upplåtande
858 463 21 19 af

126 489 118 25 ytterligare
265 489 67 25 någon
346 489 49 20 eller
409 489 62 26 några
486 490 20 19 få
521 491 266 25 utskänkningsrättigheter
801 491 78 20 utöfver

126 517 34 20 det
180 518 20 19 af
218 517 181 26 stadsfullmäktige
413 518 101 25 medgifna
529 519 53 19 antal
596 519 89 20 befinnes
700 520 20 19 af
734 520 95 19 behofvet
842 519 36 26 på-

126 546 79 25 kalladt,
227 546 38 19 kan
287 546 136 25 länestyrelse,
445 547 50 20 efter
515 547 141 26 magistratens
677 548 87 19 hörande
782 549 37 19 och
833 548 46 19 med

126 575 192 25 stadsfullmäktiges
340 575 49 20 eller
410 575 172 20 rädhusstämmas
598 576 122 25 begifvande,
735 577 91 20 meddela
841 577 38 19 slik

126 603 209 26 undantagsrättighet
350 603 52 20 intill
416 603 102 26 utgängen
533 605 19 19 af
564 605 231 25 försäljningsperioden.

479 690 11 19 5
500 690 25 24 8.

196 734 90 26 Skriftlig
307 735 89 19 ansökan
418 741 33 13 om
474 735 62 20 sädan
557 735 233 27 försäljningsrättighet,
811 743 44 14 som
872 737 7 19 i

126 763 118 25 föregäende
259 765 7 22 $
275 759 66 36 säges,
353 759 57 36 jämte
424 763 59 26 intyg
498 770 31 13 om
545 765 111 19 sökandens
664 765 52 25 goda
723 765 52 25 frejd
782 765 38 20 och
826 771 51 20 upp-

127 792 38 25 gift
180 791 12 20 å
207 792 72 24 stället,
294 792 36 19 där
344 792 120 25 rättigheten
479 794 22 17 är
515 793 68 19 afsedd
597 794 31 18 att
642 793 84 25 utöfvas,
740 793 99 20 inlemnas
849 794 31 19 till

127 821 134 24 magistraten,
284 826 43 14 som
349 826 47 19 eger
417 821 87 19 inhemta
526 821 191 26 stadsfullmäktiges
732 822 48 19 eller
794 821 85 20 rädhus-

127 850 95 19 stämmas
246 851 51 17 samt
317 849 167 25 poliskammares,
506 849 37 20 där
557 849 61 20 sådan
632 850 70 24 finnes,
716 850 94 25 yttrande
825 851 54 19 öfver

127 877 135 25 ansökningen
277 877 37 20 och
329 877 120 25 densamma,
464 878 51 19 efter
529 878 97 25 pröfning,
642 878 66 19 bifalla
721 879 49 20 eller
784 879 56 20 afslä.

197 905 61 20 Göres
279 906 136 25 ansökningen
436 907 21 18 af
478 907 63 25 bolag,
561 907 35 19 bör
610 907 64 19 tillika
689 907 39 20 den
742 913 79 20 person,
836 913 44 14 som

127 934 79 20 komme
221 936 29 17 att
265 935 87 19 rörelsen
367 934 79 23 förestä,
461 937 81 18 nämnas
557 935 36 20 och
608 935 76 20 dennes
699 936 52 25 goda
760 936 50 25 frejd
820 937 59 19 behö-

128 963 56 25 rigen
199 963 85 25 styrkas.

199 991 51 20 Utan
265 992 140 25 magistratens
420 991 92 20 tillstånd
527 992 32 19 mä
566 993 43 19 icke
615 992 187 27 försäljningsställe
811 993 69 25 flyttas

128 1020 48 19 eller
192 1026 64 13 annan
271 1020 136 20 föreständare
421 1023 89 23 antagas.

471 1101 11 20 6
493 1101 24 24 5.

198 1146 40 19 Vid
259 1146 61 20 sädan
342 1146 122 20 helsobrunn
486 1146 48 20 eller
549 1147 74 24 badort,
637 1147 35 19 där
686 1147 67 20 läkare
768 1147 63 20 finnes
846 1153 35 14 an-

130 1174 66 25 ställd,
212 1175 48 19 eller
274 1175 12 19 &
301 1176 37 23 ort,
353 1175 36 19 där
404 1174 172 21 värdshusrörelse
591 1175 39 19 kan
644 1175 30 20 för
689 1175 66 26 nägon
768 1175 29 20 tid
809 1176 20 19 af
840 1175 42 21 äret

130 1209 46 14 vara
191 1203 19 19 af
220 1203 195 26 omständigheterna
425 1203 96 26 päkallad,
534 1203 31 20 mä
576 1204 46 19 med
635 1203 190 26 stadsfullmäktiges
835 1205 47 19 eller

129 1232 212 19 kommunalstämmas
356 1232 117 25 begifvande
489 1233 93 24 rättighet
597 1232 30 19 till
642 1232 137 25 utskänkning
793 1233 20 19 af
827 1233 56 20 viner

130 1260 37 19 och
182 1266 82 19 svagare
279 1260 122 25 rusdrycker
415 1261 30 19 för
460 1261 43 19 viss
518 1262 64 18 utsatt
596 1261 30 19 tid
640 1260 27 26 pä
682 1261 157 20 vederbörandes
851 1261 32 20 be-

130 1291 61 23 gäran
213 1289 101 20 meddelas
336 1289 20 19 af
377 1289 110 25 magistrat,
501 1289 42 19 ifall
557 1289 161 25 utskänkningen
733 1291 23 18 är
770 1290 69 19 afsedd
853 1291 30 18 att

130 1323 36 20 ega
180 1323 45 14 rum
240 1317 26 26 pä
281 1317 55 21 stads
352 1317 85 25 område,
449 1318 38 20 och
495 1318 20 19 af
525 1317 138 26 länestyrelse,
674 1324 32 14 om
718 1318 38 20 den
767 1318 50 20 skall
826 1319 56 19 idkas

130 1346 26 26 pä
171 1346 72 20 landet.

200 1375 103 25 Rättighet
324 1377 30 17 att
368 1374 13 20 &
395 1376 194 24 passagerarefartyg
603 1375 99 20 utskänka
717 1375 55 20 viner
787 1376 36 19 och
838 1382 44 14 sva-

130 1408 47 20 gare
200 1403 120 24 rusdrycker
340 1402 22 19 ät
376 1403 83 19 resande
473 1403 34 19 mä
521 1404 37 18 ock
572 1404 111 23 medgifvas
697 1404 20 18 af
731 1404 130 24 länestyrelse
876 1405 7 17 i

130 1431 35 19 det
180 1430 40 24 län,
236 1431 34 19 där
285 1431 98 24 fartygets
398 1430 63 20 rederi
476 1431 35 19 har
527 1431 35 19 sitt
576 1430 132 25 hufvudsäte;
725 1431 37 19 och
774 1431 32 19 mä
815 1432 69 18 därvid

131 1459 64 20 tillika
211 1459 126 19 föreskrifvas
352 1458 25 20 de
390 1458 172 26 inskränkningar,
573 1458 68 20 hvilka
652 1458 69 21 kunna
730 1459 65 20 finnas
805 1460 78 25 nödiga.

201 1498 181 18 Ekonomiutskottets
395 1497 110 18 betänkande
517 1499 38 16 N:o
566 1497 29 18 10.
805 1498 11 18 3
