1109 1775
173 638 38 23 58.

173 916 10 16 6
196 914 15 23 $.

173 1156 9 17 7
192 1143 19 40 8.

265 158 26 20 10
431 156 82 22 Ständ.
530 156 37 22 Sv.
584 168 24 3 —
625 156 74 26 Prop.
714 154 42 22 N:o
771 154 36 22 29.

236 222 23 21 åt
274 222 120 21 arbetaren
405 221 92 28 utgifva
507 220 144 27 skadestånd,
660 220 73 28 jemte
743 219 138 28 stadgandet
891 225 37 15 om
938 217 46 22 för-

234 256 217 29 säkringstvängets
466 255 173 22 inskränkande
649 254 38 22 till
700 254 154 22 invaliditets-
864 253 43 21 och
918 252 66 22 döds-

233 292 42 21 fall
287 291 88 28 jemväl
390 290 86 22 införas
492 298 29 14 en
535 290 148 28 bestämning
694 296 36 14 om
741 289 44 21 den
795 288 41 28 tid,
847 288 59 22 efter
916 288 68 21 hvars

234 324 92 30 förlopp
342 325 120 21 arbetaren
477 325 8 21 i
500 324 79 29 hvarje
594 324 110 22 händelse
720 324 126 28 berättigas
856 323 38 21 till
903 322 80 22 under-

235 360 52 22 stöd
309 360 29 28 pä
360 360 77 28 grund
459 360 25 20 af
503 359 168 28 försäkringen.
701 358 52 22 Den
775 358 6 21 i
799 358 63 21 detta
877 356 107 22 afseende

234 395 147 28 lämpligaste
403 389 224 33 tidsbestämningen
649 393 46 21 kan
717 393 52 21 icke
783 392 54 22 med
851 392 96 28 ledning
962 392 25 21 af

235 430 40 21 det
296 429 9 21 i
327 430 78 20 ämnet
419 428 148 29 tillgängliga
582 428 129 22 statistiska
725 427 130 22 materialet
870 429 116 26 noggrant

235 464 113 28 angifvas.
370 463 63 21 Enär
448 462 129 22 emellertid
592 462 69 28 högst
677 462 24 21 få
716 461 177 29 kroppsskador,
905 461 81 21 hvilka

234 498 52 22 icke
301 498 63 22 inom
381 499 40 21 120
436 497 71 29 dagar
520 497 79 22 blifvit
614 498 69 26 läkta,
699 496 67 22 torde
777 496 78 28 aflöpa
865 498 57 19 utan
932 503 53 13 men

234 532 37 22 för
292 532 125 22 framtiden
436 534 59 19 samt
509 531 126 22 understöd
650 531 52 21 från
718 530 135 29 sjukkassor
867 530 9 21 i
891 530 94 22 allmän-

235 567 40 22 het
285 567 51 21 icke
346 566 37 22 för
392 566 143 21 närvarande
544 566 97 29 beviljas
651 565 37 22 för
698 566 79 28 längre
787 565 41 28 tid,
839 564 70 22 hafva
919 564 67 22 Stän-

236 602 70 21 derna
317 602 75 21 såsom
400 604 69 25 gräns
477 601 9 21 i
492 601 147 21 förenämndt
646 600 107 21 afseende
762 600 89 28 antagit
861 601 40 21 120
909 599 75 29 dagar.

303 636 36 21 Då
362 636 39 21 det
419 635 181 29 hufvudsakliga
620 635 129 21 ändamålet
765 635 51 22 med
831 635 154 28 försäkrings-

235 671 74 28 tvång
324 674 25 18 är
364 672 35 19 att
413 669 84 22 bereda
511 670 120 21 arbetaren
647 670 56 21 eller
717 669 58 22 hans
790 669 73 29 familj
878 669 108 21 säkerhet

235 705 37 22 för
286 704 132 22 undfående
429 704 25 21 af
463 704 50 21 dem
524 704 176 22 tillkommande
711 703 146 28 skadestånd,
869 703 43 22 och
922 703 64 22 kom-

236 747 56 14 mun
313 739 99 22 likasom
432 741 75 19 staten
523 739 8 21 i
547 739 62 21 detta
624 739 131 21 hänseende
771 738 107 29 erbjuder
892 738 44 21 full
952 741 34 18 sä-

236 774 88 28 kerhet,
341 780 69 21 synes
426 773 51 22 skäl
492 781 55 14 vara
563 775 34 19 att
604 773 73 29 jemte
688 775 76 19 staten
774 772 69 22 äfven
853 773 133 28 undantaga

236 809 141 22 kommunen
399 807 52 22 från
473 807 242 30 försäkringspligten.
741 821 22 2 —
788 807 47 22 Vid
849 807 45 22 den
909 807 77 22 förän-

237 843 69 22 drade
321 843 161 28 uppställning
497 843 128 21 Ständerna
640 842 71 29 gifvit
721 842 170 29 författningen
900 842 42 21 har
952 849 34 14 se-

236 885 55 14 nare
306 877 68 22 delen
389 877 26 21 af
427 877 160 21 motsvarande
603 879 13 20 3
631 877 32 27 $i
674 877 174 28 propositionen
859 877 126 21 uteslutits.

303 912 12 21 I
337 912 45 21 den
405 912 116 20 allmänna
540 911 171 29 motiveringen
726 914 38 18 äro
781 911 80 21 skälen
875 911 37 21 för
926 911 60 21 infö-

235 947 83 21 randet
336 946 25 22 af
375 946 75 21 denna
464 946 110 28 paragraf
586 946 71 22 redan
672 946 102 28 angifna.
802 946 183 28 Bestämningen

236 984 39 25 att,
292 982 29 21 dä
336 981 71 21 skada
422 981 111 28 inträffat,
550 980 183 29 arbetsgifvaren
748 981 42 21 bör
805 981 30 28 pä
847 981 36 21 sin
894 980 92 22 bekost-

235 1016 46 22 nad
303 1016 9 22 i
333 1016 182 21 lifränteanstalt
537 1016 84 22 bereda
641 1016 38 21 till
701 1016 140 21 skadestånd
855 1015 131 29 berättigad

235 1058 84 22 person
341 1050 85 22 honom
448 1050 175 22 tillkommande
645 1050 165 28 ärsunderhäll,
827 1050 40 21 har
881 1050 103 28 intagits,

236 1089 55 18 enär
307 1085 39 21 det
361 1087 80 26 syntes
457 1085 106 28 omöjligt
573 1087 35 19 att
618 1084 134 22 derförutan
762 1084 84 22 bereda
855 1084 45 22 full
910 1084 76 22 säker-

236 1120 40 22 het
290 1119 37 22 för
342 1119 199 21 ärsunderstödets
557 1119 122 29 utgäende.

305 1154 42 22 Om
370 1154 183 28 arbetsgifvaren
575 1154 36 21 för
629 1153 28 22 de
672 1153 47 28 fall,
735 1154 9 21 i
759 1153 81 22 hvilka
855 1154 131 21 omedelbar

236 1188 214 28 skadeständspligt
465 1189 89 28 äligger
569 1188 92 27 honom,
677 1188 122 21 förskaffat
814 1188 120 21 arbetaren
944 1195 41 14 un-

236 1223 94 21 derstöd
345 1222 40 21 vid
401 1222 122 29 olycksfall
538 1229 83 22 genom
637 1222 142 22 bekostande
795 1222 26 21 af
831 1222 99 29 frivillig
940 1222 45 21 för-

235 1257 102 28 säkring,
344 1257 56 21 eller
407 1264 84 21 genom
499 1257 147 28 inbetalning
653 1257 114 21 tillsädan
775 1257 138 28 hjelpkassa,
919 1257 66 21 hvar-

235 1291 61 22 ifrän
311 1291 130 28 ersättning
455 1291 76 28 gifves
547 1291 81 22 endast
643 1291 40 21 vid
695 1291 130 28 olycksfall,
837 1294 25 18 är
872 1291 39 21 det
922 1291 64 28 sjelf-

235 1325 66 20 fallet
316 1327 35 18 att
365 1325 183 26 arbetsgifvaren
563 1325 36 20 fär
614 1325 95 20 afräkna
725 1325 63 20 detta
798 1325 126 20 understöd
934 1325 52 20 frän

235 1358 62 21 hvad
318 1358 85 21 honom
423 1358 75 28 enligt
513 1358 75 21 denna
602 1359 38 27 lag
656 1359 65 27 äläge
736 1358 82 21 betala.
848 1358 60 21 Lika
923 1358 62 28 sjelf-

236 1393 66 21 fallet
317 1395 25 19 är
357 1394 40 26 att,
413 1399 36 14 om
465 1392 120 22 arbetaren
603 1393 98 28 deltagit
711 1393 9 21 i
729 1392 154 22 bekostandet
893 1392 26 22 af
926 1392 59 22 före-

235 1427 100 22 nämnda
350 1427 132 28 understöd,
499 1427 62 22 detta
576 1427 36 22 fär
627 1427 108 22 afräknas
751 1427 81 22 endast
842 1428 38 21 till
893 1427 45 22 den
948 1427 37 22 del

236 1461 184 30 arbetsgifvaren
434 1461 99 22 bestridt
548 1462 136 22 kostnaden.
714 1462 46 22 För
775 1462 39 22 det
829 1461 42 23 fall
883 1462 103 22 deremot
