1128 1770
314 145 75 23 Ständ.
405 145 34 23 Sv.
459 159 22 3 —
498 147 63 28 Prop.
576 147 37 22 N:o
629 146 34 23 28.
820 149 13 20 5

113 207 42 22 och
170 209 92 27 600,000
277 209 71 21 mark.
371 209 82 29 Enligt
467 209 66 22 dessa
548 209 105 29 kalkyler
663 210 42 21 och
715 210 52 22 med
778 211 83 28 tillägg

112 242 36 22 för
167 243 24 20 år
211 243 60 27 1896,
291 243 39 21 det
344 243 74 22 första
432 244 49 21 året
496 243 29 22 då
538 244 156 29 Björneborgs
709 245 76 21 banan
800 245 61 21 trafi-

113 277 72 27 keras,
209 276 25 21 af
254 284 29 14 en
306 277 117 22 beräknad
450 278 133 21 trafikvinst
604 279 29 28 på
656 278 75 22 denna
757 279 60 21 bana
839 279 25 21 af

113 311 77 27 70,000
204 311 71 28 mark,
291 318 53 15 men
358 312 53 21 med
422 311 81 29 afdrag
512 312 37 21 för
559 313 24 20 år
595 313 55 21 1895
659 312 24 21 af
689 313 92 27 300,000
791 313 70 27 mark,

112 345 129 28 utgörande
264 345 100 22 kostnad
382 346 36 21 för
432 346 142 29 uppskjuten
588 349 90 19 remont
693 347 51 21 från
760 347 24 21 år
800 348 61 25 1894,

112 379 45 22 blir
171 379 164 22 trafikvinsten

216 426 25 20 år
255 427 69 21 1895.
355 443 5 4 .
391 443 5 4 .
426 443 5 5 .
461 443 5 5 .
495 428 119 26 4,610,000:
630 440 27 3 —

219 479 8 9 »
254 460 70 22 1896.
354 477 5 5 .
390 478 5 4 .
425 477 5 5 .
461 477 4 5 .
495 462 119 27 5,290,000:
629 474 30 4 —

219 513 8 9 »
255 495 69 21 1897.
354 511 5 5 .
390 512 4 4 .
461 512 4 4 0.
495 496 119 27 5,590,000:
630 509 28 2 —
687 496 133 28 15,490,000:
836 509 26 3 —

181 552 12 22 I
215 552 66 29 fråga
303 560 37 14 om
359 552 313 23 kommunikationsfondens
695 554 75 28 öfriga
792 554 71 22 ärsin-

113 587 105 21 komster
239 586 73 22 under
332 587 197 29 budgetperioden
545 588 47 28 har,
608 588 9 21 i
632 588 104 28 enlighet
751 588 53 22 med
818 588 45 22 den

114 621 85 28 nädiga
220 621 181 29 propositionen,
422 621 39 22 det
475 622 90 29 belopp,
581 629 49 15 som
646 622 47 21 kan
711 630 55 14 vara
780 624 34 20 att
827 623 36 28 pä-

114 655 73 22 räkna
201 655 62 22 från"
269 655 204 22 bränvinsskatten
486 664 29 14 m.
527 665 35 20 m.,
573 657 119 28 upptagits
703 657 37 22 till
751 658 113 27 2,540,000

114 690 65 21 mark
208 690 9 21 i
239 690 72 29 årligt
332 690 109 22 medeltal
467 691 44 21 och
540 691 37 22 för
605 691 54 22 hela
687 691 110 29 perioden
826 691 38 22 till

115 725 113 27 7,620,000
242 725 72 28 mark,
330 725 119 22 äfvensom
463 725 111 30 bidragen
584 725 52 22 från
646 725 158 30 Björneborgs
814 726 51 21 stad

115 759 42 22 och
180 759 111 22 Wärtsilä
305 759 61 22 bruk
380 760 38 21 till
432 767 60 22 resp.
507 762 78 26 25,000
600 760 43 22 och
660 762 76 26 10,000
750 761 66 21 mark
832 761 34 20 år-

114 794 63 29 ligen
200 794 43 21 och
265 794 37 22 för
323 797 36 19 tre
381 795 25 21 år
428 795 92 27 105,000
541 795 71 27 mark,
633 795 56 21 eller
704 795 88 22 således
808 802 57 15 sam-

116 829 119 28 manlagdt
250 829 36 21 för
302 829 54 21 åren
373 829 139 22 1895—1897
529 830 36 21 till
581 830 115 27 7,725,000
709 829 71 22 mark.

184 863 112 28 Samtliga
318 863 201 22 ofvanberäknade
536 863 167 22 årsinkomster
717 866 83 26 utgöra
810 863 55 22 såle-

116 897 39 21 des
172 897 37 22 för
223 897 184 29 treårsperioden
424 898 138 22 1895—1897
578 898 128 28 23,215,000
720 898 72 21 mark.

183 932 35 21 Af
231 932 27 21 de
273 932 105 28 utgifter,
390 939 49 14 som
450 932 55 22 böra
514 932 73 22 under
598 933 55 21 åren
665 933 139 21 1895—1897
814 932 52 22 från

115 966 301 22 kommunikationsfonden
435 966 120 29 bestridas,
577 968 83 27 utgöra
678 967 161 21 annuiteterna
854 967 13 21 ä

113 1001 179 28 jernvägslänen
301 1001 113 28 3,456,000
421 1001 72 28 mark,
502 1002 43 20 och
552 1005 83 18 räntan
643 1001 36 21 till
687 1001 179 29 lagmanstings-

115 1036 210 28 gästningsfonden
348 1037 92 27 154,173
459 1036 65 22 mark
539 1036 89 29 ärligen
643 1036 57 21 eller
714 1036 152 22 tillsammans

118 1071 124 27 10,830,519
258 1071 71 21 mark.

184 1106 47 21 Till
246 1106 97 28 ledning
358 1106 36 22 för
408 1106 161 28 beräkningen
584 1105 25 22 af
622 1105 28 22 de
666 1106 86 28 anslag,
767 1112 49 14 som
826 1112 41 14 un-

116 1140 41 22 der
179 1141 55 21 ären
258 1141 138 21 1895—1897
423 1140 114 22 erfordras
559 1140 36 22 för
617 1139 250 29 nybyggnadsarbeten

117 1175 40 22 vid
173 1175 28 21 de
216 1174 90 30 färdiga
328 1175 104 21 banorna
451 1174 43 22 och
509 1175 36 21 för
561 1175 44 21 den
620 1174 86 28 rörliga
720 1174 147 21 materielens

117 1210 95 28 ökning,
235 1209 41 22 har
290 1210 72 28 tagits
378 1209 45 22 den
445 1209 149 29 förteckning
617 1208 65 22 öfver
702 1208 85 22 sädana
808 1208 59 21 före-

117 1244 95 22 stäende
226 1243 104 29 utgifter,
351 1251 49 14 som
416 1247 24 18 är
455 1243 110 29 vidfogad
580 1242 288 28 Kommunikationsexpe-

118 1279 116 21 ditionens
250 1278 171 22 ofvannämnda
436 1278 87 28 kalkyl.
545 1278 82 28 Enligt
644 1277 132 21 densamma
794 1276 75 21 skulle

117 1313 74 21 under
213 1313 45 21 den
278 1312 130 21 stundande
428 1312 183 28 treärsperioden
631 1311 37 21 för
683 1311 66 21 dessa
764 1310 105 22 ändamäl

119 1347 113 22 erfordras
256 1346 169 29 sammanlagdt
446 1347 114 27 4,553,000
574 1345 76 27 mark;
665 1352 53 14 men
734 1345 28 21 dä
777 1345 92 25 350,000

118 1381 65 23 mark
199 1381 55 22 eller
269 1381 73 29 priset
357 1381 36 21 för
408 1381 45 21 fem
464 1381 9 21 i
483 1380 179 28 förteckningen
672 1381 118 27 upptagna
804 1379 64 21 loko-

119 1416 73 21 motiv
207 1416 70 20 redan
300 1414 120 22 ofvanföre
436 1414 143 22 observerats
595 1413 72 22 bland
683 1414 54 20 1894
752 1413 36 20 års
798 1412 72 28 utgif-

118 1453 41 25 ter,
176 1450 98 21 återstår
290 1448 97 22 sålunda
401 1450 34 19 ett
450 1448 83 28 belopp
549 1447 26 21 af
587 1448 114 27 4,203,000
715 1446 71 21 mark.
