1109 1775
251 137 28 20 20

222 204 24 21 af
259 203 114 27 veterinär,
388 202 90 22 fältskär
493 202 52 21 eller
561 202 58 20 smed
630 200 141 22 underkastas
782 199 119 26 märkning,
912 198 63 21 hvar-

222 238 36 21 vid
273 237 117 27 iakttages:

292 273 25 26 a)
332 272 84 21 märket
435 271 115 21 inbrännes
569 270 13 21 å
597 272 86 19 venstra
698 268 61 22 sidan
775 267 24 22 af
811 268 75 21 balsen
901 266 28 28 på
943 268 32 20 ett

224 307 86 22 afstånd
334 307 23 21 af
373 307 55 20 ända
447 306 33 21 till
495 307 27 20 22
537 305 124 22 centimeter
676 303 47 22 från
738 303 88 26 nacken,
841 304 59 19 utom
916 302 7 21 i
939 301 37 22 det

223 341 38 22 fall
283 343 32 20 att
337 342 48 21 häst
409 341 22 21 af
451 339 232 28 utskrifningsnämden
706 338 106 27 godkänts
833 338 6 21 i
861 337 53 22 strid
930 339 46 19 mot

224 377 212 25 hästemottagarens
451 376 62 26 åsigt,
529 375 28 21 då
572 374 139 26 märkningen
727 374 50 21 sker
791 372 27 28 på
833 373 66 26 högra
914 371 61 22 sidan

225 411 25 21 af
263 410 82 26 halsen;

294 444 23 28 b)
333 445 27 20 då
383 444 83 21 märket
488 444 115 21 inbrännes
624 443 39 21 bör
686 442 81 25 hästen,
787 442 24 21 så
827 441 44 22 vidt
886 442 89 27 möjligt,

225 479 49 22 icke
289 479 134 26 kullstjelpas
438 481 51 18 utan
505 478 70 21 hållas
591 478 34 21 vid
641 477 98 27 tyglarna
753 477 52 21 eller
820 476 83 26 betslet,
914 477 62 20 hvar-

225 514 36 21 vid
277 515 52 26 ögat
343 513 72 21 täckes
432 513 12 21 å
460 513 39 21 den
516 513 52 25 sida,
585 513 38 21 der
637 511 84 22 märket
736 511 121 27 anbringas.

569 587 12 29 g
598 588 33 21 38.

293 634 32 22 De
349 634 35 21 vid
407 634 156 27 utskrifningen
587 634 46 21 från
656 636 31 19 ett
702 634 191 26 lottningsområde
908 634 68 21 öfver-

225 668 69 22 blifna
309 668 102 22 hästarna
426 674 49 21 eger
490 668 230 28 utskrifningsnämden
735 668 110 27 gvarhälla
861 669 13 21 &
888 668 89 22 utskrif-

225 703 137 27 ningsstället
376 703 7 21 i
398 702 109 28 tjugufyra
530 704 86 20 timmar
638 702 55 22 efter
708 702 36 22 det
759 702 154 28 utskrifningen
928 702 49 22 med

225 737 167 27 ifrågavarande
408 737 87 21 område
511 738 104 26 slutförts,
630 737 32 21 för
678 739 33 19 att
725 737 49 21 med
789 738 48 20 dem
848 739 82 19 ersätta
940 737 38 21 det

225 772 60 21 antal
307 772 82 26 hästar,
411 778 46 15 som
480 771 47 22 från
550 774 66 19 annat
630 771 191 27 lottningsområde
836 771 141 27 tilläfventyrs

225 807 48 21 icke
289 807 43 20 kan
347 806 64 27 utfås,
425 807 29 27 på
469 808 43 20 sätt
527 807 71 21 nedan
613 808 69 25 säges.

294 841 46 21 Har
363 841 143 21 ordföranden
521 841 8 21 i
545 841 222 27 besigtningsnämden
789 841 34 21 för
845 841 64 27 något
927 841 49 21 lott-

225 875 152 27 ningsområde
399 875 81 21 anmält
495 877 32 19 att
541 875 8 21 i
565 875 52 27 följd
632 875 23 21 af
669 875 100 22 utbruten
784 875 193 28 boskapssjukdom

226 911 52 20 eller
293 916 70 15 annan
379 910 94 27 tillfällig
488 910 63 21 orsak
567 910 36 21 det
619 909 128 22 föreskrifna
757 910 81 21 antalet
848 909 73 23 hästar
931 910 47 21 icke

226 946 43 20 kan
290 944 94 21 derifrån
407 947 91 25 uttagas,
521 944 36 21 må
579 944 25 22 de
619 944 46 22 icke
680 944 106 21 utskrifna
800 945 101 21 hästarna
916 951 61 21 qvar-

225 979 72 21 hållas
313 979 61 21 äfven
389 979 84 21 utöfver
489 979 62 21 ofvan
567 979 65 27 sagda
647 979 38 20 tid.

571 1053 12 28 8
599 1055 33 20 39.

294 1099 11 21 I
321 1098 100 21 händelse
437 1099 36 20 det
489 1098 34 22 till
539 1099 130 27 utskrifning
684 1099 109 22 bestämda
808 1099 82 21 antalet
904 1099 75 21 hästar

227 1133 24 22 af
273 1133 69 26 någon
364 1133 58 21 klass
437 1133 7 21 i
459 1133 53 26 följd
535 1133 24 22 af
579 1133 136 27 kasseringar
737 1133 12 22 ä
765 1133 214 28 utskrifningsstället

227 1167 50 22 icke
293 1168 43 21 kan
351 1167 64 23 bland
431 1167 26 22 de
467 1167 46 21 från
526 1169 31 20 ett
568 1168 189 26 lottningsomräde
767 1168 99 22 hemtade
877 1169 102 21 hästarna

228 1202 99 27 erhållas,
346 1208 48 15 men
415 1202 36 21 det
465 1202 109 21 bristande
589 1202 82 22 antalet
686 1202 67 22 under
768 1202 109 27 pågående
892 1202 87 22 utskrif-

227 1236 52 27 ning
293 1236 77 21 hinner
385 1236 34 22 till
434 1236 211 27 utskrifningsstället
660 1236 103 27 inställas,
775 1243 50 21 eger
835 1237 143 21 ordföranden

227 1272 7 20 i
260 1270 229 28 besigtningsnämden,
511 1271 28 27 på
564 1271 105 21 anmodan
692 1270 23 22 af
739 1271 239 27 utskrifningsnämden,

228 1306 23 20 åt
267 1304 159 22 vederbörande
441 1305 180 27 polismyndighet
636 1306 70 20 lemna
721 1305 83 26 uppgift
819 1312 34 14 om
862 1306 25 20 de
898 1306 81 25 hästar,

228 1339 73 21 hvilka
323 1339 68 25 enligt
413 1339 130 20 lottlistorna
560 1338 52 27 följa
627 1341 95 19 närmast
737 1339 7 20 i
759 1339 122 26 ordningen,
898 1339 33 21 för
947 1341 33 19 att

228 1378 75 22 genom
319 1372 132 21 sistnämnda
467 1372 134 27 myndighets
616 1372 84 28 försorg
715 1372 152 28 ofördröjligen
882 1373 98 22 inställas

227 1407 33 22 till
276 1406 220 28 utskrifningsstället.
