1109 1764
286 146 82 23 Ständ.
384 146 37 23 Sv.
437 159 26 3 —
480 146 73 28 Prop.
572 146 40 22 N:o
627 146 35 22 29.
807 147 25 21 17

113 210 77 28 skada,
214 211 97 23 hvilken
334 211 98 23 drabbar
447 212 41 22 vid
501 211 114 30 företaget
630 212 91 22 anstäld
736 211 103 23 arbetare
855 211 7 22 i

112 246 60 29 följd
188 246 25 22 af
226 246 123 29 olycksfall
364 247 41 22 vid
419 248 93 27 arbetet,
528 247 92 29 utgifva
635 247 140 22 skadestånd
790 248 73 28 enligt

112 280 62 22 hvad
188 281 75 22 nedan
280 282 99 28 stadgas.

182 315 81 22 Såsom
285 316 165 29 kroppsskada,
471 316 157 29 uppkommen
642 324 83 21 genom
741 316 123 29 olycksfall

114 349 40 22 vid
176 350 85 27 arbete,
284 358 68 14 anses
372 350 20 29 ej
409 351 71 21 sådan
495 350 76 28 skada,
588 358 48 15 som
651 351 141 22 förorsakats
807 358 57 22 upp-

114 384 100 28 såtligen
237 384 56 22 eller
315 392 84 22 genom
422 386 56 28 grof
497 385 145 22 vårdslöshet
664 386 25 22 af
704 386 45 21 den
764 385 100 23 skadade

115 418 63 28 sjelf;
195 419 56 21 eller
266 419 150 29 uppsåtligen
431 419 24 21 af
469 426 75 16 annan
559 427 84 21 person
654 424 29 18 än
693 420 51 28 den,
755 427 49 15 som
814 420 51 22 haft

114 452 98 29 ledning
227 453 25 21 af
265 453 57 21 eller
337 454 97 28 uppsigt
449 454 65 22 öfver
524 454 98 27 arbetet;
634 454 56 22 eller
700 462 84 21 genom
794 455 71 21 sådan

116 486 156 30 öfvermäktig
294 488 143 28 tilldragelse
456 488 55 22 eller
526 496 76 14 annan
617 488 116 28 händelse,
749 496 49 14 som
813 489 52 21 icke

115 522 47 21 står
178 522 8 21 i
202 522 110 22 samband
327 522 53 22 med
396 522 38 22 det
449 523 92 22 utförda
554 523 100 22 arbetets
665 523 159 22 beskaffenhet
836 524 30 21 el-

116 555 34 22 ler
165 555 51 22 med
232 556 28 22 de
274 556 169 29 förhållanden,
458 557 132 22 hvarunder
605 559 39 21 det
657 558 131 23 bedrifvits.

469 685 47 26 28.

185 735 107 28 Företag,
316 742 48 15 som
388 738 39 19 äro
450 735 170 22 underkastade
641 735 227 30 bestämningarna
855 731 18 38 i

117 769 75 22 denna
207 770 45 28 lag,
267 772 96 27 utgöras
378 769 32 22 af:

188 811 22 28 a)
226 810 90 29 grufva,
339 811 122 28 bergverk,
484 811 65 27 bruk,
574 811 121 27 stenbrott,
711 811 157 28 stenhuggeri,

118 845 105 28 sågverk,
240 845 116 29 bryggeri,
372 845 110 22 bränneri
498 847 59 20 samt
572 845 71 22 sådan
652 845 76 22 fabrik
739 845 43 22 och
793 853 75 14 annan

117 879 177 29 fabrikmässigt
316 879 123 22 bedrifven
457 880 146 29 handtering,
618 881 9 20 i
641 880 96 22 hvilken
752 879 116 22 användes

118 914 79 21 smält-
212 914 56 22 eller
282 915 136 28 flamugnar,
434 915 134 29 ångpannor
584 915 56 21 eller
655 915 122 28 maskiner,
794 914 75 22 drifna

118 949 54 22 med
190 949 66 29 ånga,
272 951 88 26 vatten,
375 949 63 28 vind,
454 950 141 22 elektricitet
610 949 56 22 eller
680 957 76 14 annan
772 949 98 22 elemen-

119 984 105 28 tarkraft,
248 984 120 22 äfvensom
389 984 97 29 företag,
508 984 9 22 i
537 984 92 22 hvilket
649 984 119 28 explosiva
788 988 82 18 ämnen

119 1018 121 22 tillverkas
256 1018 57 22 eller
327 1018 168 30 yrkesmässigt
510 1018 126 27 användas;

189 1059 25 27 b)
230 1059 209 29 byggnadsarbete,
456 1066 48 14 som
520 1059 61 21 afser
593 1059 104 29 jernväg,
709 1058 75 27 kanal,
794 1058 76 28 hamn,

121 1093 37 29 kaj
176 1093 56 22 eller
247 1094 90 28 fyrbåk,
348 1093 121 22 äfvensom
479 1097 73 18 större
562 1093 248 29 brobyggnadsarbete,
822 1100 49 14 som

120 1129 89 21 utföres
224 1129 31 28 på
270 1130 88 20 statens
374 1128 55 22 eller
444 1128 122 22 kommuns
581 1128 137 27 bekostnad;

192 1170 20 25 c)
228 1169 85 28 kyrko-
335 1168 43 22 och
401 1168 300 30 fabriksbyggnadsarbete;
718 1168 24 21 så
757 1167 43 22 ock
815 1167 57 29 byg-

122 1203 74 29 gande
222 1203 25 21 af
266 1204 45 21 hus
333 1204 9 21 i
356 1203 56 22 flera
427 1207 29 17 än
472 1211 28 13 en
515 1203 88 29 väning
617 1203 8 21 i
641 1203 51 21 stad
707 1202 56 22 eller
777 1202 95 28 köping,

123 1238 120 21 äfvensom
266 1238 110 22 likartadt
402 1238 78 21 arbete
502 1238 13 21 å
536 1237 84 28 landet,
637 1237 28 22 dä
680 1237 40 21 det
733 1236 89 22 utföres
837 1236 36 22 för

123 1274 94 26 statens,
233 1272 153 22 kommunens
404 1272 56 21 eller
476 1278 76 15 annan
567 1270 130 29 menighets
712 1270 78 28 behof;

194 1312 23 28 d)
240 1312 143 28 anläggning
407 1312 56 21 eller
484 1311 123 22 underhäll
628 1310 26 22 af
674 1311 84 21 allmän
778 1312 95 26 vatten-,

124 1346 80 22 kloak-
219 1346 55 22 eller
289 1346 147 28 gasledning;

194 1390 20 23 e)
237 1387 92 26 rörelse,
346 1394 49 14 som
412 1386 60 21 afser
487 1386 144 27 anläggning
645 1385 56 21 eller
715 1384 121 23 underhåll
852 1384 25 21 af

125 1421 113 22 elektrisk
260 1420 97 28 ledning
379 1419 55 22 eller
456 1419 152 22 bedrifvande
630 1418 24 22 af
667 1418 69 21 trafik
751 1418 14 21 &
776 1417 100 29 jernväg

126 1455 55 22 eller
197 1462 75 15 annan
288 1454 100 29 spärväg
402 1453 37 22 för
454 1453 84 22 allmän
554 1451 144 28 samfärdsel;
715 1451 42 22 och

819 1494 11 17 2
