1120 1770
259 136 27 21 54

296 203 26 27 f)
338 203 86 26 sådana,
440 203 39 21 hos
495 203 72 21 hvilka
581 202 78 22 främre
675 202 70 21 knäna
755 204 38 19 äro
804 202 78 21 krökta
892 201 85 26 framåt,

297 236 121 22 bockbenta
434 236 75 27 (gäller
523 236 56 22 blott
595 235 127 27 ridhästar);

296 271 25 26 g)
336 269 176 28 trängbröstade
502 265 12 36 ;

299 304 24 27 1)
338 305 49 21 med
408 304 47 21 icke
477 304 45 21 helt
543 304 109 27 tungblad,
668 310 34 15 om
718 305 37 20 sår
769 304 53 21 eller
837 304 76 27 tydligt
928 305 50 26 spår

230 338 54 21 efter
299 338 45 21 bett
360 337 102 27 derjämte
478 337 124 27 förefinnes;

298 373 19 26 5)
332 372 119 27 slokörade,
474 372 27 21 dä
522 372 111 28 förmågan
656 375 32 18 att
710 374 49 20 röra
781 373 27 26 pä
831 374 79 19 öronen
934 372 45 21 helt

230 407 39 21 och
292 407 67 21 hället
381 407 84 26 saknas,
489 407 52 21 eller
563 407 47 22 med
632 407 112 27 hängande
768 407 75 27 läppar
858 407 16 27 (i
890 407 52 27 följd
957 406 23 22 af

228 441 101 25 lamhet);

293 475 24 27 J)
332 474 49 22 med
396 474 121 28 hopknipen
532 480 61 22 mage
610 476 52 20 eller
676 475 66 21 bråck
758 475 24 21 af
795 474 65 28 något
874 475 58 27 slag;

297 508 24 28 k)
337 509 48 21 med
400 509 157 27 genomgående
573 509 57 27 galla
645 509 7 21 i
667 509 71 27 hasen,
749 516 34 14 om
794 509 70 27 djuret
875 509 104 27 derjämte

229 543 118 22 förmärkes
362 542 71 26 halta;

298 577 18 27 1)
330 576 49 22 med
394 576 100 22 afbruten
510 576 152 28 höftbenspets,
680 577 6 21 i
702 577 37 21 fall
759 577 75 21 hästen
850 577 72 21 tillika
936 578 43 20 slä-

228 618 41 20 par
284 610 149 22 motsvarande
449 610 70 22 sidans
535 611 50 26 ben;

297 645 31 27 m)
353 645 48 21 med
425 645 100 21 öOfverben
549 647 53 19 nära
626 651 68 20 senor,
720 646 27 20 dä
771 645 61 22 deraf
854 645 125 21 förorsakas

228 680 94 26 halthet;

297 715 25 26 n)
338 714 48 21 med
401 713 116 23 hornvärta
532 714 35 21 vid
582 714 99 22 kotleden
698 714 31 28 (af
744 715 83 27 mugg);

298 748 21 27 0)
334 748 86 26 sädana,
443 754 44 15 som
510 748 67 22 under
601 749 79 21 rörelse
703 749 148 21 ästadkomma
875 748 104 27 fläsande,

229 782 126 28 hvisslande,
371 782 91 27 pipande
478 782 52 22 eller
545 783 111 22 rosslande
670 783 55 27 ljud;

295 818 27 27 2)
338 817 88 26 sådana,
442 823 44 15 som
502 817 67 22 under
583 818 56 27 gång
655 818 32 21 slå
702 818 6 21 i
725 818 41 27 hop
782 818 47 22 med
846 818 104 26 fötterna;

297 852 23 28 9)
339 851 48 21 med
410 852 60 21 stark
492 852 133 27 benägenhet
647 854 33 20 att
702 852 81 28 snafva,
805 853 7 21 i
830 853 53 27 följd
905 852 76 22 hvaraf

229 886 97 21 svullnad
340 885 82 22 kunnat
436 886 78 27 uppstå
529 886 13 27 i
551 886 79 22 främre
645 887 80 26 knäna;

297 921 22 26 7)
335 920 87 23 sådana,
444 920 39 21 hos
502 920 73 22 hvilka
590 921 67 22 under
672 922 80 21 rörelse
767 921 95 28 ständigt
878 921 56 22 visat
949 921 31 26 sig

228 955 74 22 starka
318 954 127 28 ryckningar
460 955 7 20 i
481 955 137 22 bakfötterna
633 957 89 26 (spatt);

297 991 20 26 g)
332 990 80 26 hästar,
435 995 45 16 som
503 990 34 21 vid
561 997 108 21 noggrann
687 991 118 27 besigtning
821 991 93 21 befinnas
930 997 50 14 vara

230 1025 72 21 envisa
317 1024 52 21 eller
384 1024 82 25 ilskna;

296 1059 19 27 €)
330 1060 54 25 ston,
406 1058 74 21 hvilka
502 1061 37 19 äro
562 1059 167 27 uppenbarligen
747 1059 99 27 drägtiga
862 1059 53 22 eller
931 1059 49 21 med

230 1093 61 26 diföl;
307 1095 56 19 samt

298 1127 25 27 u)
338 1127 166 27 uppenbarligen
519 1127 61 27 sjuka
595 1127 80 27 hästar,
691 1128 6 20 i
709 1127 115 28 synnerhet
835 1127 86 26 sådana,
933 1134 45 15 som

229 1164 38 19 äro
289 1161 113 22 behäftade
426 1161 48 21 med
488 1162 122 27 kvickdrag,
627 1163 87 25 kvarka,
731 1165 52 23 rots,
799 1162 128 27 springorm,
943 1162 38 21 döf

229 1197 73 24 koller,
326 1196 74 26 skabb,
426 1195 94 22 blindhet
540 1197 27 26 på
582 1197 69 26 bägge
666 1199 83 24 ögonen
765 1197 42 26 (för
822 1197 43 20 alla
880 1197 99 27 klasser),

229 1231 52 20 eller
305 1229 27 28 på
355 1231 32 20 ett
410 1232 39 25 öga
472 1231 42 26 (för
537 1230 193 27 artilleriklassen),
749 1231 52 21 eller
816 1231 65 27 något
897 1231 46 26 slag
958 1232 23 20 af

228 1264 89 21 halthet.
