1125 1764
366 146 30 22 U.
411 146 27 22 B.
456 159 24 2 —
495 147 74 28 Prop.
584 147 45 22 N:o
645 147 37 22 27.
843 148 27 21 29

145 214 78 20 nående
245 215 20 18 af
285 214 74 20 sådana
374 215 161 25 lagstadganden,
551 221 42 14 som
608 218 33 17 äro
656 217 52 18 mest
722 215 19 20 af
755 216 94 20 behofvet
863 215 35 26 på-

144 243 85 19 kallade.
258 243 46 19 Men
319 249 26 14 en
360 243 23 19 så
398 243 110 25 begränsad
521 244 120 25 förordning,
656 250 43 13 som
714 244 44 24 den,
773 244 82 20 hvilken
865 244 35 19 vid

145 275 80 16 senaste
235 271 95 26 landtdag
339 271 121 25 godkändes,
470 272 159 25 tillfredsställer,
641 272 62 25 enligt
713 272 44 19 mitt
768 272 131 25 förmenande,

144 299 44 20 icke
203 300 33 19 det
251 299 114 20 nuvarande
380 300 98 19 behofvet.

213 328 30 19 De
258 327 155 26 önskningsmäl,
428 328 66 19 hvilka
505 329 8 18 i
525 328 54 20 såväl
592 328 68 20 lands-
673 333 43 15 som
726 329 173 20 stadskommuner

144 356 46 20 med
206 356 88 25 sällsynt
304 357 156 25 enstämmighet
471 357 89 22 uttalats,
570 359 29 18 att
611 363 83 19 svagare
704 357 121 25 rusdrycker
837 357 62 20 måtte

144 385 133 20 underkastas
292 391 75 14 samma
382 385 148 26 bestämningar
545 392 43 13 som
603 386 24 19 de
639 386 93 22 starkare,
744 386 69 19 bevisa
824 388 30 17 att
864 386 35 19 det

144 415 55 18 stora
220 413 85 20 flertalet
326 414 21 19 af
369 413 43 21 vårt
427 414 39 20 folk
482 415 72 19 saknar
569 421 24 13 en
609 416 103 23 strängare
726 414 38 25 lag.
794 413 42 20 Och
851 414 7 19 i
873 420 25 14 en

144 443 37 19 sak
203 449 43 13 som
267 443 64 19 denna
346 443 36 19 bör
396 442 72 21 folkets
482 443 75 25 tydligt
571 443 88 20 uttalade
674 443 75 20 önskan
764 443 44 20 icke
822 443 77 20 lemnas

143 472 21 18 af
179 471 182 26 representationen
377 471 41 20 helt
432 471 37 20 och
484 472 62 19 hållet
561 472 101 20 obeaktad.

213 500 108 20 Dessutom
344 506 60 19 synes
425 500 34 20 det
480 501 41 24 mig
536 507 42 13 som
593 507 33 13 om
641 501 73 25 många
728 500 171 26 omständigheter

145 528 104 26 påkallade
267 528 122 21 åtminstone
404 529 61 25 något
479 529 70 25 längre
563 529 76 26 gående
655 529 128 26 stadganden.
812 529 46 20 Men
873 529 26 20 då

143 563 47 14 man
206 558 39 19 kan
259 559 60 18 vänta
334 558 37 19 och
387 558 82 25 hoppas,
484 560 29 17 att
527 558 69 25 frågan
612 564 33 13 om
657 558 118 25 försäljning
786 558 20 19 af
816 563 82 20 svagare

144 587 122 24 rusdrycker
288 587 88 18 kommer
398 588 28 17 att
444 587 19 19 af
478 587 144 19 vederbörande
637 587 76 19 utskott
728 587 131 19 underkastas
873 593 26 13 en

143 615 108 24 detaljerad
273 615 38 19 och
330 615 95 24 grundlig
442 615 98 25 pröfning,
556 615 22 20 så
593 615 35 20 ber
641 615 33 26 jag
689 617 29 18 att
733 615 50 20 blott
798 615 6 19 i
819 615 79 19 korthet

144 643 20 19 få
183 643 77 25 påpeka
275 643 61 25 några
350 643 174 25 omständigheter,
540 644 65 19 hvilka
620 644 96 19 föranledt
730 643 42 26 mig
786 645 30 18 att
830 644 6 19 i
853 644 45 19 mitt

144 671 160 26 motionsförslag
324 674 87 23 upptaga
425 673 58 18 äfven
499 671 73 20 sådana
587 673 153 24 bestämningar,
756 678 44 14 som
814 672 16 25 ej
848 672 49 19 före-

143 700 80 19 komma
237 701 8 18 i
260 700 34 20 det
309 701 34 18 vid
358 703 80 17 senaste
448 700 94 25 landtdag
553 701 106 24 godkända
668 700 229 25 författningsförslaget.

212 728 31 20 Då
257 729 62 25 enligt
333 729 142 25 förordningen
490 729 20 19 af
524 729 39 20 den
578 730 11 19 2
605 729 57 25 April
678 730 54 19 1883
748 729 149 20 stadsfullmäk-

143 757 42 25 tige
199 757 111 20 tillerkänts
325 757 106 25 afgörande
445 758 156 19 beslutanderätt
615 759 7 18 i
637 758 92 19 afseende
739 757 12 20 å
761 757 137 25 utskänkning

143 786 21 19 af
187 786 137 25 maltdrycker,
347 785 23 20 så
392 787 55 18 torde
470 786 123 25 stadganden
609 793 32 13 om
656 786 138 25 utskänkning
808 786 20 19 af
843 786 56 19 viner

144 815 37 19 och
203 815 62 18 andra
287 821 82 18 svagare
386 815 122 24 rusdrycker
522 815 43 20 icke
579 815 21 19 få
615 815 71 20 saknas
701 815 6 19 i
723 815 38 19 den
776 814 121 25 förordning,

143 849 44 13 som
202 843 103 25 angående
320 844 58 19 dessa
390 843 84 25 drycker
483 844 89 19 kommer
581 845 30 18 att
620 843 95 25 utfärdas,
725 843 119 25 isynnerhet
854 849 44 14 som

144 877 46 14 man
211 872 16 25 ej
251 871 36 20 har
306 872 31 25 sig
351 872 78 24 bekant,
444 874 36 17 när
494 872 40 19 den
548 872 58 25 länge
621 872 103 20 motsedda
739 872 72 24 nådiga
826 877 71 20 propo-

143 900 87 20 sitionen
245 900 102 25 angående
362 901 199 19 värdshusrörelsens
575 901 116 25 reglerande
705 901 89 18 kommer
804 902 28 17 att
843 902 54 17 stän-

143 928 62 20 derna
226 929 116 24 föreläggas.
372 929 38 19 För
431 929 149 24 ifrågavarande
598 929 87 19 starkare
700 929 86 24 drycker
800 928 97 19 erfordras

142 963 27 13 en
184 957 102 19 enahanda
301 957 32 25 lag
348 963 32 14 om
396 957 108 26 beviljande
519 957 20 19 af
553 957 250 25 utskänkningsrättighet,
815 962 43 14 som
869 957 29 18 för

143 985 136 25 maltdrycker
307 988 22 17 är
358 986 96 25 gällande.
491 986 134 20 Förenämnda
650 985 116 26 förordning
787 985 112 20 innehåller

144 1014 69 19 vidare
241 1014 103 25 angående
372 1014 117 25 försäljning
518 1015 20 18 af
565 1015 134 24 maltdrycker
724 1014 25 19 bl.
772 1021 18 12 a.
812 1013 86 26 följande

142 1042 134 25 stadganden:
292 1045 29 17 att
337 1043 135 25 berättigande
486 1045 29 17 att
529 1043 79 25 försälja
623 1043 133 24 maltdrycker
770 1043 31 18 till
814 1042 83 19 afhemt-

144 1071 49 25 ning
207 1071 43 20 icke
265 1071 82 20 innebär
362 1072 118 25 befogenhet
494 1073 30 18 att
538 1072 40 19 låta
593 1072 100 19 desamma
701 1067 12 34 ä
735 1071 67 20 stället
815 1071 83 19 förtäras

142 1101 22 24 (S
181 1100 18 24 9,
213 1105 60 14 mom.
290 1100 26 25 1);
332 1103 29 17 att
377 1100 95 25 rättighet
486 1101 31 19 till
531 1100 134 25 utskänkning
675 1101 19 18 af
703 1099 134 26 maltdrycker
847 1105 51 19 upp-

141 1128 53 19 låtes
212 1129 31 18 för
257 1129 60 25 högst
331 1129 34 19 två
380 1128 22 20 år
416 1129 6 18 i
438 1129 73 20 sender
525 1129 18 25 ($
561 1130 18 22 9,
593 1135 59 13 mom.
668 1129 29 25 2);
719 1131 30 17 att
763 1128 136 25 maltdrycker

142 1157 44 19 icke
202 1157 32 19 må
249 1157 89 25 försäljas
354 1157 11 20 å
381 1157 75 26 söndag
471 1157 19 26 ($
508 1158 43 25 14);
572 1159 30 18 att
617 1157 61 26 sagda
693 1157 84 24 drycker
791 1155 33 20 må
838 1157 59 18 hvar-

142 1186 40 19 ken
201 1185 95 26 utborgas
314 1186 50 19 eller
381 1188 42 17 mot
437 1189 49 22 pant
500 1186 70 19 aflåtas
585 1186 19 24 ($
621 1186 32 24 15,
668 1192 59 13 mom,
744 1186 29 24 1);
796 1187 30 18 att
840 1185 25 19 de
879 1185 18 24 ej

143 1213 34 20 må
191 1215 20 18 af
224 1214 101 25 försäljare
340 1214 68 20 såsom
422 1214 59 25 gåfva
493 1214 98 20 utlemnas
602 1216 30 18 att
641 1214 12 19 å
663 1214 67 19 stället
740 1215 83 18 förtäras
834 1215 18 24 ($
865 1214 32 23 15,

142 1248 59 13 mom.
219 1243 30 24 2);
270 1245 29 17 att
314 1243 136 24 maltdrycker
464 1243 44 19 icke
523 1243 33 19 må
570 1243 109 19 utskänkas
695 1242 20 19 åt
730 1243 44 24 den,
790 1248 43 13 som
849 1247 48 18 syn-

142 1270 89 25 barligen
253 1273 22 17 är
297 1271 120 20 öfverlastad
439 1271 37 20 och
490 1271 16 25 ej
523 1271 62 20 heller
600 1271 21 19 åt
635 1271 44 24 den,
695 1277 43 14 som
753 1271 43 19 icke
811 1269 87 26 uppnått

141 1299 77 20 femton
233 1299 22 20 år
269 1299 19 26 ($
306 1301 40 24 17).
377 1300 43 19 Kan
434 1300 34 19 det
482 1300 18 25 ej
515 1299 76 26 påstås,
606 1301 29 18 att
649 1305 51 19 nyss
715 1299 82 20 anförda
811 1299 86 19 bestäm-

142 1327 73 20 melser
229 1327 102 26 angående
345 1328 72 20 handel
432 1328 46 19 med
492 1329 134 24 maltdrycker
636 1329 51 18 varit
699 1328 111 24 förderfliga
820 1327 38 19 och
868 1327 31 19 för

142 1356 41 19 den
205 1356 53 20 skull
279 1357 61 19 borde
357 1357 119 26 upphäfvas,
491 1358 48 18 utan
553 1358 88 18 tvärtom
656 1357 75 19 enhvar
743 1356 64 19 måste
822 1355 76 25 medge,

141 1386 31 17 att
193 1385 59 19 dessa
272 1385 124 24 stadganden
415 1387 33 17 äro
466 1385 26 25 på
511 1386 31 18 sin
561 1386 53 24 plats
632 1385 37 19 och
683 1385 59 19 hafva
757 1383 141 21 åstadkommit

143 1412 81 24 mycket
241 1413 53 24 godt,
316 1413 23 20 så
353 1413 40 19 kan
407 1413 32 25 jag
453 1412 43 20 icke
511 1413 48 24 inse,
574 1413 90 19 hvarföre
679 1413 58 19 dessa
752 1413 20 18 af
786 1412 111 19 erfarenhe-

141 1441 36 19 ten
199 1441 104 24 godkända
325 1441 124 26 stadganden
465 1441 65 20 skulle
545 1441 98 20 uteslutas
657 1441 44 19 från
715 1441 39 19 den
768 1446 40 19 nya
822 1439 75 20 förord-

211 1479 183 19 Ekonomtutskottets
406 1479 112 19 betänkande
530 1479 37 19 N:o
579 1479 30 18 10.
