1125 1770
287 155 25 19 10
471 154 29 21 U.
516 154 27 21 B.
559 165 26 3 —
601 153 75 28 Prop.
692 153 45 22 N:o
753 152 39 23 29.

257 219 50 28 liga
335 218 166 29 stadganden,
522 218 35 22 till
575 218 86 22 hvilka
681 217 155 23 Ständernas
855 217 154 22 medverkan

257 253 53 22 icke
328 252 155 29 påkallades.

326 287 201 22 Vidkommande
553 287 91 29 frågan
671 293 40 15 om
730 286 129 22 arbetares
878 285 132 22 säkerstäl-

257 321 75 22 lande
360 323 66 20 emot
452 321 31 22 de
510 321 162 22 ekonomiska
691 321 125 28 följderna
835 320 26 22 af
878 319 131 29 olycksfall

257 355 7 22 i
284 355 96 23 arbetet
398 355 46 22 har
463 355 72 22 Hans
554 355 140 30 Kejserliga
712 355 116 28 Majestät
847 355 119 25 deremot,
977 354 32 28 på

259 390 31 22 de
308 390 8 22 i
335 390 49 22 den
402 390 94 29 nådiga
514 390 189 28 propositionen
716 389 151 22 framhållna
880 389 62 26 skäl,
956 389 54 21 fun-

259 425 36 21 nit
313 431 31 15 en
363 424 80 22 sådan
467 424 158 29 lagstiftning
643 424 8 21 i
669 425 91 25 ämnet,
772 430 53 15 som
844 423 89 22 endast
952 423 57 21 fast-

257 458 80 23 stälde
378 458 196 29 arbetsgifvares
610 458 298 28 ersättningsskyldighet
937 457 8 22 i
975 464 34 14 nu

257 493 197 28 ifrägavarande
482 492 118 23 afseende
627 492 46 22 och
701 492 109 29 angäfve
834 492 30 22 de
884 492 125 22 allmänna

257 527 153 29 grunderna,
439 527 78 28 enligt
543 527 86 22 hvilka
651 527 173 28 ersättningen
842 526 79 22 borde
939 526 68 28 utgä,

259 562 54 21 icke
332 562 83 28 egnad
434 562 36 21 att
487 561 139 29 behörigen
645 561 148 22 säkerställa
812 560 134 22 arbetaren
958 562 51 20 mot

258 595 126 29 följderna
413 596 25 21 af
464 596 138 27 olycksfall,
630 595 104 22 hvarför
761 595 42 22 det
821 595 8 21 i
848 595 48 21 den
914 594 94 29 nådiga

257 630 189 28 propositionen
465 630 36 22 till
521 630 156 22 Ständernas
692 629 175 28 bepröfvande
879 628 129 23 öfverlem-

258 664 65 22 nade
341 664 284 29 författningsförslaget
643 665 29 21 är
690 664 81 28 bygdt
795 664 33 28 pä
849 663 159 29 grundvalen

258 698 25 22 af
301 698 164 29 obligatorisk
483 698 151 29 försäkring.

326 836 55 22 Den
400 835 137 23 statistiska
556 836 143 28 utredning,
718 835 103 23 hvilken
840 835 26 22 af
885 835 124 22 arbetare-

258 870 269 28 försäkringskomitö6n
546 870 181 26 införskaffats,
747 870 47 21 har
813 870 144 29 ådagalagt,
974 871 36 20 att

259 904 48 22 den
325 904 148 22 industriela
493 905 192 22 verksamheten
704 904 7 21 i
730 904 107 22 Finland
856 904 90 22 vunnit
968 903 41 23 det

258 939 110 28 omfäng,
389 940 35 21 att
442 939 67 22 inom
532 939 145 22 densamma
696 939 104 22 svärare
819 938 131 29 olycksfall
964 938 8 22 i
986 939 21 28 ej

258 974 73 28 ringa
351 973 68 22 antal
436 973 163 23 förekomma.
628 973 35 22 Ur
682 973 110 22 nämnda
810 973 198 29 undersökning,

257 1008 103 22 hvilken
388 1008 28 21 är
441 1007 70 30 bygd
538 1008 32 28 pä
597 1007 128 30 uppgifter
751 1007 58 22 frän
836 1007 77 27 3,267
943 1007 66 23 olika

259 1042 173 23 arbetsställen
461 1043 57 21 med
549 1042 183 29 sammanlagdt
762 1042 95 26 44,993
886 1042 122 26 arbetare,

258 1077 91 22 hvaraf
376 1077 36 22 till
438 1077 49 22 den
515 1077 125 28 egentliga
664 1077 126 22 industrin
808 1077 63 22 böra
889 1077 120 22 hänföras

262 1111 76 26 1,889
366 1111 174 22 arbetsställen
565 1111 56 22 med
640 1111 95 26 26,618
756 1111 123 26 arbetare,
898 1111 112 29 framgär

257 1146 134 28 nemligen,
412 1147 35 20 att
460 1145 14 22 ä
494 1145 73 23 dessa
587 1145 179 28 arbetsplatser
786 1145 81 22 under
885 1145 125 29 förloppet

260 1180 25 21 af
311 1181 34 20 ett
364 1179 28 22 är
410 1179 114 22 inträffat
545 1180 87 22 inalles
651 1179 50 22 953
721 1179 139 28 olycksfall,
881 1179 24 22 af
923 1179 86 22 hvilka

259 1215 32 21 63
325 1213 55 22 haft
407 1214 50 22 död
484 1214 36 22 till
550 1213 96 29 påföljd
678 1215 64 20 samt
775 1214 49 22 155
855 1213 156 23 efterlemnat

259 1248 129 29 varaktigt
414 1255 57 15 men
497 1248 40 23 för
564 1248 158 22 äterstäende
740 1248 78 23 lifstid
838 1248 171 28 (invaliditet);

259 1282 72 23 deraf
356 1282 100 28 belöpte
484 1282 38 29 sig
549 1283 32 28 pä
603 1283 48 21 den
671 1282 125 29 egentliga
814 1282 126 23 industrin
958 1283 51 22 537

258 1317 198 26 kroppsskador,
476 1316 77 21 bland
571 1316 86 21 hvilka
678 1317 31 19 13
729 1316 73 21 döds-
815 1317 46 20 och
877 1317 32 20 97
923 1317 87 20 invali-

259 1349 126 22 ditetsfall.
422 1349 98 22 Härvid
549 1349 45 21 bör
621 1349 64 21 dock
704 1350 142 25 anmärkas,
868 1350 35 21 att
921 1350 89 21 under-

259 1383 141 29 sökningen
425 1382 115 23 omfattat
567 1382 88 23 endast
683 1389 30 15 en
732 1382 41 23 del
792 1383 175 23 arbetsställen
986 1383 25 22 af

258 1417 197 29 ifrägavarande
474 1417 183 23 beskaffenhet.
696 1417 112 23 Sälunda
827 1418 75 28 utgör
914 1418 42 22 det
969 1424 41 16 an-

259 1452 72 22 förda
351 1452 93 22 antalet
462 1451 224 23 industriarbetare
707 1452 90 22 endast
815 1452 116 30 omkring
949 1452 61 22 hälf-

327 1496 49 22 Lag-
390 1495 31 17 och
434 1494 181 18 Ekonomiutskottets
627 1495 110 17 betänkande
750 1495 38 18 N:o
800 1495 28 17 12.
