<?xml version="1.0" encoding="UTF-8"?>
<alto xmlns="http://www.loc.gov/standards/alto/ns-v3#" xmlns:xlink="http://www.w3.org/1999/xlink" xmlns:xsi="http://www.w3.org/2001/XMLSchema-instance" xsi:schemaLocation="http://www.loc.gov/standards/alto/ns-v3# http://www.loc.gov/alto/v3/alto-3-0.xsd">
	<Description>
		<MeasurementUnit>pixel</MeasurementUnit>
		<sourceImageInformation>
			<fileName>/tmp/tess_ad3b5si4_input.PNG</fileName>
		</sourceImageInformation>
		<OCRProcessing ID="OCR_0">
			<ocrProcessingStep>
				<processingSoftware>
					<softwareName>tesseract 5.3.4</softwareName>
				</processingSoftware>
			</ocrProcessingStep>
		</OCRProcessing>
	</Description>
	<Layout>
		<Page WIDTH="1111" HEIGHT="1739" PHYSICAL_IMG_NR="0" ID="page_0">
			<PrintSpace HPOS="0" VPOS="0" WIDTH="1111" HEIGHT="1739">
				<ComposedBlock ID="cblock_0" HPOS="470" VPOS="141" WIDTH="398" HEIGHT="25">
					<TextBlock ID="block_0" HPOS="470" VPOS="141" WIDTH="398" HEIGHT="25">
						<TextLine ID="line_0" HPOS="470" VPOS="141" WIDTH="398" HEIGHT="25">
							<String ID="string_0" HPOS="470" VPOS="142" WIDTH="45" HEIGHT="24" WC="0.95" CONTENT="N:o"/><SP WIDTH="20" VPOS="142" HPOS="515"/>
							<String ID="string_1" HPOS="535" VPOS="143" WIDTH="37" HEIGHT="23" WC="0.96" CONTENT="32."/><SP WIDTH="278" VPOS="143" HPOS="572"/>
							<String ID="string_2" HPOS="850" VPOS="141" WIDTH="18" HEIGHT="21" WC="0.75" CONTENT="v"/>
						</TextLine>
					</TextBlock>
				</ComposedBlock>
				<ComposedBlock ID="cblock_1" HPOS="148" VPOS="210" WIDTH="750" HEIGHT="338">
					<TextBlock ID="block_1" HPOS="499" VPOS="210" WIDTH="47" HEIGHT="27">
						<TextLine ID="line_1" HPOS="499" VPOS="210" WIDTH="47" HEIGHT="27">
							<String ID="string_3" HPOS="499" VPOS="210" WIDTH="11" HEIGHT="27" WC="0.89" CONTENT="8"/><SP WIDTH="15" VPOS="210" HPOS="510"/>
							<String ID="string_4" HPOS="525" VPOS="210" WIDTH="21" HEIGHT="20" WC="0.89" CONTENT="4."/>
						</TextLine>
					</TextBlock>
					<TextBlock ID="block_2" HPOS="148" VPOS="241" WIDTH="750" HEIGHT="238">
						<TextLine ID="line_2" HPOS="216" VPOS="241" WIDTH="681" HEIGHT="34">
							<String ID="string_5" HPOS="216" VPOS="241" WIDTH="19" HEIGHT="27" WC="0.90" CONTENT="Ä"/><SP WIDTH="16" VPOS="241" HPOS="235"/>
							<String ID="string_6" HPOS="251" VPOS="247" WIDTH="225" HEIGHT="28" WC="0.92" CONTENT="Generalguvernören"/><SP WIDTH="18" VPOS="247" HPOS="476"/>
							<String ID="string_7" HPOS="494" VPOS="248" WIDTH="58" HEIGHT="22" WC="0.96" CONTENT="öfver"/><SP WIDTH="15" VPOS="248" HPOS="552"/>
							<String ID="string_8" HPOS="567" VPOS="248" WIDTH="92" HEIGHT="22" WC="0.93" CONTENT="Finland"/><SP WIDTH="15" VPOS="248" HPOS="659"/>
							<String ID="string_9" HPOS="674" VPOS="249" WIDTH="123" HEIGHT="21" WC="0.92" CONTENT="ankommer"/><SP WIDTH="16" VPOS="249" HPOS="797"/>
							<String ID="string_10" HPOS="813" VPOS="250" WIDTH="32" HEIGHT="20" WC="0.93" CONTENT="att"/><SP WIDTH="16" VPOS="250" HPOS="845"/>
							<String ID="string_11" HPOS="861" VPOS="255" WIDTH="36" HEIGHT="15" WC="0.92" CONTENT="en-"/>
						</TextLine>
						<TextLine ID="line_3" HPOS="150" VPOS="281" WIDTH="747" HEIGHT="28">
							<String ID="string_12" HPOS="150" VPOS="281" WIDTH="39" HEIGHT="27" WC="0.91" CONTENT="ligt"/><SP WIDTH="22" VPOS="281" HPOS="189"/>
							<String ID="string_13" HPOS="211" VPOS="282" WIDTH="26" HEIGHT="21" WC="0.96" CONTENT="de"/><SP WIDTH="22" VPOS="282" HPOS="237"/>
							<String ID="string_14" HPOS="259" VPOS="281" WIDTH="34" HEIGHT="22" WC="0.92" CONTENT="för"/><SP WIDTH="21" VPOS="281" HPOS="293"/>
							<String ID="string_15" HPOS="314" VPOS="282" WIDTH="92" HEIGHT="27" WC="0.91" CONTENT="krigstid"/><SP WIDTH="22" VPOS="282" HPOS="406"/>
							<String ID="string_16" HPOS="428" VPOS="282" WIDTH="99" HEIGHT="27" WC="0.92" CONTENT="gällande"/><SP WIDTH="14" VPOS="282" HPOS="527"/>
							<String ID="string_17" HPOS="541" VPOS="284" WIDTH="98" HEIGHT="20" WC="0.92" CONTENT="staterna"/><SP WIDTH="15" VPOS="284" HPOS="639"/>
							<String ID="string_18" HPOS="654" VPOS="282" WIDTH="79" HEIGHT="27" WC="0.91" CONTENT="afgöra,"/><SP WIDTH="15" VPOS="282" HPOS="733"/>
							<String ID="string_19" HPOS="748" VPOS="283" WIDTH="57" HEIGHT="21" WC="0.93" CONTENT="huru"/><SP WIDTH="14" VPOS="283" HPOS="805"/>
							<String ID="string_20" HPOS="819" VPOS="283" WIDTH="78" HEIGHT="26" WC="0.91" CONTENT="mänga"/>
						</TextLine>
						<TextLine ID="line_4" HPOS="148" VPOS="315" WIDTH="749" HEIGHT="29">
							<String ID="string_21" HPOS="148" VPOS="315" WIDTH="75" HEIGHT="22" WC="0.96" CONTENT="hästar"/><SP WIDTH="16" VPOS="315" HPOS="223"/>
							<String ID="string_22" HPOS="239" VPOS="316" WIDTH="22" HEIGHT="21" WC="0.93" CONTENT="af"/><SP WIDTH="12" VPOS="316" HPOS="261"/>
							<String ID="string_23" HPOS="273" VPOS="316" WIDTH="74" HEIGHT="28" WC="0.96" CONTENT="hvarje"/><SP WIDTH="14" VPOS="316" HPOS="347"/>
							<String ID="string_24" HPOS="361" VPOS="316" WIDTH="58" HEIGHT="21" WC="0.96" CONTENT="klass"/><SP WIDTH="16" VPOS="316" HPOS="419"/>
							<String ID="string_25" HPOS="435" VPOS="316" WIDTH="61" HEIGHT="22" WC="0.96" CONTENT="skola"/><SP WIDTH="14" VPOS="316" HPOS="496"/>
							<String ID="string_26" HPOS="510" VPOS="316" WIDTH="33" HEIGHT="22" WC="0.93" CONTENT="för"/><SP WIDTH="14" VPOS="316" HPOS="543"/>
							<String ID="string_27" HPOS="557" VPOS="316" WIDTH="72" HEIGHT="28" WC="0.96" CONTENT="hvarje"/><SP WIDTH="15" VPOS="316" HPOS="629"/>
							<String ID="string_28" HPOS="644" VPOS="318" WIDTH="72" HEIGHT="26" WC="0.93" CONTENT="trupp,"/><SP WIDTH="12" VPOS="318" HPOS="716"/>
							<String ID="string_29" HPOS="728" VPOS="316" WIDTH="169" HEIGHT="27" WC="0.91" CONTENT="militärstyrelse"/>
						</TextLine>
						<TextLine ID="line_5" HPOS="149" VPOS="349" WIDTH="748" HEIGHT="23">
							<String ID="string_30" HPOS="149" VPOS="349" WIDTH="39" HEIGHT="21" WC="0.93" CONTENT="och"/><SP WIDTH="21" VPOS="349" HPOS="188"/>
							<String ID="string_31" HPOS="209" VPOS="350" WIDTH="137" HEIGHT="21" WC="0.89" CONTENT="mobiliserad"/><SP WIDTH="22" VPOS="350" HPOS="346"/>
							<String ID="string_32" HPOS="368" VPOS="350" WIDTH="100" HEIGHT="22" WC="0.89" CONTENT="sanitets-"/><SP WIDTH="23" VPOS="350" HPOS="468"/>
							<String ID="string_33" HPOS="491" VPOS="350" WIDTH="50" HEIGHT="22" WC="0.96" CONTENT="eller"/><SP WIDTH="22" VPOS="350" HPOS="541"/>
							<String ID="string_34" HPOS="563" VPOS="357" WIDTH="71" HEIGHT="15" WC="0.95" CONTENT="annan"/><SP WIDTH="15" VPOS="357" HPOS="634"/>
							<String ID="string_35" HPOS="649" VPOS="350" WIDTH="116" HEIGHT="22" WC="0.93" CONTENT="formation"/><SP WIDTH="15" VPOS="350" HPOS="765"/>
							<String ID="string_36" HPOS="780" VPOS="349" WIDTH="117" HEIGHT="23" WC="0.91" CONTENT="utskrifvas"/>
						</TextLine>
						<TextLine ID="line_6" HPOS="149" VPOS="383" WIDTH="749" HEIGHT="28">
							<String ID="string_37" HPOS="149" VPOS="384" WIDTH="55" HEIGHT="20" WC="0.95" CONTENT="samt"/><SP WIDTH="23" VPOS="384" HPOS="204"/>
							<String ID="string_38" HPOS="227" VPOS="385" WIDTH="33" HEIGHT="19" WC="0.96" CONTENT="att"/><SP WIDTH="22" VPOS="385" HPOS="260"/>
							<String ID="string_39" HPOS="282" VPOS="383" WIDTH="69" HEIGHT="22" WC="0.95" CONTENT="tillika"/><SP WIDTH="21" VPOS="383" HPOS="351"/>
							<String ID="string_40" HPOS="372" VPOS="383" WIDTH="119" HEIGHT="22" WC="0.96" CONTENT="bestämma"/><SP WIDTH="23" VPOS="383" HPOS="491"/>
							<String ID="string_41" HPOS="514" VPOS="384" WIDTH="36" HEIGHT="21" WC="0.96" CONTENT="det"/><SP WIDTH="15" VPOS="384" HPOS="550"/>
							<String ID="string_42" HPOS="565" VPOS="384" WIDTH="65" HEIGHT="26" WC="0.96" CONTENT="antal,"/><SP WIDTH="16" VPOS="384" HPOS="630"/>
							<String ID="string_43" HPOS="646" VPOS="390" WIDTH="46" HEIGHT="16" WC="0.96" CONTENT="som"/><SP WIDTH="15" VPOS="390" HPOS="692"/>
							<String ID="string_44" HPOS="707" VPOS="384" WIDTH="40" HEIGHT="21" WC="0.93" CONTENT="bör"/><SP WIDTH="15" VPOS="384" HPOS="747"/>
							<String ID="string_45" HPOS="762" VPOS="385" WIDTH="87" HEIGHT="26" WC="0.91" CONTENT="uttagas"/><SP WIDTH="15" VPOS="385" HPOS="849"/>
							<String ID="string_46" HPOS="864" VPOS="383" WIDTH="34" HEIGHT="21" WC="0.96" CONTENT="för"/>
						</TextLine>
						<TextLine ID="line_7" HPOS="148" VPOS="416" WIDTH="749" HEIGHT="29">
							<String ID="string_47" HPOS="148" VPOS="416" WIDTH="110" HEIGHT="22" WC="0.96" CONTENT="bildandet"/><SP WIDTH="15" VPOS="416" HPOS="258"/>
							<String ID="string_48" HPOS="273" VPOS="416" WIDTH="22" HEIGHT="22" WC="0.93" CONTENT="af"/><SP WIDTH="14" VPOS="416" HPOS="295"/>
							<String ID="string_49" HPOS="309" VPOS="417" WIDTH="95" HEIGHT="27" WC="0.91" CONTENT="depoter,"/><SP WIDTH="16" VPOS="417" HPOS="404"/>
							<String ID="string_50" HPOS="420" VPOS="417" WIDTH="71" HEIGHT="22" WC="0.92" CONTENT="derest"/><SP WIDTH="15" VPOS="417" HPOS="491"/>
							<String ID="string_51" HPOS="506" VPOS="418" WIDTH="81" HEIGHT="21" WC="0.96" CONTENT="sådana"/><SP WIDTH="14" VPOS="418" HPOS="587"/>
							<String ID="string_52" HPOS="601" VPOS="417" WIDTH="33" HEIGHT="22" WC="0.93" CONTENT="för"/><SP WIDTH="15" VPOS="417" HPOS="634"/>
							<String ID="string_53" HPOS="649" VPOS="418" WIDTH="92" HEIGHT="27" WC="0.92" CONTENT="fyllande"/><SP WIDTH="16" VPOS="418" HPOS="741"/>
							<String ID="string_54" HPOS="757" VPOS="418" WIDTH="22" HEIGHT="21" WC="0.93" CONTENT="af"/><SP WIDTH="13" VPOS="418" HPOS="779"/>
							<String ID="string_55" HPOS="792" VPOS="416" WIDTH="105" HEIGHT="23" WC="0.91" CONTENT="tilläfven-"/>
						</TextLine>
						<TextLine ID="line_8" HPOS="148" VPOS="451" WIDTH="617" HEIGHT="28">
							<String ID="string_56" HPOS="148" VPOS="453" WIDTH="44" HEIGHT="25" WC="0.91" CONTENT="tyrs"/><SP WIDTH="15" VPOS="453" HPOS="192"/>
							<String ID="string_57" HPOS="207" VPOS="451" WIDTH="70" HEIGHT="22" WC="0.96" CONTENT="under"/><SP WIDTH="14" VPOS="451" HPOS="277"/>
							<String ID="string_58" HPOS="291" VPOS="452" WIDTH="70" HEIGHT="27" WC="0.96" CONTENT="kriget"/><SP WIDTH="14" VPOS="452" HPOS="361"/>
							<String ID="string_59" HPOS="375" VPOS="452" WIDTH="173" HEIGHT="27" WC="0.96" CONTENT="uppkommande"/><SP WIDTH="13" VPOS="452" HPOS="548"/>
							<String ID="string_60" HPOS="561" VPOS="452" WIDTH="75" HEIGHT="22" WC="0.96" CONTENT="luckor"/><SP WIDTH="15" VPOS="452" HPOS="636"/>
							<String ID="string_61" HPOS="651" VPOS="452" WIDTH="114" HEIGHT="22" WC="0.96" CONTENT="anordnas."/>
						</TextLine>
					</TextBlock>
					<TextBlock ID="block_3" HPOS="149" VPOS="485" WIDTH="748" HEIGHT="63">
						<TextLine ID="line_9" HPOS="216" VPOS="485" WIDTH="681" HEIGHT="29">
							<String ID="string_62" HPOS="216" VPOS="485" WIDTH="43" HEIGHT="22" WC="0.96" CONTENT="Det"/><SP WIDTH="14" VPOS="485" HPOS="259"/>
							<String ID="string_63" HPOS="273" VPOS="486" WIDTH="92" HEIGHT="21" WC="0.93" CONTENT="sålunda"/><SP WIDTH="14" VPOS="486" HPOS="365"/>
							<String ID="string_64" HPOS="379" VPOS="486" WIDTH="115" HEIGHT="22" WC="0.93" CONTENT="faststälda"/><SP WIDTH="15" VPOS="486" HPOS="494"/>
							<String ID="string_65" HPOS="509" VPOS="487" WIDTH="82" HEIGHT="21" WC="0.96" CONTENT="antalet"/><SP WIDTH="15" VPOS="487" HPOS="591"/>
							<String ID="string_66" HPOS="606" VPOS="486" WIDTH="92" HEIGHT="22" WC="0.96" CONTENT="fördelas"/><SP WIDTH="15" VPOS="486" HPOS="698"/>
							<String ID="string_67" HPOS="713" VPOS="487" WIDTH="30" HEIGHT="27" WC="0.96" CONTENT="på"/><SP WIDTH="13" VPOS="487" HPOS="743"/>
							<String ID="string_68" HPOS="756" VPOS="486" WIDTH="85" HEIGHT="23" WC="0.93" CONTENT="landets"/><SP WIDTH="10" VPOS="486" HPOS="841"/>
							<String ID="string_69" HPOS="851" VPOS="488" WIDTH="46" HEIGHT="19" WC="0.90" CONTENT="sär-"/>
						</TextLine>
						<TextLine ID="line_10" HPOS="149" VPOS="519" WIDTH="537" HEIGHT="29">
							<String ID="string_70" HPOS="149" VPOS="519" WIDTH="68" HEIGHT="22" WC="0.96" CONTENT="skilda"/><SP WIDTH="16" VPOS="519" HPOS="217"/>
							<String ID="string_71" HPOS="233" VPOS="520" WIDTH="58" HEIGHT="21" WC="0.96" CONTENT="delar"/><SP WIDTH="15" VPOS="520" HPOS="291"/>
							<String ID="string_72" HPOS="306" VPOS="520" WIDTH="49" HEIGHT="22" WC="0.96" CONTENT="med"/><SP WIDTH="14" VPOS="520" HPOS="355"/>
							<String ID="string_73" HPOS="369" VPOS="520" WIDTH="82" HEIGHT="28" WC="0.96" CONTENT="hänsyn"/><SP WIDTH="16" VPOS="520" HPOS="451"/>
							<String ID="string_74" HPOS="467" VPOS="521" WIDTH="32" HEIGHT="21" WC="0.93" CONTENT="till"/><SP WIDTH="15" VPOS="521" HPOS="499"/>
							<String ID="string_75" HPOS="514" VPOS="520" WIDTH="172" HEIGHT="28" WC="0.90" CONTENT="hästtillgången."/>
						</TextLine>
					</TextBlock>
				</ComposedBlock>
				<ComposedBlock ID="cblock_2" HPOS="148" VPOS="584" WIDTH="751" HEIGHT="445">
					<TextBlock ID="block_4" HPOS="498" VPOS="584" WIDTH="48" HEIGHT="28">
						<TextLine ID="line_11" HPOS="498" VPOS="584" WIDTH="48" HEIGHT="28">
							<String ID="string_76" HPOS="498" VPOS="584" WIDTH="12" HEIGHT="28" WC="0.64" CONTENT="8"/><SP WIDTH="16" VPOS="584" HPOS="510"/>
							<String ID="string_77" HPOS="526" VPOS="585" WIDTH="20" HEIGHT="21" WC="0.64" CONTENT="5."/>
						</TextLine>
					</TextBlock>
					<TextBlock ID="block_5" HPOS="148" VPOS="622" WIDTH="751" HEIGHT="98">
						<TextLine ID="line_12" HPOS="216" VPOS="622" WIDTH="681" HEIGHT="29">
							<String ID="string_78" HPOS="216" VPOS="622" WIDTH="32" HEIGHT="22" WC="0.95" CONTENT="De"/><SP WIDTH="22" VPOS="622" HPOS="248"/>
							<String ID="string_79" HPOS="270" VPOS="623" WIDTH="81" HEIGHT="27" WC="0.96" CONTENT="hästar,"/><SP WIDTH="19" VPOS="623" HPOS="351"/>
							<String ID="string_80" HPOS="370" VPOS="629" WIDTH="46" HEIGHT="16" WC="0.96" CONTENT="som"/><SP WIDTH="15" VPOS="629" HPOS="416"/>
							<String ID="string_81" HPOS="431" VPOS="623" WIDTH="66" HEIGHT="28" WC="0.96" CONTENT="enligt"/><SP WIDTH="15" VPOS="623" HPOS="497"/>
							<String ID="string_82" HPOS="512" VPOS="624" WIDTH="145" HEIGHT="27" WC="0.96" CONTENT="fördelningen"/><SP WIDTH="15" VPOS="624" HPOS="657"/>
							<String ID="string_83" HPOS="672" VPOS="624" WIDTH="54" HEIGHT="22" WC="0.96" CONTENT="böra"/><SP WIDTH="14" VPOS="624" HPOS="726"/>
							<String ID="string_84" HPOS="740" VPOS="624" WIDTH="53" HEIGHT="27" WC="0.96" CONTENT="utgå"/><SP WIDTH="15" VPOS="624" HPOS="793"/>
							<String ID="string_85" HPOS="808" VPOS="623" WIDTH="47" HEIGHT="22" WC="0.96" CONTENT="från"/><SP WIDTH="16" VPOS="623" HPOS="855"/>
							<String ID="string_86" HPOS="871" VPOS="629" WIDTH="26" HEIGHT="15" WC="0.96" CONTENT="en"/>
						</TextLine>
						<TextLine ID="line_13" HPOS="148" VPOS="657" WIDTH="751" HEIGHT="30">
							<String ID="string_87" HPOS="148" VPOS="657" WIDTH="103" HEIGHT="27" WC="0.93" CONTENT="landsdel,"/><SP WIDTH="23" VPOS="657" HPOS="251"/>
							<String ID="string_88" HPOS="274" VPOS="659" WIDTH="94" HEIGHT="27" WC="0.91" CONTENT="uttagas,"/><SP WIDTH="22" VPOS="659" HPOS="368"/>
							<String ID="string_89" HPOS="390" VPOS="658" WIDTH="34" HEIGHT="22" WC="0.93" CONTENT="för"/><SP WIDTH="18" VPOS="658" HPOS="424"/>
							<String ID="string_90" HPOS="442" VPOS="659" WIDTH="70" HEIGHT="22" WC="0.90" CONTENT="såvidt"/><SP WIDTH="15" VPOS="659" HPOS="512"/>
							<String ID="string_91" HPOS="527" VPOS="660" WIDTH="18" HEIGHT="27" WC="0.96" CONTENT="ej"/><SP WIDTH="16" VPOS="660" HPOS="545"/>
							<String ID="string_92" HPOS="561" VPOS="660" WIDTH="37" HEIGHT="21" WC="0.96" CONTENT="det"/><SP WIDTH="15" VPOS="660" HPOS="598"/>
							<String ID="string_93" HPOS="613" VPOS="659" WIDTH="79" HEIGHT="27" WC="0.96" CONTENT="nödiga"/><SP WIDTH="14" VPOS="659" HPOS="692"/>
							<String ID="string_94" HPOS="706" VPOS="658" WIDTH="83" HEIGHT="23" WC="0.96" CONTENT="antalet"/><SP WIDTH="13" VPOS="658" HPOS="789"/>
							<String ID="string_95" HPOS="802" VPOS="658" WIDTH="97" HEIGHT="27" WC="0.96" CONTENT="frivilligt"/>
						</TextLine>
						<TextLine ID="line_14" HPOS="149" VPOS="691" WIDTH="675" HEIGHT="29">
							<String ID="string_96" HPOS="149" VPOS="691" WIDTH="104" HEIGHT="28" WC="0.96" CONTENT="erbjudes,"/><SP WIDTH="16" VPOS="691" HPOS="253"/>
							<String ID="string_97" HPOS="269" VPOS="698" WIDTH="76" HEIGHT="21" WC="0.96" CONTENT="genom"/><SP WIDTH="14" VPOS="698" HPOS="345"/>
							<String ID="string_98" HPOS="359" VPOS="691" WIDTH="100" HEIGHT="28" WC="0.96" CONTENT="lottning,"/><SP WIDTH="16" VPOS="691" HPOS="459"/>
							<String ID="string_99" HPOS="475" VPOS="693" WIDTH="29" HEIGHT="27" WC="0.97" CONTENT="pä"/><SP WIDTH="14" VPOS="693" HPOS="504"/>
							<String ID="string_100" HPOS="518" VPOS="695" WIDTH="45" HEIGHT="20" WC="0.96" CONTENT="sätt"/><SP WIDTH="15" VPOS="695" HPOS="563"/>
							<String ID="string_101" HPOS="578" VPOS="693" WIDTH="72" HEIGHT="22" WC="0.96" CONTENT="derom"/><SP WIDTH="14" VPOS="693" HPOS="650"/>
							<String ID="string_102" HPOS="664" VPOS="693" WIDTH="8" HEIGHT="21" WC="0.93" CONTENT="i"/><SP WIDTH="16" VPOS="693" HPOS="672"/>
							<String ID="string_103" HPOS="688" VPOS="693" WIDTH="11" HEIGHT="27" WC="0.91" CONTENT="&amp;"/><SP WIDTH="16" VPOS="693" HPOS="699"/>
							<String ID="string_104" HPOS="715" VPOS="694" WIDTH="26" HEIGHT="21" WC="0.96" CONTENT="28"/><SP WIDTH="16" VPOS="694" HPOS="741"/>
							<String ID="string_105" HPOS="757" VPOS="694" WIDTH="67" HEIGHT="25" WC="0.95" CONTENT="säges."/>
						</TextLine>
					</TextBlock>
					<TextBlock ID="block_6" HPOS="149" VPOS="725" WIDTH="749" HEIGHT="92">
						<TextLine ID="line_15" HPOS="216" VPOS="725" WIDTH="681" HEIGHT="29">
							<String ID="string_106" HPOS="216" VPOS="725" WIDTH="48" HEIGHT="22" WC="0.96" CONTENT="Kan"/><SP WIDTH="23" VPOS="725" HPOS="264"/>
							<String ID="string_107" HPOS="287" VPOS="727" WIDTH="58" HEIGHT="21" WC="0.96" CONTENT="inom"/><SP WIDTH="22" VPOS="727" HPOS="345"/>
							<String ID="string_108" HPOS="367" VPOS="727" WIDTH="32" HEIGHT="20" WC="0.93" CONTENT="ett"/><SP WIDTH="21" VPOS="727" HPOS="399"/>
							<String ID="string_109" HPOS="420" VPOS="727" WIDTH="191" HEIGHT="27" WC="0.91" CONTENT="lottningsområde"/><SP WIDTH="23" VPOS="727" HPOS="611"/>
							<String ID="string_110" HPOS="634" VPOS="727" WIDTH="36" HEIGHT="21" WC="0.96" CONTENT="det"/><SP WIDTH="18" VPOS="727" HPOS="670"/>
							<String ID="string_111" HPOS="688" VPOS="727" WIDTH="112" HEIGHT="22" WC="0.96" CONTENT="bestämda"/><SP WIDTH="15" VPOS="727" HPOS="800"/>
							<String ID="string_112" HPOS="815" VPOS="727" WIDTH="82" HEIGHT="21" WC="0.96" CONTENT="antalet"/>
						</TextLine>
						<TextLine ID="line_16" HPOS="149" VPOS="759" WIDTH="749" HEIGHT="29">
							<String ID="string_113" HPOS="149" VPOS="759" WIDTH="74" HEIGHT="23" WC="0.95" CONTENT="hästar"/><SP WIDTH="24" VPOS="759" HPOS="223"/>
							<String ID="string_114" HPOS="247" VPOS="761" WIDTH="18" HEIGHT="26" WC="0.96" CONTENT="ej"/><SP WIDTH="16" VPOS="761" HPOS="265"/>
							<String ID="string_115" HPOS="281" VPOS="761" WIDTH="98" HEIGHT="27" WC="0.95" CONTENT="erhållas,"/><SP WIDTH="15" VPOS="761" HPOS="379"/>
							<String ID="string_116" HPOS="394" VPOS="761" WIDTH="35" HEIGHT="22" WC="0.96" CONTENT="må"/><SP WIDTH="15" VPOS="761" HPOS="429"/>
							<String ID="string_117" HPOS="444" VPOS="761" WIDTH="36" HEIGHT="22" WC="0.96" CONTENT="det"/><SP WIDTH="15" VPOS="761" HPOS="480"/>
							<String ID="string_118" HPOS="495" VPOS="761" WIDTH="109" HEIGHT="22" WC="0.92" CONTENT="bristande"/><SP WIDTH="15" VPOS="761" HPOS="604"/>
							<String ID="string_119" HPOS="619" VPOS="762" WIDTH="88" HEIGHT="26" WC="0.91" CONTENT="uttagas"/><SP WIDTH="15" VPOS="762" HPOS="707"/>
							<String ID="string_120" HPOS="722" VPOS="768" WIDTH="26" HEIGHT="15" WC="0.96" CONTENT="ur"/><SP WIDTH="16" VPOS="768" HPOS="748"/>
							<String ID="string_121" HPOS="764" VPOS="762" WIDTH="67" HEIGHT="20" WC="0.95" CONTENT="annat"/><SP WIDTH="16" VPOS="762" HPOS="831"/>
							<String ID="string_122" HPOS="847" VPOS="761" WIDTH="51" HEIGHT="21" WC="0.96" CONTENT="eller"/>
						</TextLine>
						<TextLine ID="line_17" HPOS="149" VPOS="795" WIDTH="191" HEIGHT="22">
							<String ID="string_123" HPOS="149" VPOS="795" WIDTH="68" HEIGHT="21" WC="0.95" CONTENT="andra"/><SP WIDTH="15" VPOS="795" HPOS="217"/>
							<String ID="string_124" HPOS="232" VPOS="795" WIDTH="108" HEIGHT="22" WC="0.96" CONTENT="områden."/>
						</TextLine>
					</TextBlock>
					<TextBlock ID="block_7" HPOS="499" VPOS="825" WIDTH="47" HEIGHT="27">
						<TextLine ID="line_18" HPOS="499" VPOS="825" WIDTH="47" HEIGHT="27">
							<String ID="string_125" HPOS="499" VPOS="825" WIDTH="12" HEIGHT="27" WC="0.87" CONTENT="8"/><SP WIDTH="16" VPOS="825" HPOS="511"/>
							<String ID="string_126" HPOS="527" VPOS="825" WIDTH="19" HEIGHT="20" WC="0.94" CONTENT="6."/>
						</TextLine>
					</TextBlock>
					<TextBlock ID="block_8" HPOS="149" VPOS="863" WIDTH="749" HEIGHT="166">
						<TextLine ID="line_19" HPOS="216" VPOS="863" WIDTH="681" HEIGHT="28">
							<String ID="string_127" HPOS="216" VPOS="864" WIDTH="128" HEIGHT="27" WC="0.96" CONTENT="Ersättning"/><SP WIDTH="21" VPOS="864" HPOS="344"/>
							<String ID="string_128" HPOS="365" VPOS="863" WIDTH="33" HEIGHT="22" WC="0.93" CONTENT="för"/><SP WIDTH="22" VPOS="863" HPOS="398"/>
							<String ID="string_129" HPOS="420" VPOS="863" WIDTH="79" HEIGHT="23" WC="0.92" CONTENT="aflåten"/><SP WIDTH="18" VPOS="863" HPOS="499"/>
							<String ID="string_130" HPOS="517" VPOS="864" WIDTH="49" HEIGHT="22" WC="0.96" CONTENT="häst"/><SP WIDTH="16" VPOS="864" HPOS="566"/>
							<String ID="string_131" HPOS="582" VPOS="864" WIDTH="94" HEIGHT="27" WC="0.96" CONTENT="erlägges"/><SP WIDTH="17" VPOS="864" HPOS="676"/>
							<String ID="string_132" HPOS="693" VPOS="863" WIDTH="53" HEIGHT="22" WC="0.93" CONTENT="efter"/><SP WIDTH="14" VPOS="863" HPOS="746"/>
							<String ID="string_133" HPOS="760" VPOS="863" WIDTH="137" HEIGHT="28" WC="0.92" CONTENT="medelpriset"/>
						</TextLine>
						<TextLine ID="line_20" HPOS="149" VPOS="898" WIDTH="748" HEIGHT="27">
							<String ID="string_134" HPOS="149" VPOS="898" WIDTH="57" HEIGHT="21" WC="0.95" CONTENT="inom"/><SP WIDTH="22" VPOS="898" HPOS="206"/>
							<String ID="string_135" HPOS="228" VPOS="899" WIDTH="59" HEIGHT="21" WC="0.95" CONTENT="länet"/><SP WIDTH="22" VPOS="899" HPOS="287"/>
							<String ID="string_136" HPOS="309" VPOS="898" WIDTH="34" HEIGHT="22" WC="0.95" CONTENT="för"/><SP WIDTH="18" VPOS="898" HPOS="343"/>
							<String ID="string_137" HPOS="361" VPOS="898" WIDTH="75" HEIGHT="22" WC="0.96" CONTENT="hästar"/><SP WIDTH="14" VPOS="898" HPOS="436"/>
							<String ID="string_138" HPOS="450" VPOS="899" WIDTH="32" HEIGHT="22" WC="0.96" CONTENT="uti"/><SP WIDTH="16" VPOS="899" HPOS="482"/>
							<String ID="string_139" HPOS="498" VPOS="899" WIDTH="41" HEIGHT="22" WC="0.96" CONTENT="den"/><SP WIDTH="15" VPOS="899" HPOS="539"/>
							<String ID="string_140" HPOS="554" VPOS="898" WIDTH="64" HEIGHT="27" WC="0.95" CONTENT="klass,"/><SP WIDTH="16" VPOS="898" HPOS="618"/>
							<String ID="string_141" HPOS="634" VPOS="898" WIDTH="32" HEIGHT="22" WC="0.96" CONTENT="till"/><SP WIDTH="14" VPOS="898" HPOS="666"/>
							<String ID="string_142" HPOS="680" VPOS="898" WIDTH="85" HEIGHT="22" WC="0.96" CONTENT="hvilken"/><SP WIDTH="14" VPOS="898" HPOS="765"/>
							<String ID="string_143" HPOS="779" VPOS="899" WIDTH="77" HEIGHT="21" WC="0.96" CONTENT="hästen"/><SP WIDTH="17" VPOS="899" HPOS="856"/>
							<String ID="string_144" HPOS="873" VPOS="900" WIDTH="24" HEIGHT="19" WC="0.96" CONTENT="är"/>
						</TextLine>
						<TextLine ID="line_21" HPOS="149" VPOS="932" WIDTH="748" HEIGHT="28">
							<String ID="string_145" HPOS="149" VPOS="932" WIDTH="96" HEIGHT="23" WC="0.96" CONTENT="hänförd."/><SP WIDTH="32" VPOS="932" HPOS="245"/>
							<String ID="string_146" HPOS="277" VPOS="932" WIDTH="82" HEIGHT="23" WC="0.72" CONTENT="Sådant"/><SP WIDTH="21" VPOS="932" HPOS="359"/>
							<String ID="string_147" HPOS="380" VPOS="933" WIDTH="114" HEIGHT="27" WC="0.92" CONTENT="medelpris"/><SP WIDTH="14" VPOS="933" HPOS="494"/>
							<String ID="string_148" HPOS="508" VPOS="933" WIDTH="106" HEIGHT="22" WC="0.96" CONTENT="beräknas"/><SP WIDTH="16" VPOS="933" HPOS="614"/>
							<String ID="string_149" HPOS="630" VPOS="933" WIDTH="38" HEIGHT="22" WC="0.96" CONTENT="och"/><SP WIDTH="15" VPOS="933" HPOS="668"/>
							<String ID="string_150" HPOS="683" VPOS="932" WIDTH="117" HEIGHT="23" WC="0.96" CONTENT="fastställes"/><SP WIDTH="17" VPOS="932" HPOS="800"/>
							<String ID="string_151" HPOS="817" VPOS="933" WIDTH="80" HEIGHT="27" WC="0.95" CONTENT="årligen"/>
						</TextLine>
						<TextLine ID="line_22" HPOS="149" VPOS="966" WIDTH="749" HEIGHT="28">
							<String ID="string_152" HPOS="149" VPOS="967" WIDTH="7" HEIGHT="21" WC="0.96" CONTENT="i"/><SP WIDTH="16" VPOS="967" HPOS="156"/>
							<String ID="string_153" HPOS="172" VPOS="967" WIDTH="153" HEIGHT="27" WC="0.95" CONTENT="sammanhang"/><SP WIDTH="14" VPOS="967" HPOS="325"/>
							<String ID="string_154" HPOS="339" VPOS="967" WIDTH="49" HEIGHT="22" WC="0.96" CONTENT="med"/><SP WIDTH="15" VPOS="967" HPOS="388"/>
							<String ID="string_155" HPOS="403" VPOS="967" WIDTH="39" HEIGHT="21" WC="0.96" CONTENT="och"/><SP WIDTH="14" VPOS="967" HPOS="442"/>
							<String ID="string_156" HPOS="456" VPOS="967" WIDTH="7" HEIGHT="21" WC="0.96" CONTENT="i"/><SP WIDTH="16" VPOS="967" HPOS="463"/>
							<String ID="string_157" HPOS="479" VPOS="973" WIDTH="79" HEIGHT="16" WC="0.95" CONTENT="samma"/><SP WIDTH="15" VPOS="973" HPOS="558"/>
							<String ID="string_158" HPOS="573" VPOS="967" WIDTH="91" HEIGHT="27" WC="0.96" CONTENT="ordning"/><SP WIDTH="14" VPOS="967" HPOS="664"/>
							<String ID="string_159" HPOS="678" VPOS="972" WIDTH="46" HEIGHT="16" WC="0.95" CONTENT="som"/><SP WIDTH="15" VPOS="972" HPOS="724"/>
							<String ID="string_160" HPOS="739" VPOS="967" WIDTH="41" HEIGHT="21" WC="0.96" CONTENT="den"/><SP WIDTH="11" VPOS="967" HPOS="780"/>
							<String ID="string_161" HPOS="791" VPOS="966" WIDTH="107" HEIGHT="22" WC="0.96" CONTENT="allmänna"/>
						</TextLine>
						<TextLine ID="line_23" HPOS="149" VPOS="1001" WIDTH="385" HEIGHT="28">
							<String ID="string_162" HPOS="149" VPOS="1001" WIDTH="266" HEIGHT="28" WC="0.91" CONTENT="markegångssättningen"/><SP WIDTH="16" VPOS="1001" HPOS="415"/>
							<String ID="string_163" HPOS="431" VPOS="1002" WIDTH="7" HEIGHT="21" WC="0.96" CONTENT="i"/><SP WIDTH="14" VPOS="1002" HPOS="438"/>
							<String ID="string_164" HPOS="452" VPOS="1001" WIDTH="82" HEIGHT="22" WC="0.96" CONTENT="landet."/>
						</TextLine>
					</TextBlock>
				</ComposedBlock>
				<ComposedBlock ID="cblock_3" HPOS="148" VPOS="1065" WIDTH="753" HEIGHT="407">
					<TextBlock ID="block_9" HPOS="498" VPOS="1065" WIDTH="46" HEIGHT="27">
						<TextLine ID="line_24" HPOS="498" VPOS="1065" WIDTH="46" HEIGHT="27">
							<String ID="string_165" HPOS="498" VPOS="1065" WIDTH="11" HEIGHT="27" WC="0.92" CONTENT="$"/><SP WIDTH="17" VPOS="1065" HPOS="509"/>
							<String ID="string_166" HPOS="526" VPOS="1066" WIDTH="18" HEIGHT="20" WC="0.95" CONTENT="7."/>
						</TextLine>
					</TextBlock>
					<TextBlock ID="block_10" HPOS="148" VPOS="1103" WIDTH="753" HEIGHT="369">
						<TextLine ID="line_25" HPOS="217" VPOS="1103" WIDTH="681" HEIGHT="29">
							<String ID="string_167" HPOS="217" VPOS="1104" WIDTH="124" HEIGHT="22" WC="0.96" CONTENT="Tillsvidare"/><SP WIDTH="15" VPOS="1104" HPOS="341"/>
							<String ID="string_168" HPOS="356" VPOS="1104" WIDTH="40" HEIGHT="21" WC="0.93" CONTENT="och"/><SP WIDTH="13" VPOS="1104" HPOS="396"/>
							<String ID="string_169" HPOS="409" VPOS="1103" WIDTH="105" HEIGHT="23" WC="0.92" CONTENT="intilldess"/><SP WIDTH="15" VPOS="1103" HPOS="514"/>
							<String ID="string_170" HPOS="529" VPOS="1104" WIDTH="103" HEIGHT="28" WC="0.96" CONTENT="Kejsaren"/><SP WIDTH="15" VPOS="1104" HPOS="632"/>
							<String ID="string_171" HPOS="647" VPOS="1103" WIDTH="39" HEIGHT="22" WC="0.93" CONTENT="och"/><SP WIDTH="17" VPOS="1103" HPOS="686"/>
							<String ID="string_172" HPOS="703" VPOS="1103" WIDTH="134" HEIGHT="22" WC="0.90" CONTENT="Storfursten"/><SP WIDTH="18" VPOS="1103" HPOS="837"/>
							<String ID="string_173" HPOS="855" VPOS="1103" WIDTH="43" HEIGHT="20" WC="0.95" CONTENT="kan"/>
						</TextLine>
						<TextLine ID="line_26" HPOS="149" VPOS="1137" WIDTH="748" HEIGHT="29">
							<String ID="string_174" HPOS="149" VPOS="1137" WIDTH="59" HEIGHT="23" WC="0.96" CONTENT="finna"/><SP WIDTH="14" VPOS="1137" HPOS="208"/>
							<String ID="string_175" HPOS="222" VPOS="1139" WIDTH="79" HEIGHT="27" WC="0.96" CONTENT="skäligt"/><SP WIDTH="16" VPOS="1139" HPOS="301"/>
							<String ID="string_176" HPOS="317" VPOS="1138" WIDTH="135" HEIGHT="22" WC="0.96" CONTENT="annorlunda"/><SP WIDTH="14" VPOS="1138" HPOS="452"/>
							<String ID="string_177" HPOS="466" VPOS="1138" WIDTH="107" HEIGHT="27" WC="0.96" CONTENT="förordna,"/><SP WIDTH="16" VPOS="1138" HPOS="573"/>
							<String ID="string_178" HPOS="589" VPOS="1139" WIDTH="86" HEIGHT="21" WC="0.95" CONTENT="komma"/><SP WIDTH="14" VPOS="1139" HPOS="675"/>
							<String ID="string_179" HPOS="689" VPOS="1138" WIDTH="74" HEIGHT="21" WC="0.95" CONTENT="hästar"/><SP WIDTH="16" VPOS="1138" HPOS="763"/>
							<String ID="string_180" HPOS="779" VPOS="1138" WIDTH="17" HEIGHT="27" WC="0.96" CONTENT="ej"/><SP WIDTH="17" VPOS="1138" HPOS="796"/>
							<String ID="string_181" HPOS="813" VPOS="1138" WIDTH="33" HEIGHT="21" WC="0.93" CONTENT="att"/><SP WIDTH="16" VPOS="1138" HPOS="846"/>
							<String ID="string_182" HPOS="862" VPOS="1138" WIDTH="35" HEIGHT="20" WC="0.90" CONTENT="ut-"/>
						</TextLine>
						<TextLine ID="line_27" HPOS="150" VPOS="1171" WIDTH="749" HEIGHT="29">
							<String ID="string_183" HPOS="150" VPOS="1173" WIDTH="91" HEIGHT="21" WC="0.89" CONTENT="skrifvas"/><SP WIDTH="15" VPOS="1173" HPOS="241"/>
							<String ID="string_184" HPOS="256" VPOS="1173" WIDTH="58" HEIGHT="21" WC="0.93" CONTENT="inom"/><SP WIDTH="14" VPOS="1173" HPOS="314"/>
							<String ID="string_185" HPOS="328" VPOS="1172" WIDTH="168" HEIGHT="28" WC="0.92" CONTENT="Lappmarkens,"/><SP WIDTH="16" VPOS="1172" HPOS="496"/>
							<String ID="string_186" HPOS="512" VPOS="1173" WIDTH="61" HEIGHT="21" WC="0.96" CONTENT="Kemi"/><SP WIDTH="15" VPOS="1173" HPOS="573"/>
							<String ID="string_187" HPOS="588" VPOS="1173" WIDTH="39" HEIGHT="21" WC="0.96" CONTENT="och"/><SP WIDTH="13" VPOS="1173" HPOS="627"/>
							<String ID="string_188" HPOS="640" VPOS="1173" WIDTH="86" HEIGHT="27" WC="0.96" CONTENT="Kajana"/><SP WIDTH="16" VPOS="1173" HPOS="726"/>
							<String ID="string_189" HPOS="742" VPOS="1172" WIDTH="99" HEIGHT="26" WC="0.91" CONTENT="härader,"/><SP WIDTH="15" VPOS="1172" HPOS="841"/>
							<String ID="string_190" HPOS="856" VPOS="1171" WIDTH="43" HEIGHT="21" WC="0.91" CONTENT="Pu-"/>
						</TextLine>
						<TextLine ID="line_28" HPOS="150" VPOS="1205" WIDTH="749" HEIGHT="29">
							<String ID="string_191" HPOS="150" VPOS="1207" WIDTH="101" HEIGHT="27" WC="0.92" CONTENT="dasjärvi,"/><SP WIDTH="23" VPOS="1207" HPOS="251"/>
							<String ID="string_192" HPOS="274" VPOS="1207" WIDTH="135" HEIGHT="22" WC="0.92" CONTENT="Taivalkoski"/><SP WIDTH="23" VPOS="1207" HPOS="409"/>
							<String ID="string_193" HPOS="432" VPOS="1206" WIDTH="38" HEIGHT="23" WC="0.96" CONTENT="och"/><SP WIDTH="22" VPOS="1206" HPOS="470"/>
							<String ID="string_194" HPOS="492" VPOS="1207" WIDTH="111" HEIGHT="22" WC="0.96" CONTENT="Kuusamo"/><SP WIDTH="14" VPOS="1207" HPOS="603"/>
							<String ID="string_195" HPOS="617" VPOS="1207" WIDTH="126" HEIGHT="21" WC="0.96" CONTENT="kommuner"/><SP WIDTH="14" VPOS="1207" HPOS="743"/>
							<String ID="string_196" HPOS="757" VPOS="1205" WIDTH="23" HEIGHT="22" WC="0.93" CONTENT="af"/><SP WIDTH="13" VPOS="1205" HPOS="780"/>
							<String ID="string_197" HPOS="793" VPOS="1206" WIDTH="53" HEIGHT="22" WC="0.91" CONTENT="Uleå"/><SP WIDTH="15" VPOS="1206" HPOS="846"/>
							<String ID="string_198" HPOS="861" VPOS="1205" WIDTH="38" HEIGHT="21" WC="0.92" CONTENT="hä-"/>
						</TextLine>
						<TextLine ID="line_29" HPOS="149" VPOS="1239" WIDTH="750" HEIGHT="29">
							<String ID="string_199" HPOS="149" VPOS="1241" WIDTH="40" HEIGHT="22" WC="0.96" CONTENT="rad"/><SP WIDTH="22" VPOS="1241" HPOS="189"/>
							<String ID="string_200" HPOS="211" VPOS="1243" WIDTH="56" HEIGHT="20" WC="0.95" CONTENT="samt"/><SP WIDTH="22" VPOS="1243" HPOS="267"/>
							<String ID="string_201" HPOS="289" VPOS="1241" WIDTH="66" HEIGHT="22" WC="0.96" CONTENT="Karlö"/><SP WIDTH="15" VPOS="1241" HPOS="355"/>
							<String ID="string_202" HPOS="370" VPOS="1241" WIDTH="102" HEIGHT="22" WC="0.96" CONTENT="kommun"/><SP WIDTH="16" VPOS="1241" HPOS="472"/>
							<String ID="string_203" HPOS="488" VPOS="1241" WIDTH="23" HEIGHT="21" WC="0.96" CONTENT="af"/><SP WIDTH="12" VPOS="1241" HPOS="511"/>
							<String ID="string_204" HPOS="523" VPOS="1241" WIDTH="49" HEIGHT="22" WC="0.96" CONTENT="Salo"/><SP WIDTH="15" VPOS="1241" HPOS="572"/>
							<String ID="string_205" HPOS="587" VPOS="1241" WIDTH="68" HEIGHT="21" WC="0.96" CONTENT="härad"/><SP WIDTH="15" VPOS="1241" HPOS="655"/>
							<String ID="string_206" HPOS="670" VPOS="1241" WIDTH="39" HEIGHT="21" WC="0.96" CONTENT="och"/><SP WIDTH="14" VPOS="1241" HPOS="709"/>
							<String ID="string_207" HPOS="723" VPOS="1240" WIDTH="117" HEIGHT="28" WC="0.96" CONTENT="Uleåborgs"/><SP WIDTH="15" VPOS="1240" HPOS="840"/>
							<String ID="string_208" HPOS="855" VPOS="1239" WIDTH="44" HEIGHT="27" WC="0.96" CONTENT="län,"/>
						</TextLine>
						<TextLine ID="line_30" HPOS="148" VPOS="1274" WIDTH="751" HEIGHT="29">
							<String ID="string_209" HPOS="148" VPOS="1275" WIDTH="79" HEIGHT="28" WC="0.92" CONTENT="Replot"/><SP WIDTH="16" VPOS="1275" HPOS="227"/>
							<String ID="string_210" HPOS="243" VPOS="1276" WIDTH="38" HEIGHT="21" WC="0.93" CONTENT="och"/><SP WIDTH="15" VPOS="1276" HPOS="281"/>
							<String ID="string_211" HPOS="296" VPOS="1276" WIDTH="70" HEIGHT="26" WC="0.91" CONTENT="Bergö"/><SP WIDTH="14" VPOS="1276" HPOS="366"/>
							<String ID="string_212" HPOS="380" VPOS="1276" WIDTH="126" HEIGHT="21" WC="0.96" CONTENT="kommuner"/><SP WIDTH="16" VPOS="1276" HPOS="506"/>
							<String ID="string_213" HPOS="522" VPOS="1275" WIDTH="22" HEIGHT="22" WC="0.96" CONTENT="af"/><SP WIDTH="12" VPOS="1275" HPOS="544"/>
							<String ID="string_214" HPOS="556" VPOS="1276" WIDTH="125" HEIGHT="21" WC="0.96" CONTENT="Korsholms"/><SP WIDTH="10" VPOS="1276" HPOS="681"/>
							<String ID="string_215" HPOS="691" VPOS="1275" WIDTH="68" HEIGHT="21" WC="0.96" CONTENT="härad"/><SP WIDTH="10" VPOS="1275" HPOS="759"/>
							<String ID="string_216" HPOS="769" VPOS="1275" WIDTH="57" HEIGHT="21" WC="0.96" CONTENT="inom"/><SP WIDTH="7" VPOS="1275" HPOS="826"/>
							<String ID="string_217" HPOS="833" VPOS="1274" WIDTH="66" HEIGHT="21" WC="0.96" CONTENT="Wasa"/>
						</TextLine>
						<TextLine ID="line_31" HPOS="149" VPOS="1303" WIDTH="750" HEIGHT="33">
							<String ID="string_218" HPOS="149" VPOS="1310" WIDTH="43" HEIGHT="26" WC="0.96" CONTENT="län,"/><SP WIDTH="23" VPOS="1310" HPOS="192"/>
							<String ID="string_219" HPOS="215" VPOS="1309" WIDTH="48" HEIGHT="21" WC="0.96" CONTENT="hela"/><SP WIDTH="22" VPOS="1309" HPOS="263"/>
							<String ID="string_220" HPOS="285" VPOS="1303" WIDTH="80" HEIGHT="28" WC="0.96" CONTENT="Ålands"/><SP WIDTH="22" VPOS="1303" HPOS="365"/>
							<String ID="string_221" HPOS="387" VPOS="1310" WIDTH="75" HEIGHT="26" WC="0.95" CONTENT="härad,"/><SP WIDTH="24" VPOS="1310" HPOS="462"/>
							<String ID="string_222" HPOS="486" VPOS="1309" WIDTH="87" HEIGHT="23" WC="0.93" CONTENT="Gustafs"/><SP WIDTH="22" VPOS="1309" HPOS="573"/>
							<String ID="string_223" HPOS="595" VPOS="1309" WIDTH="123" HEIGHT="27" WC="0.92" CONTENT="(Kivimaa),"/><SP WIDTH="21" VPOS="1309" HPOS="718"/>
							<String ID="string_224" HPOS="739" VPOS="1308" WIDTH="54" HEIGHT="27" WC="0.91" CONTENT="Iniö,"/><SP WIDTH="23" VPOS="1308" HPOS="793"/>
							<String ID="string_225" HPOS="816" VPOS="1308" WIDTH="83" HEIGHT="22" WC="0.91" CONTENT="Velkua"/>
						</TextLine>
						<TextLine ID="line_32" HPOS="149" VPOS="1342" WIDTH="750" HEIGHT="29">
							<String ID="string_226" HPOS="149" VPOS="1344" WIDTH="126" HEIGHT="21" WC="0.96" CONTENT="kommuner"/><SP WIDTH="23" VPOS="1344" HPOS="275"/>
							<String ID="string_227" HPOS="298" VPOS="1343" WIDTH="23" HEIGHT="22" WC="0.93" CONTENT="af"/><SP WIDTH="19" VPOS="1343" HPOS="321"/>
							<String ID="string_228" HPOS="340" VPOS="1343" WIDTH="88" HEIGHT="22" WC="0.90" CONTENT="Wehmo"/><SP WIDTH="21" VPOS="1343" HPOS="428"/>
							<String ID="string_229" HPOS="449" VPOS="1344" WIDTH="75" HEIGHT="26" WC="0.96" CONTENT="härad,"/><SP WIDTH="22" VPOS="1344" HPOS="524"/>
							<String ID="string_230" HPOS="546" VPOS="1343" WIDTH="69" HEIGHT="28" WC="0.95" CONTENT="Nagu,"/><SP WIDTH="19" VPOS="1343" HPOS="615"/>
							<String ID="string_231" HPOS="634" VPOS="1343" WIDTH="74" HEIGHT="27" WC="0.96" CONTENT="Korpo"/><SP WIDTH="16" VPOS="1343" HPOS="708"/>
							<String ID="string_232" HPOS="724" VPOS="1342" WIDTH="38" HEIGHT="22" WC="0.93" CONTENT="och"/><SP WIDTH="14" VPOS="1342" HPOS="762"/>
							<String ID="string_233" HPOS="776" VPOS="1342" WIDTH="123" HEIGHT="22" WC="0.90" CONTENT="Houtskärs"/>
						</TextLine>
						<TextLine ID="line_33" HPOS="149" VPOS="1376" WIDTH="750" HEIGHT="23">
							<String ID="string_234" HPOS="149" VPOS="1378" WIDTH="126" HEIGHT="21" WC="0.96" CONTENT="kommuner"/><SP WIDTH="16" VPOS="1378" HPOS="275"/>
							<String ID="string_235" HPOS="291" VPOS="1377" WIDTH="22" HEIGHT="21" WC="0.93" CONTENT="af"/><SP WIDTH="12" VPOS="1377" HPOS="313"/>
							<String ID="string_236" HPOS="325" VPOS="1377" WIDTH="81" HEIGHT="21" WC="0.91" CONTENT="Wirmo"/><SP WIDTH="15" VPOS="1377" HPOS="406"/>
							<String ID="string_237" HPOS="421" VPOS="1377" WIDTH="69" HEIGHT="21" WC="0.96" CONTENT="härad"/><SP WIDTH="15" VPOS="1377" HPOS="490"/>
							<String ID="string_238" HPOS="505" VPOS="1379" WIDTH="56" HEIGHT="19" WC="0.93" CONTENT="samt"/><SP WIDTH="14" VPOS="1379" HPOS="561"/>
							<String ID="string_239" HPOS="575" VPOS="1377" WIDTH="65" HEIGHT="21" WC="0.92" CONTENT="Hiitis"/><SP WIDTH="15" VPOS="1377" HPOS="640"/>
							<String ID="string_240" HPOS="655" VPOS="1378" WIDTH="101" HEIGHT="20" WC="0.96" CONTENT="kommun"/><SP WIDTH="16" VPOS="1378" HPOS="756"/>
							<String ID="string_241" HPOS="772" VPOS="1376" WIDTH="23" HEIGHT="21" WC="0.93" CONTENT="af"/><SP WIDTH="11" VPOS="1376" HPOS="795"/>
							<String ID="string_242" HPOS="806" VPOS="1376" WIDTH="93" HEIGHT="21" WC="0.92" CONTENT="Halikko"/>
						</TextLine>
						<TextLine ID="line_34" HPOS="149" VPOS="1404" WIDTH="751" HEIGHT="34">
							<String ID="string_243" HPOS="149" VPOS="1411" WIDTH="69" HEIGHT="21" WC="0.96" CONTENT="härad"/><SP WIDTH="13" VPOS="1411" HPOS="218"/>
							<String ID="string_244" HPOS="231" VPOS="1411" WIDTH="59" HEIGHT="21" WC="0.96" CONTENT="inom"/><SP WIDTH="14" VPOS="1411" HPOS="290"/>
							<String ID="string_245" HPOS="304" VPOS="1404" WIDTH="47" HEIGHT="28" WC="0.96" CONTENT="Åbo"/><SP WIDTH="16" VPOS="1404" HPOS="351"/>
							<String ID="string_246" HPOS="367" VPOS="1411" WIDTH="39" HEIGHT="21" WC="0.96" CONTENT="och"/><SP WIDTH="14" VPOS="1411" HPOS="406"/>
							<String ID="string_247" HPOS="420" VPOS="1410" WIDTH="143" HEIGHT="28" WC="0.96" CONTENT="Björneborgs"/><SP WIDTH="15" VPOS="1410" HPOS="563"/>
							<String ID="string_248" HPOS="578" VPOS="1411" WIDTH="43" HEIGHT="26" WC="0.96" CONTENT="län,"/><SP WIDTH="16" VPOS="1411" HPOS="621"/>
							<String ID="string_249" HPOS="637" VPOS="1410" WIDTH="108" HEIGHT="22" WC="0.93" CONTENT="äfvensom"/><SP WIDTH="7" VPOS="1410" HPOS="745"/>
							<String ID="string_250" HPOS="752" VPOS="1410" WIDTH="97" HEIGHT="21" WC="0.90" CONTENT="Walamo"/><SP WIDTH="11" VPOS="1410" HPOS="849"/>
							<String ID="string_251" HPOS="860" VPOS="1408" WIDTH="40" HEIGHT="22" WC="0.96" CONTENT="och"/>
						</TextLine>
						<TextLine ID="line_35" HPOS="149" VPOS="1443" WIDTH="752" HEIGHT="29">
							<String ID="string_252" HPOS="149" VPOS="1445" WIDTH="106" HEIGHT="23" WC="0.92" CONTENT="Konevitz"/><SP WIDTH="14" VPOS="1445" HPOS="255"/>
							<String ID="string_253" HPOS="269" VPOS="1447" WIDTH="39" HEIGHT="19" WC="0.95" CONTENT="öar"/><SP WIDTH="14" VPOS="1447" HPOS="308"/>
							<String ID="string_254" HPOS="322" VPOS="1445" WIDTH="7" HEIGHT="22" WC="0.96" CONTENT="i"/><SP WIDTH="15" VPOS="1445" HPOS="329"/>
							<String ID="string_255" HPOS="344" VPOS="1444" WIDTH="88" HEIGHT="28" WC="0.96" CONTENT="Ladoga"/><SP WIDTH="15" VPOS="1444" HPOS="432"/>
							<String ID="string_256" HPOS="447" VPOS="1444" WIDTH="39" HEIGHT="22" WC="0.96" CONTENT="och"/><SP WIDTH="14" VPOS="1444" HPOS="486"/>
							<String ID="string_257" HPOS="500" VPOS="1444" WIDTH="105" HEIGHT="28" WC="0.93" CONTENT="Hogland,"/><SP WIDTH="17" VPOS="1444" HPOS="605"/>
							<String ID="string_258" HPOS="622" VPOS="1444" WIDTH="124" HEIGHT="28" WC="0.92" CONTENT="Tytärsaari"/><SP WIDTH="13" VPOS="1444" HPOS="746"/>
							<String ID="string_259" HPOS="759" VPOS="1450" WIDTH="28" HEIGHT="16" WC="0.96" CONTENT="m."/><SP WIDTH="16" VPOS="1450" HPOS="787"/>
							<String ID="string_260" HPOS="803" VPOS="1443" WIDTH="20" HEIGHT="22" WC="0.93" CONTENT="fl."/><SP WIDTH="13" VPOS="1443" HPOS="823"/>
							<String ID="string_261" HPOS="836" VPOS="1445" WIDTH="65" HEIGHT="20" WC="0.93" CONTENT="utöar"/>
						</TextLine>
					</TextBlock>
				</ComposedBlock>
			</PrintSpace>
		</Page>
	</Layout>
</alto>
