1109 1775
362 127 28 22 U.
405 127 27 22 B.
449 139 24 4 —
489 127 74 27 Prop.
578 126 41 23 N:o
635 126 34 22 24.
832 126 27 22 53

135 186 49 26 den,
201 186 78 21 hvilka
298 191 81 21 genom
397 185 123 27 jernvägen
539 186 82 21 endast
639 186 28 20 än
683 185 77 22 vidare
776 184 64 22 skola
854 186 33 20 ut-

134 216 101 35 vecklas.
380 239 3 3 ;

203 254 50 21 Med
275 253 106 22 afseende
404 253 14 21 &
439 253 43 22 den
504 254 35 20 för
562 253 179 27 persontrafiken
760 253 128 21 beräknade

134 288 231 26 medelvägalängden
381 288 26 19 af
419 287 29 20 60
462 287 45 21 km.
523 288 43 20 har
580 288 107 25 uttalats,
704 288 36 20 att
755 288 133 20 densamma

135 327 54 16 vore
208 321 35 21 för
258 321 50 27 hög,
324 321 29 22 dä
367 321 23 26 ju
411 321 14 21 &
443 321 43 21 den
500 327 31 16 nu
547 321 118 22 tilltänkta
683 321 72 21 banan
770 321 42 22 den
829 321 58 21 kort-

134 358 60 25 väga
213 356 97 21 trafiken
329 355 30 27 pä
373 355 79 22 H:fors
467 356 104 21 kommer
586 358 36 20 att
637 356 78 27 intaga
729 357 35 21 ett
780 355 26 22 sä
822 355 65 22 fram-

134 390 95 22 stäende
248 395 57 16 rum.
335 389 112 22 Häremot
466 390 40 21 har
525 389 51 23 äter
595 389 145 28 framhällits,
756 391 37 20 att
807 389 80 22 medel-

133 425 157 27 vägalängden
313 424 35 21 för
369 424 175 27 jernvägsnätet
564 425 8 20 i
590 425 53 21 dess
661 425 83 26 helhet,
764 430 37 15 om
820 424 67 21 lokal-

134 459 98 22 trafiken
251 459 96 22 emellan
367 459 34 22 S:t
418 458 139 28 Petersburg
576 459 40 22 och
633 459 141 22 stationerna
789 461 16 19 t.
822 465 19 16 o.
857 464 29 16 m.

134 493 110 27 Teerijoki
267 493 143 26 fränräknas,
433 495 67 25 utgör
523 494 28 20 70
573 493 46 22 km.
643 495 62 20 samt
726 493 35 21 för
781 493 107 27 samtliga

133 528 51 21 frän
203 528 144 27 Helsingfors
366 527 87 22 afresta
474 533 148 22 passagerare
640 527 87 28 uppgär
741 527 35 22 till
792 528 39 20 111
848 528 39 21 km

133 563 42 22 och
194 563 35 20 för
247 563 42 20 den
309 562 52 21 från
376 555 50 28 Åbo
442 561 114 28 afgångna
571 562 180 27 persontrafiken
767 562 70 27 stiger
852 561 35 22 till

134 597 42 21 146
194 597 53 26 km.,
268 598 61 20 samt
348 598 37 20 att
403 596 42 22 den
461 598 100 26 antagna
575 597 230 27 medelvägalängden
822 596 25 22 af
860 596 27 21 60

133 632 54 27 km.,
199 632 36 21 för
251 631 63 22 såväl
330 631 167 27 genomgående
513 637 50 16 som
578 632 137 26 lokaltrafik,
727 633 67 25 utgör
805 632 82 21 endast

134 667 25 27 1/3
182 666 26 22 af
226 666 85 22 banans
330 665 52 22 hela
399 666 74 27 längd,
492 666 95 22 hvarför
604 666 173 27 ifrågavarande
794 666 92 21 invänd-

132 701 55 27 ning
201 700 20 27 ej
237 701 46 21 kan
298 706 69 16 anses
381 700 70 21 hafva
467 700 50 22 skäl
533 701 36 21 för
585 701 39 27 sig.

201 731 77 25 Äfven
293 735 43 21 den
351 734 128 22 beräknade
495 735 194 22 trävarutrafiken
708 735 25 21 af
749 735 80 27 20,000
846 736 40 20 ton

132 771 42 21 har
185 769 68 28 gifvit
265 769 121 27 anledning
400 769 34 21 till
446 770 157 26 anmärkning,
617 770 62 21 såväl
692 770 51 21 med
755 770 106 21 afseende
873 769 13 21 å

132 805 27 21 de
174 804 167 27 jemförelsevis
356 804 65 26 ringa
432 804 221 28 skogstillgångarna
663 804 8 21 i
683 804 42 22 den
737 804 102 22 landsort
849 804 36 21 ba-

132 844 45 16 nan
188 839 150 27 genomlöper,
349 844 49 16 som
409 840 55 20 enär
476 840 136 20 trävarorna
620 839 159 27 förnämligast
787 839 56 21 söka
852 838 34 27 sig

131 874 106 21 kortaste
245 875 45 25 väg
297 873 35 21 till
339 873 127 21 hamnarna
475 873 36 21 vid
522 873 92 27 kusten,
623 873 82 22 medan
717 879 29 14 nu
757 873 129 27 föreslagna

130 909 96 26 jernväg
238 907 73 22 skulle
323 908 52 26 löpa
386 907 105 27 parallelt
503 907 50 22 med
566 908 91 21 kusten.
680 907 10 21 I
701 909 100 20 motsats
809 907 76 22 härtill

131 943 42 21 har
187 943 115 25 betonats,
314 942 110 21 hurusom
439 941 43 22 den
497 942 128 22 beräknade
642 942 205 27 trävarumängden
859 943 26 19 är

131 977 87 22 mindre
230 978 29 20 än
270 976 113 27 mängden
395 977 25 21 af
426 977 117 21 enahanda
555 977 95 28 varulag
661 977 15 21 å
684 977 41 22 den
734 977 52 21 vida
793 977 92 21 kortare

131 1012 111 21 bandelen
257 1011 276 28 Helsingfors—Turengi.
557 1012 48 21 Den
620 1012 46 21 kan
681 1011 26 22 så
722 1011 93 28 mycket
831 1011 53 21 min-

131 1046 39 21 dre
190 1051 56 16 anse
261 1051 58 16 vara
333 1045 35 22 för
383 1045 50 28 hög,
450 1051 49 16 som
514 1048 91 20 ensamt
620 1046 35 21 till
670 1045 143 28 Helsingfors
828 1046 57 25 (icke

131 1080 92 26 Sörnäs)
239 1081 70 21 under
325 1080 25 21 är
366 1079 61 28 1892,
440 1080 28 21 dä
484 1086 27 15 en
526 1081 69 26 högst
609 1081 64 27 ringa
688 1081 118 27 byggnads
822 1081 63 21 verk-

132 1115 91 21 samhet
235 1115 54 26 egde
301 1121 58 20 rum,
370 1121 40 20 per
421 1114 95 28 jernväg
527 1115 84 22 införts
627 1115 78 27 12,600
719 1116 40 21 ton
773 1116 111 21 trävaror.

130 1149 34 22 Dä
180 1151 109 25 stormen,
301 1149 26 22 är
343 1149 62 27 1890,
422 1149 65 22 svärt
500 1149 85 22 sköflat
597 1150 112 27 skogarna
720 1149 61 22 invid
793 1149 91 27 kusten,

130 1185 77 21 mäste
226 1184 121 22 framdeles
366 1190 28 16 en
412 1184 53 22 vida
483 1186 73 20 större
571 1185 36 21 del
622 1186 29 20 än
666 1184 62 22 förut
743 1184 26 22 af
781 1184 103 27 Helsing-

130 1219 48 21 fors
197 1218 132 28 platsbehof
345 1218 70 28 fyllas
435 1218 52 22 från
504 1219 108 22 inlandet.
636 1215 83 26 -Äfven
737 1219 34 21 till
790 1212 51 28 Åbo
859 1220 26 20 är

131 1253 126 27 säkerligen
277 1259 28 16 en
323 1254 21 26 ej
359 1253 65 27 ringa
444 1254 181 21 trävarurörelse
641 1255 36 20 att
692 1255 94 20 emotse.
817 1253 66 21 Trak-

130 1289 67 20 terna
212 1288 104 26 omkring
331 1288 43 21 den
385 1294 31 14 nu
428 1287 175 27 ifrägavarande
614 1288 81 26 banan,
707 1288 96 21 likasom
815 1288 68 21 äfven

130 1321 82 27 Hangö
227 1322 95 26 jernväg
334 1321 77 27 hafva,
427 1322 37 20 vid
481 1322 63 21 sidan
557 1322 26 21 af
593 1322 33 21 sin
639 1322 153 21 framskridna
803 1322 80 26 odling,

130 1356 38 21 väl
183 1356 129 21 bibehällna
329 1356 88 27 skogar.

199 1389 140 27 Ytterligare
354 1390 42 20 har
410 1390 140 21 beträffande
567 1390 42 21 den
622 1389 50 22 från
683 1390 133 21 industriela
827 1390 57 20 verk

129 1422 128 22 beräknade
276 1423 100 21 rörelsen
395 1422 119 27 päpekats,
530 1424 37 20 att
585 1422 85 22 Koskis
688 1423 64 25 bruk,
768 1422 59 22 efter
845 1423 39 21 det

197 1472 182 24 Jernvägsutskottets
391 1472 110 18 betänkande
513 1473 37 17 N:o
563 1473 17 17 2.
