1131 1770
254 159 13 21 6
442 157 29 23 U.
487 157 28 22 B.
531 169 28 4 —
573 157 74 28 Prop.
663 156 44 23 N:o
723 156 38 22 29.

226 223 87 29 dighet
332 223 25 22 af
377 222 124 23 särskilda
520 222 104 22 orsaker
641 221 54 23 icke
709 221 92 29 ansågs
814 221 163 22 tillfredsstäl-

225 257 83 26 lande,
332 257 147 22 utfärdades
502 257 67 22 1884
588 263 31 16 en
638 262 89 23 genom
747 256 125 29 åtskilliga
888 262 89 15 senare

225 291 180 30 förordningar
422 291 182 28 kompletterad
622 291 42 28 lag
683 297 40 15 om
743 290 127 22 arbetares
883 290 95 28 olycks-

226 326 211 28 fallsförsäkring,
457 325 78 29 enligt
553 325 103 22 hvilken
675 325 48 21 alla
737 324 122 27 arbetare,
871 331 52 15 som
934 325 44 21 äro

227 360 147 29 sysselsatta
393 360 43 22 vid
455 360 30 22 de
504 359 7 22 i
529 359 212 29 författningarna
755 359 103 28 angifna
871 359 106 29 företag,

228 395 71 22 skola
318 394 129 22 försäkras
467 395 65 21 emot
550 394 124 29 följderna
693 393 26 22 af
737 393 130 29 olycksfall
885 393 44 22 vid
943 399 36 16 ar-

227 429 80 21 betets
326 429 124 28 utöfning.
470 429 55 21 Den
544 428 226 28 skadeersättning,
785 434 52 16 som
850 428 32 28 på
896 428 83 28 grund

228 463 25 22 af
279 463 177 28 försäkringen
474 462 47 23 bör
539 463 68 28 utgå,
627 462 116 22 omfattar
762 462 160 29 godtgörelse
941 462 39 22 för

226 497 152 22 läkarevård
397 498 71 25 samt,
487 497 57 22 från
562 497 127 29 fjortonde
702 496 96 22 veckan
811 496 62 22 efter
885 496 95 28 olycks-

227 532 76 26 fallet,
331 531 134 22 underhåll
492 532 25 21 åt
541 532 48 22 den
607 531 112 23 skadade
738 531 36 22 till
792 532 34 21 ett
844 531 91 28 belopp
955 531 26 22 af

227 566 76 29 högst
324 563 33 33 ?/,
380 566 25 22 af
426 566 64 22 hans
511 566 181 22 förutvarande
711 565 209 29 arbetsförtjenst,
940 565 41 22 be-

227 600 94 32 roende
334 600 79 26 deraf,
433 600 1 22 i
447 600 68 22 hvad
528 600 58 22 mån
599 600 218 28 arbetsförmågan
826 600 153 22 inskränkts.

228 629 157 34 Öfverstiger
405 634 232 28 arbetsförtjensten
664 634 7 22 4
691 634 64 22 Rmk
774 640 40 16 om
833 634 90 29 dagen,
946 635 34 21 ta-

228 675 44 23 ges
291 668 64 23 dock
374 669 89 22 endast
481 675 30 15 en
529 668 122 30 tredjedel
670 668 25 22 af
713 668 42 22 det
773 668 208 29 öfverskjutande

228 703 119 28 beloppet
373 703 57 22 med
451 703 8 21 i
477 703 149 29 räkningen.
665 702 89 23 Såsom
772 702 153 30 minderårig
945 709 36 15 ar-

228 737 100 22 betares
355 737 110 22 inkomst
489 744 72 15 anses
581 738 48 22 den
649 738 14 21 å
681 739 71 20 orten
771 737 117 29 gällande
906 738 76 21 lönen

228 772 40 22 för
286 771 103 29 vanliga
407 772 145 28 daglönare.
584 772 11 22 I
614 772 120 22 händelse
753 772 25 21 af
797 771 108 23 dödsfall
918 771 64 23 skall

228 806 128 22 dessutom
383 806 60 29 utgå
471 806 234 30 begrafningshjelp
724 808 64 20 samt
805 806 133 22 underhåll
957 806 25 22 åt

229 840 181 23 efterlefvande
438 840 122 30 anhöriga
587 841 35 22 till
649 840 52 22 viss
721 842 90 26 anpart
829 840 26 22 af
872 840 50 22 den
940 840 43 22 dö-

229 875 78 22 dades
320 875 181 22 förutvarande
517 875 208 29 arbetsförtjenst.
754 875 176 22 Kostnaderna
943 874 39 23 för

228 909 177 29 försäkringen
417 909 125 22 bestridas
557 909 24 22 af
595 909 200 29 arbetsgifvaren
808 915 93 16 ensam.
933 909 49 22 För

228 943 191 29 försäkringens
435 943 158 30 fullgörande
607 944 70 22 skola
691 943 216 29 arbetsgifvarene
920 950 63 15 sam-

230 978 125 22 mansluta
383 978 38 29 sig
448 978 36 23 till
509 979 153 28 föreningar,
681 978 102 23 bildade
801 978 116 29 yrkesvis
936 978 46 22 och

229 1012 39 22 för
287 1012 63 22 visst
368 1013 145 22 territorialt
531 1013 102 22 område
651 1014 64 21 samt
733 1013 132 28 grundade
884 1013 32 28 på
933 1013 49 22 del-

230 1052 121 23 egarenes
379 1047 151 29 ömsesidiga
558 1047 169 29 ansvarighet.
765 1047 37 22 De
820 1047 88 26 medel,
929 1053 53 16 som

230 1081 127 22 erfordras
385 1081 35 22 till
439 1081 156 23 betäckande
615 1082 24 22 af
657 1081 167 29 försäkrings-
842 1082 46 21 och
907 1081 76 22 admi-

229 1115 319 24 nistrationskostnaderna
567 1118 64 21 samt
649 1116 118 23 bildande
787 1116 25 21 af
824 1116 157 27 reservfond,

229 1151 130 20 uttaxeras
387 1150 95 29 årligen
511 1151 25 22 af
561 1151 192 28 föreningarnas
781 1151 168 26 medlemmar,
974 1151 8 21 i

229 1183 158 23 förhållande
409 1184 35 22 till
466 1185 41 22 det
531 1185 92 28 belopp
648 1185 155 22 arbetslöner
824 1185 97 22 enhvar
939 1191 43 16 un-

229 1218 45 21 der
301 1219 54 21 året
375 1219 124 22 utbetalat
517 1221 64 20 samt
599 1220 55 22 med
673 1220 100 28 hänsyn
792 1219 36 22 till
847 1225 30 16 en
895 1219 87 22 veder-

230 1251 115 30 börligen
372 1253 125 23 fastställd
515 1253 207 30 farlighetstariff.
763 1255 49 22 För
831 1253 107 22 slitande
958 1253 25 22 af

229 1287 88 21 tvister
340 1287 64 22 skall
425 1287 39 22 för
485 1288 90 28 hvarje
593 1289 206 28 yrkesförenings
818 1288 102 21 område
939 1287 43 22 bil-

229 1320 46 21 das
294 1327 31 14 en
342 1321 189 31 skiljedomstol.

298 1354 12 20 I
332 1353 125 30 Österrike
475 1355 146 21 utfärdades
641 1355 27 21 år
688 1355 66 22 1887
775 1361 31 15 en
824 1354 43 28 lag
885 1360 40 16 om
941 1354 42 22 ob-

229 1387 132 29 ligatorisk
389 1388 296 30 olycksfallsförsäkring.
722 1389 37 22 De
785 1388 136 30 vigtigaste
942 1388 41 22 be-

230 1422 165 29 stämningar,
407 1429 89 23 genom
515 1424 85 22 hvilka
619 1424 83 22 denna
720 1424 42 28 lag
775 1424 86 28 skiljer
875 1424 38 28 sig
926 1423 57 22 från

230 1456 49 22 den
298 1457 81 29 tyska,
406 1458 43 22 äro
472 1458 119 29 följande.
628 1458 139 22 Underhåll
785 1458 26 22 åt
829 1458 97 22 skadad
946 1464 37 16 ar-

297 1501 48 23 Lag-
359 1501 31 17 och
403 1500 181 18 Ekonomiutskottets
596 1501 109 17 betänkande
718 1502 37 17 N:o
767 1501 28 18 12.
