1114 1770
336 133 27 22 U.
378 133 26 22 B.
421 145 27 3 —
464 133 71 27 Prop.
551 133 40 22 N:o
606 133 36 24 24.
807 134 28 20 33

111 191 58 27 kylä
191 191 87 21 banans
301 190 143 22 omedelbara
460 191 136 27 beläggande
611 191 51 21 med
678 191 78 21 arbete
770 190 42 21 har
828 192 36 20 att

107 226 84 20 stöda”
203 225 34 26 sig
255 224 29 27 på
300 226 35 20 ett
350 225 134 26 föregående
500 225 175 26 ständerbeslut,
691 226 53 25 äger
760 225 104 21 otvifvel-

111 259 78 26 aktigt
205 259 35 21 sin
253 258 116 27 riktighet.
399 259 51 21 Men
466 260 34 19 ett
516 259 82 21 sådant
612 259 76 20 beslut
699 258 46 21 kan
761 258 26 21 så
802 264 61 20 myc-

115 293 40 21 ket
170 293 87 21 mindre
272 298 56 15 vara
345 293 107 21 bindande
468 292 36 21 för
518 298 30 15 nu
565 292 215 22 sammanträdande
799 292 63 20 Stän-

110 326 49 27 der,
175 332 51 16 som
241 327 38 21 det
294 326 133 22 ankommer
442 326 14 22 å
471 326 52 22 dem
538 328 36 20 att
589 326 80 22 anvisa
684 326 72 21 medel
767 325 35 21 för
810 326 54 20 ban-

115 361 215 27 byggnadsarbetet.
361 361 39 21 Ett
414 361 77 21 beslut
506 367 37 15 om
558 360 101 28 uppskof
671 362 7 19 i
693 360 65 27 fråga
773 366 37 16 om
826 360 37 21 ba-

115 400 57 16 nans
188 395 120 21 utförande
324 395 76 21 blefve
415 395 117 21 dessutom
548 395 50 21 icke
613 396 36 20 ett
663 394 161 22 kullkastande
840 395 26 20 af

110 430 41 21 det
175 429 135 26 föregående
333 430 195 21 ständerbeslutet
544 430 41 21 och
602 429 72 21 skulle
688 428 85 27 jemväl
793 429 70 20 betin-

110 469 43 21 gas
177 464 26 20 af
215 463 42 22 den
273 463 135 27 erfarenhet,
424 469 50 16 som
489 463 72 27 ifråga
576 469 37 16 om
628 463 147 26 möjligheten
790 463 26 20 af
828 464 36 20 ett

112 493 119 26 eventuelt
246 497 155 27 nedåtgående
416 498 26 21 af
455 497 307 22 kommunikationsfondens
777 497 87 21 inkom-

111 533 50 21 ster
184 532 93 21 vunnits
295 532 71 21 under
382 533 28 21 de
426 534 79 20 senast
520 533 114 25 förflutna,
650 532 7 21 i
672 532 144 21 ekonomiskt
832 532 31 20 af-

111 567 85 22 seende
211 573 151 20 ogynsamma
377 567 59 22 åren.

181 601 71 21 Söker
273 607 54 15 man
349 602 37 20 att
409 601 51 21 med
482 601 91 26 hänsyn
587 601 35 21 till
637 601 170 21 rentabiliteten
822 601 41 21 och

110 636 41 22 det
173 635 112 22 indirekta
307 637 84 25 gagnet
409 635 34 22 för
458 635 77 22 landet
550 636 126 26 uppskatta
690 635 133 26 betydelsen
840 635 26 21 af

111 671 28 21 de
169 670 76 27 banor,
275 669 78 22 hvilka
376 671 103 20 närmast
504 671 66 20 borde
584 670 93 21 komma
693 669 34 22 till
742 669 122 22 utförande

111 705 60 22 efter
195 710 30 15 nu
247 704 115 27 pågående
383 705 215 26 jernvägsarbetens
614 704 146 27 slutförande,
777 704 26 21 så
819 704 45 21 kan

112 745 57 15 man
183 739 50 22 icke
248 738 93 22 komma
355 739 35 21 till
405 740 71 20 annat
486 738 98 22 resultat
592 741 30 19 än
630 740 37 20 att
675 739 189 26 Keuru—Jyväs-

110 774 57 27 kylä
197 773 74 21 banan
291 773 71 26 jemte
384 773 52 22 dess
462 773 149 27 fortsättning
626 774 40 20 bör
681 773 87 27 byggas
783 773 7 20 i
806 773 58 22 sista

114 809 107 20 rummet.
251 807 42 22 Till
308 807 89 22 förmån
412 807 34 21 för
462 807 236 27 Jyväskylä-Keuru
712 808 75 21 banan
802 809 62 20 samt

112 843 53 21 dess
189 842 151 27 fortsättning
362 840 25 23 åt
410 842 92 21 nordost
521 843 27 20 till
572 842 136 26 Suonenjoki
723 842 13 21 å
752 841 110 22 Savolaks

111 877 96 25 jernväg
236 877 41 20 har
307 877 98 20 anförts:
428 878 36 19 att
487 877 72 20 denna
581 877 59 20 bana
655 876 91 22 komme
762 877 36 20 att
813 877 51 21 med

112 910 131 21 hvarandra
264 910 102 21 förbinda
391 910 90 22 landets
497 912 62 20 östra
575 910 40 22 och
632 911 78 21 vestra
726 910 61 22 delar
802 912 62 20 samt

114 944 96 21 sålunda
231 944 104 22 befordra
357 944 151 27 varuutbytet
530 944 84 22 mellan
634 945 66 21 dessa
715 944 147 27 landsändar;

112 978 79 22 vidare
221 979 36 21 att
278 978 43 22 den
344 979 41 21 har
403 978 35 21 till
453 978 105 22 ändamål
574 980 36 20 att
624 978 53 22 med
691 978 173 27 jernvägsnätet

112 1013 117 21 införlifva
244 1014 38 21 det
297 1014 131 20 vidsträkta
443 1013 152 27 landområde,
611 1014 69 20 hvars
691 1013 172 21 trafikcentrum

111 1049 27 19 är
161 1048 140 26 Jyväskylä;
321 1048 37 20 att
372 1053 81 21 genom
470 1048 132 21 densamma
617 1048 141 21 industriella
774 1048 90 26 anlägg-

112 1082 81 26 ningar
222 1082 38 20 vid
282 1082 27 21 de
331 1082 83 27 många
437 1082 152 22 vattenfallen
603 1082 8 20 i
626 1082 52 21 dess
695 1082 80 21 närhet
791 1082 73 22 skulle

112 1116 146 28 möjliggöras
281 1118 61 20 samt
361 1118 37 20 att
413 1116 107 27 slutligen
536 1117 38 21 det
589 1116 101 27 nordliga
704 1116 158 26 Tavastlands,

113 1150 113 21 Savolaks
256 1151 41 21 och
326 1151 111 21 Karelens
461 1151 84 21 rörelse
568 1151 50 21 äter
640 1150 73 21 skulle
728 1150 62 21 ledas
805 1150 8 20 i
828 1150 35 21 sin

112 1184 77 26 gamla
218 1184 100 27 riktning
348 1186 49 20 mot
421 1184 124 22 Bottniska
559 1185 75 25 viken,
650 1184 82 21 medan
746 1184 118 21 mellersta

113 1218 107 21 Finlands
235 1218 136 21 förbindelse
386 1219 52 20 med
452 1218 170 22 hufvudstaden
638 1218 41 21 och
690 1218 173 21 vinterhamnen

112 1252 83 27 Hangö
225 1252 72 21 tillika
320 1252 29 27 pä
371 1254 35 19 ett
428 1253 211 21 tillfredsställande
662 1254 48 19 sätt
729 1252 75 21 blefve
820 1252 44 21 till-

111 1287 120 26 godosedd.

181 1320 54 21 Alla
258 1321 67 21 dessa
341 1321 143 26 synpunkter
500 1323 39 19 äro
554 1320 172 27 otvifvelaktigt
742 1320 121 21 beaktans-

113 1354 76 22 värda.
220 1354 50 21 Men
300 1355 80 21 härvid
400 1355 43 21 bör
466 1355 49 22 icke
538 1355 101 27 förgätas
662 1354 13 21 ä
690 1359 42 17 ena
748 1354 65 21 sidan
828 1355 36 19 att

112 1389 75 20 denna
201 1388 59 21 bana
274 1389 71 21 under
360 1395 28 15 en
403 1389 55 26 följd
473 1390 26 19 af
512 1389 25 21 år
552 1389 77 21 måste
644 1389 92 19 komma
746 1389 37 19 att
793 1388 70 20 blifva

112 1428 29 19 en
163 1421 27 21 af
209 1421 27 22 de
255 1423 109 25 svagaste
383 1422 100 21 banorna
498 1423 6 20 i
520 1422 83 26 landet,
618 1422 60 21 hvad
694 1421 169 21 rentabiliteten

181 1471 179 24 Jernvägsutskottets
373 1471 110 18 betänkande
495 1471 37 18 N:o
544 1471 17 18 2.
784 1470 11 18 3
