1134 1767
302 138 13 20 2
495 136 26 22 U.
537 136 26 22 B.
579 148 28 4 —
621 136 72 26 Prop.
709 136 40 21 N:o
765 136 34 20 24.

343 193 39 21 Vid
399 193 110 21 1877—78
525 193 34 21 års
574 193 102 25 landtdag
690 192 103 21 framlade
809 192 107 26 Styrelsen
931 198 26 14 en
973 191 50 26 plan

274 226 32 21 för
321 228 32 20 ett
367 226 109 21 blifvande
491 227 149 21 stambanenät
654 226 7 20 i
677 226 77 25 landet,
769 226 60 20 hvari
844 225 70 26 ingick
930 230 26 16 en
972 224 51 21 mel-

273 261 65 21 lersta
361 261 111 21 stambana
491 261 18 30 ,i
529 261 122 26 sträckning
666 260 89 21 emellan
772 260 129 20 Davidstads
916 259 79 21 station
1011 258 12 21 å

275 294 30 21 S:t
329 294 161 26 Petersburgs—
497 294 116 22 Riihimäki
633 295 88 27 jernväg
744 294 39 21 och
806 294 139 25 Nikolaistad,
964 292 59 22 öfver

274 328 31 22 S:t
321 328 77 21 Michel
413 329 39 21 och
467 329 134 27 Jyväskylä*.
626 328 117 22 Ständerna
758 328 79 26 ansägo
852 328 31 26 sig
899 328 54 20 dock
969 326 54 26 icke,

274 368 73 21 genom
363 364 33 19 att
411 362 54 22 fatta
481 362 70 22 beslut
567 369 33 15 om
616 362 170 22 stambanenätet
801 362 7 20 i
823 362 48 21 dess
881 362 80 26 helhet,
972 361 52 21 böra

274 396 27 28 gå
323 396 126 21 kommande
471 396 125 28 landtdagar
619 397 7 20 i
644 396 80 26 förväg,
743 402 48 16 men
811 396 6 20 i
833 396 35 20 det
883 396 33 20 vid
932 395 92 21 nämnda

274 430 100 27 landtdag
399 430 120 27 byggandet
541 431 23 21 af
584 431 56 22 Vasa
656 431 89 27 jernväg
760 430 85 26 beslöts,
861 430 116 26 framhölls,
993 431 31 19 att

275 465 97 20 sträckan
388 464 47 21 frän
452 465 123 28 Myllymäki
590 465 32 21 till
638 465 133 21 Nikolaistad
787 464 132 22 sammanföll
935 465 47 20 med
999 470 24 14 en

275 499 32 20 del
323 499 23 20 af
359 499 40 20 den
415 499 108 21 tilltänkta
538 499 107 21 mellersta
660 499 132 21 stambanan.

344 533 55 21 1882
421 533 34 20 års
479 533 89 21 Ständer
591 533 65 21 funno
678 533 47 21 icke
744 533 113 26 anledning
875 533 32 21 att
924 531 101 22 särskildt

274 567 68 22 uttala
357 567 32 26 sig
405 567 130 22 beträffande
550 567 139 22 förevarande
704 567 62 26 bana,
777 569 51 19 enär
844 567 35 21 det
893 566 28 21 dä
931 568 94 20 närmast

274 601 75 27 gällde,
373 601 105 22 huruvida
501 602 40 21 den
564 597 172 26 Österbottniska
759 602 51 21 eller
833 601 102 22 Savolaks
955 600 70 22 banan

274 635 76 22 främst
373 636 68 21 skulle
463 636 86 21 komma
570 637 32 20 till
625 636 119 21 utförande.
775 637 33 20 Dä
826 635 73 28 frägan
918 635 35 21 vid
971 635 54 22 1885

275 670 33 21 års
330 670 101 27 landtdag
449 671 46 20 åter
514 672 47 25 togs
580 671 32 21 till
632 671 46 25 tals,
694 671 84 26 gjordes
794 670 56 21 olika
865 669 108 28 yrkanden
990 669 35 21 be-

275 705 104 21 träffande
395 705 148 27 sträckningen
559 705 23 21 af
596 705 289 26 sammanbindningsbanans
896 704 77 27 ostliga
984 704 41 25 del,

275 739 7 20 i
304 739 36 21 det
362 741 32 18 att
416 739 78 26 förslag
516 739 142 22 framställdes
680 739 57 21 säväl
761 745 33 14 om
817 739 48 20 dess
884 738 91 22 ledande
991 738 34 21 till

276 773 89 26 Kuopio,
381 779 45 15 som
442 773 31 21 till
490 773 69 26 nägon
575 774 67 26 punkt
658 773 7 21 i
680 774 102 20 närheten
794 773 22 21 af
825 773 137 26 Haukivaori,
974 773 52 21 eller

276 807 38 21 ock
333 807 31 21 till
384 807 76 26 Kieppi
479 808 54 21 sund
548 807 7 21 i
571 807 141 28 Mäntyharju.
743 807 48 21 Med
806 807 99 22 afseende
919 807 53 22 härä
987 813 36 15 an-

276 841 56 21 höllo
357 841 54 22 1885
435 842 34 20 års
492 841 90 22 Ständer
602 843 42 26 ,att
659 841 85 22 teknisk
759 842 39 20 och
814 842 124 21 ekonomisk
953 841 72 21 utred-

276 875 49 26 ning
347 875 132 22 beträffande
502 875 132 28 lämpligaste
657 876 150 26 sträckningen
830 876 22 21 af
873 881 26 16 en
921 881 104 16 samman-

276 909 168 27 bindningsbana
459 910 46 21 frän
520 910 58 21 Vasa
585 911 88 26 jernväg
684 909 59 22 öfver
752 910 115 27 Jyväskylä
877 909 33 23 till
921 909 104 22 Savolaks

276 944 69 21 banan
368 945 39 20 och
431 944 92 21 derifrän
545 945 107 21 eventuelt
674 945 71 20 vidare
767 945 32 20 till
822 946 59 19 östra
900 943 125 22 stambanan

277 979 64 20 mätte
356 979 171 27 ävägabringas*.

344 1013 47 20 Den
413 1013 93 25 begärda
523 1013 184 26 undersökningen
727 1015 55 18 hann
798 1013 118 20 emellertid
931 1013 46 20 icke
992 1013 33 19 ut-

277 1047 56 21 föras
348 1047 63 20 innan
427 1047 126 27 päföljande,
570 1047 54 21 1888
640 1047 40 26 ärs,
696 1047 110 26 landtdag,
820 1047 35 20 vid
871 1046 85 21 hvilken
971 1045 54 28 änyo

276 1087 25 15 en
320 1081 77 26 mängd
415 1081 181 28 petitionsförslag
612 1081 7 21 i
635 1083 71 19 ämnet
720 1081 137 20 inlemnades.
887 1081 42 21 För
944 1081 81 20 banans

277 1115 76 26 ostliga
368 1115 41 24 del,
421 1115 88 21 emellan
523 1115 116 27 Jyväskylä
651 1115 39 21 och
703 1115 101 20 Savolaks
816 1115 75 26 banan,
901 1114 124 21 förordades

278 1149 73 21 härvid
373 1150 47 20 icke
438 1149 56 21 färre
513 1151 26 19 än
559 1149 42 21 fem
617 1149 57 21 olika
689 1149 153 26 sträckningar.
872 1149 9 21 I
897 1149 129 21 Ständernas

277 1183 87 26 petition
384 1184 90 20 rörande
489 1183 69 21 denna
572 1183 60 27 fräga
646 1185 94 24 nämnes,
755 1183 68 21 under
838 1182 152 22 framhällande
1006 1182 22 21 af

276 1217 291 26 sammanbindningsbanans
589 1217 115 27 betydelse,
727 1219 32 19 att
780 1217 121 21 utförandet
921 1216 23 21 af
958 1217 68 21 denna

275 1252 87 26 jernväg
376 1252 7 19 i
398 1251 48 21 hela
462 1251 47 22 dess
525 1251 121 26 sträckning
662 1251 33 21 väl
710 1251 48 21 icke
773 1251 71 21 kunde
859 1252 86 20 komma
959 1251 68 26 ifräga

277 1286 63 21 innan
363 1285 26 21 de
412 1285 72 26 banor,
503 1285 73 22 hvilka
594 1285 40 21 den
650 1285 66 21 borde
730 1285 81 26 förena,
827 1285 68 26 nägon
910 1285 31 21 tid
957 1284 69 22 blifvit

277 1319 128 21 trafikerade
427 1318 38 21 och
488 1319 121 21 erfarenhet
628 1319 121 25 derigenom
765 1318 84 21 vunnits
864 1319 48 21 med
927 1318 100 21 afseende

278 1354 12 19 ä
319 1354 26 19 de
371 1352 134 27 lämpligaste
530 1353 270 27 anknytningspunkterna.
838 1353 32 21 Dä
896 1352 130 22 beträffande

278 1386 148 28 sträckningen
448 1386 23 22 af
492 1387 81 21 banans
594 1387 90 27 vestliga
703 1387 39 26 del,
762 1388 89 20 emellan
869 1388 58 21 Vasa
938 1387 88 27 jernväg

278 1422 39 21 och
335 1422 121 26 Jyväskylä,
472 1422 155 26 väsendtligare
642 1422 273 27 meningsskiljaktligheter
930 1422 97 20 emeller-

344 1474 179 22 Jernvägsutskottets
535 1474 111 18 betänkande
658 1473 37 18 N:o
707 1474 17 17 2.
