1109 1764
280 137 83 23 Ständ.
379 138 37 23 Sv.
434 152 24 2 —
474 139 72 27 Prop.
561 139 41 22 N:o
617 139 35 22 24.
802 140 12 20 3

592 197 71 31 Längd.
729 201 102 18 Kostnads-

607 230 41 17 Km.
744 230 75 22 förslag.

719 257 123 22 Normalspär.

90 275 120 38 Bandelen
217 281 248 55 Vana
475 281 100 22 hufvud-

160 314 52 28 spår
248 330 4 5 .
284 332 4 4 .
318 331 5 5 .
568 331 4 5 .
603 316 26 20 78
759 327 26 2 =

92 347 123 29 hamnspär
248 365 4 4 .
568 365 4 5 <
617 351 29 26 26
723 349 119 28 5,485,000.

91 376 119 21 Bandelen
246 365 148 40 Suonenjoki
401 361 149 49 —Kivisalmi,

160 410 143 30 hufvudspär
319 429 5 4 .
355 429 4 4 .
391 429 3 4 .
461 429 4 4 5
497 430 4 4 x
532 429 40 4 ww
602 413 59 26 Bdjän
759 424 27 3 —

91 445 84 21 bibana
189 424 241 55 Kivisalmi-Kuhjo.
462 463 39 4 as
533 463 39 4 aa
617 447 29 26 dj
723 447 119 26 2,505,000.

438 487 93 21 Summa
540 487 45 21 km.
596 488 56 26 121,2
664 488 46 26 Zag
724 487 118 27 7,990,000.

160 548 46 22 Vid
221 549 172 28 behandlingen
409 550 25 21 af
442 550 44 21 den
495 550 85 29 nädiga
589 550 175 29 propositionen
775 549 69 21 hafva

92 583 130 22 Ständerna
237 584 104 27 godkänt
356 583 132 22 densamma
503 584 76 21 sävidt
594 585 72 28 angär
676 583 135 29 byggandet
821 583 25 21 af

91 617 114 22 bandelen
230 618 98 21 Keuru—
338 618 134 29 Jyväskylä.
503 619 109 20 Deremot
627 619 69 21 hafva
714 617 130 22 Ständerna

91 652 37 21 för
143 653 76 21 denna
228 653 62 28 gäng
301 653 51 21 icke
363 653 89 22 kunnat
463 653 97 22 omfatta
570 653 112 28 förslaget
692 660 36 14 om
740 652 104 22 Suonen-

88 687 162 28 joki—Kuhjo
261 687 86 22 banans
363 688 132 27 utförande;
509 688 42 21 och
562 688 94 28 utbedja
668 687 36 29 sig
714 687 130 22 Ständerna

92 723 34 20 att
143 721 168 29 underdänigst
327 721 24 22 fä
368 722 36 22 för
419 723 72 21 Eders
507 723 130 28 Kejserliga
652 722 108 28 Majestät
775 721 68 22 fram-

91 757 69 28 lägga
174 757 82 21 skälen
270 756 84 23 härför.

160 791 33 21 På
213 793 46 19 sätt
274 791 8 21 i
297 791 174 29 propositionen
490 792 133 21 framhälles
639 791 75 22 skulle
730 791 114 22 bandelen

92 825 252 30 Suonenjoki—Kuhjo
364 826 68 22 hafva
452 826 37 21 till
504 826 95 22 främsta
614 825 106 22 ändamål
735 827 35 20 att
785 827 59 20 sätta

92 860 45 21 den
157 859 143 23 vidsträckta
318 860 111 27 landsdel,
448 860 97 22 hvilken
564 860 114 29 omgifver
694 860 28 21 de
737 867 55 14 norr
807 867 37 14 om

92 894 96 29 Päijäne
204 894 34 28 sjö
259 894 99 29 belägna
376 897 62 19 stora
453 895 173 28 vattendragen,
642 895 8 20 i
666 894 76 22 direkt
756 894 88 21 förbin-

92 929 63 21 delse
170 929 53 20 med
242 929 90 22 landets
345 929 159 28 jernvägsnät.
534 930 70 21 Detta
620 929 62 28 syfte
696 929 64 21 finna
775 929 69 21 äfven

93 963 129 22 Ständerna
232 963 8 21 i
251 963 44 22 allo
306 963 186 29 beaktansvärdt,
505 972 52 13 men
568 971 54 14 anse
634 963 125 22 detsamma
769 963 75 22 bättre

94 998 79 21 kunna
198 998 89 28 vinnas,
304 998 50 21 ifall
374 998 44 21 den
441 998 37 22 del
501 999 25 21 af
547 999 45 21 den
614 997 120 22 tilltänkta
754 998 91 28 jernvä-

93 1040 44 21 gen
156 1032 85 22 mellan
256 1033 130 28 Jyväskylä
404 1033 42 21 och
462 1032 111 23 Savolaks
589 1033 81 26 banan,
688 1039 48 15 som
752 1032 93 21 föresla-

93 1068 46 28 gits
156 1069 34 19 att
206 1067 80 29 dragas
302 1068 52 21 från
369 1067 100 22 nämnda
484 1068 51 21 stad
550 1068 36 21 till
601 1067 110 28 Haapala,
728 1067 43 22 och
782 1067 62 22 biba-

93 1110 45 13 nan
154 1102 101 21 derifrån
270 1102 38 21 till
323 1102 106 21 Suolahti
447 1102 41 21 vik
506 1103 25 20 af
542 1102 92 22 Keitele
650 1101 35 29 sjö
701 1102 92 21 komme
808 1101 37 22 till

92 1137 130 21 utförande.

161 1171 77 22 Jemte
253 1171 125 28 uppgiften
393 1173 34 19 att
443 1171 39 21 vid
497 1171 79 28 Kuhjo
592 1171 42 21 och
649 1171 125 21 Kivisalmi
788 1178 56 21 upp-

94 1206 72 21 samla
181 1206 69 21 trafik
266 1206 50 21 från
332 1205 93 22 Keitele
440 1205 42 22 och
497 1205 135 22 Konnevesi
644 1205 72 28 sjöars
727 1205 118 28 omnejder

94 1241 40 20 har
157 1241 117 28 nämligen
299 1240 113 21 bandelen
433 1240 253 28 Suonenjoki-Kuhjo
705 1240 51 21 icke
774 1241 72 27 något

94 1277 73 19 större
190 1275 73 21 lokalt
285 1274 143 22 trafikbehof
448 1276 34 19 att
504 1274 129 29 tillgodose,
651 1278 55 17 enär
721 1274 81 21 endast
818 1274 28 21 de

95 1310 101 21 centrala
220 1310 91 21 delarne
331 1309 25 21 af
368 1309 147 28 Rautalampi
531 1309 85 21 socken
632 1309 92 21 komme
739 1310 35 19 att
789 1309 8 20 i
812 1309 34 20 så-

95 1344 56 22 dant
166 1344 108 21 afseende
290 1343 71 28 draga
376 1345 67 27 nytta
458 1343 25 21 af
496 1343 82 22 banan.
605 1343 68 22 Såväl
689 1343 105 28 sydöstra
809 1343 37 21 de-

94 1379 37 20 len
148 1379 25 20 af
184 1379 93 20 Keitele
296 1385 49 14 som
364 1378 135 21 Konnevesi
515 1378 113 27 omgifvas
644 1377 26 21 af
682 1377 89 28 ganska
786 1377 60 28 glest

94 1411 124 22 befolkade
233 1411 94 27 trakter,
344 1411 43 21 och
402 1411 98 21 trafiken
516 1411 51 21 från
582 1410 135 22 landsdelen
732 1412 62 19 öster
809 1417 36 14 om

95 1446 133 22 Konnevesi
248 1445 45 22 kan
312 1445 52 22 med
380 1447 73 20 större
469 1444 73 22 fördel
559 1445 110 28 antingen
686 1444 89 21 direkte
791 1445 55 21 eller
