1106 1775
287 129 81 23 Ständ.
385 130 40 22 Sv.
440 144 28 2 —
483 131 71 27 Prop.
570 132 42 21 N:o
627 131 37 21 29.
821 134 10 19 3

111 196 41 19 nat
164 194 79 29 undgå
260 196 34 20 att
309 196 118 28 uppställa
442 196 39 22 det
496 196 75 22 vilkor
586 196 36 22 för
636 196 137 29 utgifvande
788 197 26 21 af
826 204 34 14 er-

110 228 112 28 sättning,
239 230 34 20 att
288 229 45 21 den
349 230 100 21 skadade
464 230 60 22 skall
539 232 35 20 stå
588 231 74 21 under
672 231 94 28 ständig
773 231 87 21 läkare-

110 262 63 22 vård.
209 263 98 21 Ensamt
331 271 31 14 nu
387 263 96 23 berörda
512 264 172 29 omständighet
708 265 152 28 ådagalägger

110 296 181 29 olämpligheten
313 298 26 21 af
359 298 155 31 stadganden,
529 306 84 20 genom
632 298 80 22 hvilka
729 299 130 29 tvångsför-

110 330 125 30 säkringen
257 332 76 21 skulle
351 332 130 22 utsträckas
500 330 38 25 till
552 332 154 30 öfvergående
720 333 139 29 kroppsska-

109 366 48 26 dor,
178 366 43 21 och
239 366 96 22 sålunda
356 367 45 21 den
416 367 130 29 anordning
560 368 170 28 omöjliggöras,
746 370 35 19 att
796 368 63 22 arbe-

108 402 65 20 taren
189 401 8 21 i
213 401 65 22 dessa
293 401 42 22 fall
349 402 62 28 finge
426 402 90 28 åtnjuta
530 402 127 22 understöd
672 402 112 28 antingen
799 410 60 14 ome-

108 435 89 22 delbart
220 436 26 21 af
265 436 185 28 arbetsgifvaren
471 437 57 21 eller
549 436 52 22 från
619 437 76 28 någon
710 436 148 23 understöds-

107 470 74 21 kassa.
211 470 46 22 Det
275 471 42 21 bör
333 471 98 28 märkas,
447 473 35 19 att
497 471 179 29 olägenheterna
690 471 68 21 häraf
770 472 88 28 ganska

107 504 99 22 känbart
221 505 86 23 drabba
319 506 88 28 jemväl
422 505 126 29 arbetaren,
564 505 29 22 då
608 506 38 21 det
662 506 25 21 af
698 508 112 26 systemet
819 506 39 29 på-

107 539 90 22 kallade
217 540 168 28 obligatoriska
402 540 128 22 anlitandet
544 540 26 22 af
582 540 78 21 läkare
676 540 69 22 äfven
759 540 41 22 vid
814 541 43 21 lin-

107 573 90 30 drigare
215 574 171 29 kroppsskador
400 574 37 23 för
452 574 45 22 den
512 574 99 23 skadade
626 574 46 22 kan
682 574 102 22 medföra
792 575 65 29 bety-

106 608 74 23 dande
200 609 64 22 såväl
281 609 149 29 olägenheter
445 617 49 14 som
509 609 130 28 kostnader,
655 609 136 29 isynnerhet
805 611 9 20 i
829 610 28 22 de

106 643 47 29 fall,
170 644 29 21 då
212 644 79 21 läkare
305 644 52 22 icke
372 644 75 22 finnes
463 645 13 20 å
491 647 65 19 orten
570 645 84 21 bosatt.

173 678 52 21 Den
247 678 167 29 obligatoriska
436 679 304 28 olycksfallsförsäkringen,
763 686 93 21 genom-

105 712 52 22 förd
179 713 36 22 uti
237 713 39 22 det
294 714 8 21 i
320 713 171 29 propositionen
512 714 136 28 ifrågasatta
666 713 99 28 omfång,
783 714 73 21 måste

102 747 87 28 jemväl
204 747 37 22 för
256 747 184 30 arbetsgifvaren
450 747 74 22 blifva
533 749 93 28 mycket
636 747 153 29 betungande,
801 752 54 18 enär

104 782 313 29 förvaltningskostnaderna
439 783 40 22 vid
497 783 115 21 allmänna
631 782 225 29 olycksfallsförsäk-

104 817 177 28 ringsanstalter
296 818 57 21 eller
363 817 84 28 -bolag,
461 818 75 21 såsom
546 817 162 22 erfarenheten
720 817 135 29 ovedersäg-

103 851 64 28 ligen
189 852 130 29 ådagalagt,
342 852 67 21 ställa
429 852 37 29 sig
483 852 150 29 synnerligen
647 851 66 29 höga,
729 851 83 22 medan
827 851 28 22 de

103 886 41 22 vid
165 887 77 21 lokala
263 886 222 22 understödskassor
502 887 8 21 i
527 887 81 28 regeln
630 890 39 18 äro
688 886 94 29 mycket
799 886 54 22 små.

103 920 74 22 Dessa
191 921 73 29 jemte
283 921 115 22 särskilda
413 921 71 21 andra
498 921 198 29 omständigheter
710 921 70 21 hafva
794 921 61 21 varit

104 956 155 28 anledningen
275 956 84 28 dertill,
375 957 34 20 att
422 956 9 21 i
446 956 124 28 Tyskland,
587 956 40 21 der
642 957 112 27 systemet
764 956 25 21 af
797 955 57 21 obli-

103 990 104 28 gatorisk
237 990 239 28 arbetareförsäkring
504 990 59 22 först
592 990 84 22 vunnit
697 990 156 28 tillämpning,

103 1024 299 30 olycksfallsförsäkringen
431 1025 134 21 inskränkts
595 1025 37 21 till
662 1024 81 22 endast
768 1024 85 22 sådana

103 1059 128 29 olycksfall,
248 1060 80 21 hvilka
344 1059 104 22 medföra
463 1059 196 29 arbetsoförmåga
674 1058 92 22 utöfver
779 1060 27 21 91
816 1058 37 21 da-

102 1101 48 21 gar,
165 1094 83 22 medan
262 1094 40 22 vid
312 1094 127 28 lindrigare
450 1093 171 29 kroppsskador
630 1092 158 22 understöden
797 1093 56 27 utgå

101 1128 52 22 från
173 1128 28 22 de
221 1128 88 30 jemväl
332 1128 167 29 obligatoriska
521 1128 171 29 sjukkassorna,
715 1126 28 22 de
758 1126 41 22 der
814 1130 37 18 äro

102 1163 161 29 organiserade
281 1170 49 15 som
349 1163 76 21 lokala
443 1163 110 22 anstalter
568 1162 52 21 med
632 1161 170 30 jemförelsevis
818 1162 34 20 in-

102 1197 98 22 skränkt
222 1197 259 22 verksamhetsområde.
510 1197 51 21 Den
583 1197 69 28 tyska
671 1195 181 30 olycksfallsför-

102 1233 124 28 säkringen
241 1233 82 28 skiljer
337 1232 36 29 sig
388 1232 133 28 härigenom
536 1232 9 21 i
560 1231 124 29 praktiken
697 1230 51 22 icke
759 1231 94 28 mycket

101 1267 52 21 från
168 1273 28 15 en
211 1267 138 28 försäkring,
366 1266 129 29 begränsad
509 1266 37 21 till
557 1265 81 22 endast
647 1265 154 22 invaliditets-
809 1265 42 21 och

101 1301 105 22 dödsfall.

169 1336 36 21 Då
227 1336 39 21 det
289 1335 96 22 sålunda
408 1342 68 22 synes
505 1335 115 29 ostridigt,
642 1335 35 20 att
698 1333 152 29 obligatorisk

101 1370 274 30 olycksfallsförsäkring,
398 1369 114 22 utsträckt
531 1369 89 29 jemväl
641 1368 37 22 till
697 1368 153 29 öfvergående

100 1405 178 28 kroppsskador,
301 1405 8 20 i
332 1405 127 20 allmänhet
481 1407 23 16 är
526 1403 36 20 för
580 1403 64 20 såväl
661 1403 119 20 arbetaren
801 1409 48 13 som

100 1438 182 29 arbetsgifvaren
299 1438 184 27 oförmånligare,
500 1440 29 17 än
544 1443 37 14 om
597 1437 24 20 åt
635 1436 120 21 arbetaren
765 1435 9 21 i
784 1435 66 21 dessa
