1114 1750
454 142 45 24 N:o
519 144 41 23 26.
838 143 13 20 3

129 208 72 27 stånd,
217 208 99 28 antingen
332 209 56 28 finge
403 212 94 26 upptaga
512 212 48 25 nytt
573 210 111 22 utländskt
699 210 43 27 lån,
754 210 32 22 till
802 210 79 27 belopp

127 243 152 22 motsvarande
303 244 42 26 det,
368 244 102 22 hvarmed
486 244 135 28 föreningens
635 245 115 21 utländska
765 244 64 22 skuld
844 244 36 22 vid

128 283 81 16 samma
232 278 101 27 tidpunkt
355 278 126 27 understege
504 280 127 25 30,000,000
653 278 68 22 finska
743 279 69 27 mark,
828 278 53 22 eller

128 311 39 22 ock
189 312 205 26 konverteringslån,
418 313 48 21 med
488 313 138 27 iakttagande
642 312 66 26 deraf,
725 314 33 20 att
773 313 37 21 det
825 318 55 15 sam-

127 346 126 27 manslagna
267 346 101 27 beloppet
383 346 24 22 af
420 347 26 21 de
457 347 70 21 skilda
539 348 114 20 utländska
664 347 63 21 lånen
737 346 48 22 icke
796 347 84 21 komme

128 382 33 19 att
176 380 115 28 öfverstiga
306 380 140 23 förenämnda
461 387 82 16 summa
558 381 23 22 af
595 382 127 26 30,000,000
733 380 68 22 finska
812 380 68 22 mark.

196 414 33 21 Då
239 414 241 28 Hypoteksföreningen,
492 416 45 21 dels
548 422 75 20 genom
633 415 129 26 föreningen
772 415 109 26 beviljade

128 448 151 22 subventioner
295 449 39 21 och
345 449 127 27 afskrifning
483 449 23 22 af
514 450 134 27 föreningens
658 449 64 21 skuld
733 449 33 21 till
777 448 104 22 Finlands

126 482 68 28 Bank,
217 483 46 21 dels
285 490 77 21 genom
384 483 106 21 särskilda
506 484 115 27 ändringar
636 484 8 21 i
658 483 138 27 föreningens
813 483 68 27 regle-

127 519 72 20 mente
222 518 40 21 och
284 518 111 21 lånetariff
416 520 54 19 samt
486 518 98 22 bildande
600 518 23 21 af
637 524 26 14 en
679 518 123 21 reservfond
818 517 24 21 af
855 523 26 15 en

127 552 48 22 half
183 552 74 26 miljon
268 552 66 25 mark,
345 552 93 22 förutom
449 559 25 15 en
484 552 58 28 fond,
555 552 125 28 uppgående
691 552 34 21 vid
738 553 54 21 1892
803 552 35 21 års
848 554 34 19 ut-

127 588 57 26 gång
199 587 33 21 till
247 587 54 22 Fmk
316 588 139 27 866,214:36
470 587 33 22 för
521 588 157 26 amorteringen
696 587 22 21 af
727 587 154 27 kapitalrabat-

127 623 37 20 ten
174 622 13 21 å
204 622 53 21 1865
273 623 36 20 års
325 621 43 28 lån,
384 628 89 15 numera
488 623 41 20 kan
544 629 64 15 anses
624 621 89 28 erbjuda
728 621 38 22 full
782 621 100 22 säkerhet

127 655 34 22 för
176 656 26 21 de
217 656 149 27 förbindelser,
382 656 122 27 föreningen
514 657 68 22 iklädt
592 657 40 26 sig,
642 658 56 19 samt
709 655 27 22 då
746 656 135 27 föreningens

128 691 101 27 ställning
252 691 39 21 och
314 690 98 28 förmåga
434 693 32 19 att
489 691 113 28 tillgodose
622 690 138 28 jordbrukets
775 691 105 21 intressen

129 725 157 28 otvifvelaktigt
300 726 85 21 komme
400 728 32 19 att
447 726 66 21 blifva
528 728 27 19 än
569 725 127 28 ytterligare
712 725 76 26 stärkt,
804 725 8 21 i
827 725 53 20 hän-

128 760 59 21 delse
201 760 124 28 föreningen
341 761 68 21 under
422 767 128 20 gynsamma
564 760 148 22 förhållanden
728 759 71 22 kunde
814 759 66 22 anlita

129 795 40 22 den
191 795 116 22 utländska
329 795 99 22 krediten
451 795 101 28 antingen
573 795 33 21 för
628 795 153 26 konvertering
796 794 27 27 på
838 793 43 22 för-

127 829 93 28 månliga
242 830 69 21 vilkor
335 829 23 22 af
378 830 136 27 föreningens
537 829 114 23 utländska
674 829 35 22 lån
725 829 52 22 eller
792 828 34 22 för
842 834 37 15 an-

128 864 110 22 skaffande
261 871 76 20 genom
353 864 35 22 lån
403 864 23 21 af
440 865 124 26 ytterligare
579 864 69 21 medel
664 863 32 22 för
712 862 169 28 tillgodoseende

128 899 25 21 af
172 898 136 27 föreningens
333 899 137 26 lånerörelse,
493 899 39 21 har
554 899 61 21 Hans
638 898 119 27 Kejserliga
779 897 103 28 Majestät

128 933 56 22 velat
199 933 34 22 till
247 933 84 22 landets
348 933 91 22 Ständer
454 933 104 27 härjemte
574 932 142 23 öfverlemna:

335 1005 33 20 att
382 1003 122 27 öfverlägga
518 1003 40 22 och
573 1003 85 21 besluta
674 1008 33 15 om
723 1001 40 22 och
778 1003 29 26 på
817 1001 65 21 huru-

267 1038 54 21 dana
335 1038 69 21 vilkor
419 1037 101 22 Finlands
536 1036 208 29 Hypoteksförening
760 1036 72 21 kunde
847 1035 35 22 be-

267 1072 60 27 viljas
343 1072 39 21 den
396 1071 95 28 begärda
506 1072 98 27 garantin
619 1071 33 22 för
668 1071 139 28 uppfyllande
823 1069 23 22 af
856 1071 26 20 de

265 1106 143 22 förbindelser
429 1107 131 27 föreningen,
577 1106 55 23 efter
646 1106 74 27 hvarje
736 1105 57 27 gång
809 1105 73 21 dertill

266 1141 38 22 hos
326 1141 135 28 Regeringen
484 1141 112 23 utverkadt
619 1141 104 27 tillstånd,
744 1140 42 21 kan
809 1139 75 22 ikläda

266 1176 32 27 sig
321 1176 35 22 vid
378 1176 145 28 upptagandet
546 1176 12 22 å
580 1176 117 22 utrikesort
720 1174 22 22 af
762 1175 44 25 lån,
829 1174 53 22 dock

266 1211 47 21 icke
329 1211 33 21 till
372 1210 66 28 högre
449 1211 76 27 belopp
536 1213 28 19 än
574 1213 34 19 att
617 1210 137 26 föreningens
764 1209 118 21 utländska

267 1245 63 21 skuld
359 1245 188 22 sammanräknadt
569 1246 18 26 ej
613 1244 119 26 öfverstege
755 1244 129 26 30,000,000

265 1278 68 22 finska
349 1279 67 21 mark.

404 1354 10 20 I
429 1352 67 22 nåder
511 1353 101 27 godkänd
626 1352 8 22 i
650 1352 31 22 S:t
696 1351 131 27 Petersburg
842 1351 41 21 den

336 1393 27 20 22
378 1392 104 21 Februari
500 1393 59 20 1894.

309 1490 291 22 Ministerstatssekreterare
614 1489 27 22 W.
656 1494 38 17 von
710 1488 102 26 DAEHN.
