1103 1781
359 149 36 59 k
444 154 24 25 —
486 122 62 90 Prop
565 150 37 32 N:o
618 146 36 44 32.
867 150 26 30 9

137 208 52 42 ort
197 201 46 47 den
256 222 102 40 enskilde
374 200 81 55 nådgas
473 228 37 22 för
521 228 159 30 ifrågavarande
696 230 104 21 allmänna
816 230 66 22 behof

123 288 8 9 —
137 262 174 35 afmtä,-härvid
300 270 24 15 är
335 260 76 26 afsedd
423 267 32 19 att
466 264 99 28 utgifvas.
589 264 62 23 Vare
660 265 33 27 sig
702 268 32 18 att
744 265 137 29 hästägarene

112 305 4 7 >”
123 288 204 33 säledes'-komme
348 302 32 19 att
401 300 56 21 afstä
479 301 45 21 sina
545 300 71 22 hästar
636 300 34 27 för
687 300 59 22 finsk
763 301 52 22 eller
829 301 51 29 rysk

137 337 75 32 trupps
233 334 72 28 behof,
324 336 7 20 i
349 335 83 23 hvilket
449 336 74 22 senäre
541 336 37 22 fall
594 336 64 28 ryska
672 336 81 22 kronan
769 338 66 28 enligt
849 340 32 19 ett

136 365 136 35 lagförslaget
294 371 112 29 vidfogadt
427 372 80 30 förslag
528 373 31 21 til
579 373 156 25 administrativ
756 373 125 29 förordning

137 413 55 23 eger,
205 414 37 15 om
252 407 46 23 -ock
313 415 76 22 genom
404 408 127 30 förmedling
545 409 22 21 af
581 409 59 22 finsk
655 408 129 30 myndighet,
797 410 83 28 erlägga

135 443 156 30 godtgörelsen,
305 444 42 22 blir
361 445 8 20 i
384 444 41 22 alla
439 444 38 22 fall
492 445 41 22 den
548 445 83 27 förlust,
645 444 77 22 hvaraf
732 444 41 23 den
783 445 105 23 enskilde-

135 476 77 32 genom
234 480 202 30 tvängsförsäljning
454 480 90 23 komme
557 484 32 19 att
608 480 97 28 drabbas,
723 482 7 20 i
745 482 72 28 regeln
831 482 49 22 icke

136 517 68 21 större
218 518 28 20 än
261 516 37 22 det
312 516 85 30 belopp,
411 517 102 22 hvarmed
527 517 37 22 det
578 517 83 30 jämlikt
674 518 121 29 fredstariff
806 518 75 22 beräk-

136 552 54 22 nade
213 552 66 30 priset
301 554 110 22 eventuelt
436 553 71 23 kunde
525 554 126 31 understiga
674 553 39 28 det
733 553 34 23 för
787 554 94 22 tillfället

136 588 107 32 gångbara
257 588 98 30 förhöjda
369 589 130 29 krigspriset.

206 625 56 22 Näst
287 625 27 22 de
339 625 105 23 allaredan
469 626 22 21 af
513 624 151 31 Lagutskottet
684 626 125 21 framhållna
831 633 49 22 syn-

113 661 10 22 ".
136 661 98 28 punkter,
251 660 74 23 hvilka
343 661 88 22 hänföra
449 663 33 27 sig
498 661 32 22 till
545 663 41 21 den
601 661 83 22 landets
699 662 130 22 innevånare
844 670 36 21 ge-

137 704 48 15 nom
206 697 103 28 grundlag
331 697 40 22 och
392 698 121 29 privilegier
532 697 157 23 tillförsäkrade
710 699 47 28 rätt,
772 701 31 18 att
823 698 57 21 oför-

135 733 79 22 kränkt
228 733 149 29 tillgodonjuta
392 733 113 29 välfängen
515 733 108 29 egendom,
635 733 91 22 hvarvid
736 733 56 23 dock
802 733 78 29 jämväl

136 769 39 22 bör
190 770 79 21 erinras
284 777 35 14 om
335 771 12 27 $
363 771 28 20 45
407 769 23 22 af
439 770 200 29 Regeringsformen
653 769 41 22 den
714 771 26 20 21
756 777 47 21 aug.
817 771 64 26 1772,

137 805 38 22 der
189 805 141 28 grundsatsen
345 813 35 14 om
395 806 103 21 särskilda
512 807 8 20 i
524 805 99 29 kripstid
635 805 173 22 förekommande
821 809 59 18 extra

136 841 87 29 pälagor
244 841 72 22 funnit
338 838 91 33 uttryck,
451 842 66 22 hafva
538 843 73 28 lagens
630 841 165 28 konsekvenser,
813 841 66 23 sedda

136 877 48 22 från
199 877 38 22 det
250 877 138 22 ekonomiska
402 877 73 23 lifvets
490 877 137 30 ståndpunkt,
643 877 65 23 väckt
720 872 160 35 uppmärksam-

136 913 37 22 het
194 914 18 28 ej
229 913 86 25 mindre
333 915 58 21 inom
409 913 112 23 Utskottet
538 916 27 20 än
583 913 39 23 hos
637 913 89 23 stånden
742 913 66 30 enligt
822 913 57 23 hvad

136 949 36 22 vid
188 949 199 23 remissdebatterna
401 950 73 29 gjorda
490 949 122 23 uttalanden
627 949 59 30 gifva
701 949 37 23 vid
753 949 90 23 handen.

206 985 53 22 Med
278 985 101 23 afseende
398 986 51 22 härå
466 986 128 22 tillkommer
609 986 36 22 det
661 985 104 23 utskottet
779 989 32 18 att
827 986 52 21 söka

136 1021 80 28 utreda,
231 1029 34 14 om
285 1022 40 22 och
343 1023 8 20 i
366 1022 57 22 hvad
441 1022 47 22 mån
502 1022 159 23 förhållandena
676 1022 7 21 i
699 1022 48 22 vårt
760 1022 50 22 land
827 1029 52 22 egna

111 1061 3 4 *
136 1058 32 28 sig
187 1057 40 28 för
238 1058 123 23 införandet
377 1058 24 22 af
416 1066 27 21 en
457 1058 24 22 så
496 1058 113 23 invecklad
625 1058 40 22 -och
681 1058 67 22 under
763 1059 58 21 vissa
836 1058 44 21 för-

135 1093 112 23 hållanden
271 1095 9 20 i
305 1095 42 21 den
369 1094 106 23 enskildes
501 1095 98 22 ekonomi
623 1094 24 21 sä
671 1093 62 30 djupt
753 1094 126 29 ingripande

135 1133 88 26 apparat
236 1137 47 15 som
296 1131 37 21 det
345 1134 80 25 system
437 1130 34 24 för
482 1134 126 25 truppernas
620 1130 112 22 förseende
742 1130 48 22 med
801 1130 79 27 hästar,

135 1165 83 23 hvilket
237 1165 42 22 den
300 1166 48 22 nåd.
369 1174 60 21 prop.
446 1167 8 20 i
473 1167 121 28 anslutning
613 1166 32 22 till
665 1166 55 22 hvad
740 1167 31 20 uti
785 1166 95 29 kejsare-

135 1202 72 22 dömet
221 1202 127 22 härutinnan
357 1204 30 28 är
401 1202 104 30 stadgadt,
519 1203 121 22 innehåller.

205 1238 84 23 Härvid
307 1239 39 22 har
363 1239 38 22 det
417 1239 76 22 främst
506 1239 45 28 gält
565 1242 32 19 att
611 1238 98 27 beräkna,
724 1233 83 27 hvilket
821 1239 58 20 antal

135 1273 71 23 hästar
221 1281 44 14 som
281 1274 69 22 under
361 1275 122 22 nuvarande
493 1274 145 22 förhållanden
651 1274 69 22 skulle
731 1274 36 21 vid
778 1281 27 14 en
815 1281 64 15 even-

133 1310 52 22 tuell
201 1310 144 29 mobilisering
359 1310 68 23 blifva
441 1311 138 28 erforderligt.

205 1345 73 30 Enligt
289 1347 12 27 $
313 1347 11 20 1
336 1347 8 20 i
353 1347 160 29 propositionen
523 1346 56 23 afses
590 1345 49 23 med
647 1345 144 29 föreliggande
800 1345 80 29 lagför-

135 1381 45 29 slag
194 1381 105 29 fyllandet
313 1382 23 21 af
351 1382 28 22 de
393 1382 70 22 finska
483 1382 40 22 och
539 1382 27 23 de
581 1383 8 20 i
605 1381 91 22 Finland
706 1381 97 29 förlagda
815 1381 65 28 ryska

134 1419 125 25 truppernas
285 1416 66 21 behof
374 1417 24 21 af
416 1417 76 21 hästar.
521 1417 52 21 Men
593 1416 28 21 dä
639 1416 158 22 bibehällandet
812 1416 68 21 under

134 1450 90 30 krigstid
239 1451 23 21 af
279 1451 40 21 »de
335 1452 8 20 i
358 1450 73 23 landet
444 1451 130 29 opererande
584 1454 127 34 trupperna»
724 1451 37 22 vid
771 1450 42 22 full
823 1450 57 22 häst-

204 1486 299 34 Hästutskrifningsutskottets
515 1482 135 37 betänkande.
