1128 1775
198 1098 11 17 9
221 1098 14 22 8.

282 165 26 20 30
469 163 29 22 U.
514 163 27 22 B.
557 175 28 3 —
597 163 74 27 Prop.
687 162 44 23 N:o
747 162 38 21 29.

253 230 35 20 att
306 228 117 28 särskilja
442 228 223 28 bestämningarna
683 233 39 16 om
742 226 153 23 skadestånd
913 227 39 22 för
964 226 35 22 in-

252 262 171 22 validitetsfall
450 262 45 22 och
522 262 38 22 för
587 262 169 28 öfvergående
776 261 222 29 arbetsoförmåga.

253 297 15 22 8
296 296 15 29 &
340 297 66 22 afser
433 296 30 22 de
491 302 87 16 senare
605 296 76 22 fallen
700 297 64 21 samt
783 296 27 21 är
828 296 8 22 i
854 296 145 22 hufvudsak

252 331 69 29 bygd
334 331 32 28 på
380 330 133 22 enahanda
529 330 82 29 grund
622 337 52 15 som
687 330 178 22 motsvarande
875 330 16 21 4
893 326 14 38 $
926 330 8 22 i
944 336 55 22 pro-

251 366 150 28 positionen,
429 367 68 20 utom
526 367 35 20 att
587 365 90 29 högsta
704 365 138 21 understöd
877 364 40 22 för
940 365 57 28 dag,

252 400 78 28 enligt
347 400 122 22 komiténs
488 399 102 29 förslag,
603 400 61 22 satts
683 399 36 22 till
745 400 7 21 2
772 399 71 22 mark
862 399 34 23 50
913 399 84 28 penni.

320 434 15 22 2
360 434 46 23 och
425 434 15 22 3
465 440 82 21 mom.,
567 441 52 15 som
638 434 93 22 handla
750 440 40 16 om
809 434 74 22 sättet
901 434 39 22 för
958 434 40 22 be-

252 469 130 22 räknande
393 468 25 23 af
427 468 219 30 dagsförtjensten,
655 469 43 22 äro
708 468 7 22 i
725 468 145 22 hufvudsak
879 468 51 22 lika
942 468 57 23 med

252 503 43 29 88
316 504 12 21 1
350 504 45 22 och
414 504 14 21 2
447 499 60 38 mom.
523 503 11 22 i
544 503 196 29 propositionen.
762 503 94 22 Senare
864 503 134 29 meningen

251 538 8 21 i
280 538 5 22 I
297 544 73 16 mom.
383 538 25 22 af
416 538 189 28 propositionen
614 538 47 21 har
670 538 124 22 uteslutits
805 537 25 22 af
836 537 75 23 orsak
922 539 35 21 att
967 538 31 22 de

252 572 53 23 deri
323 572 110 23 nämnda
451 572 141 27 händelser,
612 572 59 22 eller
681 573 35 22 att
734 572 50 23 den
796 572 202 30 skadade
908 568 13 38 i
934 572 64 30 följd

252 607 25 22 af
295 607 107 29 bevislig
420 607 117 29 sjukdom
555 608 66 21 varit
639 607 56 22 från
714 607 85 23 arbete
818 607 107 22 hindrad
939 607 59 22 eller

252 643 36 21 att
305 642 112 22 rörelsen
435 642 66 23 varit
525 642 123 26 afbruten,
660 642 74 22 äfven
754 642 71 29 eljest
843 648 76 22 synas
938 642 60 22 falla

251 677 81 22 under
351 676 49 29 $:n,
420 677 79 22 sådan
518 677 120 22 utskottet
656 677 147 22 formulerat
822 677 55 26 den,
898 677 60 22 enär
970 677 27 29 ju

250 711 133 22 arbetaren
402 712 31 22 då
451 712 55 22 icke
524 712 67 22 varit
610 711 69 22 »hela
698 712 65 21 året»
786 712 8 21 i
810 712 123 28 företaget
946 718 50 22 sys-

249 746 94 22 selsatt.

317 780 38 23 Då
382 781 98 28 företag
499 781 27 22 är
545 781 25 22 af
588 781 48 22 den
654 780 183 27 beskaffenhet,
858 782 35 21 att
912 780 84 23 arbete

248 815 8 22 i
275 815 137 22 detsamma
430 815 81 28 pågår
530 815 89 23 endast
637 815 51 22 viss
698 815 35 22 tid
748 815 25 22 af
786 815 60 26 året,
859 815 85 22 kunde
955 815 42 22 det

248 849 8 22 i
274 849 92 30 många
384 849 44 22 fall
446 856 62 15 vara
527 849 96 29 obilligt
642 850 35 21 att
695 849 76 30 lägga
782 849 48 23 den
843 849 153 30 föregående

248 883 81 23 tidens
357 883 201 29 arbetsförtjenst
584 884 36 22 till
647 884 83 28 grund
758 884 39 22 för
824 884 171 26 understödet,

247 919 61 21 utan
336 924 74 22 synes
438 919 47 21 här
512 925 31 15 en
569 918 81 29 skälig
676 918 118 29 pröfning
818 919 25 21 af
860 918 68 22 hvad
947 918 49 22 den

248 952 112 22 skadade
379 952 50 22 kan
450 959 72 15 anses
541 952 78 23 hafva
637 952 53 29 gått
700 953 116 29 förlustig
824 953 57 22 leda
891 953 36 22 till
938 954 58 21 rätt-

247 987 83 22 visare
348 987 110 22 resultat.

317 1021 67 23 Sista
410 1028 73 16 mom.
512 1022 25 22 af
563 1021 201 29 propositionens
784 1021 14 23 8
818 1022 14 28 $
851 1022 47 22 har
917 1022 25 22 af
960 1024 36 20 ut-

248 1056 92 22 skottet
358 1056 135 22 öfverförts
511 1057 36 21 till
568 1057 29 21 11
619 1056 22 28 $.

317 1090 48 22 Vid
383 1091 198 22 invaliditetsfall
598 1091 47 21 bör
664 1091 41 22 det
722 1090 125 26 framtida,
861 1090 33 28 pä
912 1091 84 29 grund

248 1124 25 22 af
298 1124 177 30 försäkringen
494 1125 137 22 utfallande
650 1125 178 22 skadeständet
854 1125 61 29 utgä
939 1126 57 22 frän

248 1159 48 21 den
315 1158 57 30 dag,
402 1159 32 21 dä
453 1159 97 22 skadan
568 1159 83 22 blifvit
668 1159 59 26 läkt,
747 1160 91 22 medan
856 1159 63 23 intill
938 1160 57 22 dess

247 1193 49 22 den
323 1193 112 22 skadade
463 1194 26 21 af
515 1194 201 28 arbetsgifvaren
735 1194 59 23 eller
812 1200 29 16 ur
860 1194 135 29 sjukkassa

247 1227 110 30 ätnjuter
374 1228 138 23 understöd
530 1228 39 22 för
587 1228 169 29 öfvergäende
771 1229 223 30 arbetsoförmäga.

247 1262 33 21 Af
307 1261 63 27 skäl,
398 1263 86 21 hvilka
511 1263 43 22 vid
572 1263 183 28 motiveringen
774 1263 25 22 af
818 1263 16 22 4
853 1263 14 28 8
887 1264 14 21 2
921 1270 72 16 mom.

247 1296 103 26 anförts,
369 1296 47 22 bör
433 1296 78 23 likväl
528 1297 141 22 invaliditet
688 1304 72 15 anses
780 1304 61 15 vara
852 1298 140 22 förhanden

245 1329 57 21 frän
330 1329 48 22 121
409 1329 82 28 dagen
513 1329 62 22 efter
593 1330 162 28 olycksfallet,
775 1337 39 16 om
833 1331 45 21 ock
897 1331 98 22 skadan

246 1363 32 21 dä
298 1364 67 20 ännu
383 1363 54 22 icke
456 1363 81 22 blifvit
555 1364 60 21 läkt.

314 1392 36 27 Är
377 1398 41 22 det
444 1398 33 27 på
504 1399 83 28 grund
609 1398 26 22 af
652 1399 197 23 invaliditetsfall
867 1400 127 29 utgående

246 1432 80 29 årliga
346 1431 178 24 skadeståndet
549 1433 98 28 mycket
664 1433 80 30 ringa,
765 1434 77 30 enligt
859 1435 134 23 utskottets

244 1467 97 29 förslag
351 1466 34 23 20
403 1467 78 26 mark,
502 1474 75 22 synes
596 1468 42 22 det
656 1468 62 23 böra
728 1469 141 29 medgifvas
876 1472 117 26 parterne

313 1512 47 21 Lag-
371 1511 33 17 och
416 1510 181 19 Ekonomiutskottets
608 1511 110 19 betänkande
729 1512 36 18 N:o
777 1513 29 18 12.
