1120 1770
826 137 25 21 15

478 210 11 29 $
506 213 33 21 20.

202 250 60 22 Efter
277 250 91 22 slutförd
378 251 121 28 besigtning
510 252 38 22 och
559 252 65 21 sedan
636 252 90 25 erfarits,
737 251 56 21 huru
803 252 78 26 många

132 284 75 22 hästar
230 285 22 21 af
272 286 73 27 hvarje
366 286 58 22 klass
439 286 95 27 frivilligt
549 286 110 28 erbjudits,
675 286 102 21 anställes
792 286 48 21 med
855 286 26 20 de

133 318 68 28 öfriga
216 319 99 27 lottning,
331 320 103 22 särskildt
448 320 33 22 för
499 321 73 27 hvarje
586 320 64 27 klass,
665 320 104 27 börjande
784 320 47 21 med
847 326 33 15 ar-

132 354 73 21 tilleri-
228 354 39 21 och
288 355 119 21 ridklassen
430 357 56 19 samt
507 356 99 21 slutande
621 354 48 22 med
683 354 162 22 trosshästarna
860 354 23 22 af

133 388 68 22 andra
222 389 119 27 kategorin.
378 390 81 21 Härvid
483 390 53 22 böra
560 389 92 28 följande
674 389 69 27 regler
761 390 119 26 iakttagas:

202 423 41 27 1:0)
265 423 56 22 Från
344 424 39 21 N:o
408 426 9 19 1
441 426 69 25 uppåt
533 424 94 27 afskiljas
649 424 33 21 för
697 424 72 27 hvarje
784 424 58 21 klass
857 425 24 20 så

132 457 77 28 många
224 457 136 28 lottnumror,
377 465 44 15 som
437 460 108 20 motsvara
560 459 82 21 antalet
657 458 23 21 af
693 459 26 20 de
733 458 94 27 lottning
842 465 38 15 un-

133 491 128 22 derkastade
283 492 104 22 hästarna
410 493 57 22 inom
489 499 81 16 samma
591 493 64 22 klass.
685 493 68 21 Dessa
768 493 113 21 lottsedlar

132 527 112 27 (formulär
258 527 40 22 N:o
316 528 34 26 10)
365 527 68 22 förses
443 528 48 21 med
502 529 32 21 ett
544 527 239 28 igenkänningstecken,
794 527 87 28 hoprul-

131 561 38 27 las,
186 561 126 22 omblandas
327 562 40 21 och
381 563 113 27 nedlägges
510 563 7 21 i
532 569 26 16 en
574 563 46 21 skål
635 563 79 27 (urna).

200 596 64 21 Anm.
294 597 31 21 De
344 597 32 21 uti
394 597 174 28 lottdragningen
584 597 127 28 deltagande
725 597 41 27 må,
782 597 7 21 i
803 597 37 21 fall
856 597 25 21 de

131 631 79 21 sådant
225 631 74 26 önska,
316 631 31 27 sig
363 631 88 22 emellan
467 633 48 20 utse
531 631 77 22 ombud
618 631 33 22 för
661 633 34 20 att
705 631 114 22 öfvervaka
828 631 52 28 hop-

131 665 145 28 blandningen
292 665 22 22 af
327 665 148 28 lottsedlarna,
490 667 66 21 innan
572 666 107 22 desamma
693 666 74 27 läggas
782 666 7 21 i
804 672 76 15 urnan.

200 701 44 26 2:0)
266 700 98 22 Derefter
379 707 110 21 uppropas
504 701 140 27 hästegarene
659 701 51 21 eller
725 701 62 21 deras
802 701 79 21 ombud

131 734 7 21 i
155 734 39 21 den
211 735 91 27 ordning
317 735 104 22 hästarna
436 737 38 20 äro
488 735 85 22 införda
583 736 7 21 i
601 736 40 21 den
651 736 69 21 under
729 735 151 28 föregående
867 730 16 37 $

133 769 130 22 omnämnda
277 769 163 28 förteckningen
456 770 112 27 (formulär
582 770 40 22 N:o
638 771 21 26 8)
674 769 33 22 för
723 771 33 20 att
765 770 33 21 för
808 770 73 27 hvarje

132 803 50 21 häst
197 804 77 27 uttaga
288 804 47 21 lott.

200 838 44 27 3:0)
259 838 32 21 De
307 839 82 26 dragna
403 839 161 22 lottnumrorna
578 839 102 27 uppläsas
695 839 52 27 högt
755 839 67 27 jämte
833 845 48 20 ega-

131 877 49 16 rens
196 871 42 22 för-
254 873 38 20 och
308 873 97 21 tillnamn
421 873 39 21 och
475 874 76 21 hästen
568 874 116 20 antecknas
699 873 48 21 med
763 873 47 21 dess
821 879 59 15 num-

131 912 45 15 mer
191 906 7 21 i
214 912 26 16 en
255 906 92 22 lottlista
363 907 111 28 (formulär
488 908 40 21 N:o
546 908 40 27 11).

200 940 43 27 4:0)
267 941 130 27 Lottsedeln,
420 942 86 21 försedd
528 942 48 21 med
599 942 130 28 påteckning
745 948 33 15 om
793 941 88 22 hästens

131 981 70 20 egare,
218 976 42 20 kön
276 976 39 21 och
330 976 47 27 färg
393 976 140 22 öfverlemnas
548 976 31 21 till
596 976 47 27 den,
659 982 45 16 som
721 976 70 27 dragit
806 976 74 22 lotten.

479 1050 11 28 &
507 1052 33 20 21.

200 1089 60 21 Skall
274 1090 94 27 lottning
383 1090 7 21 i
406 1090 92 27 enlighet
513 1091 47 21 med
576 1091 12 27 &
604 1092 26 20 28
646 1090 7 22 i
667 1090 62 28 lagen
745 1097 34 15 om
794 1090 88 22 utskrif-

131 1124 51 27 ning
204 1124 24 21 af
248 1124 75 21 hästar
347 1131 39 20 ega
409 1131 46 15 rum
471 1125 89 21 emellan
575 1125 26 21 de
616 1124 94 28 frivilligt
726 1125 104 27 erbjudna
844 1125 37 21 hä-

132 1160 82 24 starna,
230 1158 72 27 tillgär
318 1159 73 21 dervid
405 1160 29 26 pä
449 1160 45 20 sätt
510 1159 62 21 ofvan
588 1158 104 28 stadgats.

478 1234 12 27 8
507 1235 32 20 22.

199 1273 43 20 Det
264 1273 32 21 för
315 1273 158 28 utskrifningen
488 1273 139 28 erforderliga
641 1273 83 22 antalet
739 1274 74 21 hästar
828 1274 53 22 infö-

131 1313 34 15 res
188 1307 53 21 härä
264 1308 31 20 uti
319 1315 25 14 en
359 1308 34 21 för
407 1308 73 27 hvarje
495 1309 58 21 klass
568 1309 7 20 i
590 1309 37 21 tvä
642 1308 107 27 exemplar
763 1309 118 27 upprättad

131 1341 92 22 särskild
246 1342 206 27 utskrifningslängd
475 1342 111 27 (formulär
608 1342 39 22 N:o
673 1342 34 27 12)
730 1342 97 28 sälunda,
848 1345 33 19 att

131 1375 55 22 först
202 1376 32 27 de,
251 1382 45 15 som
312 1376 91 27 uttagits
418 1378 53 20 utan
487 1376 94 28 lottning
596 1376 38 22 och
651 1376 98 28 derefter,
765 1383 33 15 om
814 1378 24 20 sä
849 1384 32 14 er-

131 1409 91 26 fordras,
239 1410 32 25 de,
287 1411 48 20 med
350 1410 71 21 hvilka
436 1410 148 27 lottdragning
600 1412 34 25 egt
650 1416 53 20 rum,
720 1411 117 21 antecknas
852 1411 29 21 ef-

131 1444 35 20 ter
188 1443 170 22 lottnumrornas
382 1444 159 26 ordningsföljd,
567 1444 140 27 begynnande
729 1444 48 21 med
798 1444 40 22 N:o
863 1446 17 20 1.
