1109 1767
238 166 28 27 54
323 178 2 3 oo
461 164 25 22 U.
501 164 23 22 B.
539 176 30 3 —
585 163 62 29 Prop.
664 162 37 23 N:o
716 162 38 23 32.

556 233 63 21 KAP
635 233 29 21 X.

357 287 43 23 Om
415 287 162 23 kostnaderna
593 287 42 23 vid
651 286 223 31 hästutskrifning.

549 348 16 26 $
580 348 31 20 48
625 347 49 26 (44).

309 389 176 28 Reseersättning
491 388 22 21 åt
518 389 163 24 medlemmarne
688 389 8 20 i
703 387 198 30 besigtningsnämd
907 388 77 27 (utesl.)

240 425 112 21 äfvensom
369 425 69 28 öfriga
456 424 49 22 med
523 423 168 23 verkställandet
708 423 23 22 af
748 423 178 29 hästutskrifning
940 423 53 22 för-'

240 460 67 22 enade
323 460 115 22 kostnader
452 460 106 22 bestridas
574 460 23 21 af
612 460 87 21 kronan.

310 627 102 22 Förutom
434 627 37 22 det
489 627 79 28 förslag
583 627 33 22 till
631 627 34 28 lag
680 635 34 13 om
731 627 130 28 utskrifoing
876 627 23 21 af
913 620 72 28 hästar

239 663 35 21 för
288 666 126 26 truppernas
429 662 72 27 behof,
516 662 28 22 då
559 663 26 21 de
601 662 74 22 ställas
693 662 28 29 på
736 662 97 29 krigsfot,
848 670 45 14 som
909 669 76 20 genom

240 699 42 22 den
296 698 77 28 nådiga
389 699 159 28 propositionen
563 699 32 21 till
611 698 128 25 Ständernas
753 698 183 28 grundlagsenliga
950 698 39 21 be-

240 734 101 28 handling
362 734 157 26 öfverlemnats,
542 734 66 22 hafva
629 733 105 22 särskilda
756 733 80 29 förslag
853 733 32 22 till
901 730 84 25 författ-

217 787 3 4 .
239 771 81 27 ningar,
334 770 146 22 innefattande
496 772 97 19 närmare
607 769 134 22 föreskrifter
756 770 7 20 i
779 769 60 28 fråga
847 776 34 14 om
897 769 88 21 utskrif-

240 805 133 29 ningslagens
396 805 137 29 tillämpande
555 805 41 22 och
611 804 89 22 afsedda
717 808 31 18 att
763 804 95 22 utfärdas
873 806 8 19 i
897 804 88 25 admini-

239 842 76 24 strativ
330 843 47 26 väg,
392 841 72 22 blifvit
479 840 117 23 Ständerna
609 841 32 21 till
651 840 119 22 kännedom
781 840 130 22 meddelade.
936 840 49 22 Den

228 877 73 29 korta
324 876 32 22 tid
377 876 112 23 Utskottet
511 876 46 23 haft
578 878 33 27 sig
632 872 85 26 tillmätt
738 876 34 22 för
785 876 155 28 behandlingen
962 876 23 21 af

240 912 46 26 den
304 912 77 28 nådiga
402 913 159 28 propositionen
583 913 38 21 har
640 912 49 22 icke
711 912 114 28 medgifvit
840 920 27 14 en
883 912 102 28 ingående

239 948 130 28 granskning
394 948 23 21 af
442 948 89 22 berörda
559 948 169 22 administrativa
753 948 155 28 författningar,
935 950 50 18 utan

239 984 81 28 nödgas
336 983 112 23 Utskoitet
463 984 58 28 förty
536 984 38 22 hos
590 983 83 22 landets
688 984 116 28 höglofliga
820 983 91 22 Ständer
923 983 63 21 vörd-

241 1022 55 22 samt
309 1020 88 26 anmäla,
412 1022 31 19 att
459 1019 68 23 denna
543 1020 34 21 del
593 1020 23 21 af
633 1019 121 23 Utskottets
771 1019 97 36 uppdrag
875 1019 48 21 icke
931 1018 67 23 kun-..

240 1058 37 18 nat
297 1055 131 21 medhinnas.
460 1054 73 22 Skulle
555 1055 116 22 emellertid
694 1055 141 28 lagförslaget,
850 1056 8 20 i
873 1054 41 22 den
929 1054 63 25 form,

241 1090 112 22 Utskottet
367 1090 100 28 framlagt
477 1090 122 27 detsamma,
615 1092 64 20 vinna
687 1091 130 21 Ständernas
825 1090 161 29 godkännande,

240 1125 67 23 måste
322 1127 8 20 i
345 1125 52 29 följd
413 1126 22 21 af
451 1126 26 22 de
493 1127 7 20 i
515 1126 42 21 den
573 1126 76 28 nådiga
660 1127 159 27 propositionen
829 1125 101 28 vidtagna
942 1131 43 16 mo-

240 1161 163 22 difikationerna
418 1161 105 22 särskilda
537 1161 148 28 förändringar
699 1162 79 27 jämväl
793 1162 7 20 i
815 1161 28 22 de
849 1161 136 21 administra-

240 1197 45 21 tiva
304 1196 176 29 förordningarna
501 1197 134 28 genomföras
657 1197 34 21 för
712 1200 39 18 att.
764 1197 75 28 bringa
862 1197 48 21 dem
930 1197 7 20 i
954 1197 32 20 öf-

240 1233 197 21 verensstämmelse
454 1233 47 21 med
517 1232 56 22 hvad
590 1232 204 28 utskrifningslagen
809 1232 121 21 innehåller.

311 1409 41 22 Uti
374 1406 164 32 behandlingen
549 1409 24 21 af
588 1409 58 22 detta
662 1409 77 21 ärende
755 1409 64 22 hafva
835 1409 88 28 deltagit
938 1409 48 22 ord-
1000 1412 2 2 '

241 1445 102 22 föranden
365 1445 88 22 friherre
477 1445 24 22 E.
517 1445 27 23 G.
560 1445 86 22 Palmén
670 1449 54 18 samt
739 1445 142 22 ledamöterne
896 1445 89 22 friherre

312 1487 300 24 Hästutskrifningsutskottets
626 1487 131 19 betänkande.
