1134 1764
453 130 45 24 N:o
515 132 40 22 24.
840 130 11 21 7

127 196 85 28 mycket
234 196 66 22 hellre
323 203 45 15 som
390 197 175 22 kommissionens
588 198 127 22 uttalanden
740 204 35 15 om
794 198 40 21 den
852 204 29 15 nu

126 230 131 27 förefintliga
272 232 160 26 vagnsparkens
451 233 68 25 tunga
534 232 122 27 utrustning
671 232 45 21 icke
732 232 62 21 torde
810 232 71 21 kunna

126 264 141 22 tillerkännas
289 271 26 15 en
338 265 24 21 så
384 264 115 28 afgörande
522 266 108 26 betydelse
654 272 44 14 som
714 266 167 21 kommissionen

126 298 32 22 uti
174 298 60 21 detta
254 298 153 28 sammanhang
421 298 62 27 gifvit
498 299 124 21 densamma
636 300 41 20 och
692 299 112 21 skilnaden
820 300 7 20 i
843 305 37 15 an-

126 332 233 28 läggningskostnaden
375 333 91 21 emellan
485 340 26 14 en
527 333 126 27 smalspårig
669 333 39 21 och
723 332 158 28 normalspårig

126 366 57 22 bana
205 366 31 22 uti
259 366 140 22 förevarande
417 367 38 21 fall
469 367 46 21 icke
531 368 84 26 uppgår
630 367 33 21 till
678 368 66 26 högre
760 367 77 27 belopp
852 369 28 19 än

127 401 91 26 670,000
240 401 62 21 mark
323 401 28 27 på
373 403 32 19 ett
426 401 186 27 kostnadsförslag
638 401 23 21 af
682 401 6 21 i
712 402 36 20 det
772 403 107 19 närmaste

126 434 114 27 8.000,000
256 435 68 21 mark.

197 469 43 26 6:0)
264 468 121 22 Ständerna
407 465 86 25 anhålla
515 471 38 25 att,
573 468 84 22 såsnart
676 469 203 21 kommunikations-

125 502 91 22 fondens
232 502 114 28 tillgångar
361 502 107 27 medgifva
482 503 121 27 byggandet
618 503 23 22 af
655 510 26 15 en
691 504 57 21 bana
758 503 48 22 från
818 503 61 22 Wala

125 537 35 22 vid
175 537 114 21 Uleåträsk
305 537 32 22 till
358 537 76 22 staden
448 538 114 27 Uleåborg,
578 537 64 28 nådig
657 538 132 27 proposition
805 538 73 21 härom

125 571 67 22 måtte
207 571 66 21 varda
287 571 121 22 Ständerna
423 571 104 28 förelagd.

196 605 34 22 Då
253 606 118 21 emellertid
393 606 26 21 de
442 607 7 20 i
472 606 36 22 det
530 606 128 27 föregående
678 606 92 21 nämnda
785 607 94 21 banorna

125 640 87 21 komma
234 642 33 20 att
288 642 51 25 taga
361 641 7 21 i
391 641 92 27 anspråk
506 641 43 21 alla
564 641 26 21 de
605 641 121 27 tillgångar,
742 647 48 15 som
805 647 27 15 en
847 641 32 22 tid

126 674 78 21 framåt
226 675 72 21 kunna
320 675 34 21 för
376 675 308 22 kommunikationsväsendets
704 675 124 28 utveckling
842 682 37 15 an-

126 709 86 27 skaffas,
228 709 40 21 har
281 709 62 22 Hans
358 709 119 28 Kejserliga
493 710 100 27 Majestät
604 709 70 22 funnit
685 710 133 21 Ständernas
828 710 49 21 ifrå-

125 744 121 27 gavarande
269 743 101 22 anhållan
393 743 33 22 för
449 744 35 22 det
504 745 134 21 närvarande
656 744 47 21 icke
719 744 111 22 föranleda
846 745 33 21 till

125 779 69 26 någon
209 778 82 27 åtgärd.

193 813 43 27 7:0)
245 812 120 22 Ständerna
372 813 87 21 anhålla
467 813 100 27 slutligen
576 815 33 19 att
618 813 60 22 Hans
686 813 120 27 Kejserliga
813 813 65 27 Maje-

125 849 43 20 stät
190 847 83 21 täcktes
295 847 45 22 låta
363 847 90 22 tillsätta
471 854 26 15 en
515 848 139 21 kommission
670 847 48 22 med
733 848 99 27 uppdrag
847 850 32 19 att

124 881 80 28 afgifva
218 881 79 28 förslag
312 882 34 21 till
362 881 27 22 de
405 882 110 21 allmänna
529 882 99 27 grunder,
644 882 72 21 hvilka
732 882 36 21 vid
778 882 101 22 framtida

122 916 223 27 jernvägsbyggnader
367 917 8 20 i
397 916 74 21 landet
493 917 66 22 borde
577 917 63 27 följas
654 917 8 21 i
677 917 56 27 syfte
748 919 33 19 att
796 917 83 22 minska

124 950 261 28 anläggningskostnaden
409 950 32 22 för
461 951 113 26 desamma,
590 951 108 22 äfvensom
715 951 33 22 till
764 951 26 22 de
807 951 71 28 åtgär-

124 985 45 27 der,
192 985 73 21 hvilka
286 985 67 22 borde
368 986 97 27 vidtagas
481 986 33 21 för
529 988 32 20 att
577 986 105 27 befrämja
700 986 141 28 uppkomsten
857 986 22 22 af

125 1020 83 26 privata
224 1020 73 21 banor.

194 1054 34 21 Då
243 1054 161 22 förhållandena
423 1054 36 22 vid
473 1054 115 22 framdeles
604 1055 93 21 skeende
712 1055 166 28 jernvägsbygg-

124 1089 68 21 nader
214 1089 6 20 i
243 1089 72 21 landet
337 1089 86 21 komma
445 1091 34 19 att
493 1089 93 27 gestalta
601 1089 33 27 sig
649 1089 83 27 mycket
748 1089 58 21 olika
822 1090 55 26 dem,

123 1130 45 14 som
191 1123 108 22 härintills
321 1124 55 20 varit
399 1123 99 26 rådande,
522 1124 31 26 ity
575 1126 33 19 att
632 1124 36 20 det
686 1124 126 21 hädanefter
832 1124 46 22 icke

123 1157 91 21 allenast
228 1158 68 26 gäller
311 1160 32 19 att
359 1158 101 21 fortsätta
475 1158 120 26 byggandet
611 1158 22 21 af
642 1158 123 21 stambanor
776 1160 51 19 utan
838 1158 39 22 ock

124 1193 32 20 att
178 1192 143 26 komplettera
343 1192 36 21 det
401 1191 87 22 utförda
508 1192 162 27 jernvägsnätet
695 1192 49 21 med
765 1199 45 15 mer
826 1193 51 21 eller

123 1226 83 21 mindre
222 1226 119 27 betydande
357 1226 97 26 bibanor,
470 1226 24 21 så
509 1227 40 21 har
563 1226 60 22 Hans
639 1227 123 27 Kejserliga
776 1227 101 27 Majestät

123 1260 75 22 tillåtit
222 1260 90 22 Senaten
334 1262 33 20 att
390 1260 7 21 i
420 1260 37 22 det
471 1260 24 21 af
509 1260 121 22 Ständerna
645 1260 94 27 begärda
754 1261 56 27 syfte
826 1261 50 21 ned-

124 1296 57 20 sätta
203 1301 27 15 en
252 1295 144 25 kommission,
418 1301 47 15 som
480 1295 71 21 tillika
574 1295 47 21 haft
638 1296 8 20 i
662 1296 97 26 uppdrag
776 1299 32 18 att
824 1296 53 21 efter

122 1328 119 22 förhanden
252 1330 92 20 varande
355 1329 150 21 förhållanden
515 1329 77 21 föreslå
604 1329 140 27 erforderliga
756 1330 121 21 förändrin-

122 1370 40 20 gar
177 1364 7 20 i
200 1363 177 27 byggnadssättet
389 1364 80 26 jemväl
484 1364 56 21 hvad
555 1370 29 15 nu
600 1364 126 27 ifrågasatta
740 1364 137 27 banbyggna-

124 1398 37 20 der
184 1398 72 26 angår.
285 1399 39 20 Att
347 1398 117 21 bestämma
487 1398 69 27 någon
572 1398 93 21 särskild
680 1400 37 24 typ
733 1398 33 21 för
782 1398 42 21 alla
840 1399 36 20 ba-

123 1437 44 21 nor,
184 1438 44 15 som
252 1431 7 22 i
275 1432 40 21 den
335 1433 106 20 närmaste
457 1431 114 22 framtiden
587 1432 72 21 kunde
674 1431 156 27 ifrågakomma
845 1434 32 19 att
