1103 1767
332 148 27 21 U.
375 148 27 20 B.
418 160 26 3 —
459 148 72 27 Prop.
549 148 40 22 N:o
604 148 35 22 24.
799 149 26 21 79

107 204 60 21 inom
175 204 241 27 Jernvägsstyrelsens
425 205 59 21 olika
491 205 138 27 afdelningar
635 206 77 21 kunna
719 206 134 26 fördärfvas,

108 238 34 21 får
161 238 38 27 jag
218 240 55 19 äran
292 238 90 27 föreslå,
399 240 35 20 att
449 240 126 21 Ständerna
591 240 52 21 ville
659 240 40 20 hos
714 240 140 27 Regeringen

108 272 100 21 anhålla:

311 320 32 19 att
366 319 45 21 alla
432 319 9 20 i
462 319 119 26 åberopade
597 320 98 28 punkter
712 320 89 21 berörda
817 320 38 21 och

243 352 87 22 dermed
343 353 10 21 i
367 354 162 28 sammanhang
543 354 89 21 stående
647 354 83 28 frågor,
741 354 115 22 deribland

243 394 27 14 en
285 388 68 20 delvis
368 388 55 21 ökad
437 388 152 28 farhastighet,
600 389 145 21 underkastas
759 389 94 27 gransk-

243 422 55 27 ning
313 422 29 27 af
349 429 26 13 en
386 422 26 27 af
422 422 112 28 Styrelsen
546 423 79 21 tillsatt
634 430 31 21 ny
677 423 143 21 kommission
830 423 29 27 af

243 457 110 26 opartiske
375 457 110 26 fackmän,
507 457 74 21 såsom
600 457 94 21 tekniske
714 458 72 21 lärare
801 457 55 28 från

243 491 124 20 hemlandet
385 491 38 20 och
439 491 148 27 framstående
603 492 82 21 teknici
698 492 55 27 från
767 499 86 20 grann-

245 525 72 20 landet
333 524 94 28 Sverige.

176 581 142 28 Helsingfors
333 583 43 20 den
392 583 26 20 17
434 583 64 26 April
514 583 60 21 1894.

606 651 43 22 Th.
663 651 124 27 Tallqvist.

177 759 42 22 Om
242 759 164 22 ofvanstäende
429 761 153 21 reservations
601 761 112 20 klämmar
729 761 78 21 förena
823 762 34 26 sig

108 795 182 22 undertecknade
303 795 75 21 såvidt
389 795 46 21 deri
446 795 95 22 föreslås
553 797 36 20 att
604 795 141 26 Jyväskylä—
757 791 100 35 Suolahti

109 829 79 21 bandel
207 829 86 27 bygges
310 829 51 22 med
381 835 28 15 en
425 829 104 27 spårvidd
545 829 25 21 af
583 829 27 21 75
625 835 35 16 cm
676 829 41 22 och
732 829 51 22 med
798 829 59 22 räler

109 863 26 21 af
147 864 67 27 högst
230 864 27 21 17
272 864 30 27 kg
317 864 48 27 vigt
381 869 39 22 per
435 864 94 27 löpande
544 865 79 25 meter,
637 865 59 20 samt
708 865 36 20 att
756 870 28 15 en
795 865 61 20 kom-

109 898 94 21 mission
218 899 26 20 af
257 899 114 26 opartiske
388 898 106 22 fackmän
509 898 7 21 i
527 899 41 20 här
580 898 67 21 ofvan
660 898 123 27 åberopadt
795 898 61 27 syfte

109 932 26 21 af
154 933 139 26 Regeringen
315 932 74 22 måtte
412 933 117 21 tillsättas.
559 933 63 21 Dock
644 934 38 19 äro
704 932 22 21 vi
742 932 115 22 såtillvida

109 967 132 27 skiljaktiga
262 967 51 21 från
334 968 149 20 reservanten
501 967 7 20 i
527 967 64 27 fråga
606 973 37 15 om
659 966 159 22 fastställande
834 966 26 21 af

110 1001 134 27 spårvidden
263 1001 35 21 för
319 1001 91 21 Keuru—
421 1001 128 27 Jyväskylä
563 1002 82 25 banan,
660 1002 36 20 att
712 1001 23 21 vi
750 1007 55 15 anse
821 1002 36 20 att

109 1035 41 22 den
166 1035 137 27 ifrågasatta
318 1035 178 22 kommissionen
510 1035 85 27 jemväl
610 1035 74 21 måtte
700 1035 23 21 få
738 1035 7 21 i
756 1035 101 27 uppdrag

109 1071 36 20 att
160 1069 75 22 uttala
251 1070 33 26 sig
299 1070 95 21 rörande
409 1070 98 21 nämnda
522 1070 64 27 fråga
603 1071 61 20 samt
680 1070 36 21 att
730 1069 127 22 Ständerna

108 1104 74 21 måtte
198 1103 140 22 öfverlemna
353 1103 25 22 åt
393 1104 139 27 Regeringen
544 1105 35 20 att
591 1104 29 27 på
631 1104 71 27 grund
716 1103 26 21 af
750 1103 107 22 kommis-

110 1138 90 21 sionens
215 1138 118 21 uttalande
348 1139 129 20 bestämma
493 1139 135 26 spårvidden
643 1138 34 21 för
693 1138 80 21 banan.

176 1213 62 22 Axel
252 1212 68 23 Lille.
586 1212 23 22 C.
624 1212 27 22 B.
666 1212 122 27 Federley.

381 1287 26 21 A.
423 1287 28 21 M.
466 1286 119 22 Cronvall.

275 1477 112 23 Helsingfors,
400 1476 15 18 J.
429 1476 17 18 C.
459 1476 88 18 Frenckell
559 1476 15 18 &
587 1476 38 18 Son,
638 1476 49 18 1894.
