<?xml version="1.0" encoding="UTF-8"?>
<alto xmlns="http://www.loc.gov/standards/alto/ns-v3#" xmlns:xlink="http://www.w3.org/1999/xlink" xmlns:xsi="http://www.w3.org/2001/XMLSchema-instance" xsi:schemaLocation="http://www.loc.gov/standards/alto/ns-v3# http://www.loc.gov/alto/v3/alto-3-0.xsd">
	<Description>
		<MeasurementUnit>pixel</MeasurementUnit>
		<sourceImageInformation>
			<fileName>/tmp/tess_qcuiqrmn_input.PNG</fileName>
		</sourceImageInformation>
		<OCRProcessing ID="OCR_0">
			<ocrProcessingStep>
				<processingSoftware>
					<softwareName>tesseract 5.3.4</softwareName>
				</processingSoftware>
			</ocrProcessingStep>
		</OCRProcessing>
	</Description>
	<Layout>
		<Page WIDTH="1128" HEIGHT="1761" PHYSICAL_IMG_NR="0" ID="page_0">
			<PrintSpace HPOS="0" VPOS="0" WIDTH="1128" HEIGHT="1761">
				<ComposedBlock ID="cblock_0" HPOS="346" VPOS="148" WIDTH="508" HEIGHT="28">
					<TextBlock ID="block_0" HPOS="346" VPOS="148" WIDTH="508" HEIGHT="28">
						<TextLine ID="line_0" HPOS="346" VPOS="148" WIDTH="508" HEIGHT="28">
							<String ID="string_0" HPOS="346" VPOS="148" WIDTH="28" HEIGHT="22" WC="0.90" CONTENT="U."/><SP WIDTH="15" VPOS="148" HPOS="374"/>
							<String ID="string_1" HPOS="389" VPOS="148" WIDTH="29" HEIGHT="22" WC="0.91" CONTENT="B."/><SP WIDTH="16" VPOS="148" HPOS="418"/>
							<String ID="string_2" HPOS="434" VPOS="160" WIDTH="27" HEIGHT="4" WC="0.92" CONTENT="—"/><SP WIDTH="15" VPOS="160" HPOS="461"/>
							<String ID="string_3" HPOS="476" VPOS="148" WIDTH="74" HEIGHT="28" WC="0.95" CONTENT="Prop."/><SP WIDTH="16" VPOS="148" HPOS="550"/>
							<String ID="string_4" HPOS="566" VPOS="148" WIDTH="42" HEIGHT="22" WC="0.96" CONTENT="N:o"/><SP WIDTH="16" VPOS="148" HPOS="608"/>
							<String ID="string_5" HPOS="624" VPOS="148" WIDTH="36" HEIGHT="22" WC="0.95" CONTENT="27."/><SP WIDTH="167" VPOS="148" HPOS="660"/>
							<String ID="string_6" HPOS="827" VPOS="148" WIDTH="27" HEIGHT="21" WC="0.94" CONTENT="23"/>
						</TextLine>
					</TextBlock>
				</ComposedBlock>
				<ComposedBlock ID="cblock_1" HPOS="133" VPOS="216" WIDTH="754" HEIGHT="542">
					<TextBlock ID="block_1" HPOS="133" VPOS="216" WIDTH="754" HEIGHT="198">
						<TextLine ID="line_1" HPOS="135" VPOS="216" WIDTH="750" HEIGHT="29">
							<String ID="string_7" HPOS="135" VPOS="216" WIDTH="82" HEIGHT="22" WC="0.96" CONTENT="endast"/><SP WIDTH="13" VPOS="216" HPOS="217"/>
							<String ID="string_8" HPOS="230" VPOS="216" WIDTH="174" HEIGHT="28" WC="0.95" CONTENT="undantagsvis,"/><SP WIDTH="16" VPOS="216" HPOS="404"/>
							<String ID="string_9" HPOS="420" VPOS="217" WIDTH="74" HEIGHT="21" WC="0.96" CONTENT="såsom"/><SP WIDTH="15" VPOS="217" HPOS="494"/>
							<String ID="string_10" HPOS="509" VPOS="217" WIDTH="40" HEIGHT="21" WC="0.96" CONTENT="vid"/><SP WIDTH="15" VPOS="217" HPOS="549"/>
							<String ID="string_11" HPOS="564" VPOS="216" WIDTH="160" HEIGHT="29" WC="0.96" CONTENT="sjukdomsfall"/><SP WIDTH="15" VPOS="216" HPOS="724"/>
							<String ID="string_12" HPOS="739" VPOS="216" WIDTH="41" HEIGHT="22" WC="0.96" CONTENT="hos"/><SP WIDTH="15" VPOS="216" HPOS="780"/>
							<String ID="string_13" HPOS="795" VPOS="216" WIDTH="90" HEIGHT="22" WC="0.95" CONTENT="mindre"/>
						</TextLine>
						<TextLine ID="line_2" HPOS="135" VPOS="250" WIDTH="750" HEIGHT="29">
							<String ID="string_14" HPOS="135" VPOS="250" WIDTH="141" HEIGHT="25" WC="0.96" CONTENT="bemedlade,"/><SP WIDTH="15" VPOS="250" HPOS="276"/>
							<String ID="string_15" HPOS="291" VPOS="250" WIDTH="59" HEIGHT="22" WC="0.96" CONTENT="skall"/><SP WIDTH="16" VPOS="250" HPOS="350"/>
							<String ID="string_16" HPOS="366" VPOS="257" WIDTH="54" HEIGHT="15" WC="0.96" CONTENT="vara"/><SP WIDTH="17" VPOS="257" HPOS="420"/>
							<String ID="string_17" HPOS="437" VPOS="251" WIDTH="104" HEIGHT="27" WC="0.93" CONTENT="benägen"/><SP WIDTH="15" VPOS="251" HPOS="541"/>
							<String ID="string_18" HPOS="556" VPOS="250" WIDTH="140" HEIGHT="22" WC="0.92" CONTENT="härutinnan"/><SP WIDTH="15" VPOS="250" HPOS="696"/>
							<String ID="string_19" HPOS="711" VPOS="251" WIDTH="30" HEIGHT="28" WC="0.96" CONTENT="gå"/><SP WIDTH="8" VPOS="251" HPOS="741"/>
							<String ID="string_20" HPOS="749" VPOS="250" WIDTH="78" HEIGHT="22" WC="0.96" CONTENT="alltför"/><SP WIDTH="8" VPOS="250" HPOS="827"/>
							<String ID="string_21" HPOS="835" VPOS="250" WIDTH="50" HEIGHT="28" WC="0.96" CONTENT="lågt"/>
						</TextLine>
						<TextLine ID="line_3" HPOS="134" VPOS="284" WIDTH="753" HEIGHT="28">
							<String ID="string_22" HPOS="134" VPOS="284" WIDTH="77" HEIGHT="22" WC="0.95" CONTENT="nedåt."/><SP WIDTH="29" VPOS="284" HPOS="211"/>
							<String ID="string_23" HPOS="240" VPOS="284" WIDTH="51" HEIGHT="21" WC="0.96" CONTENT="Den"/><SP WIDTH="16" VPOS="284" HPOS="291"/>
							<String ID="string_24" HPOS="307" VPOS="284" WIDTH="111" HEIGHT="28" WC="0.96" CONTENT="stadgade"/><SP WIDTH="15" VPOS="284" HPOS="418"/>
							<String ID="string_25" HPOS="433" VPOS="286" WIDTH="94" HEIGHT="26" WC="0.96" CONTENT="stränga"/><SP WIDTH="15" VPOS="286" HPOS="527"/>
							<String ID="string_26" HPOS="542" VPOS="284" WIDTH="118" HEIGHT="28" WC="0.96" CONTENT="påföljden"/><SP WIDTH="15" VPOS="284" HPOS="660"/>
							<String ID="string_27" HPOS="675" VPOS="286" WIDTH="35" HEIGHT="19" WC="0.96" CONTENT="att"/><SP WIDTH="14" VPOS="286" HPOS="710"/>
							<String ID="string_28" HPOS="724" VPOS="284" WIDTH="40" HEIGHT="21" WC="0.95" CONTENT="vid"/><SP WIDTH="8" VPOS="284" HPOS="764"/>
							<String ID="string_29" HPOS="772" VPOS="284" WIDTH="115" HEIGHT="21" WC="0.96" CONTENT="missbruk"/>
						</TextLine>
						<TextLine ID="line_4" HPOS="136" VPOS="317" WIDTH="749" HEIGHT="29">
							<String ID="string_30" HPOS="136" VPOS="318" WIDTH="27" HEIGHT="22" WC="0.93" CONTENT="af"/><SP WIDTH="19" VPOS="318" HPOS="163"/>
							<String ID="string_31" HPOS="182" VPOS="317" WIDTH="239" HEIGHT="29" WC="0.91" CONTENT="handelsrättigheten"/><SP WIDTH="21" VPOS="317" HPOS="421"/>
							<String ID="string_32" HPOS="442" VPOS="317" WIDTH="50" HEIGHT="22" WC="0.96" CONTENT="icke"/><SP WIDTH="16" VPOS="317" HPOS="492"/>
							<String ID="string_33" HPOS="508" VPOS="318" WIDTH="24" HEIGHT="21" WC="0.96" CONTENT="få"/><SP WIDTH="15" VPOS="318" HPOS="532"/>
							<String ID="string_34" HPOS="547" VPOS="317" WIDTH="132" HEIGHT="22" WC="0.96" CONTENT="densamma"/><SP WIDTH="14" VPOS="317" HPOS="679"/>
							<String ID="string_35" HPOS="693" VPOS="317" WIDTH="106" HEIGHT="28" WC="0.96" CONTENT="förnyad,"/><SP WIDTH="15" VPOS="317" HPOS="799"/>
							<String ID="string_36" HPOS="814" VPOS="317" WIDTH="71" HEIGHT="22" WC="0.96" CONTENT="borde"/>
						</TextLine>
						<TextLine ID="line_5" HPOS="134" VPOS="351" WIDTH="751" HEIGHT="30">
							<String ID="string_37" HPOS="134" VPOS="353" WIDTH="39" HEIGHT="21" WC="0.96" CONTENT="väl"/><SP WIDTH="22" VPOS="353" HPOS="173"/>
							<String ID="string_38" HPOS="195" VPOS="352" WIDTH="43" HEIGHT="23" WC="0.95" CONTENT="ock"/><SP WIDTH="14" VPOS="352" HPOS="238"/>
							<String ID="string_39" HPOS="252" VPOS="359" WIDTH="56" HEIGHT="14" WC="0.96" CONTENT="vara"/><SP WIDTH="14" VPOS="359" HPOS="308"/>
							<String ID="string_40" HPOS="322" VPOS="359" WIDTH="29" HEIGHT="14" WC="0.96" CONTENT="en"/><SP WIDTH="15" VPOS="359" HPOS="351"/>
							<String ID="string_41" HPOS="366" VPOS="351" WIDTH="127" HEIGHT="29" WC="0.95" CONTENT="tillräcklig"/><SP WIDTH="15" VPOS="351" HPOS="493"/>
							<String ID="string_42" HPOS="508" VPOS="359" WIDTH="77" HEIGHT="22" WC="0.96" CONTENT="sporre"/><SP WIDTH="15" VPOS="359" HPOS="585"/>
							<String ID="string_43" HPOS="600" VPOS="352" WIDTH="36" HEIGHT="21" WC="0.96" CONTENT="för"/><SP WIDTH="14" VPOS="352" HPOS="636"/>
							<String ID="string_44" HPOS="650" VPOS="351" WIDTH="131" HEIGHT="22" WC="0.95" CONTENT="handlande"/><SP WIDTH="16" VPOS="351" HPOS="781"/>
							<String ID="string_45" HPOS="797" VPOS="354" WIDTH="40" HEIGHT="25" WC="0.93" CONTENT="att,"/><SP WIDTH="16" VPOS="354" HPOS="837"/>
							<String ID="string_46" HPOS="853" VPOS="351" WIDTH="32" HEIGHT="22" WC="0.92" CONTENT="ef-"/>
						</TextLine>
						<TextLine ID="line_6" HPOS="133" VPOS="385" WIDTH="547" HEIGHT="29">
							<String ID="string_47" HPOS="133" VPOS="389" WIDTH="36" HEIGHT="19" WC="0.96" CONTENT="ter"/><SP WIDTH="14" VPOS="389" HPOS="169"/>
							<String ID="string_48" HPOS="183" VPOS="386" WIDTH="111" HEIGHT="28" WC="0.96" CONTENT="förmåga,"/><SP WIDTH="15" VPOS="386" HPOS="294"/>
							<String ID="string_49" HPOS="309" VPOS="385" WIDTH="103" HEIGHT="22" WC="0.96" CONTENT="undvika"/><SP WIDTH="13" VPOS="385" HPOS="412"/>
							<String ID="string_50" HPOS="425" VPOS="385" WIDTH="79" HEIGHT="22" WC="0.96" CONTENT="oskick"/><SP WIDTH="14" VPOS="385" HPOS="504"/>
							<String ID="string_51" HPOS="518" VPOS="386" WIDTH="41" HEIGHT="21" WC="0.96" CONTENT="vid"/><SP WIDTH="14" VPOS="386" HPOS="559"/>
							<String ID="string_52" HPOS="573" VPOS="385" WIDTH="107" HEIGHT="22" WC="0.96" CONTENT="handeln."/>
						</TextLine>
					</TextBlock>
					<TextBlock ID="block_2" HPOS="133" VPOS="419" WIDTH="753" HEIGHT="235">
						<TextLine ID="line_7" HPOS="199" VPOS="419" WIDTH="684" HEIGHT="30">
							<String ID="string_53" HPOS="199" VPOS="421" WIDTH="13" HEIGHT="21" WC="0.96" CONTENT="I"/><SP WIDTH="21" VPOS="421" HPOS="212"/>
							<String ID="string_54" HPOS="233" VPOS="420" WIDTH="125" HEIGHT="22" WC="0.96" CONTENT="utskottets"/><SP WIDTH="16" VPOS="420" HPOS="358"/>
							<String ID="string_55" HPOS="374" VPOS="419" WIDTH="87" HEIGHT="30" WC="0.96" CONTENT="förslag"/><SP WIDTH="17" VPOS="419" HPOS="461"/>
							<String ID="string_56" HPOS="478" VPOS="420" WIDTH="114" HEIGHT="29" WC="0.96" CONTENT="ingående"/><SP WIDTH="16" VPOS="420" HPOS="592"/>
							<String ID="string_57" HPOS="608" VPOS="420" WIDTH="175" HEIGHT="29" WC="0.96" CONTENT="bestämningen"/><SP WIDTH="15" VPOS="420" HPOS="783"/>
							<String ID="string_58" HPOS="798" VPOS="420" WIDTH="85" HEIGHT="27" WC="0.95" CONTENT="derom,"/>
						</TextLine>
						<TextLine ID="line_8" HPOS="134" VPOS="454" WIDTH="752" HEIGHT="29">
							<String ID="string_59" HPOS="134" VPOS="457" WIDTH="35" HEIGHT="20" WC="0.93" CONTENT="att"/><SP WIDTH="22" VPOS="457" HPOS="169"/>
							<String ID="string_60" HPOS="191" VPOS="455" WIDTH="129" HEIGHT="22" WC="0.93" CONTENT="ännämnde"/><SP WIDTH="22" VPOS="455" HPOS="320"/>
							<String ID="string_61" HPOS="342" VPOS="454" WIDTH="99" HEIGHT="29" WC="0.95" CONTENT="drycker"/><SP WIDTH="21" VPOS="454" HPOS="441"/>
							<String ID="string_62" HPOS="462" VPOS="454" WIDTH="51" HEIGHT="22" WC="0.96" CONTENT="icke"/><SP WIDTH="22" VPOS="454" HPOS="513"/>
							<String ID="string_63" HPOS="535" VPOS="455" WIDTH="38" HEIGHT="21" WC="0.96" CONTENT="må"/><SP WIDTH="15" VPOS="455" HPOS="573"/>
							<String ID="string_64" HPOS="588" VPOS="455" WIDTH="68" HEIGHT="28" WC="0.96" CONTENT="säljas"/><SP WIDTH="16" VPOS="455" HPOS="656"/>
							<String ID="string_65" HPOS="672" VPOS="455" WIDTH="24" HEIGHT="21" WC="0.96" CONTENT="åt"/><SP WIDTH="15" VPOS="455" HPOS="696"/>
							<String ID="string_66" HPOS="711" VPOS="455" WIDTH="44" HEIGHT="21" WC="0.96" CONTENT="den"/><SP WIDTH="15" VPOS="455" HPOS="755"/>
							<String ID="string_67" HPOS="770" VPOS="462" WIDTH="49" HEIGHT="15" WC="0.96" CONTENT="som"/><SP WIDTH="15" VPOS="462" HPOS="819"/>
							<String ID="string_68" HPOS="834" VPOS="454" WIDTH="52" HEIGHT="22" WC="0.96" CONTENT="icke"/>
						</TextLine>
						<TextLine ID="line_9" HPOS="135" VPOS="488" WIDTH="750" HEIGHT="30">
							<String ID="string_69" HPOS="135" VPOS="489" WIDTH="55" HEIGHT="29" WC="0.95" CONTENT="fyllt"/><SP WIDTH="19" VPOS="489" HPOS="190"/>
							<String ID="string_70" HPOS="209" VPOS="489" WIDTH="88" HEIGHT="22" WC="0.96" CONTENT="femton"/><SP WIDTH="21" VPOS="489" HPOS="297"/>
							<String ID="string_71" HPOS="318" VPOS="489" WIDTH="32" HEIGHT="26" WC="0.76" CONTENT="år."/><SP WIDTH="22" VPOS="489" HPOS="350"/>
							<String ID="string_72" HPOS="372" VPOS="488" WIDTH="117" HEIGHT="22" WC="0.96" CONTENT="förefaller"/><SP WIDTH="18" VPOS="488" HPOS="489"/>
							<String ID="string_73" HPOS="507" VPOS="489" WIDTH="43" HEIGHT="21" WC="0.96" CONTENT="ock"/><SP WIDTH="15" VPOS="489" HPOS="550"/>
							<String ID="string_74" HPOS="565" VPOS="489" WIDTH="116" HEIGHT="28" WC="0.96" CONTENT="olämplig,"/><SP WIDTH="16" VPOS="489" HPOS="681"/>
							<String ID="string_75" HPOS="697" VPOS="492" WIDTH="56" HEIGHT="18" WC="0.96" CONTENT="enär"/><SP WIDTH="15" VPOS="492" HPOS="753"/>
							<String ID="string_76" HPOS="768" VPOS="489" WIDTH="39" HEIGHT="22" WC="0.93" CONTENT="det"/><SP WIDTH="16" VPOS="489" HPOS="807"/>
							<String ID="string_77" HPOS="823" VPOS="488" WIDTH="62" HEIGHT="29" WC="0.92" CONTENT="sjelf-"/>
						</TextLine>
						<TextLine ID="line_10" HPOS="134" VPOS="523" WIDTH="749" HEIGHT="29">
							<String ID="string_78" HPOS="134" VPOS="524" WIDTH="67" HEIGHT="22" WC="0.93" CONTENT="fallet"/><SP WIDTH="20" VPOS="524" HPOS="201"/>
							<String ID="string_79" HPOS="221" VPOS="523" WIDTH="85" HEIGHT="22" WC="0.92" CONTENT="blifver"/><SP WIDTH="14" VPOS="523" HPOS="306"/>
							<String ID="string_80" HPOS="320" VPOS="523" WIDTH="64" HEIGHT="22" WC="0.96" CONTENT="svårt"/><SP WIDTH="15" VPOS="523" HPOS="384"/>
							<String ID="string_81" HPOS="399" VPOS="525" WIDTH="36" HEIGHT="20" WC="0.95" CONTENT="att"/><SP WIDTH="14" VPOS="525" HPOS="435"/>
							<String ID="string_82" HPOS="449" VPOS="523" WIDTH="7" HEIGHT="21" WC="0.96" CONTENT="i"/><SP WIDTH="15" VPOS="523" HPOS="456"/>
							<String ID="string_83" HPOS="471" VPOS="523" WIDTH="80" HEIGHT="29" WC="0.96" CONTENT="hvarje"/><SP WIDTH="14" VPOS="523" HPOS="551"/>
							<String ID="string_84" HPOS="565" VPOS="523" WIDTH="42" HEIGHT="22" WC="0.96" CONTENT="fall"/><SP WIDTH="16" VPOS="523" HPOS="607"/>
							<String ID="string_85" HPOS="623" VPOS="523" WIDTH="132" HEIGHT="22" WC="0.95" CONTENT="konstatera"/><SP WIDTH="15" VPOS="523" HPOS="755"/>
							<String ID="string_86" HPOS="770" VPOS="524" WIDTH="113" HEIGHT="28" WC="0.95" CONTENT="köparens"/>
						</TextLine>
						<TextLine ID="line_11" HPOS="135" VPOS="557" WIDTH="751" HEIGHT="29">
							<String ID="string_87" HPOS="135" VPOS="557" WIDTH="63" HEIGHT="23" WC="0.95" CONTENT="ålder"/><SP WIDTH="21" VPOS="557" HPOS="198"/>
							<String ID="string_88" HPOS="219" VPOS="557" WIDTH="43" HEIGHT="22" WC="0.96" CONTENT="och"/><SP WIDTH="23" VPOS="557" HPOS="262"/>
							<String ID="string_89" HPOS="285" VPOS="557" WIDTH="111" HEIGHT="22" WC="0.95" CONTENT="tillfällen"/><SP WIDTH="14" VPOS="557" HPOS="396"/>
							<String ID="string_90" HPOS="410" VPOS="557" WIDTH="142" HEIGHT="22" WC="0.96" CONTENT="förekomma"/><SP WIDTH="12" VPOS="557" HPOS="552"/>
							<String ID="string_91" HPOS="564" VPOS="558" WIDTH="34" HEIGHT="28" WC="0.96" CONTENT="ju,"/><SP WIDTH="16" VPOS="558" HPOS="598"/>
							<String ID="string_92" HPOS="614" VPOS="557" WIDTH="30" HEIGHT="22" WC="0.97" CONTENT="då"/><SP WIDTH="14" VPOS="557" HPOS="644"/>
							<String ID="string_93" HPOS="658" VPOS="565" WIDTH="53" HEIGHT="14" WC="0.96" CONTENT="man"/><SP WIDTH="16" VPOS="565" HPOS="711"/>
							<String ID="string_94" HPOS="727" VPOS="561" WIDTH="25" HEIGHT="18" WC="0.93" CONTENT="är"/><SP WIDTH="14" VPOS="561" HPOS="752"/>
							<String ID="string_95" HPOS="766" VPOS="557" WIDTH="120" HEIGHT="22" WC="0.92" CONTENT="nödsakad"/>
						</TextLine>
						<TextLine ID="line_12" HPOS="135" VPOS="591" WIDTH="750" HEIGHT="29">
							<String ID="string_96" HPOS="135" VPOS="591" WIDTH="107" HEIGHT="23" WC="0.96" CONTENT="använda"/><SP WIDTH="20" VPOS="591" HPOS="242"/>
							<String ID="string_97" HPOS="262" VPOS="600" WIDTH="29" HEIGHT="13" WC="0.96" CONTENT="en"/><SP WIDTH="21" VPOS="600" HPOS="291"/>
							<String ID="string_98" HPOS="312" VPOS="591" WIDTH="141" HEIGHT="29" WC="0.91" CONTENT="minderårig"/><SP WIDTH="14" VPOS="591" HPOS="453"/>
							<String ID="string_99" HPOS="467" VPOS="591" WIDTH="37" HEIGHT="22" WC="0.96" CONTENT="till"/><SP WIDTH="15" VPOS="591" HPOS="504"/>
							<String ID="string_100" HPOS="519" VPOS="594" WIDTH="34" HEIGHT="18" WC="0.96" CONTENT="ett"/><SP WIDTH="15" VPOS="594" HPOS="553"/>
							<String ID="string_101" HPOS="568" VPOS="592" WIDTH="55" HEIGHT="21" WC="0.96" CONTENT="slikt"/><SP WIDTH="15" VPOS="592" HPOS="623"/>
							<String ID="string_102" HPOS="638" VPOS="591" WIDTH="90" HEIGHT="27" WC="0.95" CONTENT="ärende,"/><SP WIDTH="16" VPOS="591" HPOS="728"/>
							<String ID="string_103" HPOS="744" VPOS="594" WIDTH="27" HEIGHT="26" WC="0.96" CONTENT="ty"/><SP WIDTH="14" VPOS="594" HPOS="771"/>
							<String ID="string_104" HPOS="785" VPOS="592" WIDTH="100" HEIGHT="28" WC="0.95" CONTENT="mången"/>
						</TextLine>
						<TextLine ID="line_13" HPOS="133" VPOS="625" WIDTH="437" HEIGHT="29">
							<String ID="string_105" HPOS="133" VPOS="626" WIDTH="74" HEIGHT="22" WC="0.95" CONTENT="håller"/><SP WIDTH="16" VPOS="626" HPOS="207"/>
							<String ID="string_106" HPOS="223" VPOS="626" WIDTH="27" HEIGHT="28" WC="0.96" CONTENT="ju"/><SP WIDTH="23" VPOS="626" HPOS="250"/>
							<String ID="string_107" HPOS="273" VPOS="626" WIDTH="51" HEIGHT="21" WC="0.96" CONTENT="icke"/><SP WIDTH="15" VPOS="626" HPOS="324"/>
							<String ID="string_108" HPOS="339" VPOS="625" WIDTH="123" HEIGHT="23" WC="0.96" CONTENT="fullvuxna"/><SP WIDTH="14" VPOS="625" HPOS="462"/>
							<String ID="string_109" HPOS="476" VPOS="626" WIDTH="94" HEIGHT="28" WC="0.72" CONTENT="tjenare,"/>
						</TextLine>
					</TextBlock>
					<TextBlock ID="block_3" HPOS="135" VPOS="660" WIDTH="752" HEIGHT="98">
						<TextLine ID="line_14" HPOS="199" VPOS="660" WIDTH="688" HEIGHT="29">
							<String ID="string_110" HPOS="199" VPOS="660" WIDTH="34" HEIGHT="22" WC="0.95" CONTENT="På"/><SP WIDTH="15" VPOS="660" HPOS="233"/>
							<String ID="string_111" HPOS="248" VPOS="660" WIDTH="75" HEIGHT="29" WC="0.96" CONTENT="grund"/><SP WIDTH="16" VPOS="660" HPOS="323"/>
							<String ID="string_112" HPOS="339" VPOS="660" WIDTH="25" HEIGHT="22" WC="0.96" CONTENT="af"/><SP WIDTH="12" VPOS="660" HPOS="364"/>
							<String ID="string_113" HPOS="376" VPOS="660" WIDTH="62" HEIGHT="22" WC="0.95" CONTENT="hvad"/><SP WIDTH="11" VPOS="660" HPOS="438"/>
							<String ID="string_114" HPOS="449" VPOS="660" WIDTH="42" HEIGHT="29" WC="0.96" CONTENT="jag"/><SP WIDTH="15" VPOS="660" HPOS="491"/>
							<String ID="string_115" HPOS="506" VPOS="660" WIDTH="97" HEIGHT="22" WC="0.96" CONTENT="sålunda"/><SP WIDTH="13" VPOS="660" HPOS="603"/>
							<String ID="string_116" HPOS="616" VPOS="660" WIDTH="52" HEIGHT="22" WC="0.96" CONTENT="haft"/><SP WIDTH="15" VPOS="660" HPOS="668"/>
							<String ID="string_117" HPOS="683" VPOS="664" WIDTH="54" HEIGHT="17" WC="0.96" CONTENT="äran"/><SP WIDTH="16" VPOS="664" HPOS="737"/>
							<String ID="string_118" HPOS="753" VPOS="660" WIDTH="86" HEIGHT="24" WC="0.93" CONTENT="anföra,"/><SP WIDTH="8" VPOS="660" HPOS="839"/>
							<String ID="string_119" HPOS="847" VPOS="660" WIDTH="40" HEIGHT="21" WC="0.91" CONTENT="vå-"/>
						</TextLine>
						<TextLine ID="line_15" HPOS="135" VPOS="694" WIDTH="751" HEIGHT="30">
							<String ID="string_120" HPOS="135" VPOS="702" WIDTH="42" HEIGHT="22" WC="0.96" CONTENT="gar"/><SP WIDTH="18" VPOS="702" HPOS="177"/>
							<String ID="string_121" HPOS="195" VPOS="695" WIDTH="42" HEIGHT="29" WC="0.96" CONTENT="jag"/><SP WIDTH="14" VPOS="695" HPOS="237"/>
							<String ID="string_122" HPOS="251" VPOS="694" WIDTH="135" HEIGHT="29" WC="0.96" CONTENT="förslagsvis"/><SP WIDTH="15" VPOS="694" HPOS="386"/>
							<String ID="string_123" HPOS="401" VPOS="694" WIDTH="42" HEIGHT="22" WC="0.93" CONTENT="hos"/><SP WIDTH="15" VPOS="694" HPOS="443"/>
							<String ID="string_124" HPOS="458" VPOS="694" WIDTH="130" HEIGHT="22" WC="0.91" CONTENT="Ständerna"/><SP WIDTH="14" VPOS="694" HPOS="588"/>
							<String ID="string_125" HPOS="602" VPOS="694" WIDTH="37" HEIGHT="22" WC="0.96" CONTENT="till"/><SP WIDTH="15" VPOS="694" HPOS="639"/>
							<String ID="string_126" HPOS="654" VPOS="694" WIDTH="131" HEIGHT="29" WC="0.96" CONTENT="antagande"/><SP WIDTH="15" VPOS="694" HPOS="785"/>
							<String ID="string_127" HPOS="800" VPOS="694" WIDTH="86" HEIGHT="22" WC="0.96" CONTENT="föreslå"/>
						</TextLine>
						<TextLine ID="line_16" HPOS="135" VPOS="728" WIDTH="170" HEIGHT="30">
							<String ID="string_128" HPOS="135" VPOS="736" WIDTH="28" HEIGHT="15" WC="0.93" CONTENT="en"/><SP WIDTH="16" VPOS="736" HPOS="163"/>
							<String ID="string_129" HPOS="179" VPOS="728" WIDTH="126" HEIGHT="30" WC="0.92" CONTENT="sålydande"/>
						</TextLine>
					</TextBlock>
				</ComposedBlock>
				<ComposedBlock ID="cblock_2" HPOS="338" VPOS="796" WIDTH="547" HEIGHT="97">
					<TextBlock ID="block_4" HPOS="338" VPOS="796" WIDTH="547" HEIGHT="97">
						<TextLine ID="line_17" HPOS="407" VPOS="796" WIDTH="478" HEIGHT="29">
							<String ID="string_130" HPOS="407" VPOS="796" WIDTH="162" HEIGHT="29" WC="0.95" CONTENT="Förordning,"/><SP WIDTH="33" VPOS="796" HPOS="569"/>
							<String ID="string_131" HPOS="602" VPOS="797" WIDTH="123" HEIGHT="28" WC="0.96" CONTENT="angående"/><SP WIDTH="29" VPOS="797" HPOS="725"/>
							<String ID="string_132" HPOS="754" VPOS="797" WIDTH="64" HEIGHT="22" WC="0.93" CONTENT="vissa"/><SP WIDTH="30" VPOS="797" HPOS="818"/>
							<String ID="string_133" HPOS="848" VPOS="797" WIDTH="37" HEIGHT="22" WC="0.88" CONTENT="in-"/>
						</TextLine>
						<TextLine ID="line_18" HPOS="338" VPOS="831" WIDTH="546" HEIGHT="28">
							<String ID="string_134" HPOS="338" VPOS="831" WIDTH="182" HEIGHT="28" WC="0.92" CONTENT="skränkningar"/><SP WIDTH="15" VPOS="831" HPOS="520"/>
							<String ID="string_135" HPOS="535" VPOS="832" WIDTH="10" HEIGHT="21" WC="0.96" CONTENT="i"/><SP WIDTH="15" VPOS="832" HPOS="545"/>
							<String ID="string_136" HPOS="560" VPOS="831" WIDTH="107" HEIGHT="23" WC="0.96" CONTENT="handeln"/><SP WIDTH="14" VPOS="831" HPOS="667"/>
							<String ID="string_137" HPOS="681" VPOS="831" WIDTH="56" HEIGHT="23" WC="0.96" CONTENT="med"/><SP WIDTH="17" VPOS="831" HPOS="737"/>
							<String ID="string_138" HPOS="754" VPOS="831" WIDTH="71" HEIGHT="22" WC="0.96" CONTENT="viner"/><SP WIDTH="13" VPOS="831" HPOS="825"/>
							<String ID="string_139" HPOS="838" VPOS="831" WIDTH="46" HEIGHT="23" WC="0.96" CONTENT="och"/>
						</TextLine>
						<TextLine ID="line_19" HPOS="339" VPOS="865" WIDTH="364" HEIGHT="28">
							<String ID="string_140" HPOS="339" VPOS="866" WIDTH="77" HEIGHT="22" WC="0.96" CONTENT="andra"/><SP WIDTH="15" VPOS="866" HPOS="416"/>
							<String ID="string_141" HPOS="431" VPOS="871" WIDTH="98" HEIGHT="22" WC="0.93" CONTENT="svagare"/><SP WIDTH="15" VPOS="871" HPOS="529"/>
							<String ID="string_142" HPOS="544" VPOS="865" WIDTH="159" HEIGHT="28" WC="0.92" CONTENT="rusdrycker."/>
						</TextLine>
					</TextBlock>
				</ComposedBlock>
				<ComposedBlock ID="cblock_3" HPOS="337" VPOS="938" WIDTH="548" HEIGHT="202">
					<TextBlock ID="block_5" HPOS="337" VPOS="938" WIDTH="548" HEIGHT="202">
						<TextLine ID="line_20" HPOS="406" VPOS="938" WIDTH="477" HEIGHT="28">
							<String ID="string_143" HPOS="406" VPOS="940" WIDTH="48" HEIGHT="20" WC="0.94" CONTENT="Med"/><SP WIDTH="21" VPOS="940" HPOS="454"/>
							<String ID="string_144" HPOS="475" VPOS="940" WIDTH="96" HEIGHT="26" WC="0.96" CONTENT="ändring"/><SP WIDTH="22" VPOS="940" HPOS="571"/>
							<String ID="string_145" HPOS="593" VPOS="940" WIDTH="9" HEIGHT="19" WC="0.96" CONTENT="i"/><SP WIDTH="19" VPOS="940" HPOS="602"/>
							<String ID="string_146" HPOS="621" VPOS="939" WIDTH="25" HEIGHT="21" WC="0.96" CONTENT="de"/><SP WIDTH="15" VPOS="939" HPOS="646"/>
							<String ID="string_147" HPOS="661" VPOS="939" WIDTH="67" HEIGHT="25" WC="0.93" CONTENT="delar,"/><SP WIDTH="15" VPOS="939" HPOS="728"/>
							<String ID="string_148" HPOS="743" VPOS="938" WIDTH="88" HEIGHT="22" WC="0.91" CONTENT="hvarom"/><SP WIDTH="15" VPOS="938" HPOS="831"/>
							<String ID="string_149" HPOS="846" VPOS="946" WIDTH="37" HEIGHT="14" WC="0.92" CONTENT="ne-"/>
						</TextLine>
						<TextLine ID="line_21" HPOS="339" VPOS="973" WIDTH="545" HEIGHT="29">
							<String ID="string_150" HPOS="339" VPOS="974" WIDTH="45" HEIGHT="20" WC="0.93" CONTENT="dan"/><SP WIDTH="20" VPOS="974" HPOS="384"/>
							<String ID="string_151" HPOS="404" VPOS="976" WIDTH="67" HEIGHT="26" WC="0.96" CONTENT="säges,"/><SP WIDTH="23" VPOS="976" HPOS="471"/>
							<String ID="string_152" HPOS="494" VPOS="974" WIDTH="31" HEIGHT="27" WC="0.96" CONTENT="af"/><SP WIDTH="16" VPOS="974" HPOS="525"/>
							<String ID="string_153" HPOS="541" VPOS="976" WIDTH="27" HEIGHT="19" WC="0.96" CONTENT="14"/><SP WIDTH="22" VPOS="976" HPOS="568"/>
							<String ID="string_154" HPOS="590" VPOS="974" WIDTH="39" HEIGHT="21" WC="0.96" CONTENT="och"/><SP WIDTH="14" VPOS="974" HPOS="629"/>
							<String ID="string_155" HPOS="643" VPOS="975" WIDTH="29" HEIGHT="20" WC="0.96" CONTENT="20"/><SP WIDTH="15" VPOS="975" HPOS="672"/>
							<String ID="string_156" HPOS="687" VPOS="974" WIDTH="51" HEIGHT="27" WC="0.83" CONTENT="$$"/><SP WIDTH="-13" VPOS="974" HPOS="738"/>
							<String ID="string_157" HPOS="725" VPOS="969" WIDTH="15" HEIGHT="37" WC="0.83" CONTENT="i"/><SP WIDTH="9" VPOS="969" HPOS="740"/>
							<String ID="string_158" HPOS="749" VPOS="973" WIDTH="135" HEIGHT="28" WC="0.89" CONTENT="förordnin-"/>
						</TextLine>
						<TextLine ID="line_22" HPOS="337" VPOS="1008" WIDTH="546" HEIGHT="28">
							<String ID="string_159" HPOS="337" VPOS="1015" WIDTH="41" HEIGHT="21" WC="0.96" CONTENT="gen"/><SP WIDTH="21" VPOS="1015" HPOS="378"/>
							<String ID="string_160" HPOS="399" VPOS="1015" WIDTH="33" HEIGHT="14" WC="0.95" CONTENT="om"/><SP WIDTH="24" VPOS="1015" HPOS="432"/>
							<String ID="string_161" HPOS="456" VPOS="1009" WIDTH="144" HEIGHT="27" WC="0.93" CONTENT="näringarna,"/><SP WIDTH="19" VPOS="1009" HPOS="600"/>
							<String ID="string_162" HPOS="619" VPOS="1008" WIDTH="76" HEIGHT="28" WC="0.90" CONTENT="gifven"/><SP WIDTH="22" VPOS="1008" HPOS="695"/>
							<String ID="string_163" HPOS="717" VPOS="1008" WIDTH="42" HEIGHT="21" WC="0.96" CONTENT="den"/><SP WIDTH="19" VPOS="1008" HPOS="759"/>
							<String ID="string_164" HPOS="778" VPOS="1009" WIDTH="28" HEIGHT="20" WC="0.96" CONTENT="31"/><SP WIDTH="16" VPOS="1009" HPOS="806"/>
							<String ID="string_165" HPOS="822" VPOS="1008" WIDTH="61" HEIGHT="21" WC="0.96" CONTENT="Mars"/>
						</TextLine>
						<TextLine ID="line_23" HPOS="339" VPOS="1042" WIDTH="546" HEIGHT="28">
							<String ID="string_166" HPOS="339" VPOS="1044" WIDTH="65" HEIGHT="25" WC="0.91" CONTENT="1879,"/><SP WIDTH="22" VPOS="1044" HPOS="404"/>
							<String ID="string_167" HPOS="426" VPOS="1043" WIDTH="86" HEIGHT="21" WC="0.91" CONTENT="sädana"/><SP WIDTH="15" VPOS="1043" HPOS="512"/>
							<String ID="string_168" HPOS="527" VPOS="1043" WIDTH="62" HEIGHT="21" WC="0.93" CONTENT="dessa"/><SP WIDTH="15" VPOS="1043" HPOS="589"/>
							<String ID="string_169" HPOS="604" VPOS="1044" WIDTH="85" HEIGHT="26" WC="0.91" CONTENT="lagrum"/><SP WIDTH="16" VPOS="1044" HPOS="689"/>
							<String ID="string_170" HPOS="705" VPOS="1042" WIDTH="52" HEIGHT="28" WC="0.91" CONTENT="lyda"/><SP WIDTH="14" VPOS="1042" HPOS="757"/>
							<String ID="string_171" HPOS="771" VPOS="1043" WIDTH="9" HEIGHT="20" WC="0.93" CONTENT="i"/><SP WIDTH="11" VPOS="1043" HPOS="780"/>
							<String ID="string_172" HPOS="791" VPOS="1042" WIDTH="94" HEIGHT="28" WC="0.93" CONTENT="förord-"/>
						</TextLine>
						<TextLine ID="line_24" HPOS="339" VPOS="1077" WIDTH="544" HEIGHT="28">
							<String ID="string_173" HPOS="339" VPOS="1078" WIDTH="80" HEIGHT="27" WC="0.90" CONTENT="ningen"/><SP WIDTH="20" VPOS="1078" HPOS="419"/>
							<String ID="string_174" HPOS="439" VPOS="1078" WIDTH="30" HEIGHT="27" WC="0.95" CONTENT="af"/><SP WIDTH="19" VPOS="1078" HPOS="469"/>
							<String ID="string_175" HPOS="488" VPOS="1078" WIDTH="40" HEIGHT="20" WC="0.95" CONTENT="den"/><SP WIDTH="16" VPOS="1078" HPOS="528"/>
							<String ID="string_176" HPOS="544" VPOS="1079" WIDTH="28" HEIGHT="20" WC="0.96" CONTENT="12"/><SP WIDTH="17" VPOS="1079" HPOS="572"/>
							<String ID="string_177" HPOS="589" VPOS="1078" WIDTH="49" HEIGHT="27" WC="0.96" CONTENT="Maj"/><SP WIDTH="14" VPOS="1078" HPOS="638"/>
							<String ID="string_178" HPOS="652" VPOS="1078" WIDTH="63" HEIGHT="25" WC="0.92" CONTENT="1884,"/><SP WIDTH="16" VPOS="1078" HPOS="715"/>
							<String ID="string_179" HPOS="731" VPOS="1077" WIDTH="78" HEIGHT="21" WC="0.92" CONTENT="varder"/><SP WIDTH="14" VPOS="1077" HPOS="809"/>
							<String ID="string_180" HPOS="823" VPOS="1077" WIDTH="60" HEIGHT="21" WC="0.92" CONTENT="häri-"/>
						</TextLine>
						<TextLine ID="line_25" HPOS="337" VPOS="1112" WIDTH="357" HEIGHT="28">
							<String ID="string_181" HPOS="337" VPOS="1118" WIDTH="77" HEIGHT="22" WC="0.93" CONTENT="genom"/><SP WIDTH="15" VPOS="1118" HPOS="414"/>
							<String ID="string_182" HPOS="429" VPOS="1112" WIDTH="109" HEIGHT="28" WC="0.91" CONTENT="stadgadt,"/><SP WIDTH="15" VPOS="1112" HPOS="538"/>
							<String ID="string_183" HPOS="553" VPOS="1119" WIDTH="44" HEIGHT="14" WC="0.96" CONTENT="som"/><SP WIDTH="12" VPOS="1119" HPOS="597"/>
							<String ID="string_184" HPOS="609" VPOS="1112" WIDTH="85" HEIGHT="28" WC="0.96" CONTENT="följer:"/>
						</TextLine>
					</TextBlock>
				</ComposedBlock>
				<ComposedBlock ID="cblock_4" HPOS="406" VPOS="1203" WIDTH="337" HEIGHT="90">
					<TextBlock ID="block_6" HPOS="406" VPOS="1203" WIDTH="337" HEIGHT="90">
						<TextLine ID="line_26" HPOS="586" VPOS="1203" WIDTH="49" HEIGHT="27">
							<String ID="string_185" HPOS="586" VPOS="1204" WIDTH="12" HEIGHT="20" WC="0.81" CONTENT="1"/><SP WIDTH="16" VPOS="1204" HPOS="598"/>
							<String ID="string_186" HPOS="614" VPOS="1203" WIDTH="21" HEIGHT="27" WC="0.81" CONTENT="$."/>
						</TextLine>
						<TextLine ID="line_27" HPOS="406" VPOS="1263" WIDTH="337" HEIGHT="30">
							<String ID="string_187" HPOS="406" VPOS="1264" WIDTH="82" HEIGHT="29" WC="0.93" CONTENT="Enligt"/><SP WIDTH="13" VPOS="1264" HPOS="488"/>
							<String ID="string_188" HPOS="501" VPOS="1264" WIDTH="133" HEIGHT="23" WC="0.92" CONTENT="Utskottets"/><SP WIDTH="14" VPOS="1264" HPOS="634"/>
							<String ID="string_189" HPOS="648" VPOS="1263" WIDTH="95" HEIGHT="29" WC="0.94" CONTENT="förslag."/>
						</TextLine>
					</TextBlock>
				</ComposedBlock>
				<ComposedBlock ID="cblock_5" HPOS="588" VPOS="1350" WIDTH="50" HEIGHT="27">
					<TextBlock ID="block_7" HPOS="588" VPOS="1350" WIDTH="50" HEIGHT="27">
						<TextLine ID="line_28" HPOS="588" VPOS="1350" WIDTH="50" HEIGHT="27">
							<String ID="string_190" HPOS="588" VPOS="1352" WIDTH="12" HEIGHT="20" WC="0.83" CONTENT="2"/><SP WIDTH="16" VPOS="1352" HPOS="600"/>
							<String ID="string_191" HPOS="616" VPOS="1350" WIDTH="22" HEIGHT="27" WC="0.34" CONTENT="S."/>
						</TextLine>
					</TextBlock>
				</ComposedBlock>
				<ComposedBlock ID="cblock_6" HPOS="202" VPOS="1410" WIDTH="684" HEIGHT="94">
					<TextBlock ID="block_8" HPOS="202" VPOS="1410" WIDTH="684" HEIGHT="94">
						<TextLine ID="line_29" HPOS="406" VPOS="1410" WIDTH="476" HEIGHT="23">
							<String ID="string_192" HPOS="406" VPOS="1412" WIDTH="63" HEIGHT="21" WC="0.92" CONTENT="Inom"/><SP WIDTH="24" VPOS="1412" HPOS="469"/>
							<String ID="string_193" HPOS="493" VPOS="1411" WIDTH="91" HEIGHT="21" WC="0.93" CONTENT="Oktober"/><SP WIDTH="14" VPOS="1411" HPOS="584"/>
							<String ID="string_194" HPOS="598" VPOS="1411" WIDTH="82" HEIGHT="21" WC="0.92" CONTENT="mänad"/><SP WIDTH="14" VPOS="1411" HPOS="680"/>
							<String ID="string_195" HPOS="694" VPOS="1410" WIDTH="62" HEIGHT="21" WC="0.92" CONTENT="hvart"/><SP WIDTH="15" VPOS="1410" HPOS="756"/>
							<String ID="string_196" HPOS="771" VPOS="1413" WIDTH="69" HEIGHT="18" WC="0.96" CONTENT="annat"/><SP WIDTH="16" VPOS="1413" HPOS="840"/>
							<String ID="string_197" HPOS="856" VPOS="1411" WIDTH="26" HEIGHT="19" WC="0.89" CONTENT="är"/>
						</TextLine>
						<TextLine ID="line_30" HPOS="338" VPOS="1443" WIDTH="548" HEIGHT="32">
							<String ID="string_198" HPOS="338" VPOS="1453" WIDTH="35" HEIGHT="22" WC="0.89" CONTENT="ege"/><SP WIDTH="23" VPOS="1453" HPOS="373"/>
							<String ID="string_199" HPOS="396" VPOS="1446" WIDTH="114" HEIGHT="27" WC="0.93" CONTENT="magistrat"/><SP WIDTH="21" VPOS="1446" HPOS="510"/>
							<String ID="string_200" HPOS="531" VPOS="1445" WIDTH="135" HEIGHT="28" WC="0.75" CONTENT="öfverlemna"/><SP WIDTH="17" VPOS="1445" HPOS="666"/>
							<String ID="string_201" HPOS="683" VPOS="1444" WIDTH="23" HEIGHT="20" WC="0.93" CONTENT="ät"/><SP WIDTH="14" VPOS="1444" HPOS="706"/>
							<String ID="string_202" HPOS="720" VPOS="1443" WIDTH="166" HEIGHT="28" WC="0.72" CONTENT="stadsjullmäk-"/>
						</TextLine>
						<TextLine ID="line_31" HPOS="202" VPOS="1484" WIDTH="392" HEIGHT="20">
							<String ID="string_203" HPOS="202" VPOS="1485" WIDTH="182" HEIGHT="19" WC="0.71" CONTENT="Ekonomiutskottets"/><SP WIDTH="12" VPOS="1485" HPOS="384"/>
							<String ID="string_204" HPOS="396" VPOS="1484" WIDTH="110" HEIGHT="19" WC="0.96" CONTENT="betänkande"/><SP WIDTH="12" VPOS="1484" HPOS="506"/>
							<String ID="string_205" HPOS="518" VPOS="1485" WIDTH="35" HEIGHT="17" WC="0.96" CONTENT="N:o"/><SP WIDTH="13" VPOS="1485" HPOS="553"/>
							<String ID="string_206" HPOS="566" VPOS="1484" WIDTH="28" HEIGHT="17" WC="0.96" CONTENT="10."/>
						</TextLine>
					</TextBlock>
				</ComposedBlock>
			</PrintSpace>
		</Page>
	</Layout>
</alto>
