1125 1770
274 145 27 19 42
459 143 30 22 U.
504 145 28 20 B.
548 156 27 3 —
590 143 74 28 Prop.
681 143 44 22 N:o
741 143 36 22 27.

326 458 7 3 W
576 439 39 18 Litt
628 439 36 18 III.

315 461 148 23 (Öfversättning).

396 509 53 20 Till
464 509 161 20 hedervärda
639 509 204 20 Bondeständet.

313 567 39 19 Det
366 567 80 23 förderf,
461 566 146 25 rusdryckerna
622 567 136 19 ästadkomma
774 567 59 19 bland
849 566 44 20 värt
907 567 47 24 folk,
964 567 35 19 har

247 595 98 20 mähända
359 595 6 20 i
381 595 65 25 nägon
460 595 47 20 män
523 595 73 26 aftagit,
611 595 43 20 dels
668 595 7 19 i
690 595 49 25 följä
754 596 20 19 af
788 595 211 25 nykterhetsrörelsen,

247 624 42 19 dels
304 630 73 19 genom
392 630 25 13 en
432 625 103 23 strängare
550 624 213 25 bränvinsförordning,
779 630 46 13 men
835 623 100 20 allmänna
945 623 53 27 äsig-

246 655 34 17 ten
294 653 53 19 inom
363 652 24 19 de
403 652 81 25 kretsar,
505 652 66 20 hvilka
587 653 19 18 vi
622 653 33 18 vid
669 653 64 19 denna
748 653 96 25 landtdag
858 655 141 22 representera,

246 683 23 17 är
282 681 62 20 likväl
359 681 45 24 den,
418 683 30 18 att
462 683 30 18 ett
506 681 185 20 tillfredsställande
707 681 79 26 sakläge
807 681 42 20 icke
863 681 40 19 kan
919 681 80 25 uppstå,

245 710 62 19 innan
323 709 93 25 samtliga
430 709 126 25 rusdrycker,
571 709 55 20 såväl
642 710 67 19 starka
723 715 43 14 som
782 715 67 20 svaga,
868 710 85 19 förvisas
968 709 31 20 till

246 738 110 25 apotheken
372 738 30 19 för
416 740 30 18 att
460 738 102 20 användas
577 738 72 20 endast
663 744 44 13 som
721 738 109 20 läkemedel
840 738 33 20 vid
885 739 114 25 sjukdoms-

246 767 40 23 fall,
298 773 46 14 men
364 767 18 25 ej
398 767 31 19 till
451 767 67 26 daglig
533 767 62 25 dryck
617 767 30 20 för
660 767 62 20 friska
743 767 122 20 menniskor.
895 767 30 20 Då
939 767 61 20 likväl

246 796 130 20 beträffande,
389 795 105 20 bränvinet
516 798 78 17 senaste
609 796 23 19 är
651 802 25 14 en
696 802 28 19 ny
739 796 32 25 lag
786 797 53 19 trädt
854 797 6 19 i
875 796 57 23 kraft,
947 796 52 20 hvil-

246 824 39 20 ken
307 824 66 21 såsom
395 826 103 24 strängare
521 827 24 17 än
568 825 38 20 den
628 825 117 25 föregående
767 825 6 19 i
791 825 66 25 någon
880 825 45 20 män
948 827 50 18 mot-

247 859 68 14 svarar
333 853 48 20 våra
402 853 126 26 önskningar,
543 854 36 19 och
595 853 25 20 dä
642 854 64 19 denna
721 853 109 20 innehåller
845 854 23 19 sä
883 853 71 26 många
969 860 30 14 re-

247 882 119 25 striktioner,
382 888 42 14 som
440 883 34 19 det
488 883 31 19 för
532 883 124 19 närvarande
671 883 56 19 torde
741 888 47 14 vara
802 883 78 25 möjligt
889 885 29 17 att
927 888 72 20 genom

247 910 96 20 ständens
359 911 92 19 samfälta
471 911 68 19 beslut
553 910 20 20 fä
594 911 131 25 genomförda,
741 911 47 25 vilja
810 911 19 19 vi
844 911 38 19 alls
897 912 44 19 icke
956 911 42 19 vid-

246 941 44 17 röra
304 940 38 19 den
358 945 80 19 samma,
454 945 46 14 men
515 940 87 20 önskade
618 940 19 18 vi
652 940 57 19 desto
716 940 88 24 lifligare,
814 942 32 24 att
854 936 34 34 alla
895 940 25 20 de
928 940 72 25 mänga

247 968 54 25 slags
315 968 70 25 farliga
399 968 126 25 rusdrycker,
540 968 67 20 hvilka
621 968 43 20 icke
685 970 34 17 äro
734 968 146 20 underkastade
895 968 104 20 bränvins-

248 996 148 25 förordningeu,
408 996 22 20 så
445 996 80 26 mycket
540 1002 44 14 som
599 997 75 25 möjligt
684 997 163 19 underordnades
857 997 102 19 enahanda
967 998 33 18 be-

247 1025 124 25 stämningar
386 1027 51 17 samt
452 1025 52 25 hysa
524 1025 19 19 vi
559 1025 38 20 den
611 1025 139 25 förhoppning,
772 1028 29 17 att
816 1025 48 20 våra
878 1026 122 19 hedervärda

246 1052 141 21 ståndsbröder
402 1054 80 24 kraftigt
497 1054 47 20 ville
559 1054 120 19 understöda
694 1054 74 25 förslag
782 1054 5 19 i
804 1054 54 20 detta
872 1054 59 25 syfte.

315 1082 39 20 Vid
370 1084 78 18 senaste
463 1082 95 26 landtdag
580 1082 121 20 inlemmades
717 1084 28 18 ett
768 1083 165 25 motionsförslag,
948 1082 51 20 hvil-

246 1110 34 20 ket
294 1110 61 20 också
369 1111 7 19 i
392 1111 92 25 samtliga
499 1111 60 19 stånd
574 1117 52 14 vann
641 1111 115 25 understöd,
770 1112 103 24 angående
885 1112 42 25 just
941 1112 60 20 dessa

247 1139 90 25 drycker.
353 1139 101 25 Förslaget
465 1140 57 19 rörde
537 1139 56 21 såväl
609 1140 56 19 viner
680 1146 42 13 som
737 1140 79 25 punsch
831 1140 102 20 äfvensom
942 1140 57 20 malt-

246 1168 84 24 drycker
345 1170 52 18 samt
419 1174 35 13 var
469 1168 109 25 uppgjordt
598 1168 121 25 fullkomligt
733 1168 63 25 enligt
812 1174 75 14 samma
901 1168 47 26 plan
963 1169 37 19 och

247 1202 76 14 samma
344 1196 90 25 ordning,
457 1202 43 14 som
515 1197 34 19 det
571 1197 72 25 förslag
657 1197 31 19 till
710 1197 216 25 bränvinsförordning,
948 1197 52 19 hvil-

246 1224 33 20 ket
294 1225 33 19 vid
350 1231 75 13 samma
448 1225 94 25 landtdag
563 1228 70 23 antogs
655 1226 37 18 och
707 1231 43 13 som
771 1232 28 12 nu
814 1228 23 17 är
857 1226 91 25 gällande
962 1226 38 25 lag.

245 1253 199 20 Ekonomiutskottet
458 1253 103 20 förordade
575 1253 118 25 visserligen
713 1253 43 20 icke
772 1253 95 26 förslaget
881 1255 7 18 i
903 1254 47 19 dess
965 1253 35 20 då-

247 1281 87 20 varande
348 1282 58 23 form,
421 1283 48 18 utan
491 1282 85 25 föreslog
591 1282 71 19 endast
679 1284 29 17 ett
722 1288 37 19 par
773 1282 77 19 mindre
864 1282 137 25 förändringar

245 1309 6 19 i
267 1309 264 24 maltdrycksförordningen
547 1312 51 16 samt
613 1310 102 18 förordade
730 1310 30 17 till
776 1309 121 19 Ständernas
913 1311 87 23 godkän-

246 1336 64 19 nande
325 1338 29 18 ett
369 1338 60 17 annat
443 1336 44 19 från
507 1336 168 25 Borgareståndet
689 1336 114 20 ankommet
822 1337 75 25 förslag
912 1337 31 20 till
957 1338 44 18 vin-

245 1364 120 26 förordning.
396 1364 66 26 Begge
477 1364 60 20 dessa
551 1364 74 26 förslag
641 1370 66 14 vunno
723 1365 60 20 också
799 1365 96 26 slutligen
910 1366 90 20 ständer-

245 1392 107 26 pluralitet,
368 1399 46 13 men
429 1393 70 20 endast
514 1394 124 19 motionerna
653 1394 120 20 beträffande
788 1394 135 25 maltdrycker
933 1400 68 14 vunno

247 1421 61 27 nådig
323 1422 131 20 stadfästelse.
470 1422 41 19 Vin
521 1422 36 20 och
572 1422 80 26 punsch
666 1422 30 20 får
711 1422 93 25 deremot,
812 1424 80 20 oaktadt
907 1423 93 21 Ständer-

250 1456 36 14 nas
301 1450 99 25 anhållan,
416 1451 27 19 alt
458 1451 111 20 forfarande
583 1451 89 26 försäljas
687 1451 39 20 lika
741 1452 43 20 fritt
799 1458 43 14 som
857 1452 58 20 förut.

314 1489 184 19 Ekonomiutskottets
510 1490 110 18 betänkande
632 1490 36 18 N:o
681 1490 28 18 10.
