1109 1773
332 129 27 22 U:
374 129 27 21 B.
417 142 27 3 —
460 130 70 28 Prop.
550 132 39 22 N:o
605 131 34 22 24.
809 132 22 21 11

114 186 33 20 del
163 185 64 22 fattat
241 186 70 22 beslut
326 187 108 27 angäende
450 187 80 22 banans
545 188 118 26 utförande,
673 188 66 27 jemte
754 189 36 20 det
801 188 62 22 Stän-

114 220 67 21 derna
199 220 90 22 anhällit
307 227 34 15 om
362 221 74 21 liniens
455 221 108 22 definitiva
577 222 148 27 uppläggande
740 222 34 21 för
790 224 73 20 arbete

113 256 56 19 samt
184 260 34 15 om
233 255 132 26 proposition
379 255 32 21 till
426 256 142 21 innevarande
583 256 103 26 landtdag
701 262 33 15 om
749 257 114 21 anvisande

112 288 24 20 af
156 287 69 21 medel
247 287 33 21 för
301 288 126 28 jernvägens
450 289 121 27 byggande;
596 290 38 21 och
655 290 26 20 dä
700 290 65 26 nägra
784 290 79 21 sädana

112 321 148 22 förhällanden
282 322 47 21 icke
351 323 90 21 derefter
460 323 101 25 inträffat,
577 324 71 20 hvilka
667 323 70 21 kunde
755 324 57 27 gifva
827 331 37 14 an-

112 356 87 26 ledning
221 357 32 19 att
273 356 75 27 frängä
370 357 59 21 detta
451 359 83 19 senaste
557 358 101 21 Ständers
677 358 76 25 beslut,
774 359 39 21 har
831 361 33 18 ut-

112 390 83 21 skottet
215 391 54 20 trott
291 391 32 26 sig
344 391 47 21 icke
409 392 63 20 hafva
492 392 46 21 skäl
557 394 31 19 att
603 389 28 25 nu
647 393 70 21 lemna
731 399 27 15 en
773 392 91 28 förnyad

113 425 125 26 utläggning
260 431 33 14 om
313 426 70 20 denna
399 426 98 27 jernvägs
517 426 82 27 uppgift
615 427 37 20 och
669 427 108 26 betydelse
792 427 7 20 i
815 428 49 20 eko-

113 459 95 21 nomiskt
223 459 106 22 afseende.

183 493 124 28 Byggandet
322 494 22 21 af
354 495 105 20 bandelen
475 495 125 26 Suonenjoki
616 489 90 37 —Kuhjo,
715 495 66 27 jemte
792 495 72 22 Keuru

115 540 15 3 —
142 528 115 27 Jyväskylä
271 528 94 27 jernväg,
381 529 43 26 har,
441 529 24 21 sä
481 530 61 25 länge
558 529 40 21 den
613 529 175 28 mellanliggande
803 529 61 21 delen

112 562 135 27 Jyväskylä
262 558 68 37 Kuhjo
352 563 47 21 icke
419 563 85 27 utförts,
527 563 32 21 till
583 564 96 21 ändamål
703 566 31 19 att
752 565 56 20 sätta
823 564 42 20 den

115 597 120 21 vidsträkta
257 597 102 26 landsdel,
382 598 85 21 hvilken
487 598 102 27 omgifver
608 598 26 21 de
650 604 49 15 norr
715 604 34 15 om
765 598 100 27 Päijänne

115 631 92 26 belägna
223 634 56 19 stora
295 632 176 27 vattendragen,
465 627 10 37 i
487 632 70 21 direkt
573 632 128 21 förbindelse
713 633 47 20 med
769 632 94 27 jernväg.

115 666 66 21 Detta
199 666 54 27 syfte
267 666 68 21 finner
350 667 105 20 utskottet
470 667 7 20 i
493 667 41 21 allo
550 667 172 21 beaktansvärdt.
753 667 46 21 Den
815 667 49 20 ifrä-

112 701 123 26 gavarande
258 701 133 21 landsdelens
413 701 131 22 trafikbehof
565 701 40 21 kan
630 701 104 27 nemligen
757 701 47 21 icke
823 701 42 21 till-

115 734 164 22 fredsställande
298 735 95 28 betjenas
409 735 89 22 allenast
514 736 22 21 af
549 742 25 15 en
588 735 88 28 jernväg
691 736 48 21 med
755 735 109 28 slutpunkt

115 771 7 20 i
137 770 122 27 Jyväskylä,
275 771 123 26 hvarjemte,
414 771 27 26 pä
457 773 42 19 sätt
514 771 61 21 äfven
591 773 82 18 senaste
689 771 112 26 landtdags
809 770 56 27 jern-

113 805 138 26 vägsutskott
266 805 121 25 framhållit,
396 805 40 21 den
451 805 65 22 sedan
530 805 61 27 länge
601 805 124 26 ifrågasatta
736 805 130 22 kostsamma

113 839 173 27 kanaliseringen
309 839 23 22 af
353 839 91 22 nämnda
466 840 125 26 vattendrag
610 839 47 22 med
676 841 69 20 större
760 841 59 25 nytta
833 839 33 21 för

116 873 123 23 landsdelen
264 874 71 22 kunde
361 876 90 20 ersättas
473 881 75 21 genom
573 881 25 15 en
618 874 94 28 jernväg,
728 880 45 15 som
795 873 71 22 direkt

114 909 72 21 skulle
203 909 77 21 beröra
298 909 39 21 här
355 909 108 26 befintliga
484 909 62 27 sjöar.
577 910 64 20 Detta
657 908 128 22 sistnämnda
802 909 64 21 ända-

117 944 42 21 mål
175 943 42 21 kan
233 943 54 21 dock
303 944 80 26 vinnas,
399 944 92 21 förutom
506 950 75 21 genom
597 950 25 14 en
639 943 55 21 bana
709 942 47 22 från
769 940 97 24 'Suonen-

112 978 48 27 joki
182 977 33 22 till
237 977 76 28 Kuhjo,
335 978 77 27 jemväl
434 983 75 20 genom
532 977 218 28 Keuru—Jyväskylä
766 977 100 27 jernvägs

116 1012 138 27 förlängande
276 1012 32 21 till
327 1012 97 21 Suolahti
442 1012 35 20 vik
496 1011 23 22 af
536 1012 90 21 Keitele.
656 1011 109 22 Utskottet
780 1011 39 20 har
833 1011 33 20 för

116 1048 34 20 sin
173 1047 34 21 del
229 1046 69 21 funnit
321 1047 130 21 sistnämnda
473 1046 166 27 bansträckning
661 1045 89 27 erbjuda
772 1045 95 21 otvifvel-

116 1082 74 26 aktiga
205 1081 39 22 och
260 1081 132 26 väsendtliga
403 1081 93 21 fördelar
508 1081 88 20 framför
607 1081 39 20 den
658 1079 77 22 bibana
745 1079 33 21 till
788 1079 78 27 Kuhjo,

118 1123 45 14 som
179 1117 6 20 i
201 1116 40 21 den
257 1115 76 28 nädiga
347 1116 159 26 propositionen
521 1115 96 21 föresläs.

186 1150 40 21 Vid
246 1149 60 22 sidan
326 1149 23 22 af
367 1149 31 22 sin
417 1149 84 27 uppgift
516 1150 32 20 att
563 1149 34 20 vid
613 1149 70 26 Kuhjo
700 1147 39 22 och
755 1147 110 21 Kivisalmi

118 1184 111 27 uppsamla
248 1183 63 22 trafik
325 1183 48 22 frän
388 1183 83 22 Keitele
487 1183 40 21 och
541 1183 120 21 Konnevesi
677 1182 67 27 sjöars
759 1181 108 27 omnejder

116 1219 39 21 har
178 1219 103 21 bandelen
304 1217 229 28 Suonenjoki-Kuhjo
555 1217 46 21 icke
625 1217 64 26 något
711 1217 67 20 större
801 1215 67 21 lokalt

116 1253 133 21 trafikbehof
269 1254 32 20 att
322 1252 118 27 tillgodose,
464 1254 50 19 enär
538 1251 74 21 endast
631 1251 26 20 de
672 1249 94 22 centrala
781 1249 87 21 delarne

118 1287 22 22 af
157 1287 135 27 Rautalampi
310 1287 100 20 kommun
430 1287 84 20 komme
530 1287 31 20 att
575 1286 7 21 i
597 1285 76 21 sådant
688 1284 100 21 afseende
803 1283 65 28 draga

118 1324 60 25 nytta
200 1321 23 21 af
244 1322 74 20 banan.
351 1321 46 20 Den
420 1321 85 26 rörelse,
528 1326 45 15 som
594 1319 71 22 kunde
687 1319 90 21 tillföras
800 1318 69 21 denna

116 1356 89 27 jernväg
228 1355 46 22 från
296 1355 111 22 trakterna
429 1355 97 26 omkring
544 1354 132 21 sistnämnda
694 1353 37 20 två
749 1353 62 26 sjöar,
827 1351 40 26 får,

118 1390 67 26 enligt
200 1390 114 21 utskottets
330 1389 70 25 tanke,
416 1389 47 21 icke
479 1389 81 21 skattas
575 1387 133 27 synnerligen
723 1387 58 26 högt.
806 1385 63 22 Såväl

118 1423 97 26 sydöstra
231 1422 60 21 delen
307 1423 22 20 af
343 1422 88 25 Keitele,
448 1428 44 14 som
508 1421 119 21 Konnevesi
644 1419 103 27 omgifvas
758 1419 23 21 af
789 1418 81 27 ganska

187 1473 179 22 Jernvägsutskottets
379 1471 110 19 betänkande
501 1471 37 18 N:o
550 1471 17 18 2.
