1125 1764
358 143 30 23 U.
404 143 27 23 B.
448 157 26 3 —
489 145 74 28 Prop.
578 144 45 23 N:o
641 145 36 22 27.
836 146 25 20 31

138 214 44 19 icke
196 215 108 18 innefattar
319 213 93 20 tillåtelse
426 214 31 19 till
471 214 115 25 försäljning
597 215 20 18 af
627 215 62 25 något
700 215 54 25 slags
764 215 126 24 rusdrycker.

138 242 75 20 Sådant
233 242 65 20 blefve
312 243 22 24 ju
348 242 132 20 förhållandet
494 243 60 19 redan
568 243 42 19 ifall
625 249 24 14 en
665 243 61 19 sådan
741 243 38 24 lag,
794 249 44 14 som
852 243 39 20 den

138 271 20 19 af
175 271 106 19 ständerna
296 271 34 18 vid
346 271 53 19 1891
416 270 33 20 års
464 271 96 25 landtdag
574 271 109 25 godkända,
698 271 102 25 angående
815 271 76 26 försälj-

138 299 49 25 ning
201 299 21 19 af
236 299 40 25 vin,
290 299 65 19 blefve
370 299 97 25 gällande.

205 333 66 20 Jämte
287 333 33 19 det
333 333 34 25 jag
382 333 29 19 till
426 333 219 25 författningsförslaget
659 333 103 25 angående
773 333 117 26 försäljning

136 361 20 20 af
171 361 57 20 viner
243 362 36 19 och
295 367 83 19 svagare
392 361 122 26 rusdrycker
528 362 92 19 öfverfört
635 362 34 19 det
683 361 7 20 i
706 363 10 23 $
733 362 26 19 20
770 362 20 19 af
799 362 91 25 närings-

136 390 142 25 förordningen
299 389 98 26 ingående
413 390 89 20 förbudet
516 391 30 19 för
560 391 112 19 handlande
686 390 27 26 på
726 390 68 20 landet
809 392 29 17 att
853 391 37 19 för-

137 419 49 26 sälja
200 419 41 24 vin,
257 419 36 19 har
305 419 34 25 jag
353 419 31 20 för
399 419 135 25 tydlighetens
550 419 52 20 skull
617 419 69 25 tillagt,
702 421 29 17 att
745 419 115 26 försäljning
870 419 20 19 af

138 448 61 25 sagda
220 447 84 25 drycker
325 448 59 19 äfven
404 448 7 19 i
430 448 74 25 köping
518 450 23 17 är
555 447 109 26 förbjuden.
693 447 197 20 Ekonomiutskottet

137 476 34 19 vid
185 476 121 25 landtdagen
322 476 54 20 1891
393 478 58 24 säger
461 476 7 19 i
478 476 219 20 motionsbetänkandet
706 482 33 13 n:o
752 477 17 24 6,
780 478 29 18 att
819 476 72 25 »några

136 505 109 24 ändringar
258 505 7 19 i
280 505 25 19 de
319 505 153 25 bestämningar,
488 511 42 13 som
545 507 32 17 äro
593 505 90 25 gällande
698 505 29 19 för
741 505 88 19 handeln
844 505 46 19 med

137 539 82 19 svagare
234 533 122 25 rusdrycker
370 533 27 25 på
412 533 67 20 landet
494 534 37 19 och
546 534 7 19 i
566 533 79 26 köping,
661 533 42 20 icke
718 535 59 23 synts
793 539 47 14 vara
854 533 36 26 på-

136 561 95 20 kallade.»
246 562 46 19 Men
307 562 40 25 jag'
355 563 39 22 vet,
409 563 29 18 att
452 562 7 19 i
474 561 109 20 åtminston
593 568 38 13 een
641 562 74 25 köping
725 562 112 19 handlande
849 563 41 18 för-

137 591 39 19 sålt
197 590 58 20 viner
275 591 81 19 alldeles
377 590 39 20 lika
438 591 130 19 obehindradt
583 597 43 13 som
640 590 100 25 någonsin
754 590 112 19 handlande
882 590 8 19 i

138 619 97 20 städerna.

205 653 46 20 Med
267 653 43 20 stöd
325 653 20 20 af
359 653 35 19 det
409 653 58 20 ofvan
482 653 81 20 anförda
578 653 60 26 vågar
649 653 33 26 jag
693 653 103 20 vördsamt
806 652 85 23 anhålla,

136 683 30 18 att
188 681 115 25 Ständerna,
325 682 129 25 begagnande
477 683 31 24 sig
530 682 19 19 af
563 683 39 19 den
617 682 110 20 Ständerna
742 681 149 20 tillkommande

137 710 132 25 motionsrätt,
283 711 32 19 för
334 711 32 19 sin
380 711 32 20 del
427 710 46 20 ville
488 711 104 25 godkänna
607 711 85 24 följande
707 712 73 18 tvenne
795 710 95 19 motions-

137 739 82 25 förslag:

411 795 100 28 Förslag
533 795 40 22 till
595 794 148 28 förordning
765 793 125 29 angående

341 823 149 28 försäljning
517 824 46 21 och
584 823 168 26 utskänkning
773 822 28 22 af
819 823 71 21 viner

343 852 46 22 och
404 851 77 22 andra
496 858 98 22 svagare
609 852 157 27 rusdrycker.

205 932 46 20 Med
272 933 85 24 ändring
379 932 19 19 af
421 933 27 19 14
469 933 36 18 och
521 933 26 19 20
564 933 23 24 $$
603 932 7 19 i
624 931 140 26 förordningen
780 937 31 14 om
826 931 65 20 närin-

136 967 67 20 garne,
219 961 67 25 gifven
301 961 40 20 den
357 961 25 20 31
399 960 53 21 Mars
471 961 59 25 1879,
545 961 70 19 varder
630 961 102 24 stadgadt:

495 1035 45 25 18.

205 1086 37 19 Till
261 1086 84 25 drycker
362 1086 88 19 hörande
464 1086 64 19 under
544 1086 62 19 denna
621 1085 115 26 förordning
750 1086 77 24 räknas,
843 1087 45 18 med

136 1115 101 24 undantag
251 1115 20 19 af
285 1115 139 24 maltdrycker,
439 1121 31 12 om
485 1115 67 19 hvilka
563 1115 65 19 finnes
639 1115 92 19 särskildt
741 1115 98 24 stadgadt,
850 1115 38 19 alla

136 1143 154 26 alkoholhaltiga
312 1143 90 26 drycker,
423 1143 67 19 hvilka
512 1143 99 20 innehålla
631 1143 44 19 från
695 1143 38 19 och
747 1143 46 20 med
808 1143 34 19 två
857 1143 31 20 till

136 1173 37 18 och
188 1172 46 19 med
249 1172 92 25 tjugotvå
357 1172 153 25 volymprocent
524 1172 79 19 alkohol
618 1171 34 20 vid
666 1171 28 27 +
705 1172 26 19 15
745 1172 71 25 grader
824 1172 64 25 enligt

136 1201 60 20 Celsii
210 1202 132 18 termometer.

490 1270 10 18 2
513 1266 23 33 8.

204 1321 85 25 Behörig
304 1321 113 20 tillverkare
431 1321 20 19 af
466 1321 55 20 viner
536 1321 47 20 eller
596 1321 61 19 andra
673 1326 82 19 svagare
770 1321 118 24 rusdrycker

135 1356 46 13 vare
203 1349 110 26 berättigad
335 1351 29 18 att
385 1349 7 19 i
415 1349 44 20 stad
475 1350 73 19 sädana
563 1349 19 20 af
596 1355 50 19 egen
660 1349 128 25 tillverkning
802 1349 85 25 försälja,

135 1379 51 18 dock
205 1378 16 25 ej
242 1379 6 18 i
263 1379 77 18 mindre
355 1379 74 23 partier
442 1380 26 17 än
484 1378 96 25 tjugufem
595 1377 84 25 buteljer
693 1377 40 25 (hel
747 1377 57 25 korg)
820 1377 46 20 eller
880 1377 8 19 i

135 1406 43 19 kärl
192 1405 30 20 till
236 1406 73 25 belopp
324 1406 19 19 af
357 1405 63 20 minst
435 1406 98 24 tjugufem
548 1406 51 23 liter,
615 1405 22 19 sä
647 1406 60 18 framt
721 1405 114 19 tillverkare
845 1405 43 19 icke

135 1434 63 20 tillika
213 1434 106 19 förvärfvat
330 1434 31 24 sig
371 1433 61 20 sädan
442 1435 40 18 rätt
491 1433 30 20 till
531 1433 142 24 minuthandel,
684 1439 43 13 som
736 1433 6 19 i
754 1434 10 23 $
777 1433 11 19 3
799 1435 88 17 nämnes.

204 1472 182 19 Ekonomiutskottets
399 1471 111 18 betänkande
522 1473 37 16 N:o
571 1471 29 18 10.
