1103 1770
273 138 28 21 60
462 134 28 22 U.
505 134 27 21 B.
547 146 28 3 —
590 134 71 26 Prop.
677 133 40 22 N:o
733 132 35 22 24.

246 197 73 20 denna
334 192 52 21 linie
402 191 92 22 komma
512 192 7 20 i
538 190 133 27 åtnjutande
691 190 26 21 af
733 188 265 28 jernvägskommunika-

247 226 53 22 tion.
325 226 32 20 En
373 225 70 21 sädan
460 224 130 28 sträckning
606 224 26 22 af
644 225 75 20 banan
733 224 42 21 har
790 224 27 21 sä
830 223 94 27 mycket
934 228 64 16 mera

247 260 49 21 skäl
315 260 35 20 för
368 260 41 26 sig,
424 265 50 15 som
492 259 77 27 jorden
587 259 6 20 i
614 259 66 21 dessa
696 258 89 22 trakter
800 260 26 18 är
841 257 88 27 ganska
943 256 56 27 högt

246 294 123 21 beskattad
393 295 61 19 samt
476 293 131 27 jordbruket
630 292 64 22 säväl
716 292 30 27 pä
768 292 71 28 grund
857 292 72 26 häraf,
948 296 50 16 som

245 329 51 21 med
312 328 107 21 afseende
434 328 14 20 å
462 328 27 21 de
504 328 165 26 jemförelsevis
685 327 51 21 små
751 326 150 28 egovidderna
915 325 82 27 måste,

245 363 36 20 för
295 364 36 20 att
343 362 56 21 bära
410 362 40 26 sig,
465 361 113 23 bedrifvas
591 367 62 17 mera
664 362 112 21 intensivt
787 363 29 19 än
827 362 8 20 i
845 361 90 21 landets
950 360 47 21 inre

246 397 71 26 delar;
332 402 53 16 men
397 396 64 22 detta
476 398 26 19 är
517 396 88 27 möjligt
620 396 81 22 endast
716 396 72 21 under
799 395 166 27 förutsättning
975 394 26 21 af

245 430 211 22 tillfredsställande
464 430 227 21 kommunikationer.
714 430 140 21 Pästäendet
865 430 36 21 att
908 429 89 21 Vichtis

245 465 110 20 kommun
370 464 41 21 och
427 464 70 21 andra
512 464 144 27 närliggande
673 463 89 22 trakter
776 463 51 22 icke
842 463 74 21 kunde
928 463 71 21 hafva

245 499 69 26 nyttä
329 498 26 21 af
368 504 28 15 en
411 498 52 21 linie
479 498 34 21 till
525 498 110 27 Gerknäs,
648 500 25 19 är
684 498 49 21 icke
744 497 70 22 heller
826 497 86 27 riktigt.
936 497 62 22 Intet

244 533 91 22 hindrar
351 534 36 20 att
403 533 99 22 anordna
517 533 67 27 tägen
600 534 7 20 i
622 533 81 26 Hangö
722 533 75 20 banan
816 532 29 27 pä
863 534 35 19 ett
916 531 83 22 sädant

245 569 54 24 sätt,
308 569 36 20 att
355 566 69 22 äfven
436 567 68 21 dessa
514 567 101 22 trakters
627 567 139 21 trafikbehof
776 566 78 22 vinner
862 566 135 26 beaktande,

244 602 60 21 helst
319 601 118 22 afständet
452 601 50 21 frän
518 601 121 22 Nummela
653 602 65 21 öfver
734 601 104 22 Gerknäs
848 600 35 22 till
894 600 103 27 Helsing-

243 636 48 21 fors
309 636 76 22 blefvo
404 636 28 20 90
451 636 46 21 km.
516 638 61 20 emot
596 636 40 21 109
652 636 64 22 öfver
731 636 113 27 Hyvinge.
874 636 124 21 Dessutom

244 671 45 21 kan
309 670 98 22 trafiken
422 670 49 22 från
486 670 54 22 flere
556 670 25 21 af
594 677 30 15 nu
640 670 106 28 åsyftade
760 670 143 26 kornmuner,
919 670 76 21 såsom

243 706 106 20 Nummis
365 706 41 20 och
417 705 92 27 Pusula,
520 705 51 21 med
584 705 71 21 fördel
667 706 104 26 uppsöka
782 705 94 27 jernväg
887 704 37 22 vid
935 704 61 27 Lojo,

243 739 98 22 derifrån
360 739 116 22 afståndet
495 740 34 21 till
548 740 143 26 Helsingfors
709 740 76 22 blefve
805 740 80 21 endast
904 739 27 21 76
950 739 46 27 km,

243 774 54 22 eller
316 774 59 21 blott
390 774 28 20 28
433 774 39 21 km
488 774 76 27 längre
580 776 29 19 än
624 774 50 21 från
690 774 121 22 Nummela
826 774 87 21 direkte
929 773 65 21 öfver

242 808 141 27 Haapajärvi
397 808 42 21 och
453 808 75 22 Finns.

311 842 43 21 För
372 842 110 22 bandelen
500 842 97 22 emellan
616 842 80 28 Hangö
712 844 74 20 banan
802 842 42 22 och
858 836 50 28 Åbo
923 842 72 21 hafva

242 878 61 20 inom
321 877 118 21 utskottet
456 878 36 20 tre
510 877 60 22 olika
590 877 158 28 sträckningar
766 877 137 28 föreslagits,
919 876 76 22 nemli-

242 916 43 22 gen
307 911 51 21 från
381 911 83 22 Svartå
488 911 63 22 öfver
570 911 112 28 Karislojo
701 912 42 21 och
762 911 78 28 Kisko,
858 911 51 22 från
927 911 68 21 Karis

242 951 81 22 genom
342 945 54 28 Pojo
412 947 41 20 och
468 946 85 21 Koskis
569 949 61 19 samt
645 946 50 21 från
710 947 91 21 Ekenäs
815 952 81 21 genom
911 946 84 22 Tenala

241 980 42 22 och
302 980 92 27 Bjerno;
413 981 110 21 bandelen
542 974 132 28 Salo—Åbo
693 983 25 19 är
737 981 35 22 för
787 981 45 21 alla
846 981 67 22 dessa
929 981 64 21 alter-

241 1015 80 21 nativa
340 1015 158 27 sträckningar
512 1021 140 20 gemensam.
682 1015 54 22 Som
752 1016 52 21 stöd
820 1015 34 22 för
870 1016 42 21 den
927 1015 66 22 först-

241 1049 98 21 nämnda
354 1048 69 22 linien
438 1049 41 21 har
494 1049 96 27 anförts,
604 1051 36 20 att
656 1050 42 20 den
714 1051 25 19 är
754 1049 92 22 kortare
862 1049 41 21 och
919 1049 74 22 säker-

241 1083 59 27 ligen
318 1083 76 21 blefve
415 1083 100 27 billigare
534 1085 29 20 än
582 1083 75 28 någon
675 1084 26 21 af
716 1084 27 22 de
762 1084 78 27 öfriga,
860 1084 29 26 på
905 1089 89 16 samma

240 1117 59 27 gång
319 1117 42 22 den
380 1117 76 22 bättre
474 1118 130 27 tillgodoser
619 1119 27 21 de
661 1118 48 22 inre
724 1119 177 26 landsdelarnas,
917 1118 76 21 Karis-

240 1152 51 26 lojo,
309 1151 79 26 Kisko,
408 1152 169 26 Suomusjärvis
595 1158 30 16 m.
641 1152 21 21 fl.
678 1153 153 26 kommuners,
850 1152 143 22 trafikbehof.

240 1185 41 22 Till
301 1185 88 21 förmån
409 1186 34 20 för
464 1186 90 22 Ekenäs
576 1186 69 22 linien
666 1186 41 22 har
726 1186 49 23 åter
794 1186 144 27 framhållits,
957 1188 36 20 att

239 1220 44 22 den
304 1220 61 21 leder
386 1225 80 22 genom
490 1221 42 21 den
551 1220 157 22 välbefolkade
731 1221 82 27 Bjerno
832 1221 81 22 ådalen
931 1222 62 20 samt

239 1254 114 21 förkortar
383 1254 118 22 afståndet
530 1255 35 21 till
594 1254 81 28 Hangö
705 1256 51 21 med
785 1256 13 20 9
823 1256 53 26 km.,
904 1255 89 21 hvilket

239 1288 49 21 icke
318 1294 55 15 vore
402 1288 25 21 af
454 1289 64 26 ringa
546 1290 50 25 vigt
624 1290 35 20 för
684 1290 43 21 den
756 1291 64 20 stora
850 1290 143 26 smörexport

238 1320 49 21 från
310 1321 51 20 hela
384 1322 122 25 sydvestra
528 1322 100 26 Finland,
654 1322 91 21 hvilken
768 1323 92 20 komme
881 1324 36 19 att
938 1324 55 23 taga

239 1353 73 22 denna
326 1355 51 25 väg.
514 1371 5 5 a

284 1404 3 3 .
307 1387 136 23 Utskottets
458 1389 117 26 majoritet
592 1389 42 21 har
649 1390 125 22 emellertid
792 1390 76 23 funnit
886 1391 67 22 Karis
969 1391 22 20 li-

237 1422 52 22 nien
309 1422 93 27 erbjuda
420 1423 26 22 de
466 1425 88 21 största
573 1423 134 23 fördelarna.
739 1425 85 22 Svartå
840 1425 69 23 linien
928 1426 63 22 torde

307 1473 180 24 Jernvägsutskottets
500 1474 110 18 betänkande
622 1475 38 18 N:o
671 1475 17 18 2.
