<?xml version="1.0" encoding="UTF-8"?>
<alto xmlns="http://www.loc.gov/standards/alto/ns-v3#" xmlns:xlink="http://www.w3.org/1999/xlink" xmlns:xsi="http://www.w3.org/2001/XMLSchema-instance" xsi:schemaLocation="http://www.loc.gov/standards/alto/ns-v3# http://www.loc.gov/alto/v3/alto-3-0.xsd">
	<Description>
		<MeasurementUnit>pixel</MeasurementUnit>
		<sourceImageInformation>
			<fileName>/tmp/tess_3ovyxwng_input.PNG</fileName>
		</sourceImageInformation>
		<OCRProcessing ID="OCR_0">
			<ocrProcessingStep>
				<processingSoftware>
					<softwareName>tesseract 5.3.4</softwareName>
				</processingSoftware>
			</ocrProcessingStep>
		</OCRProcessing>
	</Description>
	<Layout>
		<Page WIDTH="1120" HEIGHT="1773" PHYSICAL_IMG_NR="0" ID="page_0">
			<PrintSpace HPOS="0" VPOS="0" WIDTH="1120" HEIGHT="1773">
				<ComposedBlock ID="cblock_0" HPOS="265" VPOS="137" WIDTH="25" HEIGHT="19">
					<TextBlock ID="block_0" HPOS="265" VPOS="137" WIDTH="25" HEIGHT="19">
						<TextLine ID="line_0" HPOS="265" VPOS="137" WIDTH="25" HEIGHT="19">
							<String ID="string_0" HPOS="265" VPOS="137" WIDTH="25" HEIGHT="19" WC="0.96" CONTENT="16"/>
						</TextLine>
					</TextBlock>
				</ComposedBlock>
				<ComposedBlock ID="cblock_1" HPOS="235" VPOS="201" WIDTH="746" HEIGHT="58">
					<TextBlock ID="block_1" HPOS="235" VPOS="201" WIDTH="746" HEIGHT="58">
						<TextLine ID="line_1" HPOS="304" VPOS="201" WIDTH="677" HEIGHT="29">
							<String ID="string_1" HPOS="304" VPOS="204" WIDTH="10" HEIGHT="20" WC="0.96" CONTENT="I"/><SP WIDTH="16" VPOS="204" HPOS="314"/>
							<String ID="string_2" HPOS="330" VPOS="203" WIDTH="112" HEIGHT="21" WC="0.96" CONTENT="enahanda"/><SP WIDTH="16" VPOS="203" HPOS="442"/>
							<String ID="string_3" HPOS="458" VPOS="204" WIDTH="90" HEIGHT="26" WC="0.96" CONTENT="ordning"/><SP WIDTH="19" VPOS="204" HPOS="548"/>
							<String ID="string_4" HPOS="567" VPOS="210" WIDTH="47" HEIGHT="14" WC="0.96" CONTENT="men"/><SP WIDTH="16" VPOS="210" HPOS="614"/>
							<String ID="string_5" HPOS="630" VPOS="202" WIDTH="101" HEIGHT="22" WC="0.96" CONTENT="särskildt"/><SP WIDTH="15" VPOS="202" HPOS="731"/>
							<String ID="string_6" HPOS="746" VPOS="202" WIDTH="32" HEIGHT="22" WC="0.96" CONTENT="för"/><SP WIDTH="16" VPOS="202" HPOS="778"/>
							<String ID="string_7" HPOS="794" VPOS="202" WIDTH="31" HEIGHT="26" WC="0.93" CONTENT="sig"/><SP WIDTH="15" VPOS="202" HPOS="825"/>
							<String ID="string_8" HPOS="840" VPOS="201" WIDTH="79" HEIGHT="21" WC="0.92" CONTENT="införes"/><SP WIDTH="16" VPOS="201" HPOS="919"/>
							<String ID="string_9" HPOS="935" VPOS="201" WIDTH="46" HEIGHT="21" WC="0.92" CONTENT="der-"/>
						</TextLine>
						<TextLine ID="line_2" HPOS="235" VPOS="236" WIDTH="625" HEIGHT="23">
							<String ID="string_10" HPOS="235" VPOS="237" WIDTH="54" HEIGHT="21" WC="0.96" CONTENT="efter"/><SP WIDTH="18" VPOS="237" HPOS="289"/>
							<String ID="string_11" HPOS="307" VPOS="238" WIDTH="3" HEIGHT="20" WC="0.96" CONTENT="i"/><SP WIDTH="17" VPOS="238" HPOS="310"/>
							<String ID="string_12" HPOS="327" VPOS="244" WIDTH="81" HEIGHT="14" WC="0.95" CONTENT="samma"/><SP WIDTH="14" VPOS="244" HPOS="408"/>
							<String ID="string_13" HPOS="422" VPOS="237" WIDTH="51" HEIGHT="21" WC="0.95" CONTENT="lista"/><SP WIDTH="15" VPOS="237" HPOS="473"/>
							<String ID="string_14" HPOS="488" VPOS="238" WIDTH="36" HEIGHT="20" WC="0.93" CONTENT="det"/><SP WIDTH="14" VPOS="238" HPOS="524"/>
							<String ID="string_15" HPOS="538" VPOS="237" WIDTH="114" HEIGHT="22" WC="0.91" CONTENT="faststälda"/><SP WIDTH="15" VPOS="237" HPOS="652"/>
							<String ID="string_16" HPOS="667" VPOS="236" WIDTH="193" HEIGHT="22" WC="0.90" CONTENT="tillskottsantalet."/>
						</TextLine>
					</TextBlock>
				</ComposedBlock>
				<ComposedBlock ID="cblock_2" HPOS="579" VPOS="324" WIDTH="61" HEIGHT="27">
					<TextBlock ID="block_2" HPOS="579" VPOS="324" WIDTH="61" HEIGHT="27">
						<TextLine ID="line_3" HPOS="579" VPOS="324" WIDTH="61" HEIGHT="27">
							<String ID="string_17" HPOS="579" VPOS="324" WIDTH="12" HEIGHT="27" WC="0.77" CONTENT="s"/><SP WIDTH="16" VPOS="324" HPOS="591"/>
							<String ID="string_18" HPOS="607" VPOS="324" WIDTH="33" HEIGHT="21" WC="0.90" CONTENT="23."/>
						</TextLine>
					</TextBlock>
				</ComposedBlock>
				<ComposedBlock ID="cblock_3" HPOS="234" VPOS="366" WIDTH="748" HEIGHT="134">
					<TextBlock ID="block_3" HPOS="234" VPOS="366" WIDTH="748" HEIGHT="134">
						<TextLine ID="line_4" HPOS="304" VPOS="366" WIDTH="678" HEIGHT="30">
							<String ID="string_19" HPOS="304" VPOS="369" WIDTH="62" HEIGHT="21" WC="0.92" CONTENT="Säväl"/><SP WIDTH="15" VPOS="369" HPOS="366"/>
							<String ID="string_20" HPOS="381" VPOS="368" WIDTH="259" HEIGHT="28" WC="0.92" CONTENT="utskrifningslängderna"/><SP WIDTH="19" VPOS="368" HPOS="640"/>
							<String ID="string_21" HPOS="659" VPOS="374" WIDTH="45" HEIGHT="16" WC="0.93" CONTENT="som"/><SP WIDTH="14" VPOS="374" HPOS="704"/>
							<String ID="string_22" HPOS="718" VPOS="368" WIDTH="134" HEIGHT="22" WC="0.87" CONTENT="lottlistorna"/><SP WIDTH="15" VPOS="368" HPOS="852"/>
							<String ID="string_23" HPOS="867" VPOS="366" WIDTH="61" HEIGHT="22" WC="0.93" CONTENT="skola"/><SP WIDTH="15" VPOS="366" HPOS="928"/>
							<String ID="string_24" HPOS="943" VPOS="372" WIDTH="39" HEIGHT="16" WC="0.92" CONTENT="un-"/>
						</TextLine>
						<TextLine ID="line_5" HPOS="236" VPOS="401" WIDTH="746" HEIGHT="29">
							<String ID="string_25" HPOS="236" VPOS="403" WIDTH="129" HEIGHT="22" WC="0.92" CONTENT="derskrifvas"/><SP WIDTH="23" VPOS="403" HPOS="365"/>
							<String ID="string_26" HPOS="388" VPOS="403" WIDTH="23" HEIGHT="21" WC="0.93" CONTENT="af"/><SP WIDTH="20" VPOS="403" HPOS="411"/>
							<String ID="string_27" HPOS="431" VPOS="403" WIDTH="235" HEIGHT="27" WC="0.81" CONTENT="besigtningsnämdens"/><SP WIDTH="23" VPOS="403" HPOS="666"/>
							<String ID="string_28" HPOS="689" VPOS="402" WIDTH="128" HEIGHT="22" WC="0.96" CONTENT="ordförande"/><SP WIDTH="19" VPOS="402" HPOS="817"/>
							<String ID="string_29" HPOS="836" VPOS="402" WIDTH="39" HEIGHT="21" WC="0.93" CONTENT="och"/><SP WIDTH="14" VPOS="402" HPOS="875"/>
							<String ID="string_30" HPOS="889" VPOS="401" WIDTH="93" HEIGHT="21" WC="0.92" CONTENT="ledamö-"/>
						</TextLine>
						<TextLine ID="line_6" HPOS="234" VPOS="435" WIDTH="748" HEIGHT="29">
							<String ID="string_31" HPOS="234" VPOS="439" WIDTH="34" HEIGHT="20" WC="0.94" CONTENT="ter"/><SP WIDTH="22" VPOS="439" HPOS="268"/>
							<String ID="string_32" HPOS="290" VPOS="439" WIDTH="55" HEIGHT="20" WC="0.94" CONTENT="samt"/><SP WIDTH="15" VPOS="439" HPOS="345"/>
							<String ID="string_33" HPOS="360" VPOS="444" WIDTH="76" HEIGHT="20" WC="0.91" CONTENT="genom"/><SP WIDTH="17" VPOS="444" HPOS="436"/>
							<String ID="string_34" HPOS="453" VPOS="437" WIDTH="153" HEIGHT="22" WC="0.91" CONTENT="ordförandens"/><SP WIDTH="15" VPOS="437" HPOS="606"/>
							<String ID="string_35" HPOS="621" VPOS="437" WIDTH="83" HEIGHT="27" WC="0.96" CONTENT="försorg"/><SP WIDTH="15" VPOS="437" HPOS="704"/>
							<String ID="string_36" HPOS="719" VPOS="437" WIDTH="35" HEIGHT="21" WC="0.93" CONTENT="vid"/><SP WIDTH="16" VPOS="437" HPOS="754"/>
							<String ID="string_37" HPOS="770" VPOS="435" WIDTH="212" HEIGHT="28" WC="0.92" CONTENT="utskrifningstillfäl-"/>
						</TextLine>
						<TextLine ID="line_7" HPOS="234" VPOS="472" WIDTH="471" HEIGHT="28">
							<String ID="string_38" HPOS="234" VPOS="472" WIDTH="30" HEIGHT="22" WC="0.91" CONTENT="let"/><SP WIDTH="15" VPOS="472" HPOS="264"/>
							<String ID="string_39" HPOS="279" VPOS="472" WIDTH="172" HEIGHT="22" WC="0.91" CONTENT="tillhandahällas"/><SP WIDTH="15" VPOS="472" HPOS="451"/>
							<String ID="string_40" HPOS="466" VPOS="472" WIDTH="239" HEIGHT="28" WC="0.90" CONTENT="utskrifningsnämden."/>
						</TextLine>
					</TextBlock>
				</ComposedBlock>
				<ComposedBlock ID="cblock_4" HPOS="581" VPOS="558" WIDTH="61" HEIGHT="28">
					<TextBlock ID="block_4" HPOS="581" VPOS="558" WIDTH="61" HEIGHT="28">
						<TextLine ID="line_8" HPOS="581" VPOS="558" WIDTH="61" HEIGHT="28">
							<String ID="string_41" HPOS="581" VPOS="558" WIDTH="12" HEIGHT="28" WC="0.54" CONTENT="8"/><SP WIDTH="16" VPOS="558" HPOS="593"/>
							<String ID="string_42" HPOS="609" VPOS="559" WIDTH="33" HEIGHT="21" WC="0.88" CONTENT="24."/>
						</TextLine>
					</TextBlock>
				</ComposedBlock>
				<ComposedBlock ID="cblock_5" HPOS="234" VPOS="602" WIDTH="750" HEIGHT="305">
					<TextBlock ID="block_5" HPOS="235" VPOS="602" WIDTH="748" HEIGHT="98">
						<TextLine ID="line_9" HPOS="303" VPOS="602" WIDTH="680" HEIGHT="29">
							<String ID="string_43" HPOS="303" VPOS="604" WIDTH="32" HEIGHT="21" WC="0.93" CONTENT="De"/><SP WIDTH="22" VPOS="604" HPOS="335"/>
							<String ID="string_44" HPOS="357" VPOS="604" WIDTH="81" HEIGHT="26" WC="0.91" CONTENT="hästar,"/><SP WIDTH="16" VPOS="604" HPOS="438"/>
							<String ID="string_45" HPOS="454" VPOS="610" WIDTH="45" HEIGHT="16" WC="0.96" CONTENT="som"/><SP WIDTH="15" VPOS="610" HPOS="499"/>
							<String ID="string_46" HPOS="514" VPOS="604" WIDTH="29" HEIGHT="27" WC="0.96" CONTENT="pä"/><SP WIDTH="14" VPOS="604" HPOS="543"/>
							<String ID="string_47" HPOS="557" VPOS="604" WIDTH="70" HEIGHT="27" WC="0.95" CONTENT="grund"/><SP WIDTH="15" VPOS="604" HPOS="627"/>
							<String ID="string_48" HPOS="642" VPOS="603" WIDTH="24" HEIGHT="21" WC="0.93" CONTENT="af"/><SP WIDTH="12" VPOS="603" HPOS="666"/>
							<String ID="string_49" HPOS="678" VPOS="603" WIDTH="121" HEIGHT="27" WC="0.92" CONTENT="lottningen"/><SP WIDTH="16" VPOS="603" HPOS="799"/>
							<String ID="string_50" HPOS="815" VPOS="602" WIDTH="105" HEIGHT="22" WC="0.92" CONTENT="frikallats"/><SP WIDTH="15" VPOS="602" HPOS="920"/>
							<String ID="string_51" HPOS="935" VPOS="602" WIDTH="48" HEIGHT="21" WC="0.93" CONTENT="frän"/>
						</TextLine>
						<TextLine ID="line_10" HPOS="235" VPOS="637" WIDTH="748" HEIGHT="29">
							<String ID="string_52" HPOS="235" VPOS="638" WIDTH="136" HEIGHT="28" WC="0.92" CONTENT="utskrifning,"/><SP WIDTH="17" VPOS="638" HPOS="371"/>
							<String ID="string_53" HPOS="388" VPOS="638" WIDTH="149" HEIGHT="22" WC="0.92" CONTENT="hemförlofvas"/><SP WIDTH="16" VPOS="638" HPOS="537"/>
							<String ID="string_54" HPOS="553" VPOS="638" WIDTH="131" HEIGHT="22" WC="0.91" CONTENT="omedelbart"/><SP WIDTH="16" VPOS="638" HPOS="684"/>
							<String ID="string_55" HPOS="700" VPOS="638" WIDTH="53" HEIGHT="21" WC="0.92" CONTENT="efter"/><SP WIDTH="15" VPOS="638" HPOS="753"/>
							<String ID="string_56" HPOS="768" VPOS="638" WIDTH="149" HEIGHT="27" WC="0.91" CONTENT="försiggängen"/><SP WIDTH="15" VPOS="638" HPOS="917"/>
							<String ID="string_57" HPOS="932" VPOS="637" WIDTH="51" HEIGHT="21" WC="0.92" CONTENT="lott-"/>
						</TextLine>
						<TextLine ID="line_11" HPOS="236" VPOS="679" WIDTH="57" HEIGHT="21">
							<String ID="string_58" HPOS="236" VPOS="679" WIDTH="57" HEIGHT="21" WC="0.96" CONTENT="ning."/>
						</TextLine>
					</TextBlock>
					<TextBlock ID="block_6" HPOS="234" VPOS="705" WIDTH="750" HEIGHT="202">
						<TextLine ID="line_12" HPOS="303" VPOS="705" WIDTH="680" HEIGHT="29">
							<String ID="string_59" HPOS="303" VPOS="707" WIDTH="64" HEIGHT="21" WC="0.96" CONTENT="Skola"/><SP WIDTH="15" VPOS="707" HPOS="367"/>
							<String ID="string_60" HPOS="382" VPOS="708" WIDTH="26" HEIGHT="20" WC="0.93" CONTENT="de"/><SP WIDTH="15" VPOS="708" HPOS="408"/>
							<String ID="string_61" HPOS="423" VPOS="707" WIDTH="80" HEIGHT="26" WC="0.96" CONTENT="hästar,"/><SP WIDTH="16" VPOS="707" HPOS="503"/>
							<String ID="string_62" HPOS="519" VPOS="707" WIDTH="71" HEIGHT="22" WC="0.96" CONTENT="hvilka"/><SP WIDTH="18" VPOS="707" HPOS="590"/>
							<String ID="string_63" HPOS="608" VPOS="707" WIDTH="68" HEIGHT="21" WC="0.96" CONTENT="blifvit"/><SP WIDTH="15" VPOS="707" HPOS="676"/>
							<String ID="string_64" HPOS="691" VPOS="708" WIDTH="92" HEIGHT="26" WC="0.96" CONTENT="uttagna"/><SP WIDTH="15" VPOS="708" HPOS="783"/>
							<String ID="string_65" HPOS="798" VPOS="706" WIDTH="33" HEIGHT="21" WC="0.93" CONTENT="för"/><SP WIDTH="15" VPOS="706" HPOS="831"/>
							<String ID="string_66" HPOS="846" VPOS="705" WIDTH="137" HEIGHT="27" WC="0.93" CONTENT="utskrifning,"/>
						</TextLine>
						<TextLine ID="line_13" HPOS="235" VPOS="741" WIDTH="748" HEIGHT="27">
							<String ID="string_67" HPOS="235" VPOS="742" WIDTH="45" HEIGHT="21" WC="0.96" CONTENT="icke"/><SP WIDTH="16" VPOS="742" HPOS="280"/>
							<String ID="string_68" HPOS="296" VPOS="742" WIDTH="132" HEIGHT="21" WC="0.96" CONTENT="omedelbart"/><SP WIDTH="15" VPOS="742" HPOS="428"/>
							<String ID="string_69" HPOS="443" VPOS="741" WIDTH="58" HEIGHT="22" WC="0.96" CONTENT="föras"/><SP WIDTH="15" VPOS="741" HPOS="501"/>
							<String ID="string_70" HPOS="516" VPOS="741" WIDTH="32" HEIGHT="21" WC="0.93" CONTENT="till"/><SP WIDTH="19" VPOS="741" HPOS="548"/>
							<String ID="string_71" HPOS="567" VPOS="741" WIDTH="221" HEIGHT="27" WC="0.92" CONTENT="utskrifningsstället,"/><SP WIDTH="15" VPOS="741" HPOS="788"/>
							<String ID="string_72" HPOS="803" VPOS="741" WIDTH="75" HEIGHT="21" WC="0.93" CONTENT="kunna"/><SP WIDTH="15" VPOS="741" HPOS="878"/>
							<String ID="string_73" HPOS="893" VPOS="746" WIDTH="90" HEIGHT="22" WC="0.89" CONTENT="egarene"/>
						</TextLine>
						<TextLine ID="line_14" HPOS="234" VPOS="775" WIDTH="750" HEIGHT="28">
							<String ID="string_74" HPOS="234" VPOS="777" WIDTH="81" HEIGHT="21" WC="0.96" CONTENT="tillåtas"/><SP WIDTH="23" VPOS="777" HPOS="315"/>
							<String ID="string_75" HPOS="338" VPOS="779" WIDTH="32" HEIGHT="19" WC="0.96" CONTENT="att"/><SP WIDTH="22" VPOS="779" HPOS="370"/>
							<String ID="string_76" HPOS="392" VPOS="777" WIDTH="69" HEIGHT="21" WC="0.96" CONTENT="under"/><SP WIDTH="23" VPOS="777" HPOS="461"/>
							<String ID="string_77" HPOS="484" VPOS="777" WIDTH="58" HEIGHT="21" WC="0.92" CONTENT="tiden"/><SP WIDTH="23" VPOS="777" HPOS="542"/>
							<String ID="string_78" HPOS="565" VPOS="776" WIDTH="168" HEIGHT="27" WC="0.92" CONTENT="omhändertaga"/><SP WIDTH="23" VPOS="776" HPOS="733"/>
							<String ID="string_79" HPOS="756" VPOS="776" WIDTH="53" HEIGHT="26" WC="0.95" CONTENT="dem,"/><SP WIDTH="16" VPOS="776" HPOS="809"/>
							<String ID="string_80" HPOS="825" VPOS="782" WIDTH="48" HEIGHT="14" WC="0.96" CONTENT="men"/><SP WIDTH="16" VPOS="782" HPOS="873"/>
							<String ID="string_81" HPOS="889" VPOS="775" WIDTH="53" HEIGHT="21" WC="0.96" CONTENT="böra"/><SP WIDTH="16" VPOS="775" HPOS="942"/>
							<String ID="string_82" HPOS="958" VPOS="775" WIDTH="26" HEIGHT="21" WC="0.95" CONTENT="de"/>
						</TextLine>
						<TextLine ID="line_15" HPOS="235" VPOS="809" WIDTH="748" HEIGHT="29">
							<String ID="string_83" HPOS="235" VPOS="811" WIDTH="73" HEIGHT="21" WC="0.91" CONTENT="dervid"/><SP WIDTH="15" VPOS="811" HPOS="308"/>
							<String ID="string_84" HPOS="323" VPOS="811" WIDTH="144" HEIGHT="27" WC="0.91" CONTENT="förständigas"/><SP WIDTH="16" VPOS="811" HPOS="467"/>
							<String ID="string_85" HPOS="483" VPOS="812" WIDTH="33" HEIGHT="20" WC="0.93" CONTENT="att"/><SP WIDTH="15" VPOS="812" HPOS="516"/>
							<String ID="string_86" HPOS="531" VPOS="811" WIDTH="139" HEIGHT="27" WC="0.93" CONTENT="ovilkorligen"/><SP WIDTH="15" VPOS="811" HPOS="670"/>
							<String ID="string_87" HPOS="685" VPOS="810" WIDTH="63" HEIGHT="22" WC="0.96" CONTENT="hafva"/><SP WIDTH="15" VPOS="810" HPOS="748"/>
							<String ID="string_88" HPOS="763" VPOS="810" WIDTH="104" HEIGHT="22" WC="0.93" CONTENT="hästarna"/><SP WIDTH="11" VPOS="810" HPOS="867"/>
							<String ID="string_89" HPOS="878" VPOS="809" WIDTH="105" HEIGHT="22" WC="0.92" CONTENT="tillstädes"/>
						</TextLine>
						<TextLine ID="line_16" HPOS="234" VPOS="842" WIDTH="750" HEIGHT="30">
							<String ID="string_90" HPOS="234" VPOS="846" WIDTH="29" HEIGHT="26" WC="0.93" CONTENT="på"/><SP WIDTH="15" VPOS="846" HPOS="263"/>
							<String ID="string_91" HPOS="278" VPOS="845" WIDTH="186" HEIGHT="27" WC="0.91" CONTENT="samlingsplatsen"/><SP WIDTH="16" VPOS="845" HPOS="464"/>
							<String ID="string_92" HPOS="480" VPOS="846" WIDTH="13" HEIGHT="20" WC="0.93" CONTENT="å"/><SP WIDTH="15" VPOS="846" HPOS="493"/>
							<String ID="string_93" HPOS="508" VPOS="845" WIDTH="40" HEIGHT="21" WC="0.96" CONTENT="den"/><SP WIDTH="16" VPOS="845" HPOS="548"/>
							<String ID="string_94" HPOS="564" VPOS="845" WIDTH="33" HEIGHT="21" WC="0.96" CONTENT="för"/><SP WIDTH="11" VPOS="845" HPOS="597"/>
							<String ID="string_95" HPOS="608" VPOS="846" WIDTH="114" HEIGHT="20" WC="0.93" CONTENT="hästarnas"/><SP WIDTH="12" VPOS="846" HPOS="722"/>
							<String ID="string_96" HPOS="734" VPOS="844" WIDTH="109" HEIGHT="22" WC="0.92" CONTENT="afförande"/><SP WIDTH="10" VPOS="844" HPOS="843"/>
							<String ID="string_97" HPOS="853" VPOS="844" WIDTH="32" HEIGHT="21" WC="0.93" CONTENT="till"/><SP WIDTH="11" VPOS="844" HPOS="885"/>
							<String ID="string_98" HPOS="896" VPOS="842" WIDTH="88" HEIGHT="23" WC="0.92" CONTENT="utskrif-"/>
						</TextLine>
						<TextLine ID="line_17" HPOS="234" VPOS="880" WIDTH="288" HEIGHT="27">
							<String ID="string_99" HPOS="234" VPOS="880" WIDTH="136" HEIGHT="27" WC="0.92" CONTENT="ningsstället"/><SP WIDTH="15" VPOS="880" HPOS="370"/>
							<String ID="string_100" HPOS="385" VPOS="881" WIDTH="85" HEIGHT="21" WC="0.96" CONTENT="utsatta"/><SP WIDTH="14" VPOS="881" HPOS="470"/>
							<String ID="string_101" HPOS="484" VPOS="880" WIDTH="38" HEIGHT="22" WC="0.95" CONTENT="tid."/>
						</TextLine>
					</TextBlock>
				</ComposedBlock>
				<ComposedBlock ID="cblock_6" HPOS="234" VPOS="955" WIDTH="751" HEIGHT="517">
					<TextBlock ID="block_7" HPOS="580" VPOS="955" WIDTH="62" HEIGHT="28">
						<TextLine ID="line_18" HPOS="580" VPOS="955" WIDTH="62" HEIGHT="28">
							<String ID="string_102" HPOS="580" VPOS="955" WIDTH="13" HEIGHT="28" WC="0.73" CONTENT="8"/><SP WIDTH="16" VPOS="955" HPOS="593"/>
							<String ID="string_103" HPOS="609" VPOS="955" WIDTH="33" HEIGHT="20" WC="0.95" CONTENT="25."/>
						</TextLine>
					</TextBlock>
					<TextBlock ID="block_8" HPOS="235" VPOS="999" WIDTH="749" HEIGHT="62">
						<TextLine ID="line_19" HPOS="303" VPOS="999" WIDTH="681" HEIGHT="28">
							<String ID="string_104" HPOS="303" VPOS="1001" WIDTH="103" HEIGHT="20" WC="0.96" CONTENT="Förutom"/><SP WIDTH="23" VPOS="1001" HPOS="406"/>
							<String ID="string_105" HPOS="429" VPOS="1000" WIDTH="55" HEIGHT="21" WC="0.95" CONTENT="hvad"/><SP WIDTH="23" VPOS="1000" HPOS="484"/>
							<String ID="string_106" HPOS="507" VPOS="999" WIDTH="62" HEIGHT="22" WC="0.93" CONTENT="ofvan"/><SP WIDTH="24" VPOS="999" HPOS="569"/>
							<String ID="string_107" HPOS="593" VPOS="1000" WIDTH="97" HEIGHT="27" WC="0.93" CONTENT="stadgats"/><SP WIDTH="22" VPOS="1000" HPOS="690"/>
							<String ID="string_108" HPOS="712" VPOS="999" WIDTH="111" HEIGHT="28" WC="0.91" CONTENT="angående"/><SP WIDTH="19" VPOS="999" HPOS="823"/>
							<String ID="string_109" HPOS="842" VPOS="999" WIDTH="142" HEIGHT="26" WC="0.91" CONTENT="besigtnings-"/>
						</TextLine>
						<TextLine ID="line_20" HPOS="235" VPOS="1033" WIDTH="747" HEIGHT="28">
							<String ID="string_110" HPOS="235" VPOS="1035" WIDTH="103" HEIGHT="21" WC="0.92" CONTENT="nämdens"/><SP WIDTH="16" VPOS="1035" HPOS="338"/>
							<String ID="string_111" HPOS="354" VPOS="1035" WIDTH="144" HEIGHT="26" WC="0.96" CONTENT="skyldigheter"/><SP WIDTH="11" VPOS="1035" HPOS="498"/>
							<String ID="string_112" HPOS="509" VPOS="1034" WIDTH="79" HEIGHT="27" WC="0.96" CONTENT="åligger"/><SP WIDTH="11" VPOS="1034" HPOS="588"/>
							<String ID="string_113" HPOS="599" VPOS="1034" WIDTH="142" HEIGHT="21" WC="0.96" CONTENT="ordföranden"/><SP WIDTH="11" VPOS="1034" HPOS="741"/>
							<String ID="string_114" HPOS="752" VPOS="1034" WIDTH="7" HEIGHT="21" WC="0.92" CONTENT="i"/><SP WIDTH="11" VPOS="1034" HPOS="759"/>
							<String ID="string_115" HPOS="770" VPOS="1033" WIDTH="91" HEIGHT="22" WC="0.91" CONTENT="nämden"/><SP WIDTH="11" VPOS="1033" HPOS="861"/>
							<String ID="string_116" HPOS="872" VPOS="1033" WIDTH="110" HEIGHT="22" WC="0.96" CONTENT="särskildt:"/>
						</TextLine>
					</TextBlock>
					<TextBlock ID="block_9" HPOS="234" VPOS="1068" WIDTH="750" HEIGHT="200">
						<TextLine ID="line_21" HPOS="304" VPOS="1068" WIDTH="680" HEIGHT="28">
							<String ID="string_117" HPOS="304" VPOS="1071" WIDTH="32" HEIGHT="20" WC="0.96" CONTENT="att"/><SP WIDTH="24" VPOS="1071" HPOS="336"/>
							<String ID="string_118" HPOS="360" VPOS="1069" WIDTH="143" HEIGHT="27" WC="0.96" CONTENT="omsorgsfullt"/><SP WIDTH="22" VPOS="1069" HPOS="503"/>
							<String ID="string_119" HPOS="525" VPOS="1069" WIDTH="67" HEIGHT="21" WC="0.96" CONTENT="vårda"/><SP WIDTH="15" VPOS="1069" HPOS="592"/>
							<String ID="string_120" HPOS="607" VPOS="1069" WIDTH="32" HEIGHT="21" WC="0.96" CONTENT="till"/><SP WIDTH="14" VPOS="1069" HPOS="639"/>
							<String ID="string_121" HPOS="653" VPOS="1069" WIDTH="78" HEIGHT="21" WC="0.93" CONTENT="honom"/><SP WIDTH="16" VPOS="1069" HPOS="731"/>
							<String ID="string_122" HPOS="747" VPOS="1068" WIDTH="162" HEIGHT="26" WC="0.91" CONTENT="öfverlemnade,"/><SP WIDTH="16" VPOS="1068" HPOS="909"/>
							<String ID="string_123" HPOS="925" VPOS="1068" WIDTH="59" HEIGHT="21" WC="0.92" CONTENT="häst-"/>
						</TextLine>
						<TextLine ID="line_22" HPOS="234" VPOS="1102" WIDTH="749" HEIGHT="28">
							<String ID="string_124" HPOS="234" VPOS="1103" WIDTH="158" HEIGHT="27" WC="0.88" CONTENT="utskrifningen"/><SP WIDTH="24" VPOS="1103" HPOS="392"/>
							<String ID="string_125" HPOS="416" VPOS="1103" WIDTH="93" HEIGHT="21" WC="0.96" CONTENT="rörande"/><SP WIDTH="21" VPOS="1103" HPOS="509"/>
							<String ID="string_126" HPOS="530" VPOS="1103" WIDTH="134" HEIGHT="27" WC="0.93" CONTENT="handlingar,"/><SP WIDTH="23" VPOS="1103" HPOS="664"/>
							<String ID="string_127" HPOS="687" VPOS="1103" WIDTH="113" HEIGHT="21" WC="0.91" CONTENT="lottsedlar"/><SP WIDTH="15" VPOS="1103" HPOS="800"/>
							<String ID="string_128" HPOS="815" VPOS="1102" WIDTH="38" HEIGHT="22" WC="0.93" CONTENT="och"/><SP WIDTH="15" VPOS="1102" HPOS="853"/>
							<String ID="string_129" HPOS="868" VPOS="1102" WIDTH="115" HEIGHT="26" WC="0.92" CONTENT="hästmått;"/>
						</TextLine>
						<TextLine ID="line_23" HPOS="235" VPOS="1136" WIDTH="749" HEIGHT="28">
							<String ID="string_130" HPOS="235" VPOS="1138" WIDTH="25" HEIGHT="21" WC="0.96" CONTENT="de"/><SP WIDTH="24" VPOS="1138" HPOS="260"/>
							<String ID="string_131" HPOS="284" VPOS="1138" WIDTH="133" HEIGHT="21" WC="0.96" CONTENT="sistnämnda"/><SP WIDTH="23" VPOS="1138" HPOS="417"/>
							<String ID="string_132" HPOS="440" VPOS="1138" WIDTH="59" HEIGHT="21" WC="0.96" CONTENT="skola"/><SP WIDTH="22" VPOS="1138" HPOS="499"/>
							<String ID="string_133" HPOS="521" VPOS="1137" WIDTH="23" HEIGHT="21" WC="0.96" CONTENT="af"/><SP WIDTH="21" VPOS="1137" HPOS="544"/>
							<String ID="string_134" HPOS="565" VPOS="1137" WIDTH="142" HEIGHT="21" WC="0.95" CONTENT="ordföranden"/><SP WIDTH="23" VPOS="1137" HPOS="707"/>
							<String ID="string_135" HPOS="730" VPOS="1137" WIDTH="7" HEIGHT="21" WC="0.93" CONTENT="i"/><SP WIDTH="22" VPOS="1137" HPOS="737"/>
							<String ID="string_136" HPOS="759" VPOS="1136" WIDTH="225" HEIGHT="28" WC="0.91" CONTENT="besigtningsnämden"/>
						</TextLine>
						<TextLine ID="line_24" HPOS="235" VPOS="1171" WIDTH="749" HEIGHT="27">
							<String ID="string_137" HPOS="235" VPOS="1172" WIDTH="58" HEIGHT="21" WC="0.96" CONTENT="inom"/><SP WIDTH="15" VPOS="1172" HPOS="293"/>
							<String ID="string_138" HPOS="308" VPOS="1172" WIDTH="36" HEIGHT="21" WC="0.93" CONTENT="det"/><SP WIDTH="14" VPOS="1172" HPOS="344"/>
							<String ID="string_139" HPOS="358" VPOS="1172" WIDTH="199" HEIGHT="26" WC="0.91" CONTENT="lottningsområde,"/><SP WIDTH="17" VPOS="1172" HPOS="557"/>
							<String ID="string_140" HPOS="574" VPOS="1172" WIDTH="37" HEIGHT="21" WC="0.93" CONTENT="der"/><SP WIDTH="19" VPOS="1172" HPOS="611"/>
							<String ID="string_141" HPOS="630" VPOS="1171" WIDTH="232" HEIGHT="27" WC="0.91" CONTENT="utskrifningsnämden"/><SP WIDTH="17" VPOS="1171" HPOS="862"/>
							<String ID="string_142" HPOS="879" VPOS="1177" WIDTH="105" HEIGHT="15" WC="0.91" CONTENT="samman-"/>
						</TextLine>
						<TextLine ID="line_25" HPOS="234" VPOS="1204" WIDTH="750" HEIGHT="29">
							<String ID="string_143" HPOS="234" VPOS="1206" WIDTH="81" HEIGHT="27" WC="0.96" CONTENT="träder,"/><SP WIDTH="24" VPOS="1206" HPOS="315"/>
							<String ID="string_144" HPOS="339" VPOS="1206" WIDTH="35" HEIGHT="22" WC="0.93" CONTENT="vid"/><SP WIDTH="23" VPOS="1206" HPOS="374"/>
							<String ID="string_145" HPOS="397" VPOS="1205" WIDTH="234" HEIGHT="28" WC="0.92" CONTENT="utskrifningstillfället"/><SP WIDTH="23" VPOS="1205" HPOS="631"/>
							<String ID="string_146" HPOS="654" VPOS="1205" WIDTH="74" HEIGHT="22" WC="0.96" CONTENT="ställas"/><SP WIDTH="22" VPOS="1205" HPOS="728"/>
							<String ID="string_147" HPOS="750" VPOS="1206" WIDTH="32" HEIGHT="21" WC="0.93" CONTENT="till"/><SP WIDTH="20" VPOS="1206" HPOS="782"/>
							<String ID="string_148" HPOS="802" VPOS="1205" WIDTH="102" HEIGHT="22" WC="0.92" CONTENT="nämdens"/><SP WIDTH="15" VPOS="1205" HPOS="904"/>
							<String ID="string_149" HPOS="919" VPOS="1204" WIDTH="65" HEIGHT="22" WC="0.92" CONTENT="förfo-"/>
						</TextLine>
						<TextLine ID="line_26" HPOS="235" VPOS="1241" WIDTH="80" HEIGHT="27">
							<String ID="string_150" HPOS="235" VPOS="1241" WIDTH="80" HEIGHT="27" WC="0.89" CONTENT="gande;"/>
						</TextLine>
					</TextBlock>
					<TextBlock ID="block_10" HPOS="234" VPOS="1273" WIDTH="750" HEIGHT="95">
						<TextLine ID="line_27" HPOS="305" VPOS="1273" WIDTH="679" HEIGHT="29">
							<String ID="string_151" HPOS="305" VPOS="1276" WIDTH="32" HEIGHT="20" WC="0.96" CONTENT="att"/><SP WIDTH="23" VPOS="1276" HPOS="337"/>
							<String ID="string_152" HPOS="360" VPOS="1274" WIDTH="80" HEIGHT="28" WC="0.96" CONTENT="årligen"/><SP WIDTH="24" VPOS="1274" HPOS="440"/>
							<String ID="string_153" HPOS="464" VPOS="1275" WIDTH="65" HEIGHT="21" WC="0.96" CONTENT="innan"/><SP WIDTH="23" VPOS="1275" HPOS="529"/>
							<String ID="string_154" HPOS="552" VPOS="1275" WIDTH="108" HEIGHT="27" WC="0.96" CONTENT="utgången"/><SP WIDTH="24" VPOS="1275" HPOS="660"/>
							<String ID="string_155" HPOS="684" VPOS="1274" WIDTH="22" HEIGHT="21" WC="0.96" CONTENT="af"/><SP WIDTH="14" VPOS="1274" HPOS="706"/>
							<String ID="string_156" HPOS="720" VPOS="1273" WIDTH="124" HEIGHT="28" WC="0.93" CONTENT="September"/><SP WIDTH="15" VPOS="1273" HPOS="844"/>
							<String ID="string_157" HPOS="859" VPOS="1274" WIDTH="78" HEIGHT="21" WC="0.94" CONTENT="månad"/><SP WIDTH="15" VPOS="1274" HPOS="937"/>
							<String ID="string_158" HPOS="952" VPOS="1273" WIDTH="32" HEIGHT="21" WC="0.96" CONTENT="till"/>
						</TextLine>
						<TextLine ID="line_28" HPOS="234" VPOS="1308" WIDTH="750" HEIGHT="26">
							<String ID="string_159" HPOS="234" VPOS="1309" WIDTH="160" HEIGHT="21" WC="0.96" CONTENT="vederbörande"/><SP WIDTH="22" VPOS="1309" HPOS="394"/>
							<String ID="string_160" HPOS="416" VPOS="1309" WIDTH="131" HEIGHT="25" WC="0.93" CONTENT="kronofogde"/><SP WIDTH="19" VPOS="1309" HPOS="547"/>
							<String ID="string_161" HPOS="566" VPOS="1308" WIDTH="90" HEIGHT="21" WC="0.91" CONTENT="aflemna"/><SP WIDTH="14" VPOS="1308" HPOS="656"/>
							<String ID="string_162" HPOS="670" VPOS="1308" WIDTH="110" HEIGHT="26" WC="0.96" CONTENT="uppgifter"/><SP WIDTH="15" VPOS="1308" HPOS="780"/>
							<String ID="string_163" HPOS="795" VPOS="1314" WIDTH="33" HEIGHT="14" WC="0.96" CONTENT="om"/><SP WIDTH="15" VPOS="1314" HPOS="828"/>
							<String ID="string_164" HPOS="843" VPOS="1308" WIDTH="98" HEIGHT="25" WC="0.96" CONTENT="priserna"/><SP WIDTH="15" VPOS="1308" HPOS="941"/>
							<String ID="string_165" HPOS="956" VPOS="1308" WIDTH="28" HEIGHT="25" WC="0.97" CONTENT="på"/>
						</TextLine>
						<TextLine ID="line_29" HPOS="235" VPOS="1341" WIDTH="628" HEIGHT="27">
							<String ID="string_166" HPOS="235" VPOS="1344" WIDTH="61" HEIGHT="20" WC="0.96" CONTENT="orten"/><SP WIDTH="16" VPOS="1344" HPOS="296"/>
							<String ID="string_167" HPOS="312" VPOS="1342" WIDTH="32" HEIGHT="21" WC="0.96" CONTENT="för"/><SP WIDTH="15" VPOS="1342" HPOS="344"/>
							<String ID="string_168" HPOS="359" VPOS="1342" WIDTH="75" HEIGHT="21" WC="0.95" CONTENT="hästar"/><SP WIDTH="16" VPOS="1342" HPOS="434"/>
							<String ID="string_169" HPOS="450" VPOS="1342" WIDTH="22" HEIGHT="21" WC="0.95" CONTENT="af"/><SP WIDTH="15" VPOS="1342" HPOS="472"/>
							<String ID="string_170" HPOS="487" VPOS="1342" WIDTH="25" HEIGHT="20" WC="0.96" CONTENT="de"/><SP WIDTH="17" VPOS="1342" HPOS="512"/>
							<String ID="string_171" HPOS="529" VPOS="1342" WIDTH="56" HEIGHT="20" WC="0.93" CONTENT="olika"/><SP WIDTH="16" VPOS="1342" HPOS="585"/>
							<String ID="string_172" HPOS="601" VPOS="1341" WIDTH="262" HEIGHT="27" WC="0.89" CONTENT="utskrifningsklasserna;"/>
						</TextLine>
					</TextBlock>
					<TextBlock ID="block_11" HPOS="236" VPOS="1374" WIDTH="749" HEIGHT="98">
						<TextLine ID="line_30" HPOS="303" VPOS="1374" WIDTH="682" HEIGHT="28">
							<String ID="string_173" HPOS="303" VPOS="1378" WIDTH="33" HEIGHT="20" WC="0.96" CONTENT="att"/><SP WIDTH="14" VPOS="1378" HPOS="336"/>
							<String ID="string_174" HPOS="350" VPOS="1376" WIDTH="60" HEIGHT="22" WC="0.96" CONTENT="såväl"/><SP WIDTH="15" VPOS="1376" HPOS="410"/>
							<String ID="string_175" HPOS="425" VPOS="1376" WIDTH="35" HEIGHT="21" WC="0.96" CONTENT="vid"/><SP WIDTH="16" VPOS="1376" HPOS="460"/>
							<String ID="string_176" HPOS="476" VPOS="1375" WIDTH="132" HEIGHT="27" WC="0.96" CONTENT="tillfälligtvis"/><SP WIDTH="10" VPOS="1375" HPOS="608"/>
							<String ID="string_177" HPOS="618" VPOS="1375" WIDTH="101" HEIGHT="21" WC="0.93" CONTENT="inträffad"/><SP WIDTH="10" VPOS="1375" HPOS="719"/>
							<String ID="string_178" HPOS="729" VPOS="1375" WIDTH="132" HEIGHT="27" WC="0.92" CONTENT="betydligare"/><SP WIDTH="10" VPOS="1375" HPOS="861"/>
							<String ID="string_179" HPOS="871" VPOS="1374" WIDTH="114" HEIGHT="28" WC="0.96" CONTENT="förökning"/>
						</TextLine>
						<TextLine ID="line_31" HPOS="236" VPOS="1409" WIDTH="748" HEIGHT="29">
							<String ID="string_180" HPOS="236" VPOS="1412" WIDTH="52" HEIGHT="21" WC="0.93" CONTENT="eller"/><SP WIDTH="15" VPOS="1412" HPOS="288"/>
							<String ID="string_181" HPOS="303" VPOS="1410" WIDTH="155" HEIGHT="28" WC="0.92" CONTENT="förminskning"/><SP WIDTH="11" VPOS="1410" HPOS="458"/>
							<String ID="string_182" HPOS="469" VPOS="1410" WIDTH="7" HEIGHT="21" WC="0.93" CONTENT="i"/><SP WIDTH="9" VPOS="1410" HPOS="476"/>
							<String ID="string_183" HPOS="485" VPOS="1410" WIDTH="133" HEIGHT="22" WC="0.90" CONTENT="hästantalet"/><SP WIDTH="15" VPOS="1410" HPOS="618"/>
							<String ID="string_184" HPOS="633" VPOS="1410" WIDTH="13" HEIGHT="21" WC="0.90" CONTENT="å"/><SP WIDTH="16" VPOS="1410" HPOS="646"/>
							<String ID="string_185" HPOS="662" VPOS="1411" WIDTH="60" HEIGHT="20" WC="0.96" CONTENT="orten"/><SP WIDTH="16" VPOS="1411" HPOS="722"/>
							<String ID="string_186" HPOS="738" VPOS="1416" WIDTH="46" HEIGHT="16" WC="0.97" CONTENT="som"/><SP WIDTH="16" VPOS="1416" HPOS="784"/>
							<String ID="string_187" HPOS="800" VPOS="1410" WIDTH="27" HEIGHT="21" WC="0.93" CONTENT="då"/><SP WIDTH="14" VPOS="1410" HPOS="827"/>
							<String ID="string_188" HPOS="841" VPOS="1409" WIDTH="143" HEIGHT="28" WC="0.92" CONTENT="boskapspest"/>
						</TextLine>
						<TextLine ID="line_32" HPOS="236" VPOS="1444" WIDTH="748" HEIGHT="28">
							<String ID="string_189" HPOS="236" VPOS="1446" WIDTH="99" HEIGHT="26" WC="0.96" CONTENT="utbrutit,"/><SP WIDTH="17" VPOS="1446" HPOS="335"/>
							<String ID="string_190" HPOS="352" VPOS="1446" WIDTH="72" HEIGHT="21" WC="0.96" CONTENT="derom"/><SP WIDTH="16" VPOS="1446" HPOS="424"/>
							<String ID="string_191" HPOS="440" VPOS="1447" WIDTH="75" HEIGHT="25" WC="0.96" CONTENT="genast"/><SP WIDTH="15" VPOS="1447" HPOS="515"/>
							<String ID="string_192" HPOS="530" VPOS="1445" WIDTH="128" HEIGHT="21" WC="0.93" CONTENT="underrätta"/><SP WIDTH="19" VPOS="1445" HPOS="658"/>
							<String ID="string_193" HPOS="677" VPOS="1444" WIDTH="190" HEIGHT="28" WC="0.90" CONTENT="uppbådsnämden"/><SP WIDTH="17" VPOS="1444" HPOS="867"/>
							<String ID="string_194" HPOS="884" VPOS="1444" WIDTH="45" HEIGHT="28" WC="0.93" CONTENT="och,"/><SP WIDTH="16" VPOS="1444" HPOS="929"/>
							<String ID="string_195" HPOS="945" VPOS="1451" WIDTH="39" HEIGHT="15" WC="0.92" CONTENT="un-"/>
						</TextLine>
					</TextBlock>
				</ComposedBlock>
			</PrintSpace>
		</Page>
	</Layout>
</alto>
