1109 1781
176 1006 20 17 11
209 1006 16 23 &

275 141 12 21 8
435 140 82 24 Ständ.
533 141 37 23 Sv.
585 153 27 3 —
627 141 72 27 Prop.
713 141 42 22 N:o
770 140 35 23 31.

246 207 79 20 kunna
345 206 114 22 förkastas
477 209 57 19 utan
552 208 34 20 att
601 207 146 28 sakkunnige
763 206 150 22 derförinnan
928 206 69 29 afgif-

246 241 35 21 vit
295 241 119 21 utlätande
429 241 8 21 i
452 241 100 22 ärendet.
577 241 52 22 Den
640 241 7 22 i
656 241 149 28 paragrafens
813 241 73 22 första
893 243 103 20 moment

245 275 114 29 ingående
380 275 177 29 bestämningen
580 278 35 19 att
635 276 102 28 antydda
756 276 100 29 omgång
875 276 51 21 icke
942 283 54 14 vore

245 309 26 22 af
290 309 82 28 nöden,
393 309 76 22 derest
489 310 71 21 sådan
575 310 131 29 ansökning
720 310 113 22 befunnes
849 310 148 29 uppenbarli-

245 351 45 22 gen
308 343 119 30 obefogad,
443 345 66 21 torde
523 345 59 22 altså
596 345 51 22 icke
663 345 80 22 kunna
757 344 49 22 afse
822 347 72 19 annat
910 345 42 21 fall
967 348 29 18 än

245 379 39 21 det
306 380 35 20 att
362 378 161 29 ansökningen
540 386 56 15 vore
615 379 8 22 i
637 379 94 22 formelt
745 379 108 22 afseende
868 379 128 28 bristfällig

244 413 56 21 eller
322 412 91 22 sentida
433 413 113 28 ingifven.
575 414 36 21 Då
632 413 129 22 emellertid
783 417 118 25 guvernör
922 413 74 29 enligt

244 447 85 22 allmän
343 447 236 30 rättegångsordning
593 448 52 22 icke
658 455 54 22 eger
726 448 38 22 till
774 448 111 29 pröfning
893 450 103 27 upptaga

244 489 29 14 en
290 483 9 20 i
319 482 26 21 så
358 483 73 20 måtto
447 482 114 29 obefogad
575 483 68 28 talan,
659 482 42 22 har
715 483 178 28 bestämningen
907 483 9 21 i
930 483 66 28 fråga

244 518 87 20 ansetts
347 517 79 21 kunna
440 517 119 22 uteslutas.

311 551 110 22 Likasom
442 552 9 21 i
473 553 13 21 8
506 553 13 26 $
538 553 103 28 stadgats
656 554 35 20 att
705 552 100 29 anspråk
819 553 30 28 pä
864 552 131 29 ersättning

242 586 38 21 för
295 585 44 22 den
354 586 136 29 minskning
504 586 125 29 fastighets
644 586 69 22 värde
728 587 126 29 undergätt
867 586 78 29 borde,
955 587 41 21 vid

243 621 74 22 talans
339 620 90 29 förlust,
451 621 85 22 väckas
556 622 62 21 inom
638 622 47 21 viss
700 621 41 26 tid,
756 621 67 22 torde
838 622 82 21 sädant
936 622 60 21 stad-

243 656 74 28 gande
333 655 68 22 äfven
418 663 54 14 vara
487 655 26 22 af
524 656 76 22 nöden
615 656 142 21 beträffande
771 656 64 21 talan
846 663 37 15 om
893 656 101 22 kronans

243 690 217 29 skyldigkännande
476 692 34 19 att
524 690 75 22 inlösa
609 690 52 22 hela
671 690 148 29 fastigheten.
841 691 74 21 Innan
924 690 70 22 sädan

242 725 63 21 talan
320 725 52 21 med
387 724 40 29 fog
442 725 46 21 kan
504 728 66 25 göras
581 725 124 28 anhängig,
716 725 42 22 bör
769 725 129 22 emellertid
907 725 88 22 minsk-

242 759 87 29 ningen
348 759 9 22 i
374 759 154 29 fastighetens
546 760 77 28 värde,
641 759 96 22 hvilken
751 762 70 27 utgör
836 760 106 28 grunden
957 760 37 21 för

243 794 128 29 anspräket,
387 801 55 15 vara
457 794 155 23 konstaterad.
634 794 74 23 Tiden
718 795 37 22 för
765 795 75 21 talans
849 795 144 22 anställande

242 829 41 22 bör
305 829 58 22 altsä
381 829 83 21 räknas
485 829 52 22 frän
557 829 44 22 den
620 830 45 28 dag
678 829 83 29 frägan
777 837 36 14 om
829 829 71 29 sagda
916 829 79 22 värde-

241 864 137 28 minskning
392 863 79 22 blifvit
486 871 84 22 genom
585 864 93 29 slutligt
687 865 78 28 utslag
772 864 106 22 bestämd
886 864 48 29 och,
943 865 53 21 med

241 899 137 28 anslutning
399 899 38 21 till
453 899 114 22 likartade
581 899 174 28 bestämningar
769 899 8 22 i
791 899 203 29 författningsför-

241 933 80 29 slaget,
345 936 84 26 utgöra
450 935 35 20 tre
507 933 116 22 mänader.
652 934 157 21 Föreskrifter
829 934 8 21 i
852 934 65 21 detta
932 934 62 28 syfte

241 968 70 22 hafva
319 967 86 22 införts
415 969 36 20 uti
461 970 34 19 ett
505 968 37 22 till
550 969 75 21 denna
632 969 109 28 paragraf
746 968 81 29 fogadt
836 969 158 21 slutmoment.

308 1002 47 22 Vid
368 1002 174 23 fastställandet
557 1003 25 22 af
595 1003 70 28 tiden,
682 1003 51 21 frän
748 1003 97 22 hvilken
854 1003 140 28 jordegaren

240 1037 131 22 tillkomme
386 1037 136 28 ersättning,
538 1037 29 22 dä
582 1037 44 22 den
641 1037 98 29 utginge
753 1038 75 21 såsom
844 1037 59 29 årlig
914 1037 79 29 afgift,

241 1072 56 21 eller
314 1073 67 20 ränta
396 1072 13 21 &
423 1073 137 28 ersättning,
576 1072 29 22 dä
619 1071 45 22 den
679 1073 30 28 pä
723 1079 29 14 en
765 1073 63 28 gäng
843 1071 73 23 borde
930 1073 64 21 beta-

240 1107 40 28 las,
296 1113 69 22 synes
379 1106 37 22 för
431 1107 158 28 stadgandena
603 1107 80 22 härom
699 1107 44 22 den
758 1106 152 30 uppfattning
924 1107 71 22 hafva

239 1142 64 27 legat
317 1141 37 22 till
369 1141 82 28 grund,
467 1143 34 20 att
516 1141 136 30 minskning
669 1142 8 21 i
692 1149 29 14 en
736 1142 30 29 pä
779 1141 214 30 esplanadomrädet

239 1176 98 28 belägen
359 1175 124 29 fastighets
506 1176 69 21 värde
597 1176 78 21 kunde
695 1177 84 28 uppstä
798 1176 60 22 först
879 1176 28 22 dä
922 1176 71 28 sagda

240 1210 103 21 områdes
359 1214 95 25 gränser
469 1210 79 22 blifvit
559 1211 13 20 ä
582 1210 97 22 marken
689 1211 122 21 utmärkta.
834 1211 85 21 Likväl
927 1211 65 21 torde

239 1245 40 21 det
293 1252 54 14 vara
362 1244 148 29 obestridligt
524 1247 35 19 att
574 1245 71 22 sädan
660 1245 137 29 minskning
810 1245 106 22 inträffar
931 1245 9 21 i
950 1245 43 21 och

239 1279 52 21 med
312 1279 126 21 detsamma
456 1279 141 29 författning
617 1280 118 27 angående
752 1280 240 28 inskränkningarnas

239 1312 55 22 vidd
316 1312 43 22 och
381 1312 159 22 beskaffenhet
563 1315 60 19 samt
641 1313 166 27 sträckningen
827 1313 25 20 af
865 1316 127 24 gränserna

238 1345 37 22 för
289 1346 214 28 esplanadområdet
517 1346 63 21 trädt
594 1346 9 21 i
617 1346 108 28 gällande
740 1346 69 21 kraft.
838 1346 13 21 I
865 1345 127 29 anledning

237 1379 70 22 häraf
318 1379 43 23 har
375 1379 136 29 paragrafen
526 1380 8 22 i
544 1380 76 21 denna
630 1379 38 22 del
677 1380 126 29 undergått
812 1380 105 29 ändring,
926 1380 67 22 hvar-

238 1414 40 22 vid
292 1414 91 29 hänsyn
398 1414 71 30 tagits
483 1414 88 29 jemväl
586 1415 37 21 till
637 1414 100 30 tidigare
753 1415 92 23 införda
854 1415 139 22 förändrade

237 1449 144 29 stadganden
396 1450 119 28 angående
530 1451 71 21 sättet
610 1449 38 23 för
655 1450 172 29 ersättningens
836 1450 156 23 utbetalande.
