1128 1761
271 147 27 21 26
460 147 29 22 U.
505 147 28 22 B.
549 160 26 3 —
590 147 73 28 Prop.
680 147 44 23 N:o
739 147 38 22 29.

242 217 167 23 förevarande
428 218 14 28 &
462 217 143 30 föreslagna
623 218 212 29 förändringarna
854 217 82 29 åsyfta
955 219 35 20 att

242 252 133 29 tillgodose
394 252 73 22 dessa
486 253 91 22 tvenne
595 253 90 28 syften.

145 294 53 12 mom.
211 290 18 20 a)
311 287 144 28 Begreppet
473 286 83 23 fabrik
575 287 45 22 och
639 287 202 29 fabriksmässigt
859 286 131 22 bedrifven

242 320 152 30 handtering
435 322 28 21 är
501 322 96 28 ganska
636 322 153 26 obestämdt;
832 328 30 16 en
898 320 92 30 mängd

243 356 168 28 inrättningar
428 356 90 26 finnas,
530 356 85 22 hvilka
635 356 76 29 enligt
732 356 97 28 vanligt
848 355 143 29 språkbruk

243 390 134 23 betecknas
405 390 81 22 såsom
511 390 118 26 fabriker,
650 390 152 28 exempelvis
821 390 95 29 skjort-,
936 390 56 22 kra-

242 426 62 22 vatt-
332 424 45 22 och
404 424 173 27 hattfabriker,
601 431 57 15 men
678 425 8 22 i
704 424 86 22 hvilka
810 425 95 21 arbetet
923 424 68 29 inga-

245 458 77 24 lunda
348 458 93 22 företer
459 459 84 29 någon
562 459 108 22 särskild
688 459 141 29 yrkesfara.
865 458 127 23 Utskottet

243 495 46 21 har
316 493 56 21 med
399 493 99 28 hänsyn
525 494 84 22 härtill
628 494 14 21 å
661 500 47 16 ena
726 494 73 22 sidan
817 493 175 29 kompletterat

242 528 191 28 förteckningen
451 528 72 22 öfver
541 528 30 22 de
590 528 8 22 i
616 534 72 16 mom.
700 528 26 28 a)
747 528 104 22 afsedda
861 528 131 28 företagen

244 565 64 20 samt
335 562 14 21 å
372 562 79 22 andra
470 562 71 22 sidan
560 563 136 28 begränsat
714 563 47 21 och
780 562 57 22 sökt
855 562 137 28 förtydliga

245 597 137 29 begreppet
400 595 91 23 fabrik.

149 637 53 13 mom.
215 632 16 18 bj)
313 630 192 29 Kyrkobygnad
524 631 46 22 hör
588 631 36 22 till
643 631 37 22 sin
693 630 175 23 beskaffenhet
881 631 112 22 närmast

244 666 35 22 till
306 666 30 22 de
364 665 8 21 i
398 671 73 16 mom.
491 666 21 27 c)
542 666 103 28 angifna
663 665 97 28 företag
780 665 45 22 och
843 665 47 22 har
908 665 84 22 derför

244 701 35 22 dit
298 699 176 28 öfverflyttats.
506 700 38 21 Då
562 700 76 22 broar
657 699 25 22 af
694 700 49 21 den
756 699 99 26 storlek,
871 701 34 20 att
918 699 74 22 deras

243 733 137 30 byggande
399 733 77 22 borde
491 734 173 22 underordnas
675 734 81 22 denna
766 734 50 29 lag,
827 733 53 22 icke
890 734 8 21 i
907 734 85 22 landet

244 769 96 22 utföras
364 768 39 21 för
430 768 97 23 enskild
553 775 105 21 persons
682 768 60 22 eller
759 768 106 29 byalags
884 769 108 28 räkning

244 804 46 22 har
308 803 128 26 utskottet,
455 802 41 23 för
513 803 210 28 undanrödjande
742 803 26 21 af
786 803 150 22 tvifvelsmål
954 803 38 22 rö-

242 839 80 22 rande
341 837 95 22 sådana
455 837 83 27 broar,
558 838 67 28 gjort
643 839 34 20 ett
696 837 87 29 tillägg
802 838 35 21 till
855 844 73 15 mom.
950 837 32 29 b).

148 878 52 12 mom.
214 874 15 20 c)
311 873 69 21 Enär
398 870 51 23 idet
475 874 70 26 synts
570 872 120 22 utskottet
716 872 129 28 olämpligt
864 873 35 21 att
918 873 24 21 ät
961 872 31 22 de

243 906 200 23 administrativa
473 906 182 28 myndigheter,
686 906 86 22 hvilka
802 912 47 23 ega
880 906 111 29 granska

242 940 249 30 bygnadsritningar,
511 940 154 23 öfverlemna
690 940 156 30 afgörandet,
865 940 127 23 huruvida

242 976 63 22 visst
323 974 204 30 bygnadsarbete
549 975 78 22 borde
650 975 59 22 eller
730 975 54 22 icke
806 975 78 22 borde
902 976 90 21 under-

242 1010 93 22 ordnas
362 1009 190 29 författningen,
581 1010 64 21 helst
664 1011 51 20 stor
733 1010 127 28 ojemnhet
877 1009 8 21 i
903 1010 87 28 lagens

242 1044 158 28 tillämpning
418 1043 73 23 häraf
509 1044 83 22 blefve
611 1050 31 16 en
660 1044 70 28 följd,
750 1044 46 22 har
807 1044 121 22 utskottet
940 1046 51 20 ute-

243 1079 68 22 slutit
329 1084 89 16 senare
436 1078 73 22 delen
528 1079 25 21 af
571 1084 72 16 mom.
664 1079 21 28 c)
704 1078 46 22 och
769 1078 8 22 i
796 1078 57 22 dess
872 1078 70 22 ställe
961 1085 30 15 ur

242 1113 214 28 komiteförslaget
483 1113 76 22 infört
586 1113 49 23 den
656 1113 166 29 bestämning,
843 1115 34 20 att
895 1113 96 23 förord-

242 1149 94 28 ningen
354 1147 158 22 beträffande
531 1148 215 28 bygnadsföretag
764 1148 8 21 i
791 1148 56 22 stad
867 1147 65 23 afser
951 1155 40 15 en-

242 1183 56 22 dast
316 1181 132 30 bygnader
466 1182 8 22 i
493 1182 62 22 flera
574 1183 32 21 än
625 1188 31 16 en
675 1182 101 28 väning,
797 1182 139 29 hvarjemte
955 1184 35 20 ut-

242 1217 92 22 skottet
355 1217 8 21 i
388 1216 81 22 stället
487 1217 39 21 för
544 1216 260 29 husbygnadsarbete,
825 1223 52 16 som
895 1217 95 22 utföres

242 1251 38 22 för
290 1250 258 30 försäkringspligtigt
558 1251 110 29 företags
678 1250 110 30 räkning
797 1251 76 22 infört
883 1251 107 23 fabriks-

243 1284 208 29 bygnadsarbdete.
488 1285 49 22 För
564 1285 76 28 öfrigt
662 1285 46 22 har
729 1285 68 22 detta
816 1287 108 20 moment
942 1286 48 21 för-

241 1318 120 28 tydligats
380 1318 36 25 sä,
436 1319 35 20 att
486 1318 41 22 det
540 1318 7 21 i
561 1318 117 22 afseende
692 1318 14 22 ä
718 1318 272 29 husbyggnadsarbete

241 1352 53 22 icke
314 1351 66 23 afser
398 1352 179 28 reparationer.

145 1392 52 13 mom.
210 1389 24 25 9),
310 1386 128 29 Flottning
457 1386 25 22 af
501 1386 154 28 skogsalster
674 1386 118 29 erbjuder
812 1386 20 29 ej
853 1388 79 21 större
951 1394 39 21 yr-

143 1410 20 24 M
175 1410 59 23 oi
242 1420 102 23 kogfara
372 1422 32 21 än
430 1420 151 28 exempelvis
609 1421 203 29 timmerfällning
830 1421 46 22 och
894 1421 96 23 -utdrif-

241 1456 71 29 ning;
332 1455 32 22 dä
382 1455 157 28 flottningen,
560 1455 118 22 särskildt
696 1455 8 22 i
722 1456 97 22 mindre
829 1457 159 28 vattendrag,

309 1498 49 23 Lag-
370 1498 33 18 och
415 1497 180 18 Ekonomiutskottets
607 1497 109 18 betänkande
728 1497 38 19 N:o
779 1499 28 17 12.
