1128 1770
270 151 27 20 10
435 149 76 22 Ständ.
531 150 34 22 Sv.
583 162 24 3 —
624 149 64 29 Prop.
704 149 38 22 N:o
758 149 34 22 28.

240 211 75 21 rabatt
337 211 46 21 kan
405 211 71 21 varda
498 211 118 28 afdragen,
640 211 25 21 så
686 213 120 26 motväges
825 211 75 22 denna
917 211 77 21 säker-

240 245 63 28 ligen
326 252 48 14 mer
396 248 29 18 än
447 244 56 22 fullt
525 245 26 21 af
571 245 99 22 fondens
693 244 70 23 ofvan
779 245 101 28 antydda
893 245 101 21 räntein-

240 279 77 21 komst
339 279 75 21 under
431 279 117 28 perioden,
567 279 97 22 hvilken
679 279 104 22 inkomst
797 279 52 22 icke
863 279 107 28 uppförts
986 279 8 21 i

240 313 125 28 budgeten,
389 313 28 22 då
435 313 40 21 det
494 317 24 18 är
541 313 120 29 vanskligt
683 315 35 19 att
732 314 30 28 på
776 313 99 22 förhand
889 317 105 18 närmare

241 347 101 22 beräkna
357 348 138 22 densamma.

308 388 11 21 I
342 388 104 29 enlighet
465 388 52 21 med
533 389 61 22 hvad
610 388 130 22 Ständerna
755 389 8 21 i
779 389 39 21 det
832 389 139 28 föregående
986 389 8 21 i

241 422 186 28 underdånighet
443 422 82 28 anfört,
543 423 70 21 hafva
629 422 128 22 Ständerna
771 423 106 21 beslutit:

481 527 31 20 att
526 525 35 28 för
571 526 53 21 åren
634 525 56 22 1895
695 525 84 21 —1897
789 526 76 21 anvisa
871 526 124 27 5,648,000

447 560 62 20 mark
528 560 32 21 till
582 560 148 27 Regeringens
752 559 129 28 förfogande
902 560 36 27 för
956 566 40 21 ny-

445 594 197 28 byggnadsarbeten
665 594 35 21 vid
723 594 25 21 de
768 594 60 21 äldre
845 594 150 28 jernvägarna

445 630 56 20 samt
516 629 40 21 den
571 628 83 28 rörliga
669 628 134 22 materielens
821 628 87 29 ökning,
924 630 8 20 i
946 628 49 29 huf-

445 663 111 28 vudsaklig
567 663 210 27 öfverensstämmelse
792 663 47 21 med
854 663 85 28 bilagda
948 671 46 20 spe-

447 697 116 27 cifikation,
586 699 55 20 samt
661 697 120 28 derutöfver
800 697 120 28 1,000,000
934 698 62 22 mark

447 731 33 22 till
495 732 140 27 omfartsspår
646 732 13 21 å
671 732 69 27 linjen
753 731 146 28 Wiborg—
865 727 38 37 S:t
913 732 82 22 Peters-

447 765 53 28 burg
522 767 36 20 och
573 766 72 22 andra
661 768 61 20 ännu
737 767 45 21 icke
794 766 125 28 förutsedda
929 767 66 27 behof,

447 800 62 21 alltså
545 801 35 27 för
617 800 59 22 dessa
713 801 105 22 ändamål
855 801 141 22 tillsammans

447 834 122 27 6,648,000
584 834 72 27 mark;

481 933 32 19 att
527 932 9 21 i
551 931 287 28 kommunikationsfondens
853 932 76 28 budget
943 939 52 21 upp-

450 967 50 26 taga
515 966 97 28 följande
624 968 84 26 poster:

484 1028 35 28 för
538 1029 129 28 Vigvidering
688 1029 27 27 af
734 1029 25 21 de

448 1062 96 28 förskott,
559 1070 43 14 som
617 1063 52 27 frän
690 1063 72 21 andra

447 1097 78 28 fonder
547 1098 75 28 gifvits
647 1098 32 22 till
700 1097 62 27 jern-

445 1132 164 28 vägsarbetenas
627 1132 135 22 bestridande

447 1166 70 21 under
524 1166 151 22 innevarande
680 1166 82 27 finans-

446 1200 81 27 period,
550 1216 1 4 .
580 1216 5 5 .
651 1216 76 6 0.
792 1200 122 28 4,430,000
924 1200 73 27 mark;

483 1234 32 21 till
536 1234 135 27 slutförande
685 1234 28 28 af
720 1234 42 28 på-

447 1268 83 28 gående
554 1264 10 37 —
571 1268 191 29 jernvägsanlägg-

448 1303 98 26 ningar.
577 1318 4 4 .
613 1320 4 3 .
649 1320 4 3 .
795 1303 120 27 1,637,227
925 1304 72 26 mark;

482 1336 121 21 äterstoden
623 1335 28 27 af
666 1336 96 27 anslaget

447 1369 33 22 till
494 1369 137 28 Helsingfors
641 1369 123 23 hamnbana
788 1365 10 37 =
817 1370 101 28 250,000
928 1370 69 28 mark;

481 1403 35 28 för
538 1403 224 29 Keuru-Jyväskylä

449 1450 18 4 —
477 1438 98 22 Suolahti
583 1438 80 28 banan,
670 1434 31 37 för
710 1434 51 37 hvil-
