1117 1761
294 159 25 19 14
481 157 28 22 U.
525 157 28 22 B.
568 170 27 2 —
611 158 74 26 Prop.
701 157 44 22 N:o
761 156 38 22 26.

261 219 120 21 inhemska
397 219 153 28 obligationer
565 218 26 22 af
603 220 25 20 år
644 220 53 20 1862
713 219 37 21 till
766 220 33 20 ett
814 218 84 28 belopp
914 218 26 21 af
949 218 63 24 2,900

262 254 65 20 mark
347 256 60 19 samt
429 253 25 21 af
474 253 25 21 år
521 254 53 21 1892
597 253 36 21 till
650 254 111 25 1,910,000
777 252 65 22 mark
856 252 44 21 och
916 254 35 19 att
967 251 46 22 för-

262 288 111 27 eningens
394 287 119 22 inhemska
535 287 68 22 skuld
625 286 88 22 således
728 286 102 29 uppgick
846 286 36 21 till
897 293 117 14 samman-

261 321 66 28 lagdt
352 322 111 26 1,912,900
485 321 69 22 mark.
584 321 35 21 Af
638 321 148 28 föreningens
803 319 125 22 utländska
944 319 68 22 skuld

262 355 51 22 fans
329 356 49 21 åter
392 355 40 22 vid
444 363 87 14 samma
540 355 110 29 tidpunkt
660 354 138 28 utelöpande
811 355 127 26 14,246,000
948 353 66 22 mark

262 389 7 21 i
286 390 54 21 1884
363 390 36 21 års
417 389 153 28 obligationer
585 391 60 19 samt
659 389 113 26 8,662,000
787 389 65 20 mark
868 387 25 22 af
908 389 54 21 1887
979 388 37 21 års

261 423 39 22 lån
316 423 55 22 eller
386 423 170 29 sammanlagdt
571 424 126 26 22,908,000
713 423 70 21 mark.
813 423 12 21 I
841 422 103 29 enlighet
962 421 52 22 med

262 458 28 21 de
303 457 36 22 för
349 457 175 30 ifrågavarande
535 457 123 22 utländska
668 457 39 22 län
718 457 122 22 faststälda
851 457 166 28 amorterings-

262 492 80 29 planer
357 492 41 21 har
413 492 108 29 beloppet
536 492 25 21 af
573 492 149 28 föreningens
737 491 135 22 utestäende
888 491 128 22 utländska

262 526 68 22 skuld
344 534 95 14 numera
455 527 96 28 nedgätt
567 528 30 26 sä,
614 529 34 18 att
663 526 126 22 detsamma
804 525 40 22 vid
858 525 121 30 utgängen
993 525 26 22 af

263 569 59 14 mars
338 561 83 22 månad
436 561 155 22 innevarande
607 561 25 22 är
646 561 120 28 utgjorde:

421 647 52 21 1884
489 646 36 21 års
540 646 49 28 41/,
604 647 27 26 2/,
646 646 39 21 lån
701 645 59 22 Fmk
777 646 134 26 14,175,500:

389 681 14 20 å
419 681 53 20 1887
489 680 36 21 års
547 682 6 18 4
605 681 28 26 —%
648 680 38 20 lån
730 696 9 10 »
792 681 119 25 —8,576,500:

593 720 94 22 Summa
702 720 59 21 Fmk
777 720 133 26 22,752,000:

390 646 13 21 mo

330 799 12 21 I
357 799 103 28 enlighet
475 799 94 21 härmed
585 799 74 21 skulle
675 799 64 21 bifall
754 799 37 21 till
806 807 31 13 nu
852 799 163 28 föreliggande

262 833 87 28 nädiga
363 833 143 28 proposition
521 833 114 22 innefatta
650 834 91 27 garanti
756 833 36 21 för
807 836 34 19 ett
858 833 84 29 belopp
967 840 49 15 som

263 867 52 21 med
330 869 71 26 nägot
416 867 65 21 öfver
497 869 10 19 7
523 867 106 28 miljoner
641 867 65 21 mark
716 867 138 29 öfverstiger
865 867 44 21 den
920 875 95 19 summa,

262 900 37 22 för
320 901 69 21 hvars
412 901 169 28 återbetalning
597 901 128 21 Ständerna
739 902 30 28 pä
784 901 76 29 grund
875 901 27 21 af
914 901 102 21 beslutet

262 935 40 21 vid
319 936 140 21 1863-—1864
475 936 35 20 års
525 935 112 28 landtdag
651 935 36 21 för
702 936 144 21 närvarande
861 936 37 21 stä
912 936 8 21 i
933 943 83 14 ansva-

263 969 82 28 righet.

329 1004 12 20 I
356 1003 127 29 anledning
498 1003 26 21 af
540 1003 44 21 den
605 1003 86 28 nädiga
712 1003 174 29 propositionen
907 1004 43 21 har
972 1004 41 21 Ut-

262 1037 87 21 skottet
364 1037 18 29 ej
400 1037 88 21 mindre
503 1038 110 28 granskat
627 1036 148 29 föreningens
791 1038 146 21 närvarande
949 1037 65 22 ställ-

261 1072 64 28 ning,
345 1075 29 17 än
397 1071 69 21 äfven
489 1072 60 28 tagit
574 1072 8 20 i
609 1071 172 29 öfvervägande
805 1071 28 21 de
854 1072 82 26 vilkor,
959 1079 48 15 som

261 1105 70 22 borde
343 1106 72 21 fästas
429 1106 41 21 vid
485 1105 140 28 beviljandet
639 1106 26 21 af
677 1106 44 21 den
737 1106 96 22 ansökta
849 1106 117 28 garantin.

329 1140 43 21 Att
387 1140 270 28 Hypoteksföreningens
672 1140 112 29 ställning
798 1140 75 22 under
888 1140 39 22 det
950 1148 65 14 sena-

261 1176 34 19 ste
318 1174 115 21 årtiondet
447 1175 26 20 sä
494 1174 115 29 betydligt
624 1174 141 25 förbättrats,
781 1181 49 14 som
846 1174 166 22 ofvanstäende

260 1207 113 22 återblick
387 1208 30 28 pä
431 1207 148 29 föreningens
595 1208 98 28 tidigare
708 1208 85 21 skeden
809 1208 76 29 gifver
900 1209 40 21 vid
958 1209 56 22 han-

261 1241 51 28 den,
323 1243 72 20 mäste
406 1241 99 22 förutom
517 1242 150 21 förenämnda
677 1249 136 22 gynsamma
821 1243 193 29 konverteringar

257 1275 87 29 jemväl
359 1276 136 21 tillskrifvas
511 1276 44 22 den
571 1276 207 29 omständigheten,
795 1279 35 20 att
841 1277 44 22 den
896 1277 35 22 uti
942 1279 12 25 8
966 1280 12 19 3
992 1277 26 22 af

260 1309 149 28 föreningens
423 1309 140 28 reglemente
577 1310 115 28 ingäende
708 1311 174 28 bestämningen
900 1313 34 19 att
951 1311 63 28 jord-

260 1343 113 28 egendom
387 1343 37 21 för
439 1346 34 18 att
488 1343 78 22 kunna
581 1344 8 21 i
605 1343 136 29 föreningen
751 1344 96 22 belänas
858 1345 72 21 mäste
941 1345 71 21 hafva

260 1377 71 22 minst
353 1378 62 27 8,000
439 1377 77 22 marks
537 1378 71 21 värde
633 1377 78 22 blifvit
737 1378 136 23 bibehällen.
919 1379 92 22 Mindre

259 1412 146 28 lägenheters
425 1412 86 22 värden
533 1416 39 18 äro
593 1413 116 28 nemligen
723 1413 169 23 underkastade
908 1415 26 21 sä
949 1417 63 19 stora

260 1447 121 28 vexlingar
397 1446 42 22 och
453 1446 113 22 beroende
581 1447 8 21 i
605 1448 25 20 sä
644 1447 47 29 hög
705 1448 58 28 grad
785 1448 26 21 af
829 1448 179 23 innehafvarens

329 1487 140 18 Statsutskottets
481 1487 110 18 betänkande
604 1488 37 17 N:o
655 1487 17 18 8.
