1092 1770
246 138 28 20 42
440 136 28 21 U.
483 137 27 20 B.
527 148 24 3 —
567 135 71 27 Prop.
654 135 40 21 N:o
710 134 34 21 24.

215 194 42 21 den
280 193 128 27 föreslagna
431 193 130 21 kustbanan
583 193 83 21 mellan
688 191 143 27 Helsingfors
853 191 42 21 och
913 183 50 28 Åbo

216 227 83 21 städer.
326 227 123 20 Utskottet
464 226 86 21 utlåter
565 226 35 27 sig
615 232 37 15 om
668 226 72 20 denna
755 226 59 20 bana
829 225 6 20 i
851 225 42 20 sitt
909 224 56 26 peti-

216 261 204 22 tionsbetänkande
436 261 76 21 såsom
527 260 73 27 följer:

287 295 57 27 »Det
368 295 201 26 jernvägsföretag,
585 287 222 33 Helsingfors—
764 283 46 42 Åbo
827 293 137 24 kustbanan,

216 335 48 16 som
290 329 98 22 föreslås
412 330 36 21 uti
472 328 255 28 petitionsmemorialen
750 327 90 26 11—14,
863 333 42 14 var
927 326 37 21 vid

216 363 56 21 1888
298 364 37 21 års
360 364 107 27 landtdag
495 363 73 22 första
597 363 86 27 gången
712 362 95 22 föremål
835 361 36 21 för
899 361 66 20 Stän-

216 398 81 21 dernas
322 399 142 26 behandling,
489 403 53 16 men
565 397 83 27 ansågs
674 397 27 21 då
730 396 103 21 hvarken
859 395 26 21 af
908 395 57 26 jern-

215 433 175 25 vägsutskottet
418 433 54 20 eller
498 432 125 21 Ständerna
649 432 54 20 böra
725 431 119 21 föranleda
870 429 35 22 till
931 429 35 22 åt-

214 467 61 26 gärd.
320 466 76 22 Under
425 467 93 21 senaste
543 466 107 26 landtdag
675 466 96 21 väcktes
797 464 80 28 frågan
905 464 59 27 ånyo

215 506 81 21 genom
318 500 120 27 petitioner
461 501 126 21 inlemnade
609 500 5 21 i
631 502 35 20 tre
683 500 72 22 stånd.
786 500 43 21 Vid
845 499 119 27 handlägg-

215 535 82 27 ningen
316 535 26 20 af
358 535 222 27 petitionsförslagen
599 534 71 27 ansäg
693 534 34 27 sig
740 533 225 27 jernvägsutskottet

215 568 83 22 främst
313 569 55 21 böra
383 571 54 25 taga
452 569 70 21 under
537 569 146 27 ompröfning,
699 569 7 20 i
721 568 59 21 hvad
792 568 53 21 män
856 568 43 20 den
910 567 55 21 före-

216 603 79 27 slagna
309 604 124 26 jernvägen
449 603 72 22 skulle
537 604 140 20 konkurrera
691 603 52 21 med
758 603 69 21 redan
843 602 122 21 bestäende

215 637 80 26 banor;
314 638 41 20 och
378 638 53 20 kom
454 637 117 22 utskottet
593 637 34 21 till
650 638 42 20 den
715 637 104 27 slutsats,
835 637 43 25 att,
894 636 70 22 ehuru

216 672 135 26 visserligen
366 678 28 15 en
408 672 49 21 icke
474 672 140 26 obetydande
629 672 70 21 trafik
713 677 81 21 genom
810 672 42 20 den
867 677 47 21 nya
928 671 36 21 ba-

215 712 46 15 nan
272 706 92 22 komme
376 708 35 20 att
420 706 79 27 frångå
510 707 59 21 äldre
581 707 126 26 jernvägar,
719 706 67 22 dessa
797 706 13 21 å
821 706 69 21 andra
901 706 64 21 sidan

216 741 73 21 skulle
312 742 70 20 hafva
404 742 36 20 att
464 741 101 27 päräkna
587 742 35 20 ett
645 741 100 21 tillskott
763 741 7 20 i
789 740 97 22 trafikä
902 740 63 21 vissa

215 775 113 27 bandelar,
344 776 93 21 hvarför
453 776 38 22 det
507 777 81 25 syntes
603 781 55 16 vara
673 775 164 27 tvifvelaktigt,
853 775 112 21 huruvida

216 810 76 20 såsom
316 810 145 21 slutresultat
483 810 73 27 någon
578 810 130 26 minskning
729 810 7 21 i
759 809 171 22 trafikinkomst
952 809 13 21 å

215 844 38 22 det
276 844 122 22 bestående
420 844 173 27 jernvägsnätet
611 845 90 21 komme
717 846 36 20 att
768 843 91 28 uppstå.
890 844 33 21 Då
939 844 26 20 de

214 878 126 21 inlemnade
355 879 225 26 petitionsförslagen
595 880 7 19 i
616 879 131 20 hufvudsak
762 878 78 27 afsågo
850 878 114 26 jernvägs-

215 913 81 20 liniens
314 913 173 27 undersökning,
506 913 75 27 ingick
595 913 118 21 utskottet
728 913 49 21 icke
792 913 100 20 i.vidare
908 912 56 27 pröf-

215 947 53 26 ning
281 947 25 21 af
316 947 86 27 frågan,
410 949 57 19 utan
475 947 98 27 föreslog
581 953 28 16 en
617 947 97 27 petition
723 953 37 15 om
769 947 42 21 den
821 947 98 26 begärda
927 952 38 15 un-

216 981 178 27 dersökningens
408 982 121 21 utförande
539 981 28 27 på
579 981 157 22 statsverkets
746 981 133 32 bekostnad.
895 981 70 21 Detta

215 1015 85 28 förslag
318 1021 62 16 vann
399 1016 57 21 dock
470 1016 123 21 understöd
608 1016 81 21 endast
705 1016 25 21 af
743 1015 166 27 Ridderskapet
923 1015 42 21 och

214 1049 74 22 Adeln
311 1051 61 20 samt
394 1050 198 27 Borgareståndet,
615 1050 81 21 medan
718 1050 87 21 Preste-
825 1050 42 21 och
881 1049 83 22 Bonde-

215 1083 97 22 stånden
326 1084 90 26 afböjde
432 1085 115 26 förslaget,
563 1085 7 20 i
585 1084 55 27 följd
655 1084 84 21 hvaraf
751 1084 80 26 frågan
846 1083 82 22 förföll.

283 1118 50 21 Med
356 1118 106 22 afseende
485 1119 13 20 &
521 1119 42 21 den
579 1114 90 31 utgång
684 1119 95 20 ärendet
795 1118 95 21 sålunda
905 1117 61 21 inom

216 1151 126 23 Ständerna
365 1152 45 22 fått
434 1153 40 21 och
494 1153 28 20 då
542 1153 42 21 den
599 1152 130 27 föreslagna
743 1152 124 27 jernvägen
882 1151 84 28 ansågs

215 1191 56 16 vara
294 1187 26 20 af
341 1188 47 19 stor
407 1187 117 26 betydelse
540 1187 34 21 för
589 1187 144 26 Helsingfors
749 1187 41 20 och
805 1180 56 33 Åbo,
877 1186 89 21 beslöto

215 1219 143 27 fullmäktige
374 1220 34 21 för
424 1221 67 21 dessa
506 1221 83 26 städer,
605 1222 36 19 att
659 1221 29 26 på
704 1221 120 20 städernas
839 1220 128 21 bekostnad

215 1253 49 22 låta
286 1254 126 21 verkställa
433 1255 80 21 liniens
535 1255 176 21 instrumentala
733 1254 170 27 undersökning
925 1255 42 20 och

216 1288 91 26 anslogs
329 1288 35 21 för
386 1289 64 21 detta
472 1289 105 21 ändamål
599 1294 28 16 en
651 1288 93 22 summa
760 1289 25 20 af
799 1288 79 27 60,000
892 1289 73 20 mark.

215 1321 115 26 Derjemte
345 1321 111 21 tillsattes
471 1327 28 15 en
514 1322 26 20 af
551 1323 184 25 representanter
751 1321 34 21 för
802 1322 26 20 de
846 1321 64 27 bädaj
921 1323 44 19 stä-

216 1354 69 22 derna
300 1355 122 21 bestäende
438 1355 133 27 delegation,
587 1355 92 21 hvilken
695 1357 104 19 närmast
815 1356 54 26 egde
885 1356 81 20 utreda

215 1389 42 21 den
273 1389 147 21 ekonomiska
436 1390 64 20 sidan
516 1390 24 21 af
553 1390 79 26 frågan
644 1401 21 1 —
678 1390 108 22 särskildt
797 1390 52 22 med
859 1389 107 22 afseende

215 1423 13 21 ä
244 1424 41 21 den
300 1424 68 26 nyttä
384 1424 99 21 nämnda
502 1425 77 21 städer
597 1424 74 22 kunde
681 1424 26 21 af
715 1424 113 28 företaget
839 1426 88 20 emotse
941 1435 21 2 —

282 1475 179 23 Jernvägsutskottets
474 1475 109 18 betänkande
595 1474 38 19 N:o
645 1476 18 16 2.
