1131 1770
258 144 12 20 8
446 143 29 22 U.
491 144 28 22 B.
535 156 27 2 —
577 142 74 28 Prop.
667 143 42 22 N:o
724 142 40 22 29.

229 208 136 22 emellertid
392 208 76 22 äfren
494 208 8 21 i
528 208 74 22 dessa
627 207 90 23 länder
737 208 33 28 på
789 208 192 28 dagordningen

228 242 91 29 frågan
338 248 40 16 om
397 248 30 16 er.
446 242 249 28 speciallagstiftning
713 242 9 22 i
741 242 90 26 ämnet,
845 242 45 22 och
903 242 78 22 hafva

230 276 116 29 samtliga
373 276 7 22 i
408 276 91 22 sådant
526 276 117 22 afseende
670 276 149 22 utarbetade
842 276 139 29 lagförslag

230 310 93 29 åsyftat
332 310 133 23 införande
477 310 24 22 af
511 310 164 29 obligatorisk
683 310 297 30 olycksfallsförsäkring.

231 344 91 30 Slutlig
348 344 101 30 lösning
476 345 47 21 har
549 344 92 29 frågan
668 344 63 23 dock
751 346 68 20 ännu
837 345 53 21 icke
909 344 73 23 fått
970 340 16 39 i

228 379 79 29 något
326 379 26 22 af
369 379 110 22 nämnda
497 379 96 22 länder.

289 550 101 29 Frågan
401 556 39 16 om
450 550 142 22 ordnandet
601 550 8 21 i
618 550 223 28 lagstiftningsväg
852 550 25 22 af
887 550 96 22 arbeta-

229 590 41 16 res
294 584 199 22 säkerställande
514 585 51 21 mot
583 584 30 22 de
633 583 163 23 ekonomiska
814 584 125 28 följderna
958 584 26 22 af

230 618 139 29 olycksfall,
380 624 53 16 som
443 618 109 22 drabbat
561 618 109 22 honom
656 614 12 37 i
681 618 103 26 arbetet,
795 618 103 22 väcktes
908 618 8 22 i
925 618 58 23 vårt

228 652 60 22 land
304 652 80 22 första
400 653 101 29 gången
515 658 90 23 genom
619 653 34 21 ett
664 652 44 23 vid
725 652 67 23 1882
807 652 40 22 års
860 652 123 30 landtdag

230 687 36 22 till
284 686 215 30 Borgareståndet
517 686 138 22 inlemnadt
671 687 222 29 petitionsförslag.
922 687 60 22 Deri

229 721 130 22 framhölls
392 721 119 23 behofvet
543 721 25 22 af
593 722 116 21 närmare
736 721 157 23 föreskrifter
921 722 62 22 afse-

230 756 63 22 ende
318 757 37 21 att
377 756 8 22 i
408 756 119 26 fabriker,
553 756 148 22 verkstäder
725 756 46 22 och
791 756 78 22 andra
889 756 93 22 arbets-

229 790 94 28 platser
341 790 125 29 betrygga
485 790 128 22 arbetares
631 790 70 22 helsa
720 791 46 21 och
784 790 83 22 såvidt
885 791 98 29 möjligt

230 824 99 29 skydda
356 825 92 21 honom
475 824 39 22 för
532 824 131 29 olycksfall
681 825 9 21 i
709 825 103 26 arbetet,
839 825 144 29 hvarjemte

228 858 119 29 yrkades,
377 860 35 21 att
439 859 25 22 åt
491 858 157 29 sakkunnige
669 865 120 22 personer
807 859 76 22 måtte
902 859 81 23 öfver-

228 893 96 22 lemnas
344 894 35 21 att
406 894 60 27 taga
492 893 81 22 under
597 893 160 29 ompröfning
775 893 149 28 spörsmålet
941 900 40 15 om

230 927 195 29 arbetsgifvares
454 927 144 29 skyldighet
625 928 36 21 att
688 933 109 16 ansvara
818 927 39 23 för
877 927 105 29 kropps-

230 961 87 27 skada,
345 961 103 22 hvilken
466 961 81 23 under
568 961 108 22 arbetets
694 961 117 30 utöfning
832 962 150 29 tillskyndas

230 995 115 23 arbetare
371 997 62 21 utan
460 996 94 22 dennes
579 997 56 28 eget
653 996 164 23 förvållande.
855 996 45 22 Till
918 997 63 28 följd

230 1030 26 22 af
274 1031 48 21 den
340 1030 175 28 underdåniga
528 1030 185 29 framställning
725 1030 8 22 i
746 1031 79 21 saken
839 1031 142 22 Ständerna

229 1064 56 23 med
305 1064 136 30 anledning
459 1065 74 22 häraf
551 1065 88 29 gjorde
657 1064 53 23 blef
727 1071 32 16 en
777 1065 92 23 komité
885 1065 95 27 tillsatt,

228 1099 104 22 hvilken
351 1099 28 22 är
399 1099 67 23 1884
481 1099 69 29 afgaf
563 1100 42 22 sitt
617 1099 168 27 betänkande,
798 1100 182 27 innefattande,

228 1134 68 21 utom
316 1135 84 24 annat,
420 1134 95 28 förslag
534 1134 37 22 till
588 1134 150 29 förordning
757 1140 39 16 om
816 1134 165 29 arbetsgifva-

228 1174 40 16 res
288 1168 298 29 ersättningsskyldighet
599 1168 7 22 i
617 1168 223 28 nyssomförmäldt
853 1169 126 22 afseende.

298 1201 149 23 Sedermera
465 1202 58 26 blef,
543 1202 57 22 med
625 1202 136 29 anledning
779 1202 26 22 af
824 1202 156 23 Ständernas

228 1236 43 22 vid
301 1235 66 23 1888
388 1236 39 22 års
447 1236 123 29 landtdag
588 1236 85 22 derom
692 1236 156 23 framställda
866 1237 112 28 petition,

229 1276 31 16 en
277 1270 93 22 komité
389 1270 86 22 tillsatt
493 1271 56 22 med
568 1270 117 29 uppdrag
705 1272 42 25 att,
767 1271 62 21 efter
847 1271 133 23 införskaf-

227 1304 76 22 fande
332 1304 26 22 af
383 1304 94 28 nödiga
505 1305 137 21 statistiska
669 1305 136 27 uppgifter,
835 1306 144 21 undersöka

227 1343 40 16 om
295 1337 48 22 och
369 1337 33 28 på
420 1337 69 22 hvad
508 1338 49 21 sätt
576 1339 64 20 samt
657 1337 8 22 i
683 1338 104 21 hvilken
805 1338 174 29 utsträckning

228 1377 31 16 en
278 1371 25 22 af
321 1372 81 21 staten
420 1371 131 29 påbjuden
569 1371 46 22 och
633 1371 117 29 skyddad
767 1372 212 23 arbetareförsäk-

226 1405 58 29 ring
301 1405 86 23 kunde
405 1405 104 29 bringas
528 1405 36 23 till
583 1405 73 23 stånd
675 1405 8 23 i
701 1406 118 27 Finland;
838 1407 141 29 hvarjemte

226 1439 148 23 förenämda
382 1440 28 22 år
418 1440 68 22 1884
493 1435 124 39 tillkomna
628 1440 139 30 lagförslag
777 1441 201 23 öfverlemnades

294 1485 48 20 Lag-
355 1482 32 19 och
400 1482 183 19 Ekmomiutskottets
595 1483 109 18 betänkande
716 1485 37 16 N:o
765 1484 29 17 12.
