1111 1770
282 140 28 20 40
475 140 27 20 U.
518 140 26 20 B.
562 151 24 2 —
602 138 72 27 Prop.
689 138 41 22 N:o
745 138 35 21 24.

254 193 76 25 Äfven
351 196 71 21 under
443 197 54 20 höst
519 196 41 22 och
582 196 48 26 vår,
653 196 29 20 då
704 195 71 21 Räfsö
793 196 69 20 hamn
880 196 26 19 är
921 196 82 25 öppen,

252 235 53 17 men
325 230 151 22 samfärdseln
495 230 135 21 deremellan
645 230 42 20 och
702 229 149 27 Björneborgs
867 229 52 20 stad
935 228 26 21 af
973 228 30 21 is-

252 264 77 22 hinder
353 264 115 26 afbruten,
490 264 42 21 har
552 264 144 21 hammbanan
710 269 28 16 en
753 264 94 26 mycket
861 262 71 27 vigtig
946 268 56 21 upp-

252 299 44 26 gift
311 300 36 20 att
362 297 76 27 fylla".

323 332 91 28 »Denna
432 332 129 21 hamnbana
580 343 20 2 —
619 333 76 25 yttrar
709 332 117 21 utskottet
841 331 77 21 vidare
937 342 21 2 —
977 332 28 20 är

252 367 85 26 jemväl
360 366 50 22 icke
431 368 58 20 utan
510 366 59 21 lokal
594 366 124 27 betydelse.
748 366 32 21 De
799 367 55 20 nära
874 366 73 21 banan
966 366 38 21 be-

254 402 67 25 lägna
336 401 86 26 byarne
442 400 40 22 och
499 401 38 21 der
552 400 114 27 befintliga
682 400 118 27 ångsågar,
816 400 119 21 äfvensom
949 400 55 21 hela.

254 436 42 21 den
318 435 168 26 kringliggande
510 434 136 27 skärgården
669 435 64 20 skola
755 434 127 26 säkerligen
901 435 104 26 begagna

254 469 81 27 banan,
357 469 29 26 på
409 475 89 15 samma
513 469 58 26 gång
587 475 49 15 som
652 474 28 15 en
694 468 72 27 gaska
781 468 53 27 liflig
849 468 154 27 persontrafik

254 503 64 22 alltid
340 503 74 22 måste
437 503 93 21 komma
553 505 35 20 att
611 508 41 21 ega
674 509 50 15 rum
747 503 97 21 emellan
866 509 28 15 en
913 503 25 21 så
954 504 50 20 stor

253 538 110 21 affärstad
386 543 49 16 som
458 537 135 27 Björneborg
616 537 40 22 och
679 537 52 22 dess
746 537 76 26 hamn,
837 537 52 22 med
904 537 44 21 alla
963 537 42 22 der

253 572 70 21 redan
345 571 135 27 förefintliga
499 572 42 21 och
559 571 141 27 uppstående
718 571 142 27 brädgårdar,
876 571 127 27 nederlags-

254 606 103 27 magasin
372 612 30 15 m.
418 604 42 23 m.*

321 641 231 26 Jernvägsutskottet
576 641 37 21 vid
639 646 31 16 nu
695 640 114 27 pägäende
831 640 107 27 landtdag
960 641 44 21 har

253 676 51 22 med
327 675 105 22 afseende
455 675 55 21 härä
531 677 57 20 utan
610 675 261 27 meningsskiljaktighet
893 675 111 21 omfattat

254 711 42 21 den
319 710 66 26 äsigt,
408 711 36 20 att
466 710 172 26 ifrägavarande
655 710 129 20 hamnbana
800 709 67 21 borde
882 709 35 21 för
933 710 71 21 stats-

254 744 93 22 verkets
361 744 97 27 räkning
476 744 89 21 utföras
588 744 7 20 i
611 745 35 21 ett
661 744 113 21 samban&
785 744 52 21 med
851 744 153 26 Björneborgs

253 779 218 26 jernvägsbyggnad,
494 780 54 20 enär
571 778 143 21 sistnämnda
731 778 60 21 bana
806 778 131 21 derförutan
952 778 52 21 icke

253 813 46 21 kan
321 813 30 27 pä
373 812 210 22 tillfredsställande
606 814 48 20 sätt
671 812 103 27 uppfylla
789 812 35 21 sin
840 812 165 22 bestämmelse

253 847 42 21 och
317 847 38 22 det
377 845 79 23 derför'
471 846 75 22 mäste
561 847 58 26 ligga
633 846 47 21 lika
694 846 93 27 mycket
802 846 6 21 i
825 848 90 20 statens
930 852 50 16 som
994 846 8 20 i

253 882 43 21 den
310 881 173 26 ifrågavarande
498 881 143 21 landsdelens
656 881 105 26 intresse,
773 882 36 20 att
819 881 123 27 jornvägen
953 881 51 20 fuli-

253 915 82 22 bordas
359 915 25 22 sä
406 917 36 20 att
464 915 65 21 deraf
548 915 37 21 mä
608 915 76 21 kunna
706 915 81 26 dragas
807 916 86 21 största
911 915 94 26 möjliga

253 951 74 26 nyttä.

322 984 68 21 Hvad
410 984 50 21 äter
482 984 141 21 vidkommer
646 984 26 21 de
692 985 36 20 vid
747 984 142 27 Mäntyluoto
905 985 98 21 nödvän-

253 1018 51 26 diga
319 1017 261 27 hamnanläggningarna
593 1019 40 20 och
648 1018 43 21 den
702 1018 64 21 andel
777 1020 78 20 staten
865 1018 73 22 skulle
948 1019 57 25 taga

253 1052 7 20 i
275 1052 66 22 deras
363 1052 127 26 utförande,
505 1052 42 21 har
561 1052 117 21 utskottet
692 1052 49 21 icke
760 1052 89 21 kunnat
863 1052 141 21 understöda

254 1086 38 21 det
323 1086 35 21 uti
390 1087 34 20 ett
454 1086 226 26 petitionsmemorial
709 1086 78 26 gjorda
817 1086 116 27 förslaget,
964 1088 38 20 att

254 1121 78 20 staten
347 1120 73 21 skulle
438 1120 75 27 bygga
532 1120 41 22 och
587 1120 131 22 underhälla
732 1120 59 22 molo
807 1121 42 21 och
863 1121 141 26 vägbrytare

255 1156 61 20 samt
337 1154 114 26 tillskjuta
472 1155 60 21 hvad
552 1160 49 16 som
616 1154 35 21 för
665 1154 120 22 utförande
801 1155 26 21 af
839 1155 72 27 öfriga
925 1156 77 20 hamn-

254 1189 94 21 arbeten
378 1190 61 20 samt
468 1189 150 21 bekostandet
647 1189 26 21 af
700 1189 194 27 expropriationer
918 1196 30 14 m.
972 1196 31 15 m.

253 1222 157 27 tilläfventyrs
434 1223 91 21 komme
551 1225 36 20 att
611 1223 113 21 erfordras
745 1224 92 21 utöfver
860 1230 27 15 de
909 1223 95 27 300,000

253 1256 73 27 mark,
341 1257 150 27 Björneborgs
509 1258 51 21 stad
576 1258 36 20 för
627 1257 64 22 detta
706 1258 104 20 ändamål
825 1258 104 26 anslagit.
961 1258 40 21 Ut-

255 1291 89 21 skottet
367 1291 109 21 omfattar
498 1292 112 26 nemligen
632 1292 85 26 jemväl
739 1292 7 20 i
768 1293 64 21 detta
847 1292 107 22 afseende
970 1298 33 16 se-

253 1325 67 20 naste
341 1323 213 27 jernvägsutskotts
577 1325 153 26 uppfattning,
746 1326 28 19 dä
789 1326 38 19 det
842 1326 85 25 yttrar:
950 1326 51 26 ,Ut-

254 1357 89 20 skottet
357 1357 95 21 utbeder
468 1357 34 27 sig
517 1359 36 20 att
567 1358 52 21 med
634 1358 119 27 anledning
763 1358 69 21 häraf
840 1359 23 20 fä
873 1358 129 27 framhälla,

255 1392 35 20 att
312 1391 38 22 vid
372 1391 26 22 de
420 1391 67 22 flesta
506 1392 7 20 i
528 1391 76 22 landet
619 1392 91 22 utförda
726 1392 123 27 hamnspär
865 1393 42 21 och
922 1393 6 21 i
944 1398 59 16 sam-

253 1425 60 22 band
328 1425 89 22 dermed
436 1426 94 22 stäende
550 1427 176 27 kajbyggnader,
741 1427 150 22 förhällandet
906 1427 97 22 emellan

321 1476 179 23 Jernvägsutskottets
512 1477 109 18 betänkande
634 1477 36 18 N:o
682 1478 18 17 2.
