1120 1767
829 126 27 20 53

340 506 135 28 Underdånigt
498 507 76 26 förslag
597 507 29 20 till
641 507 122 26 kungörelse
779 506 105 27 angående

271 547 93 26 reglerna
379 547 31 22 för
425 547 154 22 bestämmande
595 548 20 21 af
631 547 83 22 hästars
731 547 102 27 duglighet
847 548 37 21 och

271 587 31 21 för
324 587 61 21 deras
408 587 114 28 besigtning
545 587 54 22 samt
622 587 99 27 indelning
737 587 6 20 i
759 587 80 21 klasser
853 586 31 22 vid

272 627 120 27 utskrifning
408 627 30 22 för
454 627 123 27 krigsbehof.

455 723 73 22 KAP.
547 725 17 20 1.

333 788 73 26 Regler
421 788 33 20 för
468 788 81 21 hästars
565 788 117 27 duglighet.

486 850 11 27 S
516 852 17 20 1.

200 896 63 26 Häst,
286 902 45 15 som
347 896 63 22 innan
426 896 161 22 kalenderårets
603 896 72 26 början
692 896 39 27 fylt
747 896 42 21 fem
805 895 23 21 år
844 896 38 20 och

135 932 71 20 såsom
222 930 68 22 skodd
306 931 89 21 innehar
410 938 26 14 en
451 931 51 27 höjd
518 931 23 21 af
555 931 63 21 minst
636 932 8 20 1
662 933 67 19 meter
745 931 26 20 33
783 930 100 21 centime-

133 967 33 19 ter
181 968 56 18 samt
252 965 96 21 befinner
362 966 33 26 sig
410 965 6 21 i
432 965 37 22 det
489 965 61 22 stånd
565 967 33 20 att
615 966 123 20 densamma
754 964 131 22 omedelbart

122 1000 53 20 "kan
198 1000 33 20 till
247 999 106 22 forceradt
368 1000 73 21 arbete
456 1000 115 26 användas,
588 1002 30 25 är,
634 1001 50 20 utan
700 999 99 22 afseende
814 1000 14 20 å
842 999 44 21 kön

134 1034 39 22 och
188 1034 53 27 färg,
258 1037 31 18 att
305 1040 63 16 anses
385 1034 72 28 duglig
472 1034 33 21 för
520 1034 130 28 krigstjenst.

487 1115 11 26 8
514 1115 19 20 2.

204 1159 74 22 Såsom
294 1159 99 28 odugliga
408 1166 62 15 anses
486 1160 94 27 följande
595 1159 83 22 hästar:

202 1194 25 27 a)
243 1200 70 21 svaga,
329 1193 121 22 oberoende
466 1193 61 22 deraf
541 1200 33 15 om
590 1194 116 27 svagheten
716 1193 77 22 härrör
803 1193 23 22 af
834 1194 51 21 klen

133 1228 227 27 kroppskonstitution,
380 1228 211 27 öfveransträngning
609 1228 51 21 eller
681 1227 128 28 otillräcklig
823 1228 61 26 föda;

202 1261 23 29 b)
240 1262 49 21 med
312 1262 157 27 genomgående
494 1263 158 26 hornsprickor,
676 1261 27 22 dä
719 1262 62 21 dessa
796 1262 26 21 nä
838 1261 47 22 hof-

133 1303 50 15 vens
199 1296 113 27 köttvägg:

201 1331 21 27 c)
238 1331 49 20 med
302 1330 47 21 full-
365 1331 51 21 eller
431 1330 106 28 platthof;

203 1365 23 26 d)
243 1365 48 21 med
307 1365 113 26 strälröta;

201 1399 21 26 e)
238 1398 49 21 med
302 1404 64 21 svaga
381 1398 106 26 framben;
