1128 1764
283 139 14 20 2
449 138 82 22 Ständ.
547 137 37 23 Sv.
599 149 29 4 —
643 138 70 26 Prop.
729 138 42 22 N:o
785 138 36 21 27.

254 203 66 21 viner
336 202 42 22 och
394 202 71 22 andra
480 209 96 21 svagare
590 202 144 28 rusdrycker.

323 236 46 22 Vid
391 236 171 29 behandlingen
578 236 26 22 af
616 236 76 22 denna
706 236 145 28 proposition
867 236 43 22 och
927 236 7 21 i
950 244 58 14 sam-

254 271 117 28 manhang
393 270 92 22 dermed
508 270 26 22 af
547 270 113 22 särskilda
675 270 62 22 inom
753 271 91 21 Preste-
859 270 42 22 och
917 270 92 22 Bonde-

255 305 97 22 stånden
367 306 9 20 i
391 305 119 22 enahanda
528 305 61 29 syfte
600 304 129 22 inlemnade
740 304 189 29 motionsförslag
939 304 70 23 hafva

256 340 129 21 Ständerna
401 342 76 19 ansett
492 340 37 28 sig
544 340 50 21 icke
610 340 79 21 kunna
703 340 9 20 i
727 339 138 22 oförändrad
880 340 58 21 form
954 339 55 29 god-

256 374 76 22 känna
348 374 39 21 det
402 374 7 21 i
424 374 175 28 propositionen
612 374 113 27 ingående
736 373 272 29 författningsförslaget,

257 408 91 21 hvilket
362 408 8 21 i
384 408 72 28 några
472 408 123 22 afseenden
612 408 80 27 skiljer
707 408 36 28 sig
757 408 52 21 från
825 408 39 21 det
874 408 89 28 förslag
972 408 38 21 till

256 442 137 28 förordning
415 442 7 21 i
446 444 83 24 ämnet,
552 449 49 14 som
616 441 40 21 vid
672 443 90 20 senaste
777 441 112 29 landtdag
903 442 27 21 af
942 442 68 21 Stän-

256 476 70 23 derna
349 478 83 26 antogs
454 476 43 21 och
519 476 8 21 i
550 475 67 29 gjord
635 475 88 22 motion
738 476 37 21 till
790 476 73 22 Eders
878 476 132 28 Kejserliga

256 510 109 29 Majestät
380 510 188 27 öfverlemnades,
586 518 51 14 men
654 517 47 14 som
717 510 51 22 icke
784 518 61 14 vann
861 510 82 29 nådigt
954 510 55 29 god-

256 545 132 28 kännande;
411 545 43 22 och
476 545 95 29 utbedja
593 545 36 28 sig
652 544 128 22 Ständerna
802 547 35 20 att
855 545 42 22 här
911 545 98 22 nedan
995 540 18 39 i

256 579 185 29 underdånighet
462 579 24 22 få
508 580 111 28 redogöra
640 579 37 22 för
699 579 28 22 de
742 579 168 28 förändringar,
931 579 79 22 hvilka

257 613 129 22 Ständerna
404 613 80 22 funnit
499 614 37 28 sig
550 613 131 22 föranlåtna
696 615 34 20 att
746 613 7 21 i
769 613 44 22 den
829 613 85 29 nådiga
928 620 82 22 propo-

257 647 100 22 sitionen
372 648 102 27 vidtaga.

325 762 12 21 I
356 765 6 19 1
382 762 10 27 $
408 761 27 22 af
442 761 43 22 den
497 762 85 28 nådiga
593 761 174 30 propositionen
777 761 97 23 föreslås
887 764 25 20 12
922 762 88 29 volym-

257 799 95 25 procent
372 796 93 21 alkohol
482 796 249 28 säsom*minimigräns
747 796 36 21 för
798 795 28 23 de
841 797 104 28 drycker,
962 803 49 14 som

256 831 56 22 falla
334 830 74 22 under
424 830 202 29 bestämningarna
640 831 8 21 i
665 830 172 29 förordningen.
868 831 141 28 Härigenom

256 865 140 29 uppkomme
414 865 128 22 emellertid
562 865 44 22 den
622 865 156 28 oformlighet,
794 867 35 20 att
843 865 101 22 handeln
960 866 51 21 med

256 899 138 29 rusdrycker
417 899 25 22 af
462 899 174 29 ifrågavarande
652 900 56 27 slag,
725 899 80 22 hvilka
820 900 118 22 innehålla
952 900 60 22 ända

257 933 37 22 till
317 933 75 22 denna
415 936 143 26 procentsats
582 933 101 28 alkohol,
706 933 77 22 blefve
798 934 165 29 undandragen
980 935 30 21 all

256 968 195 28 reglementering
462 968 41 22 och
513 968 109 26 kontroll,
632 968 83 22 medan
725 968 36 22 för
772 968 100 22 handeln
883 969 52 21 med
946 969 65 21 malt-

256 1002 104 28 drycker,
377 1002 79 21 hvilka
472 1002 81 21 endast
569 1001 116 22 innehålla
701 1010 28 13 en
745 1002 111 28 tredjedel
871 1003 57 21 eller
943 1004 69 27 högst

256 1036 89 21 hälften
362 1036 26 21 af
396 1036 170 22 ofvannämnda
576 1036 185 28 alkoholmängd,
770 1036 70 22 redan
856 1037 68 29 länge
932 1037 80 22 åtskil-

257 1070 47 28 liga
314 1070 161 22 restriktioner
486 1071 60 21 varit
556 1070 146 22 föreskrifna.
717 1070 86 22 Härtill
813 1071 103 22 kommer
927 1074 40 24 att,
978 1072 34 21 så-

258 1111 49 15 som
322 1104 79 28 kändt,
418 1104 173 22 alkoholhalten
607 1105 8 21 i
631 1104 28 22 de
674 1105 51 21 med
741 1105 81 22 socker
837 1106 44 22 och
896 1106 71 22 andra
978 1106 33 22 in-

257 1138 133 28 gredienser
397 1138 98 22 försatta
506 1138 219 30 spritblandningar,
735 1146 48 15 som
791 1140 96 21 allmänt
895 1140 7 21 i
912 1140 100 22 handeln

256 1172 142 22 förekomma
413 1172 73 22 under
502 1172 141 30 benämning
658 1173 25 22 af
695 1174 66 21 viner
772 1173 42 22 och
825 1174 37 22 till
872 1174 58 29 följd
941 1174 27 22 af
976 1174 36 22 sin

257 1206 159 28 prisbillighet
437 1207 63 21 finna
523 1207 93 28 åtgång,
632 1207 51 21 icke
699 1207 46 21 kan
760 1208 154 22 kontrolleras
929 1209 29 28 på
974 1216 38 14 an-

258 1243 42 19 nat
314 1242 47 20 sätt
376 1244 29 18 än
421 1248 84 20 genom
520 1241 154 21 anställandet
689 1241 26 22 af
728 1248 28 15 en
772 1242 140 28 omständlig
922 1242 90 22 kemisk

256 1275 87 27 analys,
360 1282 50 14 som
425 1274 70 22 redan
511 1275 37 21 till
562 1275 60 29 följd
637 1275 26 22 af
675 1275 44 22 den
735 1275 92 23 dermed
838 1276 109 22 förenade
958 1277 54 21 tids-

256 1308 94 26 utdrägt
366 1309 41 19 och
424 1309 99 20 kostnad
538 1310 116 26 svårligen
665 1310 46 20 kan
721 1310 25 20 få
755 1310 140 21 allmännare
906 1310 106 28 praktisk

256 1341 155 28 tillämpning.
443 1342 41 20 Om
507 1342 39 20 vid
570 1342 102 28 antydda
686 1342 145 22 förhållande
846 1343 100 22 handeln
960 1344 52 21 med

256 1375 138 29 rusdrycker
409 1375 26 22 af
448 1376 60 21 ända
524 1376 38 22 till
578 1379 26 20 12
620 1378 106 28 procents
742 1377 144 23 alkoholhalt
895 1378 116 22 lemnades

256 1410 37 27 fri,
318 1410 90 21 hvilket
431 1411 137 28 visserligen
587 1411 52 22 med
654 1411 95 29 hänsigt
764 1412 37 22 till
817 1413 28 22 de
860 1413 82 22 lättare
958 1413 54 22 äkta

257 1445 97 22 vinerna
369 1445 78 22 kunde
462 1447 23 20 te
502 1445 37 28 sig
553 1445 133 29 önskvärdt,
703 1446 76 23 blefve
795 1447 40 22 det
849 1448 26 21 så
889 1448 57 29 godt
962 1455 49 15 som
