1120 1742
832 134 24 19 21

483 202 11 27 8
510 203 33 19 40.

206 241 73 21 Skulle
295 240 248 28 fyllnadsutskrifningen
564 240 48 22 från
627 241 195 26 lottningsområde,
839 247 48 15 som

136 274 46 22 icke
205 275 80 21 lemnat
307 274 49 21 hela
378 274 36 21 det
435 275 138 26 erforderliga
589 276 99 25 beloppet
704 274 87 27 dugliga
806 274 81 26 hästar,

136 309 33 21 till
191 308 53 27 följd
266 308 23 21 af
309 308 69 22 tidens
392 309 109 27 knapphet
516 309 38 21 och
570 308 107 22 områdets
694 308 130 28 aflägsenhet
839 308 48 22 från

136 342 213 28 utskrifningsstället
370 343 47 21 icke
436 343 72 21 kunna
530 343 128 22 verkställas
680 343 57 21 inom
753 342 135 28 ofvansagda

137 378 36 24 tid,
196 378 53 21 eller
272 384 33 15 om
327 378 103 21 hästarna
444 378 47 21 icke
506 378 76 21 hunnit
597 378 56 20 inom
672 378 40 21 den
728 379 83 19 utsatta
826 377 60 22 tiden

135 412 104 26 inställas,
263 418 49 21 eger
334 412 229 27 utskrifningsnämden
585 412 52 27 fylla
655 412 82 21 bristen
753 412 47 21 med
817 411 70 22 öfver-

135 446 67 23 blifna
225 446 40 22 och
283 448 13 20 å
313 446 212 28 utskrifningsstället
540 447 84 26 jämlikt
639 446 11 28 $
666 447 26 21 38
708 446 124 27 qvarhållna
848 446 39 21 hä-

136 484 44 20 star
195 481 47 22 från
257 482 67 21 andra
340 482 108 21 områden.

479 545 12 27 $
507 546 34 20 41.

202 584 100 22 Anlända
319 585 33 20 för
367 584 224 27 fyllnadsutskrifning
606 584 89 21 afsedda
712 584 76 21 hästar
802 584 34 21 till
852 586 34 19 ut-

135 618 187 28 skrifningsstället
344 618 54 22 efter
421 619 39 21 den
483 619 24 21 af
527 618 232 27 utskrifningsnämden
774 618 112 22 bestämda

134 653 66 27 tiden,
216 660 48 14 men
280 653 64 21 innan
360 653 24 21 de
400 653 79 27 hästar,
494 653 72 21 hvilka
581 653 6 21 i
603 653 62 21 deras
680 653 64 21 ställe
759 652 46 22 från
816 652 70 22 andra

135 688 101 22 områden
252 687 126 27 utskrifvits,
388 688 69 21 blifvit
467 687 117 27 bortförda,
595 687 81 27 åligger
688 688 36 21 det
735 687 151 27 utskrifnings-

134 722 90 21 nämden
248 724 32 19 att
302 722 75 27 utbyta
400 722 26 21 de
448 722 22 21 af
490 722 66 21 sådan
579 722 65 21 orsak
658 721 109 22 utskrifna
782 722 104 21 hästarna

135 756 48 22 med
198 756 150 22 motsvarande
364 757 58 21 antal
437 756 23 22 af
474 756 25 22 de
515 756 78 22 efteråt
607 756 111 26 ankomna,
731 756 23 21 så
765 756 49 21 vida
826 756 59 21 detta

133 792 43 20 kan
198 791 38 21 ske
257 793 51 19 utan
325 792 33 20 att
373 790 39 22 den
428 791 33 21 för
476 793 147 25 emottagaren
639 790 66 28 enligt
720 790 53 22 hans
790 790 95 21 marsch-

134 828 49 19 ruta
205 826 32 20 till
260 825 100 27 uppehäll
380 826 13 20 &
408 824 211 27 utskrifningsstället
635 825 107 26 medgifna
757 825 31 21 tid
804 824 80 26 derige-

135 866 49 16 nom
200 859 149 22 öfverskrides.

478 923 12 27 8
505 924 35 20 42.

202 963 86 27 Hästar,
310 963 73 21 hvilka
405 963 28 27 pä
450 963 69 27 grund
534 963 24 21 af
571 963 24 27 $$
611 963 33 26 38,
660 963 34 26 39,
709 963 28 20 40
753 961 40 22 och
808 963 26 20 41
851 963 34 19 ut-

134 999 96 26 skrifvas,
251 998 60 21 skola
333 997 101 22 särskildt
455 997 34 22 för
511 998 32 26 sig
566 997 80 21 införas
661 997 7 20 i
683 996 202 27 utskrifningsläng-

135 1033 64 21 derna
221 1033 34 20 för
278 1033 25 20 de
324 1032 215 27 lottningsomräden,
562 1031 47 22 frän
625 1031 72 21 hvilka
714 1031 25 21 de
756 1030 128 21 utskrifvits.

243 1116 3 1 .
480 1096 11 27 8
507 1097 34 20 43.

201 1136 46 21 Har
268 1135 180 28 hästemottagare
470 1135 90 27 nödgats
583 1135 70 21 afresa
671 1135 47 21 från
734 1134 151 26 utskrifnings-

136 1171 79 26 stället,
238 1169 72 22 förrän
332 1170 49 21 hela
404 1169 36 22 det
461 1169 58 22 antal
534 1169 79 26 hästar,
630 1175 44 15 som
691 1167 193 28 uppbädsomrädet

134 1205 40 22 bör
196 1205 113 26 uppställa,
333 1204 94 28 anländt,
450 1204 52 21 eller
524 1204 78 21 uteblir
625 1206 146 25 emottagaren
787 1203 44 21 helt
846 1202 39 21 och

134 1238 72 27 hället,
222 1238 53 22 böra
290 1238 27 21 de
330 1237 109 22 utskrifna
453 1238 102 21 hästarna
570 1244 76 21 genom
662 1237 152 22 ordförandens
829 1237 7 20 i
851 1239 34 18 ut-

135 1273 207 27 skrifningsnämden
358 1272 83 28 försorg
456 1273 110 21 befordras
576 1273 33 21 till
620 1272 159 22 vederbörande
790 1274 94 24 trupper.

479 1336 12 28 8
506 1337 34 21 44.

202 1375 61 22 Efter
279 1376 91 21 slutförd
385 1375 128 27 utskrifning
529 1376 47 21 med
587 1378 32 18 ett
629 1375 192 26 lottningsomräde
832 1375 53 25 älig-

134 1415 38 22 ger
194 1409 234 27 utskrifningsnämden
449 1409 32 21 uti
497 1409 54 21 sista
565 1409 117 21 kolumnen
696 1408 24 21 af
733 1408 153 26 utskrifnings-

134 1445 119 27 längderna
267 1443 34 22 för
316 1443 73 28 hvarje
404 1443 59 22 klass
478 1445 52 26 göra
545 1443 92 27 följande
652 1443 165 27 anteckningar:
