1131 1770
307 147 28 21 20
499 147 27 22 U.
542 148 27 21 B.
584 159 28 4 —
627 147 72 27 Prop.
714 147 41 22 N:o
770 147 35 21 24.

279 202 92 21 berörda
385 202 59 26 fråga
458 203 7 21 i
480 203 131 21 sistnämnda
625 203 141 26 betänkande,
780 204 32 20 till
828 204 81 20 hvilket
923 203 106 21 utskottet

281 236 62 22 alltså
357 237 7 20 i
381 238 58 20 detta
453 236 99 22 afseende
567 238 32 20 får
613 237 95 21 hänvisa.

348 270 111 22 Utskottet
473 271 40 21 har
528 272 116 20 emellertid
660 272 18 26 ej
694 272 66 21 heller
774 272 49 21 med
838 272 100 21 afseende
952 272 14 20 å
980 277 49 21 nyss

280 305 91 21 berörda
391 306 88 26 jernväg
501 308 52 18 trott
575 306 32 26 sig
630 306 51 20 böra
702 306 118 21 framställa
834 306 80 26 förslag
928 312 35 14 om
977 305 52 21 visst

280 339 63 27 årligt
358 339 73 27 anslag
446 338 33 22 för
495 339 112 21 arbetenas
621 339 143 27 bedrifvande,
775 342 51 18 enär
840 339 105 21 ulskottet
960 340 70 20 ansett

281 373 110 21 utlåtande
412 373 7 20 i
442 373 75 21 sådant
539 374 54 26 syfte
612 374 52 20 böra
679 373 88 27 afgifvas
783 373 23 21 af
820 373 169 21 Statsutskottet.
1019 373 10 20 I

281 408 59 20 detta
361 407 152 27 sammanhang
535 408 35 21 vill
589 408 105 21 utskottet
713 408 54 21 dock
786 408 74 26 uttala,
876 410 32 19 att
928 410 51 19 enär
996 408 34 20 ut-

281 442 80 21 skottet
382 442 39 21 hos
443 442 118 21 Ständerna
582 442 68 21 funnit
673 442 31 27 sig
723 442 51 21 böra
793 442 107 28 tillstyrka
918 442 112 21 utförande

281 476 39 21 och
336 476 205 21 subventionerande
554 476 78 27 jemväl
647 476 22 21 af
682 477 66 20 andra
761 477 114 27 jernvägar
890 478 26 19 än
929 476 100 21 Keuru-—

281 510 240 28 Jyväskylä—Suolahti
544 511 69 21 banan
636 513 55 19 samt
709 511 27 21 då
754 511 36 21 det
805 511 84 27 belopp,
904 517 46 15 som
965 511 23 20 af
1004 511 26 20 de

281 545 33 21 för
330 545 222 27 jernvägsbyggnader
567 545 118 26 disponibla
699 546 83 21 medlen
800 546 42 20 kan
862 545 70 21 anslås
946 545 34 21 till
994 545 36 21 det

281 585 40 16 ena
347 579 51 21 eller
425 579 66 22 andra
513 579 104 28 företaget
639 580 67 21 måste
728 580 128 21 bestämmas
879 579 47 22 med
949 580 81 26 hänsyn

281 613 65 22 också
368 613 33 21 till
424 613 68 28 öfriga
514 614 23 21 af
555 614 118 21 Ständerna
692 614 98 21 beslutna
804 614 226 27 jernvägsbyggnader,

281 647 35 21 det
339 653 62 21 synes
423 647 105 22 utskottet
550 648 98 26 önskligt,
671 650 32 19 att
722 649 42 20 alla
778 648 158 28 anslagsfrågor
951 649 6 20 i
973 648 57 21 detta

282 681 101 22 afseende
399 682 64 21 måtte
478 682 6 21 i
500 684 30 19 ett
545 683 152 27 sammanhang
711 683 91 26 pröfvas.

348 843 50 20 Med
416 843 47 21 stöd
484 843 23 21 af
524 845 36 20 det
575 844 88 21 anförda
678 844 33 21 får
725 845 105 20 utskottet
846 844 62 22 alltså
923 845 108 20 vördsamt

281 875 87 22 föreslå:

486 925 33 19 att
539 923 126 21 Ständerna
679 924 51 21 ville
746 924 90 27 besluta,
852 926 33 19 att
900 924 132 21 omedelbart

417 956 55 28 efter
499 964 33 14 nu
552 958 113 27 pågående
683 958 243 28 jernvägsbyggnaders
947 958 82 27 slutfö-

418 991 69 21 rande
502 998 26 14 en
540 992 164 28 normalspårig
711 993 95 27 jernväg
817 992 57 22 skall
886 992 80 28 byggas
976 992 55 28 från

417 1025 80 21 Keuru
521 1026 84 21 station
626 1026 14 21 å
670 1026 56 22 Vasa
744 1027 96 27 jernväg
859 1026 36 22 till
909 1026 123 28 Jyväskylä

417 1060 50 20 stad
485 1062 58 19 samt
562 1062 32 19 att
610 1060 132 28 Ständerna,
754 1061 69 28 jemte
838 1062 108 20 anmälan
960 1063 33 19 att
1007 1061 25 21 de

417 1094 45 20 icke
481 1094 36 27 för
536 1095 73 21 denna
621 1095 60 27 gång
695 1095 87 21 kunnat
794 1096 119 27 godkänna
927 1096 105 27 förslaget

418 1134 35 14 om
474 1128 111 28 byggande
603 1129 29 27 af
647 1136 26 14 en
689 1129 57 21 bana
760 1130 56 27 från
832 1130 138 28 Suonenjoki
983 1132 47 19 sta-

418 1162 48 20 tion
482 1162 14 21 å
513 1162 106 22 Savolaks
628 1163 100 31 jernväg
740 1164 35 20 till
789 1164 76 27 Kuhjo
880 1164 38 21 vik
928 1164 38 21 vid
976 1164 53 21 Kei-

418 1196 45 26 tele,
480 1196 51 21 ville
550 1197 39 20 hos
604 1197 65 21 Hans
684 1197 122 28 Kejserliga
820 1198 105 27 Majestät
939 1197 93 22 anhålla

418 1231 33 18 att
473 1230 9 19 i
503 1232 30 18 ett
551 1230 109 21 samband
677 1232 49 19 med
740 1232 130 26 utförandet
884 1232 30 27 af
925 1232 105 21 Keuru-

417 1263 125 28 Jyväskylä
559 1265 94 26 jernväg
671 1271 27 14 en
712 1265 166 28 normalspårig
893 1265 58 21 bana
964 1265 68 22 måtte

419 1296 80 28 byggas
523 1297 55 27 från
603 1298 123 27 Jyväskylä
752 1299 36 20 till
811 1299 104 21 Suolahti
935 1299 37 21 vik
994 1299 38 21 vid

417 1329 95 26 Keitele;

485 1365 33 19 att
541 1364 126 22 Ständerna
689 1364 36 29 för
746 1366 148 27 förenämnda
910 1367 119 28 jernvägs-

417 1398 87 21 sträcka
529 1398 41 35 vill
593 1399 118 27 godkänna
736 1407 27 14 en
790 1400 192 23 kostnadssumma
1006 1402 30 28 af

420 1433 131 27 8,035,000
565 1434 75 26 mark;

353 1483 179 23 Jernvägsutskottets
544 1484 110 19 betänkande
665 1485 34 19 N:o
711 1486 18 17 2.
