1109 1775
256 135 33 36 20
421 139 82 23 Ständ.
520 138 37 24 Sv.
574 152 26 2 —
616 139 73 27 Prop.
703 139 43 22 N:o
760 138 36 23 31.

232 203 76 22 kande
331 204 56 22 eller
405 203 25 21 af
446 204 127 21 detsamma
588 202 120 23 meddelad
722 202 122 23 föreskrift
858 203 127 22 berörande

234 237 217 29 esplanadreglerna
462 238 52 22 icke
525 238 80 21 kunna
615 237 175 29 ifrågakomma,
807 237 56 21 Men
874 244 29 14 en
913 237 71 29 fråga,

234 279 48 16 som
298 272 100 22 kränker
414 272 92 22 enskild
520 279 97 22 persons
632 272 87 29 lagliga
734 273 52 27 rätt,
803 279 69 22 synes
883 272 57 22 böra
947 271 38 22 be-

233 307 79 22 dömas
335 306 25 22 af
381 306 44 22 den
448 306 60 22 enda
532 306 78 23 härför
635 307 150 28 kompetenta
810 306 174 29 myndigheten,

232 342 54 29 laga
308 341 106 22 domstol.
444 341 36 22 Då
502 341 138 30 stadgandet
662 341 92 29 säledes'
769 349 69 22 synes
854 341 80 22 kunna
947 340 39 22 be-

233 379 54 26 taga
302 377 92 21 enskild
408 383 85 22 person
508 377 57 21 hans
580 377 88 28 lagliga
685 378 47 19 rätt
749 378 35 20 att
799 376 57 29 sjelf
868 376 40 22 vid
924 377 62 21 dom-

233 411 46 22 stol
293 411 90 22 bevaka
398 411 50 22 sina
463 411 122 28 intressen,
601 411 41 22 der
656 411 46 22 han
718 412 85 28 ansåge
819 411 51 22 dem
886 411 8 21 i
908 411 78 28 någon

232 447 54 21 mån
301 445 106 29 kränkta,
422 445 76 22 tillåta
513 445 131 23 Ständerna
655 446 37 29 sig
702 445 8 22 i
720 445 187 29 underdånighet
917 445 69 22 fram-

232 481 73 22 hålla:

508 517 37 26 att,
560 516 53 21 enär
620 515 150 28 stadgandena
778 515 34 22 uti
821 515 67 28 tredje
895 522 91 15 momen-

439 551 29 20 tet
488 550 26 28 af
530 550 46 26 18
591 549 8 22 i
613 549 103 30 förslaget
730 550 33 21 till
777 550 131 29 kungörelse,
924 550 62 22 inne-

438 585 102 29 fattande
562 585 134 29 föreskrifter
717 585 37 22 vid
776 585 168 29 tillämpningen
963 585 27 29 af

438 620 158 30 förordningen
619 627 33 15 om
670 620 189 29 inskränkningar
874 620 8 22 i
898 620 90 29 egande-

438 655 38 23 och
495 655 189 29 nyttjanderätten
702 655 33 23 till
753 656 45 28 fast
812 655 101 29 egendom
928 656 59 22 inom

436 690 224 30 fästningsesplanad,
687 697 65 22 synas
778 691 34 22 stå
834 692 8 21 i
863 691 56 22 strid
940 691 47 22 med

438 725 101 29 gällande
561 726 41 28 lag,
624 725 68 28 sagda
713 725 81 29 förslag
817 725 62 23 borde
898 726 9 21 i
921 726 65 28 ofvan

438 760 78 28 antydt
530 760 55 28 syfte
599 760 99 28 undergå
713 760 104 28 ändring.

302 828 117 29 Slutligen
434 836 55 14 anse
504 829 131 22 Ständerna
650 828 37 29 sig
702 829 56 21 böra
772 829 9 20 i
796 829 64 22 detta
876 837 112 14 samman-

233 863 63 29 hang
318 863 127 28 framhålla,
469 865 34 20 att
521 863 71 22 ofvan
610 863 151 22 omförmälda
776 863 76 29 regler
866 864 37 21 för
918 864 69 22 Svea-

233 897 71 30 borgs
320 897 234 30 fästningsesplanad,
571 905 84 22 genom
674 897 44 22 den
737 898 132 29 anordning
882 901 36 19 att
931 898 57 22 fäst-

235 932 209 29 ningsmyndighet
467 933 58 28 egde
550 932 126 23 öfvervaka
698 933 128 22 desammas
842 933 145 28 efterlefnad,

234 967 125 22 förutsätta
373 967 63 22 vissa
450 967 174 29 bestämningar
639 967 97 22 rörande
752 967 156 22 förbållandet
920 968 68 21 emel-

234 1002 38 21 lan
287 1001 294 30 fästningsförvaltningen
596 1003 14 20 å
624 1009 43 14 ena
682 1003 60 20 samt
756 1002 70 22 civila
836 1002 76 22 finska
922 1009 65 22 myn-

234 1036 106 29 digheter
356 1037 42 21 och
413 1036 169 29 befolkningen
593 1037 63 21 inom
668 1037 214 28 esplanadområdet
893 1038 14 21 å
918 1037 71 22 andra

234 1071 72 22 sidan.
336 1071 36 22 Då
392 1072 67 21 dessa
481 1071 174 29 bestämningar
678 1074 38 19 äro
740 1072 95 22 afsedda
854 1074 35 19 att
904 1072 84 29 gälla
978 1067 15 38 i

234 1105 225 23 Storfurstendömet
474 1106 43 22 och
532 1113 56 15 vara
602 1105 37 22 för
650 1106 52 21 dess
713 1106 141 22 innevånare
864 1107 122 28 bindande,

234 1144 25 18 är
274 1140 39 22 det
328 1140 146 29 nödvändigt
493 1142 34 20 att
545 1141 28 22 de
588 1140 103 22 utfärdas
707 1141 30 28 på
752 1143 45 20 sätt
813 1149 37 14 om
865 1141 76 22 finska
956 1142 31 21 la-

234 1183 41 21 gar
298 1175 43 22 och
362 1175 166 29 författningar
551 1179 25 19 är
600 1175 113 29 stadgadt.
744 1175 75 23 Också
836 1175 70 23 hafva
920 1176 68 22 Stän-

234 1210 72 22 derna
328 1210 114 22 inhemtat
464 1212 35 19 att
517 1210 4 22 i
537 1210 101 22 Senaten
656 1210 168 22 förberedande
842 1211 95 21 arbeten
952 1211 36 22 för

234 1244 203 22 åstadkommande
456 1244 26 22 af
498 1252 29 14 en
541 1245 9 21 i
565 1244 82 22 sådant
666 1244 109 22 afseende
790 1245 137 29 erforderlig
942 1246 46 22 för-

233 1279 105 29 fattning
353 1282 39 18 äro
408 1280 14 20 &
435 1280 66 21 bane.
530 1280 12 21 I
558 1279 59 29 följd
632 1279 26 21 af
666 1280 84 21 sakens
762 1279 161 23 beskaffenhet
930 1280 58 22 före-

234 1314 76 27 ligger
325 1314 130 20 emellertid
470 1313 44 21 den
526 1314 123 28 möjlighet
662 1315 34 19 att
707 1313 175 28 ifrågavarande
890 1314 98 22 bestäm-

234 1347 83 28 ningar
339 1347 78 21 kunde
439 1347 95 21 komma
555 1349 35 19 att
607 1347 94 28 ingripa
713 1348 9 21 i
736 1347 76 22 finska
826 1347 162 30 medborgares

232 1380 135 29 personliga
388 1381 72 22 frihet
484 1381 44 22 och
546 1381 66 22 deras
629 1381 87 30 lagliga
733 1381 138 30 rättigheter
886 1382 8 21 i
910 1382 78 29 öfrigt.

234 1415 47 22 För
296 1416 26 22 så
336 1415 52 22 vidt
409 1415 64 23 detta
495 1415 78 24 blefve
591 1416 72 29 fallet,
679 1416 104 23 erfordra
798 1417 67 22 dessa
880 1417 107 29 stadgan-

232 1450 44 22 den
292 1451 37 22 för
345 1450 37 22 sin
396 1451 112 29 giltighet
520 1451 141 22 Ständernas
677 1451 147 23 medverkan.
856 1452 130 23 Ständerna
