1114 1750
431 157 54 23 N:o
502 156 52 24 26.

324 397 76 25 Hans
417 398 182 32 Kejserliga
618 398 155 32 Majestäts
791 398 81 33 nådiga

256 444 139 32 proposition
413 444 35 25 till
465 444 103 25 Finlands
586 445 102 32 Ständer,
706 445 115 32 angående
834 445 38 26 be-

257 490 98 31 viljande
374 490 26 25 af
415 491 89 31 garanti
522 491 37 24 för
576 491 103 24 Finlands
696 491 176 32 Hypoteksföre-

256 535 63 32 nings
338 535 119 26 utländska
474 535 45 26 lån.

188 603 71 22 Sedan
281 604 103 22 Finlands
406 605 210 27 Hypoteksförening
637 612 75 20 genom
733 605 65 27 nådig
813 611 58 15 reso-

120 638 71 21 lution
213 638 24 21 af
258 638 40 21 den
323 639 27 21 24
372 639 90 21 Januari
480 640 53 21 1863
549 639 85 22 erhållit
648 639 99 22 tillstånd
763 641 33 20 att
811 640 13 20 å
839 641 33 20 ut-

120 672 94 22 rikesort
236 674 111 26 negociera
370 675 32 20 ett
424 674 35 21 län
476 674 23 21 af
512 674 62 27 högst
590 675 111 25 7,500,000
717 674 60 22 rubel
793 674 79 26 silfver,

121 708 150 21 motsvarande
293 709 128 26 30,000,000
444 708 68 22 finska
534 709 66 27 mark,
624 710 38 25 att,
679 710 6 20 i
701 708 81 22 sådana
801 710 72 26 poster

120 742 40 21 och
175 743 13 20 å
204 742 25 21 de
245 742 125 27 tidpunkter
392 742 122 28 föreningen
537 744 65 20 funne
624 743 122 27 lämpligast
768 743 39 21 och
830 743 42 21 för-

121 776 122 27 mänligast,
267 776 105 28 indragas,
395 780 55 19 samt
465 778 103 21 Finlands
584 778 97 27 Ständer,
697 778 6 21 i
720 778 114 26 anledning
850 777 24 21 af

123 810 48 22 dem
187 811 34 21 vid
247 811 140 22 1863—1864
410 813 62 20 ärens
488 812 101 28 landtdag
604 812 96 27 förelagd
715 812 66 27 nädig
795 818 77 21 propo-

121 844 64 22 sition
201 845 6 21 i
223 846 77 26 ämnet,
323 846 88 27 beviljat
432 846 234 27 Hypoteksföreningen
690 846 76 21 ansökt
790 846 83 27 garanti

121 878 34 22 för
176 878 137 28 uppfyllande
337 880 23 21 af
374 880 26 22 de
414 880 147 28 förbindelser,
577 880 123 28 föreningen
715 880 71 22 kunde
802 880 72 22 ikläda

120 913 34 27 sig
176 913 35 22 vid
234 914 135 27 upptagande
393 914 12 22 å
427 914 118 22 utrikesort
567 915 23 21 af
611 915 138 21 förenämnda
771 914 41 28 län,
835 914 39 22 har

120 948 243 28 Hypoteksföreningen,
388 948 54 22 efter
457 949 73 27 hvarje
546 949 54 27 gäng
616 950 71 21 dertill
702 950 114 21 utverkadt
830 949 44 21 till-

121 982 65 22 ständ
209 983 38 21 och
269 983 205 28 garantiförsäkran,
498 984 56 21 inom
578 984 36 22 det
637 984 90 21 sälunda
743 984 131 27 begränsade

120 1018 107 26 beloppet,
243 1018 67 21 under
326 1018 163 22 nedannämnda
505 1019 55 21 tider
575 1020 6 20 i
597 1019 97 21 utlandet
709 1018 165 28 uppnegocierat

122 1051 94 27 följande
232 1052 41 27 län,
288 1053 118 27 nämligen:

191 1087 21 27 1)
236 1088 25 20 år
284 1088 60 25 1865,
369 1087 41 21 den
434 1088 26 21 15
475 1088 64 26 Mars,
556 1089 112 26 3,000,000
684 1088 70 21 thaler
769 1090 58 19 emot
841 1089 33 19 ut-

120 1121 103 22 färdande
239 1121 24 21 af
276 1122 84 27 41/0,
376 1122 151 27 obligationer;

190 1156 23 27 2)
237 1155 24 22 är
282 1157 54 20 1884
352 1156 41 21 den
411 1158 8 20 1
438 1156 124 28 September
580 1158 125 25 12,000,000
720 1156 61 28 tyska
796 1156 78 22 reichs-

122 1190 61 21 mark
202 1190 78 27 jemväl
304 1193 57 19 emot
376 1191 86 28 41/,%/,
485 1191 147 27 obligationer,
652 1191 81 21 hvilket
748 1191 36 21 län
799 1191 76 21 främst

122 1225 69 21 skulle
206 1225 108 21 användas
329 1225 33 21 till
378 1225 150 28 konvertering
544 1226 22 21 af
579 1226 248 27 Hypoteksföreningens
842 1226 32 21 till

123 1259 76 26 belopp
223 1259 23 21 af
267 1260 80 21 inemot
370 1261 114 25 9,000,000
498 1260 71 21 finska
584 1260 61 21 mark
661 1259 27 22 dä
702 1261 125 20 utestäende
843 1261 31 20 in-

123 1293 90 21 hemska
235 1294 48 26 5”,
306 1293 142 28 obligationer
471 1295 38 21 och
534 1295 122 21 återstoden
679 1295 109 21 emitteras
812 1295 6 20 i
835 1294 40 22 den

123 1328 50 20 män
189 1327 134 28 föreningens
340 1328 97 28 utläning
451 1329 77 21 sädant
543 1329 123 27 päkallade;
683 1331 56 19 samt

192 1363 22 26 3)
239 1362 24 21 är
280 1364 53 20 1887
359 1363 40 21 den
417 1364 25 20 15
457 1363 60 21 Mars
534 1364 112 26 7,800,300
661 1364 61 26 tyska
737 1364 138 25 reichsmark,

122 1396 82 21 hvilket
226 1395 35 21 län
285 1397 174 26 uppnegocierats
482 1398 57 20 emot
561 1396 49 26 49/,
628 1396 140 27 obligationer
783 1396 39 22 och
838 1403 37 14 an-

123 1430 76 21 vändts
215 1429 33 21 för
262 1430 151 27 konvertering
428 1430 23 21 af
465 1430 35 22 det
516 1430 134 21 äterstäende
668 1430 92 28 oguldna
774 1430 100 27 beloppet

123 1464 24 22 af
160 1464 141 22 omförmälda
319 1466 53 20 1865
388 1465 35 21 års
439 1466 49 26 41/,
498 1466 28 26 */,
543 1465 114 21 utländska
672 1465 42 21 län.
