1120 1742
258 146 26 19 22

298 212 24 26 a)
338 218 34 14 om
396 210 82 22 antalet
495 210 80 27 hästar,
591 216 46 15 som
652 210 116 22 levererats
783 210 33 21 till
832 211 148 25 emottagaren

229 246 40 21 och
284 246 100 26 beloppet
400 245 22 21 af
436 244 34 22 för
485 244 47 22 dem
547 244 112 22 bestämda
674 244 154 27 ersättningar;

298 280 22 27 b)
336 279 104 21 huruvida
456 279 48 21 hela
519 280 36 20 det
570 278 27 28 på
609 278 96 22 området
716 278 109 22 fördelade
836 278 81 22 antalet
927 278 53 22 kun-

228 316 39 20 nat
282 314 93 22 derifrån
392 314 95 21 erhållas
502 314 39 21 och
556 314 7 21 i
579 314 89 20 motsatt
685 313 37 21 fall
738 314 36 20 det
790 313 67 26 antal,
873 318 46 16 som
933 312 47 22 icke

229 348 89 27 utfätts;

298 384 22 26 e)
335 382 109 28 angående
468 382 35 22 det
525 383 58 21 antal
605 382 80 27 hästar,
705 388 45 16 som
766 382 116 22 levererats
897 381 85 23 utöfver

231 418 36 22 det
288 417 106 22 utskrifna
415 418 82 21 antalet
513 418 6 20 i
534 417 52 27 följd
602 416 60 22 deraf
676 419 32 19 att
723 417 67 21 andra
806 416 176 28 lottningsomrä-

230 452 41 22 den
286 452 46 21 icke
347 451 97 27 fullgjort
459 452 32 21 sin
507 452 106 25 leverans;
630 453 54 19 samt

299 486 24 27 d)
339 485 92 22 rörande
454 486 81 21 antalet
558 486 79 26 hästar,
652 491 45 15 som
712 485 91 27 uttagits
818 485 95 21 oskodda
929 484 52 22 eller

229 523 53 19 utan
293 520 93 27 grimma
402 520 38 22 och
456 519 119 28 grimskaft,
592 519 109 22 äfvensom
716 525 96 16 summan
827 519 23 21 af
864 520 25 21 de
905 519 7 21 i
928 518 53 28 följd

229 555 63 21 häraf
314 554 73 28 gjorda
412 554 74 28 afdrag
508 554 47 22 frän
571 554 36 22 det
622 554 115 22 faststälda
752 554 230 27 ersättningsbeloppet

230 590 41 21 och
294 589 54 21 huru
372 589 84 27 mycket
471 589 33 21 till
519 589 197 27 hästemottagaren
731 588 79 27 erlagts
825 588 34 22 för
875 588 107 22 ombesör-

228 624 65 27 jande
308 623 23 21 af
344 624 113 21 hästarnas
473 623 96 27 skoning.

299 658 41 20 Det
363 664 39 15 ena
425 658 131 26 exemplaret
575 658 23 21 af
611 657 257 27 utskrifningslängderna
883 656 99 22 äterlem-

230 699 38 14 nas
284 691 53 21 härä
353 692 32 21 till
403 692 234 26 besigtpingsnämdens
652 691 134 22 ordförande.

575 755 12 27 8
603 756 34 20 45.

300 794 149 22 Ordföranden
465 795 6 20 i
488 794 230 27 utskrifningsnämden
733 794 80 28 åligger
829 796 32 20 att
875 794 49 21 med
934 794 47 21 der-

230 830 34 21 till
280 829 22 22 af
315 829 138 22 Guvernören
470 829 100 22 anvisade
585 829 69 21 medel
668 829 98 21 utbetala
781 829 18 27 ej
817 829 82 21 mindre
909 828 73 22 veder-

230 864 95 21 börande
341 864 113 25 hästegare
471 863 161 22 tillkommande
650 863 149 27 godtgörelser
813 863 34 21 för
861 862 121 28 utfordring

230 898 24 21 af
275 898 80 27 hästar,
379 897 72 22 hvilka
471 897 70 22 blifvit
556 897 12 22 ä
583 897 213 27 utskrifningsstället
811 897 124 27 gvarhällna
949 899 33 20 ut-

230 932 59 22 öfver
313 933 46 21 dei
377 932 24 27 $$
424 933 26 20 33
478 932 37 21 och
538 933 27 20 34
580 933 6 20 i
602 932 62 27 lagen
679 938 33 15 om
728 931 129 28 utskrifning
872 931 23 22 af
909 932 73 21 hästar

231 967 87 27 angifna
341 967 62 26 tider,
426 969 27 18 än
476 966 144 22 kostnaderna
636 966 32 21 för
683 967 138 21 anskaffande
837 966 22 21 af
872 967 110 21 bristande

230 1002 107 27 grimmor,
353 1001 113 27 grimskaft
481 1001 38 22 och
535 1002 56 21 skor.

575 1065 12 27 8
603 1065 33 20 46.

300 1105 69 21 Sedan
387 1104 298 27 utskrifningsförrättningen
696 1104 103 27 slutförts,
811 1110 50 21 eger
870 1105 112 21 ordföran-

230 1140 41 21 den
286 1139 7 21 i
309 1138 234 27 utskrifningsnämden
568 1138 150 27 ofördröjligen
733 1145 75 21 genom
824 1139 104 27 telegram
944 1145 38 15 un-

231 1174 94 21 derrätta
347 1173 147 26 Guvernören,
510 1173 105 21 huruvida
631 1175 146 25 emottagaren
793 1173 86 22 erhållit
894 1174 36 21 det
945 1173 36 22 be-

230 1207 84 22 stämda
329 1207 82 21 antalet
431 1207 74 22 hästar
520 1208 56 20 samt
590 1207 54 21 huru
659 1208 77 27 många
752 1207 23 22 af
788 1207 73 28 hvarje
876 1208 58 21 klass
949 1207 33 22 till

230 1243 78 20 honom
324 1241 158 22 öfverlemnats.
504 1242 79 21 Finnes
599 1242 18 27 ej
629 1241 169 28 telegrafstation
809 1241 12 22 å
831 1242 151 27 utskrifnings-

230 1276 80 25 stället,
332 1276 40 20 bör
394 1276 169 21 underrättelsen
587 1277 49 20 med
658 1276 75 20 stafett
755 1276 111 20 befordras
885 1277 32 19 till
933 1277 49 19 när-

230 1311 68 19 maste
314 1309 175 26 telegrafstation.

576 1372 11 27 8
603 1373 34 20 47.

298 1411 60 22 Inom
382 1411 80 28 fjorton
485 1412 66 26 dagar
574 1412 54 22 efter
650 1412 36 21 det
708 1411 157 29 utskrifningen
884 1412 34 21 för
933 1412 49 22 hela

231 1446 195 28 uppbädsomrädet
449 1446 100 21 afslutats
571 1447 56 21 skall
649 1446 142 22 ordföranden
809 1447 8 21 i
831 1446 151 28 utskrifnings-
