1109 1767
462 158 44 24 N:o
522 160 38 22 30.
846 158 12 21 3

136 224 67 27 sagde
217 224 47 28 lags
278 224 160 28 bestämningar
452 232 34 15 om
498 225 53 27 dem,
562 232 44 16 som
618 228 38 20 äro
668 226 156 21 underkastade
835 226 55 21 finsk

136 258 112 27 straffrätt,
271 258 33 22 för
320 261 33 19 att
368 259 26 21 de
410 260 6 20 i
432 260 245 26 Brysselkonventionen
694 260 97 27 åsyftade
806 260 83 27 förbry-

136 292 68 22 telser
219 292 35 22 må
268 293 72 21 kunna
354 294 7 20 i
376 293 90 21 Finland
482 294 116 27 bestraffas,
614 294 7 21 i
637 294 36 21 det
686 294 37 21 fall
734 296 32 19 att
778 294 57 27 dylik
846 294 43 21 för-

135 326 89 28 brytare
239 326 39 22 här
294 329 106 25 ertappas.

205 361 43 21 Det
270 362 40 20 har
332 362 119 21 emellertid
473 362 47 22 icke
540 362 107 22 befunnits
663 362 179 27 ändamålsenligt
857 364 33 19 att

136 396 32 20 uti
184 396 36 20 det
242 395 162 27 lagstadgande,
427 402 45 15 som
495 396 89 22 sålunda
606 396 102 27 påkallas,
728 399 94 24 upptaga
838 396 52 21 eller

136 429 90 21 hänvisa
240 429 33 21 till
283 429 164 27 Brysselaktens
458 430 161 27 ifrågavarande
630 430 165 27 bestämningar,
806 430 83 21 hvilkas

136 463 136 27 varaktighet
288 465 23 19 är
327 464 57 21 oviss
399 464 39 21 och
453 470 45 15 som
514 464 34 21 för
563 464 63 27 öfrigt
642 465 46 21 icke
700 471 40 20 ega
750 464 70 27 någon
832 470 57 16 ome-

137 497 74 21 delbar
233 497 109 27 betydelse
365 498 34 21 för
420 498 96 27 Finland,
540 501 51 19 utan
607 499 40 21 har
662 499 130 26 stadgandet
807 500 82 19 ansetts

135 531 55 21 böra
204 530 81 22 erhålla
300 531 67 22 sådan
383 532 130 21 allmännare
529 532 111 27 affattning
654 534 32 19 att
701 532 55 21 finsk
767 532 35 27 lag
812 538 76 21 genom

136 565 119 21 detsamma
277 565 134 22 förklarades
433 567 115 27 tillämplig
562 567 7 21 i
584 567 73 27 hvarje
680 566 38 21 fall
734 566 27 21 då
776 566 113 22 icke-finsk

135 605 50 16 man
208 602 59 19 utom
289 601 72 26 Ryska
384 601 66 20 rikets
466 601 86 21 område
567 604 45 19 mot
627 608 70 14 annan
712 601 111 21 icke-finsk
839 607 48 15 man

135 633 94 22 föröfvat
252 634 76 22 sådant
342 635 65 26 brott,
423 634 33 22 för
470 635 82 22 hvilket
567 635 42 22 han
625 635 67 27 enligt
706 635 88 27 fördrag
809 635 78 21 mellan

135 668 106 27 Ryssland
257 669 40 21 och
307 669 132 21 främmande
451 670 65 25 makt,
528 669 54 22 skall
592 670 57 21 inom
660 669 72 28 Ryska
744 670 56 21 riket
807 669 81 22 dömas.

204 703 61 21 Hans
287 703 120 27 Kejserliga
427 704 101 26 Majestät
542 704 39 21 har
596 704 28 27 på
638 704 69 27 grund
722 703 65 22 häraf
799 704 7 21 i
822 703 66 22 nåder

135 737 58 22 velat
208 737 33 22 till
257 737 130 22 Ständernas
402 739 120 26 antagande
538 739 129 21 öfverlemna
682 738 94 27 följande

342 835 100 27 Förslag
458 835 28 21 till
502 835 123 27 förordning,
638 835 106 27 angående
754 835 134 27 tillämpning,

274 869 4 21 i
294 869 58 22 vissa
366 870 41 27 fall,
422 869 22 22 af
459 870 53 21 finsk
527 870 31 27 lag
574 870 13 21 å
597 870 107 21 icke-finsk
714 875 53 21 man,
778 875 44 16 som
834 869 53 22 utom

273 904 66 27 Ryska
354 904 64 21 rikets
433 904 83 22 område
531 905 87 21 föröfvat
633 904 54 21 brott
703 905 41 20 mot
756 910 66 15 annan
834 904 53 21 icke-

272 938 52 21 finsk
340 944 53 15 man.

205 1000 73 22 Såsom
301 1001 77 27 tillägg
400 1001 32 22 till
456 1001 55 22 hvad
526 1001 7 21 i
548 1001 122 27 strafflagen
693 1003 24 19 är
736 1001 102 27 stadgadt
853 1007 34 15 om

135 1034 55 27 dem,
206 1041 46 15 som
266 1037 38 20 äro
320 1036 158 21 underkastade
488 1036 55 21 finsk
553 1036 111 26 straffrätt,
675 1035 77 22 varder
764 1036 123 26 härigenom

135 1068 137 23 förordnadt:

202 1103 46 22 Har
270 1103 112 22 icke-finsk
404 1111 47 14 man
474 1107 58 19 utom
554 1105 73 26 Ryska
648 1104 76 21 Rikets
740 1104 88 21 område
843 1107 45 18 mot

135 1144 71 15 annan
221 1137 111 22 icke-finsk
348 1145 50 14 man
412 1138 92 22 föröfvat
520 1138 76 22 sådant
611 1139 65 27 brott,
692 1138 33 21 för
740 1139 82 20 hvilket
838 1139 48 25 han,

136 1172 67 27 enligt
224 1172 87 27 fördrag
334 1173 78 21 mellan
427 1173 105 27 Ryssland
548 1173 38 22 och
602 1173 133 22 främmande
750 1173 66 26 makt,
832 1173 55 21 skall

135 1207 57 21 inom
215 1206 73 27 Ryska
310 1207 65 22 Riket
398 1207 79 28 dömas,
500 1208 39 21 och
553 1207 67 22 finnes
636 1208 42 21 han
693 1208 123 21 sedermera
830 1207 57 21 inom

134 1241 100 26 Finland,
256 1241 65 21 varde
343 1241 43 21 han
401 1241 145 22 underkastad
561 1242 44 21 åtal
621 1242 35 21 vid
670 1241 54 22 finsk
741 1239 91 24 domstol
848 1241 39 21 och

134 1275 56 21 finsk
204 1275 36 27 lag
255 1275 12 21 å
282 1275 78 22 honom
375 1276 120 27 tillämpad.

408 1338 11 20 I
433 1337 73 22 Nåder
520 1338 101 26 godkänd
635 1338 7 21 i
658 1337 32 22 S:t
705 1338 131 27 Petersburg
847 1338 40 22 den

341 1372 28 21 22
384 1372 105 21 Februari
506 1373 59 21 1894.

313 1421 290 23 Ministerstatssekreterare
618 1423 27 21 W.
661 1428 37 15 von
714 1422 101 22 DAEHN.
