1114 1767
265 162 12 19 2
452 160 29 22 U.
497 161 28 21 B.
541 173 26 3 —
583 160 74 28 Prop.
672 160 45 22 N:o
733 160 38 22 26.

235 221 84 21 bereda
333 221 66 21 dessa
408 221 92 21 tillfälle
509 221 36 21 till
553 221 39 21 lån
607 224 49 19 mot
670 221 137 29 inteckning
815 222 30 28 på
853 222 86 21 sådana
946 221 45 22 vil-

235 255 42 21 kor
292 257 40 25 att,
343 255 75 21 derest
429 255 63 22 vissa
502 255 139 22 föreskrifna
656 255 73 28 årliga
744 255 175 29 inbetalningar
925 255 66 22 verk-

235 289 86 27 ställas,
336 289 65 21 lånet
415 289 62 21 inom
493 289 46 22 viss
551 289 34 22 tid
595 292 133 19 amorteras.
758 289 131 30 Kejserliga
900 290 92 22 brefvet

235 323 45 21 den
304 324 25 21 19
349 323 51 29 juni
424 324 61 26 1860,
501 323 150 28 hvarigenom
668 323 259 29 Hypoteksföreningen
943 324 48 21 till-

234 357 145 22 försäkrades
401 357 113 22 särskilda
538 357 116 22 förmåner
670 358 8 21 i
693 357 136 22 afseende
814 353 15 38 å
845 358 146 29 brefvexling

235 392 52 21 med
309 391 168 30 myndigheter,
501 392 138 27 portofrihet
660 399 30 14 m.
706 400 36 18 m.,
757 392 104 22 innehöll
877 393 69 21 äfven
962 400 29 14 en

236 426 145 29 bestämning
403 426 84 27 derom,
511 428 36 19 att
568 426 137 29 föreningen
728 427 9 21 i
757 427 42 22 och
815 427 36 22 för
866 427 36 22 sin
917 427 73 22 första

234 461 157 28 organisation
411 461 43 21 och
469 461 30 28 på
515 461 40 21 det
571 463 34 19 att
620 460 137 29 föreningen
773 461 36 22 till
824 461 166 29 förvaltnings-

233 495 165 22 kostnadernas
424 495 151 22 bestridande
602 495 44 22 och
670 495 165 22 länerörelsens
860 496 131 29 tillbörliga

233 529 181 22 underhållande
429 529 53 22 med
496 529 56 22 flere
563 529 120 28 tillfälliga
694 529 71 22 behof
772 530 51 21 icke
834 531 72 20 måtte
916 530 75 21 sakna

233 563 44 22 lätt
307 563 131 29 disponibla
465 563 83 22 fonder
573 563 74 22 skulle
670 563 26 22 af
715 564 45 21 den
782 565 73 21 under
876 565 114 21 Finlands

233 598 72 21 banks
321 597 144 29 förvaltning
484 597 76 22 stälda
574 598 120 29 primitiva
708 598 98 22 fondens
821 599 169 22 ränteinkomst

233 632 88 29 årligen
339 633 8 20 i
362 632 33 21 tio
411 633 25 20 år
451 633 74 20 såsom
541 632 38 21 lån
595 631 26 22 få
635 632 60 29 lyfta
712 634 75 26 15,000
802 633 72 28 rubel,
890 637 98 18 motsva-

232 666 71 22 rande
326 667 77 27 60,000
424 666 71 26 mark,
521 666 91 22 hvilket
633 666 38 22 lån
687 667 26 21 af
725 666 137 30 föreningen
877 668 62 28 finge
955 668 35 21 ät-

232 701 77 28 njutas
331 700 8 22 i
361 700 33 22 tio
417 701 25 21 år
463 700 102 28 sålunda,
591 703 35 20 att
646 701 137 29 föreningen
803 702 74 21 under
899 702 29 22 de
943 702 46 22 fem

232 735 72 21 första
326 735 54 21 åren
403 734 114 22 befriades
539 736 56 21 från
617 736 30 21 all
662 736 187 29 räntebetalning
864 740 60 18 samt
940 737 50 21 der-

233 770 58 22 efter
305 769 77 22 erlade
400 771 12 19 4
428 770 27 27 ?/,
471 770 60 28 årlig
549 773 72 19 ränta.
650 770 66 22 Efter
731 773 35 19 att
781 770 70 22 hafva
867 771 44 21 den
929 773 8 19 1
957 771 31 21 fe-

232 804 77 22 bruari
325 805 54 21 1862
394 804 63 21 trädt
471 804 8 21 i
494 804 149 22 verksamhet
658 804 135 30 begagnade
808 806 36 28 sig
855 806 135 28 Hypoteks-

231 838 137 28 föreningen
384 838 26 22 af
422 838 45 22 den
482 838 138 30 föreningen
637 839 8 21 i
656 838 51 22 dess
717 840 141 28 reglemente
869 840 121 28 medgifna

231 872 141 29 rättigheten
395 875 34 19 att
451 872 36 22 för
508 873 153 21 bedrifvande
682 874 26 20 af
727 874 36 20 sin
783 874 206 28 utlåningsrörelse

232 906 110 22 förskaffa
363 907 36 28 sig
417 907 88 28 kapital
527 914 85 22 genom
633 907 138 22 utfärdande
787 908 27 21 af
826 908 163 29 obligationer,

231 941 80 22 hvilka
326 940 137 29 föreningen
472 941 129 29 föryttrade
610 942 63 21 inom
681 942 85 22 landet.
781 942 36 22 De
827 943 97 21 sålunda
933 943 57 29 hop-

231 975 82 29 bragta
334 975 91 21 medlen
448 975 122 22 utlånades
593 978 48 19 mot
663 984 28 13 en
713 976 108 22 faststäld
842 977 107 21 annuitet
963 977 27 21 af

231 1011 12 20 6
254 1010 33 27 %/o,
303 1008 85 22 hvaraf
403 1010 12 20 5
428 1010 27 26 ?/,
470 1010 113 28 utgjorde
597 1012 74 24 ränta,
688 1011 27 27 '/,
725 1011 28 27 */
768 1010 219 30 förvaltningskost-

230 1043 157 29 nandsbidrag
403 1046 59 18 samt
477 1044 27 27 3/,
515 1045 27 26 ?/,
554 1044 153 28 amortering
700 1039 14 37 ;
718 1045 43 21 och
771 1052 42 14 var
823 1045 80 21 länens
914 1053 73 14 amor-

230 1078 77 28 tering
322 1077 117 22 beräknad
455 1080 34 19 att
503 1081 56 25 taga
574 1079 9 21 i
597 1079 100 28 anspräk
712 1080 27 20 40
755 1079 30 22 är.
812 1080 37 21 Dä
864 1080 39 21 det
918 1080 68 21 emel-

230 1111 69 22 lertid
321 1113 72 20 mötte
415 1111 143 29 svärigheter
583 1115 35 19 att
633 1113 82 21 endast
729 1121 84 21 genom
828 1114 119 21 anlitande
963 1114 26 21 af

231 1145 116 22 inhemskt
369 1145 88 29 kapital
479 1146 124 29 tillgodose
623 1147 149 28 föreningens
787 1148 73 22 behof
873 1149 26 21 af
911 1149 75 21 ökade

231 1179 248 29 penningetillgångar,
503 1180 85 22 beslöts
613 1183 34 20 att
668 1181 9 21 i
699 1181 104 30 enlighet
817 1182 52 22 med
884 1183 101 21 förenin-

231 1221 55 22 gens
309 1214 140 29 reglemente
472 1215 55 21 söka
545 1215 97 22 utverka
658 1215 82 29 nådigt
755 1216 106 22 tillstånd
876 1217 37 21 till
928 1224 57 22 upp-

230 1248 100 28 tagande
353 1248 26 21 af
399 1248 39 21 lån
460 1249 13 20 å
491 1249 88 22 utrikes
596 1252 40 19 ort.
667 1249 88 22 Genom
772 1251 71 28 nådig
857 1251 126 22 resolution

231 1282 25 21 af
269 1282 43 21 den
336 1283 27 20 24
383 1282 94 28 januari
499 1285 54 20 1863
569 1283 74 22 tilläts
661 1283 137 30 föreningen
813 1285 122 28 negociera
950 1288 35 19 ett

229 1315 83 22 sådant
336 1315 39 21 lån
400 1318 34 18 att
458 1317 8 19 i
493 1316 76 21 skilda
595 1319 78 26 poster
698 1318 43 20 och
764 1319 13 20 å
799 1318 62 21 olika
876 1319 109 28 tidpunk-

230 1352 35 17 ter
285 1349 109 28 indragas
415 1349 36 21 till
474 1351 33 19 ett
528 1350 169 29 sammanlagdt
719 1351 82 29 belopp
825 1352 26 21 af
871 1354 113 25 7,500,000

229 1383 64 22 rubel
309 1378 7 39 —
329 1382 86 27 silfver,
451 1384 162 22 motsvarande
649 1386 128 27 30,000,000
807 1385 74 23 finska
911 1387 71 26 mark,

229 1417 88 29 egande
340 1417 148 29 föreningens
509 1418 118 23 direktion
649 1419 93 29 utgifva
764 1419 160 30 obligationer,
947 1422 36 29 ly-

229 1452 74 22 dande
327 1452 13 21 å
354 1452 121 21 utländskt
489 1455 74 26 mynt,
579 1453 37 22 till
630 1453 72 30 högre
717 1455 114 22 nominelt
847 1456 85 29 belopp
953 1460 30 19 än

297 1492 140 18 Statsutskottets
449 1493 110 19 betänkande
571 1494 36 18 N:o
621 1495 17 17 8.
