1128 1764
365 139 28 22 U.
409 139 27 22 B.
453 152 25 3 —
494 140 73 27 Prop.
583 140 42 22 N:o
641 140 38 21 28.
858 141 12 20 3

149 213 93 28 lämplig,
264 213 33 21 får
321 213 111 22 Utskottet
453 213 108 22 vördsamt
576 213 79 22 föreslå
669 215 32 19 att
715 213 118 21 Ständerna
848 213 50 21 ville

149 247 83 20 besluta

421 300 32 19 att
471 299 130 27 bemyndiga
617 299 83 20 landets
717 298 94 27 Styrelse
826 299 33 19 att
873 298 25 20 så

353 333 64 20 snart
432 332 129 27 tidpunkten
576 332 96 27 befinnes
687 331 97 28 lämplig,
801 331 38 22 och
849 331 50 22 med

354 366 112 21 anlitande
487 366 157 28 förnämligast
670 366 29 27 af
717 367 41 20 den
780 365 118 22 utländska

353 400 225 28 kapitalmarknaden,
594 402 96 26 upptaga
706 402 28 19 ett
742 399 156 28 amorterings-

354 434 39 21 lån
400 434 15 21 å
420 435 107 20 nominelt
534 435 89 21 aderton
627 434 103 27 miljoner
740 433 156 28 (18,000,000)

353 469 73 27 finska
440 469 63 20 mark
519 469 34 20 till
567 469 62 27 högst
642 469 53 26 fyra
709 470 101 25 procents
820 469 78 24 ränta;

422 504 33 19 att
480 503 35 20 till
542 503 134 21 bestridande
705 502 28 27 af
753 504 83 19 räntan
860 501 39 22 och

353 537 162 27 amorteringen
533 537 14 21 å
568 537 58 22 detta
642 537 38 21 lån
695 537 79 21 anvisa
789 538 29 19 ett
832 536 67 27 årligt

353 572 77 27 anslag
446 571 28 28 af
487 573 100 26 810,000
601 571 64 22 mark
678 571 54 28 från
747 571 152 22 kommunika-

354 606 151 27 tionsfondens
520 606 129 25 inkomster;
665 608 55 18 samt

422 642 30 19 att
473 641 25 20 de
511 647 78 21 genom
605 640 59 21 lånet
678 639 120 28 inflytande
813 640 85 20 medlen

353 674 60 21 skola
434 674 54 28 ingå
511 674 34 21 till
565 674 283 28 kommunikationsfonden
863 674 36 27 för

353 710 33 19 alt
407 709 115 20 användas
543 708 10 20 i
567 708 96 28 enlighet
676 708 48 20 med
738 708 160 21 nedanstående

352 742 157 28 utgiftsbudget
524 742 35 28 för
573 744 72 20 denna
659 742 61 28 fond.

216 810 112 22 Utskottet
342 810 39 22 har
395 811 7 20 i
418 810 107 28 budgeten
539 810 99 29 upptagit
653 810 68 21 lånets
736 810 113 21 nominella
859 809 38 21 be-

147 844 50 28 lopp
222 844 64 22 bland
307 844 147 28 tillgångarna,
476 847 23 25 ty
521 852 33 14 om
569 844 41 22 ock
625 844 68 28 någon
710 844 81 21 mindre
806 844 91 28 kapital-

147 878 71 22 rabatt
238 878 41 22 kan
302 878 66 22 varda
390 879 108 28 afdragen,
519 878 24 22 så
564 881 110 25 motväges
694 878 70 22 denna
779 878 119 28 säkerligen

147 920 46 14 mer
215 914 25 20 än
262 912 50 22 fullt
334 913 23 21 af
378 913 92 21 fondens
487 912 160 29 ofvanantydda
662 913 152 21 ränteinkomst
829 912 68 22 under

147 947 108 29 perioden,
277 947 86 22 hvilken
385 947 93 21 inkomst
492 947 48 21 icke
555 947 98 29 uppförts
668 948 7 20 i
690 946 112 28 budgeten,
818 946 27 22 då
859 946 38 22 det

147 983 23 19 är
185 981 108 28 vanskligt
308 984 31 18 att
354 981 27 29 på
395 981 92 21 förhand
502 983 95 19 närmare
614 981 91 21 beräkna
721 981 127 21 densamma.

396 1072 29 20 IH.
456 1072 191 29 Utgifterna.

215 1134 32 22 På
268 1134 92 22 förhand
382 1134 60 28 gifna
463 1138 73 25 poster
557 1136 36 20 äro
609 1136 146 20 annuiteterna
770 1134 12 22 å
797 1134 26 21 de
839 1134 58 21 äldre

145 1169 164 28 jernvägslånen
333 1169 40 21 och
394 1170 75 20 räntan
491 1170 32 20 till
543 1168 352 29 lagmanstingsgästningsfonden.

146 1203 43 22 Till
211 1203 63 22 dessa
295 1206 73 26 poster
389 1203 95 21 kommer
502 1204 121 21 annuiteten
639 1203 13 21 å
667 1204 37 20 det
717 1203 121 28 föreslagna
853 1210 42 21 nya

146 1237 64 22 lånet.
240 1238 35 20 Då
290 1238 70 21 denna
374 1239 96 20 annuitet
484 1238 7 20 i
508 1238 105 27 budgeten
628 1238 109 28 upptagits
752 1237 34 21 för
800 1237 53 21 fulla
860 1240 33 18 tre

146 1272 29 26 år,
197 1274 24 18 är
238 1272 58 21 detta
313 1272 73 27 anslag
401 1272 128 28 tillräckligt,
540 1272 63 21 äfven
619 1279 33 13 om
669 1271 145 28 lånetiblefve
829 1271 66 21 afslu-

145 1306 48 22 tadt
207 1306 66 22 redan
287 1306 69 21 under
370 1306 144 21 innevarande
529 1306 28 21 år.

214 1340 105 28 Anslaget
341 1340 13 20 å
369 1340 109 26 6,648,000
494 1340 59 20 mark
567 1340 32 21 till
615 1340 149 28 nybyggnads-
781 1340 40 20 och
837 1340 59 20 kom-

146 1374 212 29 pletteringsarbeten
380 1374 36 20 vid
433 1373 26 21 de
475 1374 58 20 äldre
549 1374 94 21 banorna
658 1376 54 19 samt
726 1374 33 21 till
774 1374 64 27 rörlig
853 1382 44 12 ma-

146 1407 61 21 teriel
230 1409 24 18 är
274 1407 65 21 redan
362 1406 23 21 af
407 1406 118 21 Ständerna
547 1406 119 29 godkändt;
689 1407 68 21 likaså
774 1407 95 28 anslaget
884 1406 13 21 å

145 1441 112 27 4,430,000
272 1441 60 21 mark
346 1440 33 21 till
394 1440 145 28 liqviderande
555 1441 22 20 af
592 1440 156 21 ofvanberörda
763 1441 98 21 förskott.

216 1481 139 18 Statsutskottets
370 1480 109 18 betänkande
493 1480 37 17 N:o
542 1481 25 17 10
579 1481 22 17 B.
