1103 1767
334 144 30 22 U.
380 144 27 21 B.
422 156 27 2 —
464 144 73 26 Prop.
552 143 40 22 N:o
607 144 35 21 24.
808 144 25 20 7

113 200 95 26 åsyftat,
223 200 54 22 eller
297 202 73 20 större
390 200 81 27 stadga
490 201 6 20 i
517 201 80 26 banan,
613 200 59 27 tagit
687 200 125 27 rälsvigten
827 200 35 21 för

115 236 54 25 tung
191 234 42 22 och
251 233 127 29 derigenom
396 234 5 21 i
421 234 73 28 någon
509 234 52 22 mån
577 235 91 26 onödigt
683 234 126 28 uppdrifvit
825 240 36 15 an-

113 268 283 28 läggningskostnaderna;
413 271 60 20 samt

182 303 41 25 6:0)
239 304 36 20 att
294 304 39 20 det
351 303 49 21 icke
419 308 53 17 vore
491 303 142 26 välbetänkt,
649 309 36 15 om
703 309 60 21 man,
780 303 36 21 vid
832 303 29 21 in-

113 336 93 23 förande
221 337 58 22 efter
294 338 60 21 hand
369 337 27 21 af
408 338 69 26 något
492 339 81 25 tyngre
588 331 66 38 räler,
669 331 74 38 skulle
758 338 104 21 använda

113 372 51 20 dem
185 372 8 20 i
214 372 186 27 jernvägsnätets
423 373 100 25 yttersta
545 378 87 21 grenar,
656 372 38 22 der
716 373 43 21 den
777 372 85 21 minsta

114 406 68 21 trafik
197 406 46 20 kan
258 407 108 25 emotses,
382 406 28 21 då
425 407 67 21 dessa
507 407 81 26 tyngre
604 406 58 22 räler
678 407 6 20 i
701 406 78 22 stället
795 406 67 22 borde

113 439 117 22 användas
252 439 14 22 å
288 439 87 22 sådana
397 439 112 27 bandelar,
533 446 48 15 som
604 440 68 21 redan
694 446 31 15 nu
743 440 54 21 eller
812 441 7 20 i
835 446 27 15 en

115 479 53 16 snar
183 473 93 22 framtid
291 474 92 27 betinga
398 480 28 15 en
442 475 73 20 större
530 474 158 27 farhastighet.

181 508 33 21 På
229 508 71 27 grund
316 508 26 21 af
354 509 73 26 punkt
443 509 10 20 1
470 508 41 21 och
526 509 13 20 2
555 509 36 20 får
605 509 38 26 jag
658 509 139 21 beträffande
811 509 50 20 ban-

113 544 90 25 system
219 542 35 22 för
268 543 369 26 Keuru—Jyväskylä-—Suolahti
651 543 81 26 banan,
744 542 28 21 då
787 548 75 16 annan

113 577 120 27 utredning
254 583 31 15 nu
308 577 49 21 icke
380 577 125 27 föreligger,
529 579 28 19 än
579 577 59 21 hvad
659 583 48 16 som
722 577 61 22 varit
798 577 63 22 Stän-

113 611 69 22 derna
204 611 85 22 bekant
311 611 140 22 åtminstone
474 612 69 21 sedan
567 612 55 21 1885
640 611 38 22 års
696 611 113 28 landtdag,
826 613 36 20 att

113 652 28 15 en
160 646 137 27 smalspårig
315 646 60 21 bana
394 646 35 21 för
444 646 82 22 sådant
541 646 73 27 behof,
631 652 49 15 som
695 646 41 21 här
750 647 26 20 är
791 645 70 28 fråga,

112 681 7 20 i
141 681 68 21 bästa
232 681 40 20 fall
291 680 43 21 blir
352 680 59 21 blott
426 681 14 20 8
454 681 14 20 a
483 680 61 22 10%
559 680 100 27 billigare
675 682 28 19 än
719 686 28 16 en
761 682 100 20 motsva-

111 715 69 21 rande
199 714 202 27 normalspårbana
420 715 41 20 och
479 715 29 21 då
527 715 158 26 obestridligen
700 715 69 21 redan
783 714 36 21 för
833 720 28 16 en

112 749 56 21 liten
194 748 69 22 trafik
289 748 146 27 olägenheter
457 749 38 20 vid
517 749 194 26 godsomlastning
732 749 29 26 på
784 749 77 21 Keuru

113 783 86 22 station
220 782 85 27 uppstå
327 783 41 21 och
391 783 66 21 dessa
480 783 146 26 olägenheter
648 783 60 20 blott
729 784 61 20 växa
811 783 50 21 med

113 817 54 22 åren
192 819 61 20 samt
275 817 28 21 då
324 817 38 27 jag
381 817 106 26 slutligen
502 817 49 22 icke
566 818 46 20 kan
627 817 126 26 öfvergifva
769 817 92 26 tanken,

112 853 37 20 att
170 851 111 22 bandelen
303 851 236 27 Keuru—Jyväskylä
557 851 42 22 blir
617 851 79 27 början
710 851 35 22 till
760 857 28 16 en
803 857 57 16 sam-

111 886 234 27 manbindningsbana
367 886 96 21 emellan
486 886 63 21 Vasa
568 887 41 21 och
628 885 110 22 Savolaks
753 886 107 27 banorna,

111 920 92 23 hvilken
228 920 284 27 sammanbindningsbana
535 921 56 21 dock
613 920 71 27 enligt
705 921 54 21 mitt
781 920 79 22 förme-

111 955 74 21 nanda
204 955 49 21 icke
272 955 103 21 kommer
391 955 36 20 att
441 956 112 25 utmynna
568 955 39 21 vid
621 955 136 26 Suonenjoki
773 955 41 21 och
830 960 31 16 er-

111 988 60 22 hålla
186 995 28 16 en
229 989 125 26 nordostlig
370 988 105 28 riktning,
491 990 57 20 utan
563 989 28 27 gå
606 990 49 20 mot
670 990 63 21 öster
745 989 54 22 eller
811 989 49 26 syd-

111 1024 37 21 ost
160 1023 42 22 och
214 1023 94 22 sålunda
327 1023 68 21 äfven
411 1023 70 21 blifva
497 1029 27 16 en
539 1023 60 22 bana
613 1023 36 21 för
664 1023 196 27 genomgångstra-

111 1057 31 22 fik
161 1057 51 22 från
231 1053 148 26 Österbotten
398 1057 36 21 till
448 1057 98 22 Karelen
561 1058 42 21 och
617 1057 36 22 S:t
666 1057 144 27 Petersburg,
827 1058 34 21 för

110 1093 48 20 min
173 1092 35 22 del
222 1091 93 22 föreslå:

315 1139 33 19 att
364 1137 74 21 banan
453 1137 54 28 från
523 1137 78 22 Keuru
617 1137 35 21 till
666 1137 121 28 Jyväskylä
797 1137 61 28 utfö-

246 1179 35 14 res
303 1171 166 28 normalspårig
489 1179 52 14 men
563 1172 48 21 med
627 1171 61 22 räler
705 1171 29 28 af
745 1171 116 22 enahanda

247 1209 38 25 typ
307 1206 40 21 och
369 1206 51 28 vigt,
442 1213 47 14 som
511 1207 38 20 vid
570 1208 74 19 senast
666 1207 83 27 byggda
768 1206 69 22 banor
851 1207 10 20 i

248 1241 74 21 landet
338 1241 92 20 kommit
445 1241 34 21 till
493 1241 154 27 användning.

178 1298 68 21 Hvad
272 1299 103 20 deremot
400 1299 143 20 vidkommer
569 1299 111 21 bandelen
704 1299 154 26 Jyväskylä—

111 1331 109 25 Suolahti,
243 1332 46 20 kan
309 1331 39 27 jag
366 1332 50 20 icke
431 1332 107 20 betrakta
553 1332 42 20 den
611 1332 140 20 annorlunda
766 1334 29 18 än
811 1338 49 15 som

110 1371 28 16 en
160 1365 89 27 bibana,
271 1365 148 26 hvarigenom
440 1365 49 21 icke
512 1366 59 20 blott
589 1365 88 22 Keitele
693 1367 62 19 stora
771 1367 89 20 vatten-

110 1400 77 21 bassin
210 1400 59 22 skall
291 1399 116 22 förbindas
425 1396 62 25 med
494 1399 174 27 jernvägsnätet
683 1400 7 20 i
705 1399 82 27 landet,
803 1402 57 20 utan

111 1434 41 22 ock
170 1434 95 22 beredas
283 1434 118 27 möjlighet
416 1434 35 21 till
467 1434 144 27 användning
626 1434 6 20 i
648 1434 125 22 industrins
787 1434 73 28 tjenst

178 1485 179 23 Jernvägsutskottets
369 1485 110 18 betänkande
490 1484 37 18 N:o
539 1485 18 17 2.
