1114 1764
286 153 28 22 U.
331 153 26 22 B.
374 166 26 3 —
415 153 74 29 Prop.
506 153 43 23 N:o
565 153 37 23 26.
792 154 25 20 17

97 216 40 19 nat
163 214 85 22 förbise
273 214 81 29 vigten
381 216 67 21 deraf
467 219 35 18 att
524 216 194 28 kapitalrabatten
744 215 51 21 från
822 215 24 21 år

99 249 53 21 1865
173 249 26 20 så
214 252 63 18 snart
292 257 48 14 som
356 250 91 28 möjligt
462 251 44 20 blir
521 250 135 27 amorterad,
671 249 41 22 har
727 249 121 22 Utskottet

96 282 90 22 förenat
208 283 36 28 sig
265 290 36 14 om
325 286 35 19 att
379 283 90 22 förorda
491 283 173 29 uppställandet
678 283 26 21 af
717 285 33 19 ett
765 283 82 21 sådant

96 317 75 21 vilkor
193 317 36 21 för
250 317 142 29 beviljandet
410 317 26 23 af
447 318 178 29 ifrågavarande
640 317 150 28 statsgaranti
806 319 40 24 att,

96 352 89 21 säsnart
200 352 150 22 förenämnda
365 353 166 28 kapitalrabatt
545 353 78 22 blifvit
637 351 95 23 tillfullo
749 351 98 26 betäckt,

96 386 28 21 de
133 386 100 22 derefter
244 386 102 22 erhållna
357 387 155 22 ärsvinsterna
520 387 80 28 skulle,
618 387 2 21 i
632 387 44 21 den
687 387 54 20 män
749 385 98 22 förenin-

96 427 56 22 gens
166 420 153 23 förbindelser
333 421 91 28 ökades,
440 421 118 22 användas
574 421 35 22 till
625 420 163 23 motsvarande
803 420 43 21 för-

96 455 121 28 stärkning
233 455 25 22 af
265 455 171 29 reservfonden,
447 455 97 22 sälunda
554 458 34 19 att
604 455 75 22 denna
694 454 66 23 alltid
776 455 72 21 mätte

95 490 79 29 uppgå
189 489 36 22 till
241 490 48 28 29,
304 490 27 21 af
342 489 188 23 förbindelserna.

164 524 34 21 Pä
217 524 74 29 grund
307 524 70 22 häraf
384 524 35 22 fär
433 525 121 21 Utskottet
568 525 118 21 vördsamt
700 523 98 28 förorda,
814 526 34 19 att

97 557 129 23 Ständerna
238 558 34 22 uti
285 559 35 21 sin
330 559 158 29 underdäniga
498 559 186 22 svarsskrifvelse
698 558 8 21 i
722 558 127 29 anledning

96 593 26 21 af
135 593 44 22 den
194 593 86 29 nädiga
295 593 172 29 propositionen
484 594 70 21 mätte
571 593 73 22 uttala
659 593 36 29 sig
710 593 100 22 derhän:

369 660 31 19 att
420 658 123 22 Ständerna
558 658 42 28 för
614 659 35 20 sin
665 659 34 20 del
714 658 78 27 bevilja
808 659 40 20 den

301 693 31 27 af
339 692 242 28 Hypoteksföreningen
592 693 94 28 begärda
695 693 105 27 garantin
807 693 42 27 för

302 727 156 28 uppfyllandet
478 728 30 27 af
520 727 25 21 de
556 727 147 26 förbindelser
715 727 134 28 föreningen

302 761 56 28 efter
373 761 74 28 hvarje
461 763 59 26 gång
535 761 112 22 utverkadt
662 761 77 28 nådigt
749 761 100 21 tillstånd

302 795 44 21 kan
356 795 76 22 ikläda
443 796 33 27 sig
487 797 36 20 vid
533 796 148 27 upptagandet
692 797 13 19 å
720 796 81 21 utrikes
817 798 32 19 ort

303 830 31 27 af
338 831 44 24 lån,
392 830 54 21 dock
458 831 46 20 icke
514 831 34 20 till
559 831 65 27 högre
635 831 74 26 belopp
721 832 29 19 än
761 833 32 18 att
802 830 47 26 för-

303 865 103 27 eningens
428 865 117 20 utländska
568 865 64 21 skuld
657 865 193 21 sammanräknadt

304 899 22 27 ej
358 899 128 27 öfverstiger
514 901 134 24 30,000,000
676 899 72 26 finska
778 899 73 25 mark;

304 932 118 22 äfvensom

372 970 32 19 att
420 967 124 22 Ständerna
555 968 36 21 vid
606 968 129 27 beviljandet
750 968 30 28 af
789 968 61 28 före-

304 1002 97 21 nämnda
422 1003 89 26 garanti
522 1003 51 27 fäst
587 998 77 26 endast
679 1002 34 21 det
728 1002 75 27 vilkor,
819 1005 32 18 att

304 1035 254 30 Hypoteksföreningens
579 1037 133 27 reservfond,
728 1037 65 21 sedan
810 1037 40 20 den

303 1071 55 26 från
366 1072 57 20 1865
432 1072 37 20 års
478 1072 37 21 lån
524 1071 135 22 härrörande
667 1071 184 27 kapitalrabatten

306 1105 73 28 blifvit
406 1106 128 24 amorterad,
560 1107 24 20 sä
611 1109 62 18 snart
698 1113 44 14 som
767 1107 85 27 möjligt

305 1139 135 28 uppbringas
472 1141 34 20 till
534 1143 28 18 ett
594 1141 74 28 belopp
702 1141 150 21 motsvarande

305 1175 65 20 minst
391 1175 49 26 2),
463 1175 29 27 af
504 1175 143 28 föreningens
662 1175 128 28 utelöpande
800 1174 52 28 för-

305 1208 113 26 Vindelser,
440 1211 56 19 samt
514 1209 42 28 för
567 1209 125 28 framtiden
708 1209 74 22 dervid
797 1209 54 22 bibe-

305 1243 75 22 hälles.

169 1382 12 21 I
196 1382 172 27 behandlingen
386 1382 26 21 af
425 1383 64 21 detta
504 1384 84 21 ärende
604 1383 69 21 hafva
689 1383 98 27 deltagit
798 1383 54 20 ord-

101 1414 112 23 föranden
223 1415 95 22 Donner
328 1418 60 19 samt
402 1415 157 22 ledamöterne
574 1415 24 22 C.
616 1416 26 21 G.
660 1416 192 33 Standertskjöld,

101 1449 26 22 L.
135 1449 122 28 Mechelin,
266 1449 118 28 Kihlman,
392 1449 142 28 Nordström,
540 1450 91 27 Heikel,
639 1450 108 27 Neovius,
756 1445 97 30 Öhman,

172 1489 139 18 Statsutskotteis
324 1489 110 19 betänkande
446 1490 38 18 N:o
497 1490 17 17 8.
