1117 1764
353 136 30 22 U.
398 136 28 22 B.
442 149 27 3 —
484 136 74 28 Prop.
574 136 41 22 N:o
632 135 38 23 26.
851 136 11 21 7

136 198 95 22 hvartill
255 201 62 18 ännu
338 198 53 22 kom
408 200 48 24 ,att
471 198 177 28 lägenheternas
663 198 124 28 värdering
801 198 37 21 för
853 198 39 21 be-

136 232 82 28 låning
232 232 62 21 skett
309 232 58 21 efter
383 239 28 14 en
425 232 37 21 för
477 232 52 22 hela
543 232 81 21 landet
639 239 131 21 gemensam
781 232 111 28 olämplig

136 266 69 27 tariff,
222 272 49 15 som
292 266 83 20 tillåtit
389 268 35 18 att
440 266 128 28 onaturligt
585 265 124 29 uppdrifva
722 266 87 27 jemväl
823 266 69 20 klena

133 298 204 30 jordegendomars
353 299 199 28 belåningsvärde,
568 300 8 20 i
598 299 58 28 följd
671 299 84 22 hvaraf
768 299 43 22 och
826 299 29 21 då
871 299 19 28 ej

136 333 73 22 heller
231 332 122 30 delegarne
375 333 78 21 funnit
474 334 36 28 sig
526 332 97 23 manade
639 335 35 19 att
688 332 89 23 bevaka
792 333 99 21 förenin-

136 375 57 21 gens
209 368 72 26 bästa,
297 368 119 28 åtskilliga
430 367 135 29 lägenheter
579 367 80 22 blifvit
674 367 150 22 öfverhöfvan
835 368 57 28 högt

135 402 113 22 belånade
271 402 43 22 och
335 402 9 21 i
363 402 102 21 tidernas
481 402 72 29 längd
568 402 75 21 skulle
658 402 82 28 åbragt
754 402 137 28 föreningen

135 436 116 27 förluster,
261 436 69 22 äfven
347 444 37 14 om
400 436 19 28 ej
436 437 166 21 missväxtåren
618 436 131 29 påskyndat
763 436 128 21 desammas

135 470 194 22 framträdande".
359 470 82 29 Enligt
455 471 140 21 Ständernas
610 470 70 22 tanke
690 470 39 29 låg
741 470 39 22 det
790 470 101 22 emeller-

135 505 36 21 tid
186 510 49 16 stor
253 506 51 27 vigt
319 504 78 29 derpå,
413 507 35 19 att
463 504 259 29 Hypoteksföreningen
737 505 92 28 bragtes
844 512 47 22 upp

136 547 27 14 ur
187 540 41 21 sitt
251 539 120 29 betryckta
385 539 53 29 läge
454 539 44 21 och
514 540 48 20 åter
578 541 70 20 sattes
664 540 8 20 i
688 539 92 22 tillfälle
795 541 34 19 att
845 539 47 22 till-

136 574 140 22 handahålla
295 573 151 29 jordegarene
469 574 111 28 lämpliga
601 573 45 27 lån,
662 574 150 28 erforderliga
827 574 64 22 såväl

136 608 37 23 för
187 608 141 29 vidtagande
340 608 25 21 af
373 607 167 30 förbättringar
548 608 8 21 i
565 608 138 28 jordbruket
713 608 44 22 och
768 608 123 22 utförande

136 643 27 22 af
175 643 140 29 nyodlingar
338 650 49 14 som
402 642 36 22 för
453 642 171 22 verkställande
640 643 26 21 af
678 643 99 28 liqvider
791 642 40 22 vid
845 643 46 29 köp

136 678 43 22 och
202 678 129 21 arfskiften.
360 677 71 23 Utom
454 680 35 18 att
511 677 129 22 Ständerna
660 678 75 21 iklädt
749 678 36 28 sig
799 678 92 28 garanti

136 714 36 21 för
194 712 149 28 föreningens
365 712 125 21 utländska
512 712 38 21 lån
574 712 73 22 måste
670 712 129 22 Ständerna
814 713 77 28 taga
878 708 18 37 i

136 746 152 23 betraktande
303 749 47 25 ,att
364 746 144 28 föreningen,
525 750 42 18 när
582 746 44 22 den
642 747 8 20 i
665 746 80 29 början
761 746 26 22 af
800 748 25 20 år
837 748 53 21 1865

137 782 36 21 till
183 781 114 21 Finlands
309 781 68 21 Bank
387 780 172 22 öfverlemnade
571 782 13 20 8
598 780 105 28 miljoner
713 781 65 21 mark
788 781 26 21 af
821 781 71 29 sagda

136 816 40 21 lån
197 816 8 20 i
227 815 125 21 utländska
374 815 90 21 valutor
488 814 37 22 till
548 814 122 29 parivärde
693 815 52 21 med
767 815 76 21 vilkor
858 818 34 19 att

136 850 124 22 framdeles
282 850 8 20 i
305 850 79 28 hvarje
400 849 40 21 fall
456 849 26 21 af
496 849 96 21 Banken
608 849 88 21 erhålla
709 848 81 23 silfver
804 850 37 21 för
854 850 38 21 be-

137 884 114 22 täckande
272 884 26 22 af
311 884 161 22 annuiteterna
488 884 13 20 å
515 884 70 27 lånet,
602 883 97 21 beredde
713 886 73 26 utväg
801 884 37 21 till
853 892 39 20 ge-

136 918 152 22 nomförande
303 918 26 22 af
343 926 86 14 samma
444 918 36 21 års
497 918 158 28 myntreform,
671 925 47 13 som
735 918 98 22 skänkte
843 918 48 22 lan-

136 953 39 22 det
191 956 35 18 ett
241 953 111 28 stadgadt
367 952 155 29 myntvärde.*
554 953 53 21 Men
623 952 29 21 dä
667 952 225 28 Hypoteksförenin-

137 995 45 21 gen
197 987 52 21 icke
264 987 78 22 utredt
357 987 28 21 de
400 987 90 27 brister,
506 994 48 14 som
571 986 134 22 förefunnos
720 986 9 22 i
743 986 148 29 föreningens

138 1022 164 28 organisation,
325 1021 106 21 anmälde
454 1020 136 26 Ständerna,
607 1022 35 20 att
657 1020 28 21 de
699 1021 52 21 icke
765 1023 77 19 ansett
857 1021 35 28 sig

137 1056 79 21 kunna
239 1056 77 21 skrida
337 1056 37 21 till
396 1055 105 21 definitiv
517 1054 141 28 afskrifning
673 1055 26 21 af
711 1054 180 29 Hypoteksföre-

137 1090 99 28 ningens
258 1090 38 21 län
317 1090 52 21 från
385 1089 112 22 Finlands
512 1089 74 25 Bank,
601 1089 72 21 innan
687 1088 138 29 föreningen
840 1089 55 29 sjelf

137 1126 13 20 å
165 1126 37 20 sin
217 1124 50 22 sida
281 1124 102 28 vidtagit
398 1124 106 28 åtgärder
520 1124 19 28 ej
555 1123 89 21 mindre
659 1123 36 21 till
707 1123 148 29 aflägsnande
869 1124 26 22 af

137 1159 28 21 de
180 1158 84 22 brister
279 1159 8 21 i
302 1158 148 28 föreningens
461 1157 156 29 organisation
628 1157 42 21 och
682 1157 149 29 förvaltning,
842 1165 49 15 som

137 1193 62 22 varit
214 1193 169 21 medverkande
407 1192 92 22 orsaker
521 1192 36 21 till
572 1191 149 29 föreningens
746 1192 146 28 brydsamma

138 1227 119 29 ställning,
273 1231 29 18 än
318 1227 43 22 ock
377 1226 35 22 till
428 1227 52 21 dess
496 1226 160 22 medlemmars
667 1226 179 28 säkerställande
858 1228 35 21 för

138 1262 45 21 den
205 1262 57 27 fara,
278 1269 48 14 som
349 1261 84 22 hotade
449 1269 28 13 en
493 1260 37 22 del
545 1260 27 21 af
584 1260 52 21 dem
651 1268 83 21 genom
750 1260 65 22 deras
831 1261 61 29 skyl-

138 1296 81 29 dighet
241 1298 35 19 att
297 1296 8 21 i
326 1298 73 19 större
420 1295 134 29 proportion
577 1297 29 19 än
627 1294 72 22 andra
714 1295 55 21 bära
784 1295 28 20 de
827 1295 65 23 lidna

138 1331 147 25 förlusterna,
309 1329 42 22 och
375 1330 92 22 anhöllo
487 1329 137 27 Ständerna,
636 1329 72 27 jemte
723 1329 40 21 det
778 1329 28 22 de
822 1329 71 23 bevil-

135 1365 55 29 jade
205 1364 100 22 anständ
320 1364 53 21 med
383 1364 204 27 inbetalningarna
600 1363 26 22 af
633 1363 71 28 sagda
713 1363 40 22 län
764 1363 43 22 och
817 1367 76 18 ränte-

138 1398 71 22 frihet
229 1398 54 21 derä
298 1398 63 21 intill
376 1398 118 28 utgängen
510 1397 27 20 af
552 1398 61 26 1882,
629 1397 39 20 det
682 1397 65 21 Hans
763 1397 130 29 Kejserliga

138 1432 115 29 Majestät,
276 1431 59 22 efter
357 1431 40 22 det
417 1430 262 29 Hypoteksföreningen
700 1430 53 21 med
767 1431 127 28 utredning

209 1472 139 19 Siatsutskottets
360 1471 109 18 betänkande
482 1471 38 18 N:o
533 1471 17 18 8.
