1103 1764
331 136 27 21 U.
373 136 26 21 B.
415 148 27 3 —
458 136 71 27 Prop.
545 136 39 22 N:o
600 136 34 22 24.
802 138 26 20 13

108 192 151 27 Kapeenkoski
281 192 68 22 forsar
372 196 54 18 samt
444 193 64 26 något
528 193 46 21 litet
592 193 73 27 längre
680 193 92 21 derifrän
787 189 69 25 Ääne-

108 226 62 22 koski
189 226 40 21 och
247 226 170 22 Mämminkoski.
448 228 42 20 Det
505 233 60 21 synes
581 234 50 14 vara
647 228 156 27 otvifvelaktigt
818 230 38 24 att,

108 266 34 16 om
159 260 162 26 ifrägavarande
335 261 88 26 jernväg
437 261 88 25 utföres,
541 261 125 21 industriela
681 261 50 21 verk
746 262 39 20 här
800 262 56 20 inom

107 294 49 21 kort
178 294 61 21 skola
261 294 84 26 uppstå.
375 294 123 27 Byggandet
514 294 22 21 af
549 294 242 27 Jyväskylä
674 290 13 35 —
695 294 96 27 Suolahti
806 296 50 20 ban-

107 328 34 21 del
162 334 51 14 vore
232 328 78 26 jemväl
333 328 6 20 i
363 328 23 21 sä
403 328 66 21 mätto
490 328 180 26 ändamälsenligt,
686 331 32 18 att
733 328 123 26 härigenom

107 362 90 21 Keuru—
210 358 115 35 Jyväskylä
349 362 87 27 jernväg
462 362 69 21 skulle
553 362 91 21 tillföras
667 364 31 19 ett
720 362 136 27 välbehöfliet

107 396 93 20 tillskott
215 396 6 20 i
237 395 69 26 trafik,
317 398 77 18 medan
409 396 69 20 denna
493 396 61 25 bana,
570 402 34 15 om
620 396 40 21 den
676 396 91 21 erhåller
782 397 73 27 Jyväs-

106 430 50 27 kylä
178 430 33 20 till
233 430 118 26 slutpunkt,
373 430 46 21 icke
441 430 61 20 torde
524 430 71 21 kunna
614 430 94 27 päräkna
727 437 26 14 en
769 432 85 23 rörelse,

107 470 44 16 som
175 464 68 21 skulle
262 466 107 19 motsvara
387 464 80 21 banans
483 464 159 27 trafikförmäga
659 465 37 20 och
713 465 142 21 kostnaderna

106 499 33 21 för
155 498 48 21 dess
218 498 152 27 exploatation.
393 498 109 22 Utskottet
518 499 38 21 har
571 499 27 27 pä
614 499 42 21 alla
671 500 61 20 dessa
747 499 47 22 skäl
808 499 47 21 fun-

105 534 32 20 nit
160 533 31 26 sig
214 533 51 21 böra
283 533 108 27 tillstyrka
409 535 37 24 att,
462 533 6 21 i
484 534 72 20 stället
571 533 33 22 för
620 534 39 20 den
675 534 6 20 i
697 534 157 26 propositionen

105 567 119 28 föreslagna
254 567 92 22 bibanan
375 567 237 28 Suonenjoki—Kuhjo,
639 568 68 21 såsom
733 568 122 21 omedelbar

105 601 138 27 fortsättning
265 601 22 22 af
305 601 217 28 Keuru—Jyväskylä
537 602 89 27 jernväg
644 603 65 20 måtte
729 602 80 21 utföras
828 609 25 14 en

105 636 56 21 bana
177 636 46 21 från
238 636 115 27 Jyväskylä
369 636 32 20 till
417 636 103 21 Suolahti.

174 671 48 20 Med
242 670 99 21 afseende
360 671 13 20 å
391 670 214 27 detaljsträckningen
625 671 37 20 har
678 671 56 20 inom
751 671 102 20 utskottet

105 705 115 25 anmärkts,
243 707 31 18 att
296 705 65 20 linien
383 705 6 20 i
413 705 100 20 närheten
537 704 22 21 af
579 704 101 21 Laukkas
698 705 68 26 kyrka
785 704 69 21 blifvit

105 739 49 21 ledd
174 739 29 26 så,
220 741 32 18 att
267 738 108 21 afståndet
389 738 46 21 från
450 739 41 20 den
507 738 33 21 för
555 739 124 20 industriela
694 738 98 21 ändamål
807 745 47 20 syn-

104 773 94 27 nerligen
216 773 34 20 väl
269 773 80 26 egnade
368 773 141 20 Kuhankoski
528 773 44 20 fors
592 773 32 20 till
639 775 106 18 närmaste
760 773 67 26 punkt
842 773 12 20 å

104 807 114 26 jernvägen
238 807 67 21 blefve
323 807 13 21 2
355 807 13 20 å
387 807 12 21 3
414 807 42 21 km.
486 807 75 20 Ehuru
576 807 55 21 inom
647 807 104 21 utskottet
766 807 88 21 uttalats

104 841 72 21 tvifvel
193 841 104 21 huruvida
312 841 36 20 det
360 847 50 14 vore
420 841 81 26 möjligt
512 843 38 24 att,
565 843 45 19 utan
615 841 143 25 öfverhöfvan
770 841 84 27 mycket

105 875 68 21 ökade
199 875 122 25 kostnader,
344 875 72 21 kunna
441 875 48 21 med
513 875 116 27 jernvägen
651 875 84 21 komma
757 877 97 19 närmare

104 909 93 21 nämnda
212 909 49 26 fors,
276 915 51 14 vore
342 909 36 20 det
393 909 65 27 enligt
473 909 115 21 utskottets
603 909 65 21 tanke
683 909 54 21 dock
752 910 102 26 synnerli-

104 949 40 20 gen
167 943 98 26 önskligt,
288 944 32 20 att
341 949 26 14 en
385 943 88 27 förnyad
488 943 157 27 undersökning
660 944 5 20 i
682 944 59 20 detta
756 943 98 21 afseende

105 977 66 21 måtte
186 977 127 21 verkställas
328 977 65 21 innan
407 978 65 20 linien
487 978 48 20 med
550 977 73 21 arbete
639 978 104 26 belägges.

174 1011 110 21 Utskottet
299 1011 38 21 har
352 1012 7 20 i
375 1012 34 20 det
425 1011 152 21 ofvananförda
592 1011 65 21 afsett
672 1012 75 20 endast
762 1012 26 20 de
804 1012 50 20 ban-

105 1046 66 25 delar,
187 1045 72 21 hvilka
274 1045 68 21 under
357 1047 107 19 närmaste
479 1045 141 27 finansperiod
636 1046 70 20 kunde
721 1046 85 20 komma
821 1046 33 20 till

105 1079 121 22 utförande.
255 1079 82 21 Genom
359 1086 26 14 en
404 1080 88 26 jernväg
510 1080 47 20 från
576 1080 73 20 Keuru
668 1080 58 20 öfver
740 1080 115 27 Jyväskylä

105 1114 33 21 till
164 1114 96 21 Suolahti
287 1114 60 21 ernås
370 1114 54 21 dock
446 1116 56 19 ännu
524 1114 46 21 icke
593 1114 40 21 den
657 1114 197 27 sammanbindning

106 1148 89 21 emellan
211 1148 56 21 Vasa
282 1148 39 21 och
337 1147 102 22 Savolaks
456 1148 99 26 banorna,
563 1148 86 21 hvilken
661 1148 65 26 enligt
738 1148 116 21 utskottets

106 1182 137 21 förmenande
265 1188 51 15 vore
338 1182 23 21 af
381 1182 106 27 synnerlig
510 1183 49 26 vigt.
589 1182 111 22 Utskottet
717 1183 42 20 kan
774 1182 7 21 i
796 1182 59 21 detta

106 1216 100 22 afseende
224 1217 8 20 i
251 1216 41 22 allo
312 1216 90 21 omfatta
420 1216 92 27 följande
529 1217 98 27 yttrande
644 1216 22 21 af
682 1217 52 21 1891
751 1216 33 21 års
798 1217 57 26 jern-

106 1251 145 27 vägsutskott:
275 1251 44 26 ,De
341 1252 57 19 olika
419 1251 225 21 naturförhållandena
662 1251 6 19 i
687 1246 137 25 Österbotten
842 1251 12 19 å

106 1292 40 14 ena
167 1287 55 19 samt
244 1285 7 20 i
274 1285 25 21 de
322 1285 45 20 inre
390 1285 38 21 och
451 1286 58 20 östra
528 1285 85 21 delarna
632 1284 23 21 af
672 1285 71 20 landet
762 1284 12 21 å
789 1285 66 20 andra

107 1320 68 25 sidan,
194 1320 107 20 äfvensom
321 1313 40 27 den
381 1319 61 21 häraf
456 1320 92 20 alstrade
563 1319 106 21 olikheten
684 1320 7 19 i
706 1319 149 26 produktions-

107 1354 68 20 vilkor
189 1354 68 20 måste
271 1354 113 20 framkalla
399 1355 30 19 ett
444 1353 66 21 behof
521 1353 22 21 af
554 1353 127 27 varuutbyte
692 1353 90 21 emellan
794 1353 61 21 dessa

106 1388 135 21 landsändar:
270 1388 43 20 Det
339 1387 129 27 skogfattiga
494 1394 47 14 men
566 1388 32 19 för
626 1387 70 26 odling
719 1387 34 20 väl
775 1387 80 26 egnade

107 1417 138 26 Österbotten
268 1421 54 21 skall
345 1421 62 20 hafva
429 1421 67 20 fördel
519 1421 23 20 af
561 1422 31 19 att
610 1421 47 20 från
672 1421 36 20 det
723 1421 45 20 inre
784 1421 71 20 landet

175 1472 179 23 Jernvägsutskottets
367 1471 109 18 betänkande
488 1471 37 18 N:o
537 1471 17 18 2.
