1134 1770
327 137 27 22 U.
369 137 69 24 B.—
453 138 73 27 Prop.
541 139 40 22 N:o
597 139 34 21 24.
799 140 26 20 19

104 194 69 28 gamla
198 194 95 22 banorna
309 190 88 37 utföra:
408 197 71 21 större
501 196 224 27 nybyggnadsarbeten
749 197 39 21 och
811 197 42 21 för-

104 230 73 20 stärka
202 230 41 20 den
266 230 77 26 rörliga
365 230 131 26 materialen,
520 230 83 21 landets
625 236 112 21 ressurser,
760 238 45 14 mer
827 233 25 19 än

103 263 93 27 önskligt
218 263 54 21 varit
293 264 65 25 tagits
377 264 7 20 i
402 264 98 26 anspråk,
516 264 55 21 helst
590 264 61 21 äfven
671 264 40 21 den
726 264 47 22 från
789 265 63 21 brän-

102 296 130 22 vinsmedlen
248 296 32 21 till
295 297 284 22 kommunikationsfondens
591 298 148 21 förstärkande
751 299 100 21 anvisade

103 331 88 25 andelen
209 331 47 21 icke
274 332 31 20 till
324 331 119 27 päräknadt
457 332 77 26 belopp
550 331 83 21 influtit.
664 332 40 21 Vid
719 332 76 21 sädant
810 332 42 21 för-

102 365 99 21 hällande
220 371 49 15 vore
288 366 35 20 det
342 366 47 20 icke
404 366 123 20 välbetänkt
543 367 32 19 att
590 366 7 21 i
612 366 40 20 den
667 368 106 19 närmaste
788 366 64 21 fram-

102 399 58 21 tiden
178 399 34 21 för
230 400 139 20 statsverkets
387 400 89 26 räkning
495 400 70 20 utföra
583 400 222 27 jeravägsbyggnader
820 400 32 21 till

102 434 68 19 större
184 432 86 27 omfäng
284 435 27 18 än
328 433 97 26 omkring
440 434 114 25 2,500,000
568 434 60 20 mark
643 434 86 25 ärligen.

170 467 110 21 Utskottet
298 467 42 20 kan
356 467 46 20 icke
418 467 48 21 dela
481 467 39 21 den
536 467 143 28 uppfattning,
695 470 33 19 att
740 469 112 26 jernvägs-

102 501 150 28 byggnaderna
266 501 7 21 i
288 501 72 21 landet
374 501 114 22 framdeles
503 502 65 21 borde
583 502 127 21 inskränkas
725 503 33 20 till
770 503 81 20 mindre

102 538 27 19 än
150 535 81 22 hälften
254 535 22 21 af
296 535 36 21 det
350 535 91 27 omfäng,
456 535 60 22 hvari
536 536 26 21 de
576 537 68 20 under
659 543 25 14 en
700 537 49 26 läng
763 537 51 26 följd
831 537 23 20 af

102 570 23 21 år
140 570 118 26 försiggätt.
288 570 46 20 Den
354 568 66 29 lifliga
438 570 120 27 utveckling
573 571 7 20 i
596 570 133 21 ekonomiskt
745 570 106 27 afseende,

102 610 44 15 som
168 604 67 21 under
256 606 84 19 senaste
359 604 111 21 ärtionden
490 606 35 24 egt
543 611 46 15 rum
608 605 5 20 i
633 605 78 26 landet,
727 606 38 20 har
781 605 70 21 blifvit

102 639 71 27 möjlig
196 638 75 21 endast
291 644 76 20 genom
386 638 111 22 kraftfulla
512 639 99 27 ätgärder
625 638 34 22 för
673 639 178 22 kommunikatio-

100 679 78 15 nernas
202 673 153 21 förbättrande.
385 673 49 21 Men
460 675 57 19 ännu
543 673 80 22 återstå
646 673 76 27 många
744 674 40 21 och
807 674 44 20 vid-

99 708 95 20 sträckta
208 708 60 20 delar
282 707 23 21 af
319 707 77 25 landet,
413 707 37 21 der
464 707 190 21 samfärdsmedlen
670 710 37 18 äro
722 708 62 26 högst
795 708 56 21 otill-

99 741 163 22 fredsställande
277 741 39 21 och
331 741 71 21 hvilka
418 741 55 27 förty
488 741 85 27 påkalla
589 748 25 14 en
629 742 86 21 fortsatt
726 742 124 27 utvidgning

99 776 23 21 af
144 776 84 21 landets
248 776 144 27 jernvägsnät.
422 776 32 20 En
477 776 156 26 väsendtligare
654 776 153 27 inskränkning
829 777 22 21 af

96 810 202 28 jernvägsarbetena
312 810 69 21 skulle
397 810 71 22 derför
483 810 125 22 hämmande
623 811 88 21 inverka
726 811 28 27 pä
766 811 83 21 landets

98 845 72 21 vidare
192 842 115 24 förkofran.
338 845 32 20 De
392 844 81 27 kapital
496 851 45 15 som
563 846 7 20 i
589 845 76 21 sådant
685 845 99 21 afseende
799 846 51 20 ned-

98 880 73 26 läggas
186 880 66 24 skola,
268 879 61 21 äfven
345 885 35 15 om
396 879 25 20 de
436 879 68 21 måste
518 885 77 21 genom
607 880 115 26 upplåning
735 880 113 26 anskaffas,

98 914 119 27 säkerligen
235 913 66 22 blifva
315 913 34 21 för
364 913 72 21 landet
451 913 84 27 mycket
549 914 161 21 fruktbärande.
742 915 25 26 Ej
783 915 66 20 heller

98 954 62 21 synes
176 948 35 21 det
226 948 104 21 utskottet
346 948 130 26 välbetänkt,
489 949 31 20 att
535 949 68 20 under
617 948 55 21 tider
683 948 23 21 af
716 949 132 25 arbetsbrist,

98 982 66 21 sådan
183 988 45 15 som
246 982 41 21 den
302 982 138 26 närvarande,
456 988 76 20 genom
547 989 25 14 en
588 983 94 26 betydlig
697 983 152 26 inskränkning

98 1017 4 20 i
125 1017 201 26 jernvägsarbetena
344 1015 77 27 bringa
439 1017 6 20 i
461 1017 57 20 svårt
533 1017 112 27 trångmål,
661 1017 92 20 förutom
768 1017 80 20 arbets-

97 1050 85 26 befälet,
206 1056 26 15 en
257 1050 33 20 till
314 1049 51 21 flere
391 1049 124 21 hundraden
541 1050 126 27 uppgående
689 1050 158 26 arbetarestam,

97 1085 85 21 hvilken
204 1085 65 21 sedan
292 1090 26 15 en
337 1084 50 27 lång
407 1084 52 27 följd
474 1084 23 22 af
511 1084 23 22 år
550 1085 46 21 haft
611 1085 32 21 sin
659 1085 95 21 utkomst
769 1085 78 21 uteslu-

96 1120 65 21 tande
176 1126 75 20 genom
267 1119 161 27 sysselsättning
442 1119 36 21 vid
491 1119 229 27 jernvägsbyggnader.

147 1174 2 2 .
165 1154 33 21 Då
212 1154 105 21 utskottet
332 1154 65 20 likväl
412 1154 48 21 med
475 1154 81 26 hänsyn
571 1154 34 20 till
616 1154 151 21 Keski-Suomi
778 1154 69 20 banan

96 1189 19 27 ej
130 1188 70 22 funnit
214 1188 114 26 anledning
343 1189 32 20 att
389 1188 33 21 för
433 1188 142 22 instundande
586 1188 143 26 finansperiod
740 1188 108 27 tillstyrka

96 1223 74 26 några-
183 1229 57 14 mera
263 1222 131 21 omfattande
416 1222 88 21 arbeten
526 1224 27 20 än
576 1223 26 20 de
625 1228 45 15 som
689 1223 7 20 i
715 1222 40 21 den
770 1222 77 26 nådiga

95 1257 159 27 propositionen
269 1256 63 26 afses,
343 1258 56 19 samt
413 1256 74 26 frågan
504 1262 33 15 om
554 1257 40 20 den
610 1256 148 26 utsträckning
773 1256 7 20 i
795 1256 52 20 hvil-

95 1292 41 20 ken
158 1291 83 21 landets
260 1290 223 27 jernvägsbyggnader
507 1290 65 21 borde
591 1290 108 21 bedrifvas
718 1290 45 21 står
777 1290 7 20 i
799 1291 48 19 när-

95 1327 68 18 maste
188 1324 152 25 sammanhang
365 1324 48 20 med
440 1324 57 20 inom
524 1324 89 21 stånden
636 1330 75 20 genom
733 1324 114 25 petitioner

95 1359 77 21 väckta
193 1359 79 26 förslag
294 1363 34 16 om
345 1357 221 28 jernvägsbyggnader
585 1358 7 20 i
611 1358 66 20 andra
693 1357 58 21 delar
767 1357 22 20 af
802 1357 45 20 lan-

96 1393 41 25 det,
160 1392 59 21 öfver
241 1392 71 20 hvilka
335 1391 211 26 petitionsmemorial
567 1392 210 25 Jernvägsutskottet
798 1397 49 19 eger

94 1426 78 27 afgifva
183 1426 65 20 skildt
263 1425 141 25 betänkande,
419 1425 39 20 har
472 1425 106 20 utskottet
592 1427 97 18 närmare
700 1425 68 26 ingätt
779 1424 27 27 pä
818 1430 29 14 nu

162 1477 179 22 Jernvägsutskottets
354 1475 111 18 betänkande
476 1474 38 19 N:o
526 1475 17 18 2.
