1123 1767
265 147 13 21 8
454 145 29 23 U.
498 146 29 22 B.
542 158 27 4 —
585 145 73 29 Prop.
674 145 44 23 N:o
734 145 38 23 28.

676 214 134 27 Transport
803 210 12 35 i
826 218 119 22 2,537,227:
961 224 28 4 —

275 249 144 20 innevarande
450 248 143 27 finansperiod
626 249 112 26 upptagits
768 247 34 28 (jfr

276 290 64 21 prop.
356 290 16 14 s.
388 283 20 26 2)
479 299 39 4 sov
549 299 40 4 Mos
620 299 4 4 OR
654 299 4 4 OR
690 298 4 5 4
726 299 4 4 m
761 299 5 4 0
827 287 120 22 4,430,000:
963 293 28 3 —

238 317 81 21 Vidare
335 317 90 21 återstår
440 320 33 18 att
484 317 82 27 utgifva
577 317 12 20 å
600 317 98 27 anslaget
710 317 32 20 för
752 316 51 21 Hel-

275 351 92 28 singfors
382 351 120 21 hamnbana
520 367 1 5 .
550 367 5 5 .
586 367 4 4 .
620 367 5 5 ss
656 367 4 4 <
691 367 4 4 <
726 367 4 4 so
761 367 5 5 «so
796 367 5 4 +
850 355 98 22 250,000:
963 361 29 5 —

664 397 87 20 Summa
766 397 48 27 Ing
829 402 119 22 7,217,227:
966 409 26 3 —

311 460 44 21 Det
370 460 38 21 har
423 459 102 22 härintills
540 460 45 27 gält
600 460 72 21 säsom
686 460 65 27 regel,
763 462 33 19 att
807 459 48 22 icke
865 459 56 22 blott
933 459 59 22 drift-

239 495 42 20 och
297 494 206 25 remontkostnader,
520 497 51 18 utan
586 494 43 21 ock
644 494 79 21 sädana
739 494 88 27 utgifter
846 495 32 20 för
893 494 100 27 nybygg-

240 529 66 20 nader
321 529 37 20 vid
374 528 83 27 färdiga
472 528 67 21 banor
555 529 41 20 och
610 528 33 21 för
652 535 30 20 ny
692 528 65 27 rörlig
768 528 103 25 materiel,
888 535 47 14 som
950 528 42 21 öka

237 563 154 27 jernvägarnas
406 563 154 26 kapitalvärde,
584 562 62 21 skola
668 562 45 21 frän
736 563 62 20 deras
822 562 66 27 ärliga
910 562 83 21 brutto-

240 597 93 21 inkomst
348 597 113 21 bestridas.
505 597 115 22 Utskottet
641 597 39 20 har
702 597 50 21 med
772 599 37 20 sitt
824 598 7 19 i
846 597 146 21 betänkandet

239 632 41 20 N:o
298 637 11 21 3
328 631 125 21 framstälda
475 631 42 21 och
539 631 64 21 ofvan
625 631 125 28 tillämpade
771 631 87 28 förslag,
881 635 32 18 att
935 631 58 21 näst-

240 665 92 21 berörda
348 665 35 21 del
398 665 23 21 af
433 665 114 26 utgifterna
562 665 40 21 bör
616 665 64 27 göras
692 665 32 21 till
733 665 90 21 föremål
838 665 32 21 för
882 664 110 26 särskilda,

240 700 29 28 på
284 700 136 27 utgiftssidan
435 699 25 20 af
474 700 287 21 kommunikationsfondens
783 700 82 26 budget
884 700 109 28 uppförda

240 734 82 27 anslag,
338 734 47 20 icke
400 734 64 20 afsett
479 734 67 27 något
561 734 130 27 frångående
706 734 24 20 af
743 734 69 20 denna
827 734 65 26 regel.

314 768 42 21 Om
372 774 48 14 man
435 770 7 18 i
457 768 95 27 enlighet
574 768 88 20 härmed
683 771 59 18 emot
765 768 37 21 det
825 768 33 21 för
872 768 51 21 åren
940 768 51 26 1895

241 807 55 21 —97
312 802 123 20 beräknade
450 802 144 21 öfverskottet
609 809 35 13 om
662 803 121 25 12,384,481
800 802 60 21 mark
874 802 120 28 uppställer

242 837 42 20 den
299 836 168 26 anslagssumma
483 836 12 20 å
509 836 114 25 6,648,000
638 836 65 25 mark,
719 842 47 14 som
782 836 24 20 af
812 836 112 21 Utskottet
939 836 55 21 före-

241 871 76 27 slagits
332 870 33 21 för
380 870 122 21 ändamälet
516 870 26 21 af
553 877 27 14 nu
599 871 163 27 ifrägavarande
782 870 53 28 slag,
858 871 24 20 sä
903 871 91 21 äterstär

242 908 32 18 ett
288 904 156 22 öfverskottaf
456 904 117 27 5,736,481,
586 905 152 21 motsvarande
748 906 7 19 i
765 905 63 21 rundt
838 904 30 22 tal
883 910 111 21 1,900,000

241 939 61 21 mark
317 939 85 27 ärligen,
419 940 72 20 säsom
511 939 131 27 disponibelt
664 942 32 18 att
718 940 85 20 anvisas
826 939 31 21 till
874 941 120 19 annuiteter

242 974 13 21 ä
269 976 49 24 nytt
333 974 40 20 län.

310 1008 35 20 Dä
361 1008 37 20 det
414 1008 22 20 är
451 1007 108 28 vanskligt
574 1011 32 18 att
628 1009 6 19 i
656 1007 70 21 siffror
748 1008 109 27 uppställa
880 1015 26 13 en
921 1008 74 26 kalkyl

242 1042 62 22 öfver
325 1042 172 26 finansperioden
520 1043 144 25 1898—1900,
688 1041 38 21 har
748 1042 116 21 Utskottet
885 1045 55 18 trott
962 1043 33 25 sig

242 1077 77 21 endast
334 1076 53 21 böra
403 1076 110 21 framhälla
527 1077 73 20 säsom
615 1078 7 19 i
636 1076 44 27 hög
693 1076 54 26 grad
758 1076 112 26 sannolikt,
887 1080 32 18 att
934 1077 61 20 kom-

242 1109 235 22 munikationsfondens
493 1110 121 27 disponibla
630 1110 65 27 ärliga
710 1109 122 22 öfverskott
846 1110 67 21 under
934 1111 60 20 tiden

243 1145 55 21 efter
312 1145 23 20 är
353 1145 53 26 1897
428 1151 86 14 snarare
534 1145 54 20 skall
610 1144 117 27 öfverstiga
749 1145 27 20 än
792 1144 123 27 understiga
932 1145 27 20 de
974 1144 24 21 af

242 1179 116 21 Utskottet
387 1178 32 21 för
445 1179 95 20 närmast
566 1178 107 28 ingäende
699 1177 145 29 finansperiod
871 1179 124 21 beräknade

242 1213 89 28 belopp.

315 1247 115 21 Utskottet
445 1247 42 21 kan
502 1247 71 21 derför
588 1247 47 21 icke
653 1247 74 20 förena
749 1248 34 27 sig
804 1254 38 14 om
864 1247 41 21 den
926 1248 6 20 i
954 1247 42 21 den

242 1281 79 28 nädiga
336 1282 165 26 propositionen
515 1282 24 26 (s.
555 1282 21 27 4)
592 1281 97 22 uttalade
709 1283 92 26 mening,
825 1285 32 18 att
876 1281 119 21 kommuni-

242 1315 179 20 kationsfondens
439 1315 113 26 tillgångar
574 1315 32 20 för
626 1315 132 20 närvarande
781 1315 47 20 icke
850 1315 68 20 skulle
936 1315 59 20 med-

244 1349 57 26 gifva
316 1348 72 26 någon
403 1347 68 21 större
487 1347 79 27 ökning
588 1349 24 19 af
631 1349 147 20 annuiteterna
800 1349 33 20 för
852 1348 143 27 jernvägslän.

300 1381 124 21 Emellertid
439 1381 68 26 hyllar
522 1381 116 22 Utskottet
652 1382 58 21 dock
732 1382 42 21 den
794 1383 63 26 äsigt,
878 1385 33 18 att
933 1383 63 26 utgif-

242 1419 62 18 terna
318 1416 33 21 för
368 1415 167 22 läneannuiteter
557 1416 48 21 icke
627 1416 53 21 böra
702 1417 53 20 ökas
777 1417 24 20 sä
823 1416 75 26 starkt,
921 1420 32 18 att
976 1417 18 26 ej

243 1449 281 27 kommunikationsfonden,
547 1450 63 21 äfven
633 1451 66 20 under
721 1451 104 28 tillfälliga
848 1451 70 21 sämre
942 1451 54 21 kon-

312 1491 130 17 Statsutskottets
455 1491 103 16 betänkande
570 1491 34 16 N:o
616 1496 22 11 10
650 1492 20 15 A.
