1114 1767
251 154 30 37 56
440 159 29 22 U.
484 160 28 21 B.
530 172 26 2 —
572 159 73 28 Prop.
661 158 43 24 N:o
720 158 36 23 27.

225 227 149 20 tilifredsstälda
396 227 45 19 med
460 229 29 18 att
511 227 52 19 hvad
586 228 19 18 vi
627 227 70 23 fordra,
719 227 51 20 blott
786 227 31 20 till
834 227 76 20 hälften
925 233 50 20 upp-

224 255 66 25 fylles.
316 255 25 20 Se
356 256 34 19 der
405 255 130 26 förklaringen
550 255 26 26 på
591 256 24 19 de
630 255 163 26 skiljaktigheter,
808 261 43 14 som
866 256 65 19 finnas
946 255 30 20 uti

226 284 54 19 detta
295 285 37 19 och
347 284 33 19 det
395 284 33 19 vid
445 286 78 17 senaste
537 284 94 25 landtdag
647 284 103 25 godkända
768 284 208 25 författningsförslag.

225 313 25 19 Vi
274 313 71 25 begära
367 313 120 19 härutinnan
510 312 21 20 åt
548 313 143 19 kommunerna
705 319 76 13 samma
795 313 123 25 befogenhet,
933 319 44 13 som

226 341 44 20 dem
286 341 190 25 författningsenligt
491 341 120 20 tillkommer
626 341 33 20 vid
674 341 109 20 ordnandet
798 341 19 19 af
835 341 141 25 försäljningen

226 370 42 19 utaf
289 370 89 23 bränvin,
401 370 36 19 och
460 369 93 20 särskildt
574 369 78 20 anhålla
668 369 19 19 vi
701 372 30 17 att
746 370 66 19 denna
826 370 118 25 befogenhet
959 370 17 25 ej

225 398 63 20 måtte
303 399 107 24 begränsas
426 398 26 25 på
467 404 76 13 samma
558 401 41 17 sätt
614 404 43 14 som
672 398 30 20 för
718 400 29 17 tre
762 398 23 19 år
795 398 86 25 tillbaka,
893 400 29 17 att
932 398 45 25 den,

226 433 43 14 som
284 427 80 25 engång
380 427 79 19 erhållit
473 427 166 25 försäljningsrätt
653 425 26 27 på
694 427 35 19 två
741 427 22 19 år
774 433 46 13 vore
830 427 55 19 alltid
896 427 81 19 berätti-

226 455 38 25 gad
282 457 29 18 att
331 455 20 20 få
366 455 39 20 den
420 455 88 25 förnyad,
524 455 69 20 såvida
608 455 39 20 hon
661 455 43 20 icke
719 455 121 20 missbrukat
855 455 121 20 densamma.

226 484 26 19 Vi
275 484 46 25 vilja
342 484 17 24 ej
381 484 93 25 tillskapa
489 484 118 25 privilegier,
622 483 67 20 hvilka
704 484 34 19 det
753 484 31 19 för
798 484 144 19 kommunerna
956 486 22 17 är

226 514 72 18 nästan
314 512 88 25 omöjligt
417 514 29 17 att
462 512 82 24 vidröra,
554 513 37 18 och
606 512 67 19 hvilka
689 512 60 19 sedan
764 512 37 19 likt
812 519 25 12 en
847 512 131 19 handelsvara

226 541 67 19 kunna
315 540 26 25 gå
362 541 44 18 från
429 541 52 18 hand
503 541 30 19 till
554 541 58 24 hand,
631 539 65 20 såsom
709 540 137 20 erfarenheten
861 541 57 19 visat.
948 540 30 20 Då

228 574 44 15 man
293 568 79 25 engång
395 569 21 19 åt
436 569 198 20 stadskommunerna
656 569 131 20 öfverlemnar
807 569 122 25 rättigheten
950 571 28 18 att

226 598 62 19 ordna
302 597 144 25 försäljningen
461 597 58 20 äfven
535 598 19 19 af
569 598 58 19 dessa
641 597 90 25 drycker,
742 597 22 20 så
780 598 32 19 må
826 598 38 19 den
877 597 25 20 då
913 599 63 18 öfver-

226 626 74 20 lemnas
324 625 20 20 ät
367 627 44 18 dem
431 626 132 25 fullstängigt,
586 626 37 19 och
641 626 31 19 må
688 632 44 13 man
748 626 60 20 hafva
822 627 111 19 förtroende
948 627 30 19 till

226 657 30 17 att
277 655 24 19 de
323 657 146 22 samvetsgrant
485 655 77 19 komma
577 657 28 17 att
621 655 88 25 begagna
725 655 31 24 sig
778 655 19 19 af
818 655 39 19 den
877 655 55 19 makt
954 655 25 19 de

226 682 86 20 erhållit.

294 711 29 19 På
345 711 66 25 grund
432 712 20 18 af
467 711 33 20 det
515 712 58 19 ofvan
588 712 81 20 anförda
683 711 20 19 få
719 712 20 19 vi
754 712 146 20 vördsammast
916 712 62 20 väcka

226 741 77 19 motion
318 746 33 14 om
366 740 120 25 antagandet
501 740 20 20 af
535 740 91 25 följande:

501 804 80 24 Förslag
603 804 30 19 till
649 804 117 25 förordning
786 803 98 26 angående
898 804 79 25 försälj-

433 832 49 26 ning
503 832 8 19 i
530 832 42 19 stad
593 833 26 25 af
637 832 53 19 viner
712 833 33 19 och
763 832 62 20 andra
842 838 78 20 svagare
934 838 44 13 rus-

434 860 81 26 drycker.

503 889 43 19 Med
566 890 83 24 ändring
669 889 25 24 af
705 889 30 25 $$
750 890 25 19 14
790 889 34 20 och
840 890 27 19 20
882 890 8 18 i
903 889 75 25 förord-

433 918 73 25 ningen
527 924 30 13 om
579 918 122 25 näringarne,
722 918 66 26 gifven
812 918 36 19 den
875 918 25 20 31
923 918 54 20 Mars

434 947 59 24 1879,
508 946 67 20 varder
589 946 96 26 stadgadt:

581 1034 46 24 81.

296 1084 37 19 Till
349 1084 85 24 drycker
448 1084 87 19 hörande
550 1084 63 19 under
627 1084 64 19 denna
706 1084 116 25 förordning
836 1085 78 24 räknas,
931 1085 46 19 med

226 1112 103 25 undantag
351 1113 19 18 af
392 1113 139 24 maltdrycker,
553 1119 31 13 om
604 1113 67 19 hvilka
692 1113 62 19 finnes
770 1113 95 20 särskildt
880 1113 98 25 stadgadt,

226 1141 38 19 alla
286 1141 154 25 alkoholhaltiga
463 1141 89 24 drycker,
573 1141 67 20 hvilka
658 1141 100 20 innehålla
773 1141 43 20 från
832 1142 36 19 och
883 1142 45 19 med
943 1141 35 20 två

227 1169 30 19 till
279 1170 37 19 och
337 1169 46 20 med
406 1169 93 25 tjugutvä
515 1170 150 25 volymprocent
680 1169 79 20 alkohol
774 1169 33 20 vid
822 1169 28 28 +
866 1171 25 19 15
907 1171 71 24 grader

227 1198 62 25 enligt
304 1198 60 19 Celsii
381 1199 131 19 termometer.

581 1268 10 23 s
608 1267 18 19 2.

294 1317 86 24 Behörig
395 1317 114 19 tillverkare
523 1318 20 18 af
557 1318 57 17 viner
628 1317 48 19 eller
690 1317 61 18 andra
764 1323 82 19 svagare
856 1317 122 25 rusdrycker

228 1351 46 12 vare
296 1345 112 24 berättigad
430 1346 29 17 att
474 1345 5 18 i
496 1345 44 19 stad
560 1345 74 19 sådana
649 1345 20 19 af
683 1351 50 18 egen
748 1345 130 25 tillverkning
892 1346 84 25 försälja,

226 1373 52 19 dock
292 1372 17 25 ej
325 1373 7 18 i
346 1373 77 19 mindre
438 1373 74 24 partier
527 1375 25 18 än
567 1373 98 25 tjugufem
680 1373 86 26 buteljer
782 1374 39 25 (hel
836 1374 56 25 korg)
908 1375 48 19 eller
971 1375 6 19 i

226 1401 42 20 kärl
283 1401 31 20 till
329 1402 71 25 belopp
416 1401 19 19 af
448 1402 62 19 minst
525 1402 96 25 tjugufem
636 1402 51 25 liter,
703 1401 22 20 så
739 1403 60 19 framt
809 1403 113 19 tillverkare
932 1403 44 20 icke

226 1430 62 19 tillika
296 1426 10 35 :
309 1430 108 20 förvärfvat
439 1430 31 25 sig
493 1430 61 20 sådan
576 1432 40 18 rätt
638 1431 29 19 till
690 1431 137 20 minuthandel
850 1437 43 14 som
908 1432 7 19 i
930 1433 10 24 8
965 1433 11 18 3

225 1465 88 13 nämnes.

294 1496 182 19 Ekonomiutskottets
489 1497 110 18 betänkande
611 1499 36 16 N:o
659 1497 30 18 10.
