1134 1764
339 128 27 22 U.
382 128 27 21 B.
425 140 27 3 —
467 128 72 27 Prop.
554 128 41 22 N:o
611 128 33 22 24.
824 127 13 20 5

118 185 100 27 skarpare
241 185 125 27 stigningar,
389 186 163 21 kommissionen
575 186 64 26 ansåg
662 186 31 20 ett
711 185 76 20 sådant
802 183 63 21 förfa-

117 220 65 20 rande
201 220 53 20 böra
272 219 103 21 förordas.
406 220 57 20 Enär
478 220 87 26 förnyad
580 219 157 25 undersökning
753 218 22 20 af
789 218 76 25 ifräga-

117 254 93 20 varande
229 253 88 27 jernväg
339 253 67 21 under
428 259 118 15 sommaren
571 254 54 20 1893
647 252 68 22 skulle
733 251 132 25 verkställas,

117 286 65 27 ansåg
204 287 32 27 sig
254 287 164 21 kommissionen
438 287 60 26 dock,
514 288 63 20 innan
595 287 110 21 resultatet
720 285 61 21 deraf
795 284 70 21 blifvit

116 320 73 27 kändt,
204 320 47 22 icke
266 320 72 21 kunna
353 320 105 21 definitivt
472 321 68 21 uttala
555 321 31 27 sig
602 327 33 15 om
647 320 56 21 valet
713 320 22 20 af
744 318 121 28 byggnads-

116 356 85 26 system.
232 355 32 21 Då
287 357 31 19 ett
340 355 22 21 af
384 355 26 21 de
432 354 160 28 ifrågavarande
615 354 126 22 alternativa
759 353 105 26 förslagen

116 396 37 14 var
171 389 114 27 uppgjordt
303 390 67 20 under
390 389 151 27 förutsättning
556 388 23 22 af
593 388 89 22 smalare
698 388 104 26 spårvidd,
818 393 47 15 men

117 425 30 19 ett
168 423 49 21 fullt
239 424 88 20 korrekt
347 424 38 20 och
401 430 25 14 ur
440 424 102 20 teoretisk
557 423 107 28 synpunkt
680 422 123 26 oantastligt
818 427 47 15 svar

115 458 28 27 på
160 458 127 27 spörsmålet
303 464 33 15 om
352 458 126 26 spårvidden
493 458 33 20 för
541 464 25 14 en
583 457 99 28 planlagd
695 457 88 27 jernväg
798 456 67 26 knap-

116 495 47 24 past
177 492 71 20 kunde
264 492 90 21 erhållas
370 492 47 20 med
432 492 81 20 mindre
528 494 27 18 än
571 494 32 19 att
615 491 125 21 alternativa
751 489 112 21 kostnads-

115 527 79 25 förslag
210 527 127 26 uppgjordes
353 526 53 21 först
422 526 52 21 efter
490 526 36 21 det
541 526 12 21 å
568 526 61 21 fältet
645 526 61 21 äfven
722 525 46 20 med
783 525 82 25 hänsyn

114 561 33 21 till
166 561 60 21 detta
244 561 134 20 banelement
395 555 8 26 i
423 561 77 25 nödiga
515 561 59 20 delar
589 560 111 21 afvikande
715 559 82 20 tracéer
812 564 53 20 upp-

114 595 64 26 gåtts,
200 595 99 21 framhöll
318 595 163 20 kommissionen
501 595 107 26 derjemte,
619 595 32 20 att
666 593 35 21 vid
716 593 40 20 den
772 592 93 21 skeende

116 629 190 27 undersökningen,
322 629 38 21 der
378 629 76 20 sådant
475 629 86 21 befanns
577 629 79 26 nödigt,
673 628 68 21 skilda
756 627 61 20 linier
832 626 33 21 för

115 664 61 21 bred-
196 664 39 21 och
251 664 125 26 smalspårig
390 664 54 20 bana
460 663 65 22 borde
540 663 139 21 undersökas.
709 662 9 21 I
734 661 128 22 hufvudsak-

114 698 29 27 lig
166 698 218 21 öfverensstämmelse
406 698 47 20 med
473 693 160 32 Öfveringeniör
652 697 113 26 Tallqvists
785 695 78 26 förslag

114 732 113 21 förordade
249 732 165 21 kommissionen
437 733 98 26 slutligen
555 734 31 19 att
601 732 76 26 högsta
692 731 91 26 stigning
799 730 12 20 å
826 729 37 20 ba-

114 773 42 14 nan
176 766 68 21 skulle
263 766 116 21 fastställas
395 766 32 21 till
442 767 54 25 0,020
513 767 50 20 eller
578 765 65 27 något
657 765 64 26 lägre,
738 771 33 14 om
787 764 77 21 sådant

116 802 50 19 utan
190 800 104 27 betydligt
316 800 68 21 ökade
403 800 115 21 kostnader
537 800 103 21 befunnes
658 799 87 26 möjligt,
762 799 55 20 samt
833 799 31 19 att

115 835 77 20 minsta
214 834 176 27 krökningsradie
413 834 33 21 för
468 835 40 20 den
527 834 166 26 normalspåriga
713 833 67 20 banan
796 831 67 22 skulle

115 869 129 20 bestämmas
267 869 30 20 till
321 869 43 20 300
385 869 67 20 meter
470 869 38 20 och
527 868 33 21 för
579 868 40 21 den
638 867 137 27 smalspåriga
794 866 70 20 banan

115 903 32 20 till
164 903 40 21 150
220 904 72 19 meter.
705 895 4 2 -

184 937 46 21 Den
246 936 121 28 föreslagna
382 937 184 27 undersökningen
577 937 52 27 egde
639 943 45 14 rum
696 936 67 21 under
774 935 89 20 förliden

116 977 91 15 sommar
226 972 38 20 och
283 972 137 20 utarbetades
438 972 47 20 med
501 972 86 27 ledning
602 971 59 21 deraf
674 971 35 21 vid
725 966 140 30 Öfverstyrel-

116 1012 35 16 sen
174 1006 33 21 för
230 1008 48 24 väg-
296 1006 39 21 och
350 1006 223 27 vattenbyggnaderna
588 1006 187 25 kostnadsförslag,
791 1005 72 20 hvilka

115 1041 79 21 lemnat
210 1040 92 27 följande
317 1040 99 21 resultat:

186 1468 178 23 Jernvägsutskotteis
377 1468 109 17 betänkande
499 1467 36 18 N:o
548 1467 16 18 2.
