1111 1764
277 133 13 20 6
469 132 28 21 U.
511 132 30 22 B.
552 144 30 3 —
597 131 72 27 Prop.
684 131 41 22 N:o
739 131 36 22 24.

384 187 83 28 fonden
480 188 32 27 pä
526 189 44 20 sätt
584 189 10 19 i
611 187 136 22 Ständernas
760 194 55 18 svar
830 187 14 21 ä
854 187 83 27 nädiga
942 194 53 21 pro-

380 221 129 28 positionen
524 222 111 27 angående
645 221 287 27 kommunikationsfonden
939 223 55 18 när-

384 262 61 14 mare
460 255 108 28 angifves.

316 317 63 22 Enär
393 317 175 22 Presteständet
586 318 40 21 vid
642 317 174 28 behandlingen
832 317 26 22 af
870 317 127 22 utskottets

249 351 146 22 betänkande
424 352 44 21 N:o
492 353 10 20 1
527 352 103 28 godkänt
652 351 111 28 förslaget
781 359 38 14 om
834 351 125 29 byggande
974 351 26 22 af

249 385 130 23 hamnbana
395 386 35 21 till
445 386 153 28 Mäntyluoto,
614 386 91 22 hvilket
719 385 88 29 förslag
823 386 97 21 sålunda
930 386 6 21 i
946 385 51 22 huf-

248 420 88 21 vudsak
366 421 27 20 af
420 423 35 19 tre
485 420 67 21 ständ
574 420 122 29 godkänts,
712 420 73 21 ehuru
801 423 85 19 smärre
901 421 96 21 formela

249 454 188 29 skiljaktigheter
450 455 9 21 i
474 454 106 22 besluten
595 455 121 28 föreligga,
732 454 36 21 fär
782 455 115 22 utskottet
912 455 85 22 föreslä

248 489 40 21 det
302 489 110 28 samtliga
426 489 68 22 ständ
509 489 55 21 ville
580 489 100 22 besluta:

453 555 40 24 att;
519 553 162 27 Tammerfors—
691 548 144 37 Björneborgs
850 553 95 28 jernväg
961 552 38 21 bör

383 589 57 19 utan
455 587 84 28 afbroit
554 587 115 27 fortsättas
684 587 79 21 medels
779 593 28 14 en
822 587 127 21 hamnbana
964 586 35 22 till

385 621 142 27 Mäntyluoto
543 621 81 24 holme;
642 621 39 21 och

451 656 33 20 att
515 655 127 21 Ständerna
664 655 77 21 härtill
763 655 81 21 anvisa
868 662 27 14 en
910 662 88 14 summa

384 688 29 27 af
438 690 125 26 1,130,000
592 690 69 26 mark,
684 689 156 28 hvarförutom
865 689 132 27 Siänderna,

379 722 86 28 jemväl
477 723 32 28 pä
524 723 299 27 kommunikationsfondens
839 723 83 28 budget,
937 730 59 21 upp-

385 758 49 26 taga
463 759 30 19 ett
515 757 74 28 belopp
613 757 29 28 af
655 758 108 26 250,000
777 758 37 21 mk
828 759 33 19 att
877 758 84 21 lemnas
975 758 24 21 ät

385 790 146 28 Björneborgs
560 792 50 20 stad
630 792 74 20 såsom
728 792 76 27 bidrag
820 791 36 29 för
870 792 129 27 utförandet

385 824 29 27 af
425 825 25 21 de
465 825 38 21 vid
517 825 143 28 Mäntyluoto
675 825 145 28 erforderliga
836 825 160 28 hamnanlägg-

384 858 115 28 ningarna
527 860 71 21 under
620 859 78 27 vilkor,
724 861 32 19 att
770 860 78 21 staden
863 859 135 28 Björneborg

385 893 158 28 kostnadsfritt
556 893 104 29 upplåter
674 894 31 20 all
720 894 36 27 för
771 894 82 21 nämda
872 894 127 21 hamnbana

385 926 137 28 erforderlig,
540 928 77 20 staden
633 927 99 28 tillhörig
746 927 70 26 mark,
831 927 115 28 äfvensom
961 927 35 21 be-

385 961 74 20 kostar
474 962 168 26 expropriation
656 961 29 27 af
696 962 35 20 det
745 961 37 28 för
791 962 205 28 hamnanläggnin-

384 1002 42 20 gen
449 994 107 29 behöfliga
571 996 65 20 land-
655 996 39 20 och
708 996 165 21 vattenområde
887 998 59 19 samt
959 998 38 18 ut-

386 1029 36 27 för
445 1028 39 22 och
505 1029 112 28 framgent
631 1030 143 21 underhåller
787 1030 65 27 molo,
869 1030 130 28 vägbrytare

386 1063 39 21 och
453 1063 72 21 andra
547 1064 145 27 erforderliga
713 1064 239 28 hamnanläggningar,
967 1064 33 21 alt

384 1097 9 20 i
408 1098 34 20 det
457 1097 92 28 omfång
564 1098 35 21 det
614 1098 79 28 härför
705 1098 125 27 uppgjorda
844 1098 105 28 förslaget
959 1100 38 19 ut-

385 1132 67 26 visar,
468 1131 10 21 i
493 1132 80 21 hvilkel
588 1132 100 28 afseende
700 1132 81 21 staden
797 1132 63 22 borde
877 1132 121 28 tillförsäk-

385 1172 45 20 ras,
446 1167 33 20 att
493 1165 144 22 hamnbdanan
653 1166 36 21 till
702 1166 142 28 Mäntyluoto
855 1168 75 20 senast
936 1166 63 22 inom

385 1200 112 28 utgången
512 1200 29 27 af
552 1200 27 21 är
593 1201 63 20 1897
670 1200 79 22 varder
763 1200 38 28 för
809 1201 67 28 trafik
883 1200 114 29 upplåten.

317 1267 146 29 Helsingfors
479 1268 45 22 den
539 1269 25 21 21
581 1268 47 29 Maj
647 1269 61 22 1894.

316 1473 179 23 Jernvägsutskottets
507 1473 111 19 betänkande
629 1473 38 18 N:o
679 1473 17 19 2.
