1114 1742
253 140 30 21 VI
549 140 43 24 N:o
612 142 38 22 32.

225 208 8 20 i
248 208 79 21 Finska
343 208 62 21 viken
420 208 58 21 inom
492 208 116 26 Kymmene
624 207 39 21 och
678 206 94 22 Stranda
786 206 92 22 härader
894 206 23 22 af
932 206 44 22 Wi-

225 242 64 27 borgs
306 242 41 21 län.

541 303 73 22 KAP.
637 303 27 22 IL

266 367 38 20 Om
316 365 80 21 landets
408 365 110 27 indelning
530 366 49 20 med
591 365 96 21 afseende
700 363 12 22 å
723 365 207 27 hästutskrifningen.

576 423 10 27 8
603 423 19 20 8.

293 463 47 21 Den
363 462 109 27 indelning
495 462 23 22 af
537 463 73 21 landet
628 463 9 20 i
653 462 182 27 uppbåtskretsar
850 464 56 20 samt
921 469 55 21 upp-

225 497 63 22 båds-
304 497 39 22 och
358 497 213 27 lottningsområden,
588 503 44 16 som
648 497 33 22 för
696 497 88 27 uppbåd
794 497 22 22 af
824 497 151 28 värnepligtigt

225 532 105 27 manskap
348 533 24 20 är
387 531 104 28 gällande,
508 531 106 28 tillämpas
627 531 78 28 jemväl
721 531 7 21 i
743 531 99 22 afseende
858 532 12 21 å
888 531 88 23 utskrif-

225 566 52 27 ning
292 566 23 21 af
327 566 81 21 hästar.

576 595 11 27 8
604 596 18 20 9.

293 634 61 22 Inom
376 634 73 27 hvarje
470 634 192 27 lottningsomräde
685 635 59 21 utser
760 634 145 27 Guvernören,
922 633 54 22 efter

225 668 161 22 vederbörande
401 669 136 21 kommuners
552 668 102 27 hörande,
670 675 26 15 en
712 668 164 28 samlingsplats,
896 669 12 21 ä
923 668 52 22 hvil-

225 703 42 21 ken
283 702 109 22 omrädets
406 703 75 21 hästar
496 702 85 28 pröfvas
596 703 40 22 och
650 703 120 27 lottningen
785 703 131 22 verkställes.

293 737 31 21 Pä
339 736 80 28 förslag
436 736 22 22 af
472 737 162 22 Guvernörerne
649 737 129 22 bestämmer
793 737 94 22 Senaten
902 738 7 21 i
920 743 55 16 sam-

225 772 40 21 räd
287 772 48 21 med
358 771 226 28 Generalguvernören
606 772 34 22 för
654 772 72 27 hvarje
742 772 186 27 uppbädsomräde
944 774 31 19 ett

225 805 211 28 utskrifningsställe,
460 806 38 21 der
519 806 103 22 hästarna
644 806 116 22 utskrifvas
780 806 39 22 och
834 806 141 22 öfverlemnas

224 841 24 20 ät
263 841 131 27 truppernas
409 840 131 22 utskickade.

533 914 74 22 K'APc.
630 914 37 21 IL

221 976 39 20 Om
273 976 25 21 de
311 976 155 27 myndigheter,
474 982 78 22 genom
559 976 72 21 hvilka
639 976 202 28 hästutskrifningen
849 977 125 20 verkställes.

570 1034 10 27 S
599 1034 31 20 10.

291 1072 32 22 De
346 1073 154 27 myndigheter,
519 1073 71 22 hvilka
604 1074 96 20 närmast
715 1072 63 22 hafva
793 1075 33 19 att
841 1074 91 27 fullgöra
949 1074 25 22 de

223 1108 49 22 med
286 1108 209 27 hästutskrifningen
509 1107 102 23 förenade
626 1108 126 27 äligganden
768 1111 44 24 äro,
828 1108 94 22 förutom
934 1109 40 21 den

223 1142 33 21 för
278 1142 186 27 handläggningen
480 1142 22 22 af
515 1142 228 28 värnepligtsärenden
759 1143 91 21 tillsatta
865 1142 109 28 uppbäds-

223 1177 102 21 nämden:

290 1210 200 27 besigtningsnämd
504 1210 39 22 och

291 1244 212 27 utskrifningsnämd.

290 1278 82 26 Frägor
386 1279 93 20 rörande
493 1278 180 27 hästutskrifning
688 1279 130 27 handläggas
835 1280 38 20 och
889 1279 84 26 afgöras

222 1312 33 21 uti
271 1312 190 26 uppbädsnämden
476 1312 26 21 af
512 1313 48 20 dess
575 1312 98 26 ständige
687 1312 124 22 ledamöter.

567 1369 11 27 8
597 1370 30 20 11.

289 1409 32 22 De
345 1409 108 22 allmänna
476 1409 170 22 administrativa
670 1409 39 22 och
724 1410 138 22 kommunala
877 1410 96 28 myndig-

222 1444 91 22 heterna
335 1450 40 21 ega
396 1444 48 21 med
459 1444 179 27 hästutskrifning
653 1445 52 26 taga
720 1444 120 28 befattning
855 1445 71 22 såsom
940 1446 34 21 uti
