1061 1770
291 154 28 23 U.
335 155 27 22 B.
379 168 26 3 —
420 156 75 28 Prop.
511 156 43 24 N:o
570 157 38 22 25.

345 491 69 29 Lag-
436 493 53 22 och
504 493 320 28 Ekonomiutskottets

276 526 89 22 andra
372 526 109 29 förslag
492 527 333 29 tillsammanjemkning

276 560 27 22 af
314 561 146 22 Ständernas
476 561 142 29 skiljaktiga
632 562 81 22 beslut
728 562 41 22 vid
785 562 39 22 be-

276 595 152 28 handlingen
456 596 27 22 af
505 596 133 23 utskottets
670 596 154 23 betänkande

276 629 45 23 N:o
337 630 16 21 4
366 630 10 22 i
391 630 134 28 anledning
539 631 27 22 af
577 631 90 28 nådiga
679 632 145 28 propositio-

275 670 49 16 nen
339 664 124 28 angående
485 666 36 21 ett
535 665 233 29 tilläggsstadgande
783 666 42 22 till

275 698 179 29 förordningen
476 705 39 17 om
530 700 149 28 näringarna
694 700 27 22 af
734 700 47 22 den
796 700 30 22 31

277 733 62 23 Mars
353 733 65 23 1879.

139 833 85 32 Enligt
247 834 115 23 utskottet
379 833 209 25 tillhandakomna
606 834 219 32 protokollsutdrag

71 867 76 24 hafva
173 868 174 31 Ridderskapet
373 868 43 23 och
440 868 84 30 Adeln,
542 867 200 33 Borgareständet
763 872 63 21 samt

71 901 176 25 Bondeständet
273 902 151 24 oförändradt
450 902 120 32 godkändt
595 903 126 24 utskottets
749 903 76 24 första

71 936 347 33 sammanjemkningsförslag,
436 937 79 24 sävidt
533 939 77 30 angår
627 937 37 24 det
676 939 14 22 å
703 937 42 24 sid.
759 937 14 24 3
785 938 39 23 in-

71 971 89 32 gående
187 971 75 24 första
287 971 266 33 rtesolutionsförslaget,
579 970 123 26 hvaremot
730 972 94 24 Preste-

72 1005 94 24 ståndet
192 1005 118 24 förkastat
337 1006 136 24 detsamma.
517 1006 37 25 Då
580 1007 103 24 sålunda
701 1009 34 21 tre
754 1007 71 24 stånd

71 1040 105 32 godkänt
200 1040 158 24 betänkandet
376 1040 9 23 i
403 1040 78 24 denna
499 1041 43 30 del,
560 1041 128 31 föreligger
706 1041 119 31 lagenligt

72 1074 175 24 ständerbeslut
265 1075 155 23 härutinnan.

140 1109 191 24 Vidrommande
358 1109 38 24 det
423 1110 76 22 andra
524 1110 260 31 resolutionsförslaget
811 1111 14 22 å

72 1143 43 25 sid.
135 1144 15 24 3
168 1144 46 23 har
241 1144 131 23 detsamma
389 1144 9 22 i
416 1144 48 23 allo
483 1145 105 31 antagits
608 1144 26 23 af
651 1144 173 31 Ridderskapet

72 1178 43 24 och
125 1178 79 24 Adeln
213 1181 63 21 samt
285 1178 206 32 Borgareståndet,
504 1178 83 24 medan
607 1180 50 22 åter
674 1178 93 24 Preste-
781 1178 43 24 och

72 1212 182 24 Bondestånden
267 1212 105 32 godkänt
384 1213 74 31 sagda
472 1213 97 32 förslag,
582 1213 58 23 dock
653 1212 50 24 med
722 1212 102 24 uteslut-

73 1246 60 33 ning
159 1247 25 24 af
209 1247 70 23 orden
301 1247 66 23 »med
385 1247 175 24 framhållande
579 1248 24 22 af
622 1248 43 23 den
684 1247 142 33 motsägelse

73 1288 50 17 som
150 1281 128 24 förefinnes
305 1281 89 24 mellan
413 1281 213 33 bestämningarna
644 1282 8 23 i
671 1281 88 32 nådiga
777 1281 48 24 för-

73 1316 131 31 ordningen
232 1323 37 16 om
295 1316 149 31 näringarna
472 1320 61 19 samt
560 1316 160 31 kungörelsen
739 1316 24 23 af
781 1316 45 23 den

74 1350 32 24 14
132 1349 52 25 Juli
212 1349 90 31 1892»,
323 1350 102 24 hvarvid
453 1350 70 24 dessa
540 1351 70 23 stånd
628 1350 83 23 tillika
728 1350 99 24 beslutit

73 1386 36 22 att
126 1384 186 32 ifrågavarande
331 1385 40 23 ord
389 1385 69 23 borde
475 1385 88 30 inflyta
580 1385 9 23 i
609 1385 108 23 motiven.

142 1418 105 23 Emedan
265 1419 88 30 jemväl
372 1419 127 22 utskottets
512 1418 91 31 förslag
616 1417 72 24 afsett
697 1419 34 22 att
741 1417 84 23 ofvan-

73 1452 106 31 antydda
196 1452 143 31 motsägelse
356 1452 80 23 skulle
447 1452 143 23 framhållas
608 1451 102 24 endasti
723 1451 104 23 motiven

144 1495 46 24 Lag-
203 1496 32 18 och
247 1496 182 18 Ekonomiutskottets
442 1496 110 18 betänkande
564 1496 37 18 N:o
614 1497 16 17 4.
