1128 1764
345 147 30 24 U.
390 147 28 22 B.
433 159 28 4 —
475 148 74 29 Prop.
565 149 42 22 N:o
623 147 36 24 27.
829 149 28 21 25

587 218 13 20 5
615 218 22 26 8.

407 278 60 21 Lika
482 278 53 22 med
550 280 10 25 $
576 281 12 20 6
604 279 7 21 i
627 279 132 21 Utskottets
774 278 94 28 förslag.

587 360 12 19 6
610 358 27 28 $.

409 420 95 22 Viner
541 420 51 22 och
625 420 97 21 andra
755 427 131 21 svagare

337 454 193 28 rusdrycker
557 456 38 26 af
615 454 270 28 ofvrannämndal-

338 488 166 22 koholhalt
526 490 42 20 mä
590 490 51 20 vid
665 489 220 27 minuthanäet

337 522 65 21 icke
423 526 56 18 mot
499 526 78 24 pani
595 523 290 29 föryttrasejhel-

338 557 44 21 ler
409 558 156 21 utlemnas
591 558 56 22 till
675 558 69 24 den,
770 564 60 14 som
852 560 34 18 är

338 591 142 21 drucken.

587 656 12 18 ?
609 655 26 26 S.

407 711 55 25 Den,
485 718 44 14 som
549 712 9 19 i
578 712 69 20 minut
658 712 110 26 försäljer
783 712 36 20 vin
835 712 51 21 eller

338 752 75 14 annan
435 752 90 20 svagare
546 746 106 28 rusdryck
665 746 29 26 af
701 746 138 26 förenämnd
854 747 31 20 al-

337 779 117 26 koholhalt,
474 782 53 18 utan
543 783 38 23 att,
593 781 32 27 pä
640 782 42 18 sätt
698 779 66 23 ofvan
780 780 105 28 stadgats,

338 821 53 14 vara
407 814 73 20 dertill
495 814 122 28 berättigad
632 815 51 20 eller
698 814 138 27 öfverträder
845 814 41 27 fö-

337 847 144 28 reskrifterna
496 848 9 20 i
519 848 72 22 denna
603 848 135 28 förordning
754 848 46 21 böte
810 848 75 28 första

337 883 84 27 gängen
433 882 58 28 frän
507 883 38 21 och
560 883 47 21 med
622 882 108 28 tjugufem
745 882 36 21 till
789 882 38 21 och
839 882 47 21 med

339 916 192 28 etthundrafemtio
557 917 63 21 mark
643 916 38 22 och
704 917 73 20 andra
801 917 84 27 gängen

335 951 60 27 från
417 950 38 21 och
476 951 47 21 med
545 951 120 27 sjuttiofem
682 950 34 21 till
731 951 38 20 och
782 950 47 21 med
845 953 40 18 tre-

338 985 87 21 hundra
441 985 68 21 mark.
541 985 53 21 Sker
609 985 34 21 det
659 984 67 28 tredje
739 986 86 26 gängen
835 984 51 21 eller

339 1020 79 28 oftare,
439 1026 51 14 vare
512 1020 34 21 bot
562 1020 59 27 från
643 1020 38 20 och
696 1020 48 20 med
759 1019 128 21 etthundra-

336 1055 79 27 femtio
431 1054 35 21 till
481 1054 38 21 och
535 1054 46 21 med
591 1054 136 27 femhundra
742 1053 69 21 mark.

414 1088 82 21 Varder
518 1089 79 27 nägon,
619 1087 85 21 hvilken
724 1088 67 20 idkar
806 1087 80 21 minut-

339 1123 80 21 handel
435 1123 46 20 med
496 1124 60 20 viner
575 1122 38 22 och
629 1122 71 21 andra
716 1121 171 27 alkoholhaltiga

340 1156 91 29 drycker
453 1157 32 27 af
496 1157 66 27 ofvan
579 1156 102 28 angifven
696 1156 82 28 styrka,
789 1156 97 27 förvun-

339 1198 41 14 nen
403 1197 33 15 om
454 1193 32 19 att
501 1192 8 20 i
520 1191 108 27 förening
643 1190 86 22 dermed
744 1190 53 21 idka
813 1189 73 28 oloflig

336 1226 142 27 försäljning
505 1226 30 27 af
553 1225 97 27 bränvin,
673 1225 77 26 dömes,
771 1226 58 19 utom
852 1224 35 21 till

340 1260 77 27 derför
431 1260 103 27 stadgadt
549 1267 86 18 ansvar,
650 1260 34 20 sin
689 1259 198 27 försäljninysrätt

340 1295 56 27 efter
411 1295 71 20 denna
493 1294 136 27 förordning
641 1293 115 28 förlustig.

589 1363 12 20 8
613 1362 26 27 $.

409 1419 26 27 85
456 1418 67 20 8—11
547 1417 48 21 lika
615 1416 52 21 med
682 1416 24 27 $$
723 1416 83 21 10—13
821 1415 8 21 i
843 1414 42 23 Ut-

340 1453 99 21 skottets
454 1451 94 28 förslag.

202 1493 183 20 Fkonomiutskottets
398 1491 110 18 betänkande
519 1490 38 19 N:o
569 1490 32 18 10.
