1111 1778
304 141 81 24 Ständ.
401 142 37 23 Sv.
455 156 26 2 ---
496 143 70 28 Prop.
583 144 42 23 N:o
640 143 35 23 30.
822 145 13 21 3

386 208 152 29 Förordning
555 210 119 28 angående
689 210 151 28 tillämpning
854 210 8 22 i

319 244 62 22 vissa
402 243 43 23 fall
466 244 28 22 af
505 244 60 22 finsk
580 244 40 28 lag
635 244 14 23 å
664 244 123 23 icke-finsk
801 251 63 21 man,

320 284 49 16 som
385 278 65 22 utom
466 278 80 28 Ryska
560 279 76 22 rikets
652 279 94 23 område
757 278 107 24 föröfvat

319 312 66 22 brott
399 313 52 22 mot
465 320 78 16 annan
557 313 123 23 icke-finsk
695 320 61 16 man.

387 388 77 22 Såsom
487 389 71 28 tillägg
580 389 32 22 till
629 389 55 22 hvad
698 389 8 21 i
727 391 5 19 1
747 389 56 26 Kap.
819 390 16 19 2
848 389 16 27 $

319 423 26 26 af
352 422 130 29 Strafflagen
493 424 39 21 den
544 425 26 20 19
580 423 111 22 December
701 425 60 20 1889
771 425 26 20 är
807 423 56 22 stad-

316 458 52 25 gadt
389 465 33 14 om
444 458 51 27 dem,
518 465 44 15 som
585 459 37 21 äro
642 458 153 22 underkastade
809 458 55 27 finsk

318 493 113 26 straffrätt,
448 493 73 22 varder
535 493 121 27 härigenom
671 493 136 27 förordnadt:

386 527 47 22 Har
448 527 106 28 icke-finsk
568 535 48 14 man
632 530 56 19 utom
704 527 73 28 Ryska
792 527 72 22 Rikets

319 563 84 20 område
424 565 43 19 mot
489 570 71 15 annan
581 563 107 26 icke-finsk
708 569 49 15 man
774 563 90 26 föröfvat

318 597 79 22 sådant
419 598 60 24 brott,
501 598 33 27 för
549 597 74 22 hvilket
638 597 48 28 han,
701 597 63 27 enligt
778 597 86 27 fördrag

320 632 72 22 mellan
415 633 110 28 Ryssland
542 633 35 22 och
590 632 130 28 främmande
735 632 62 27 makt,
812 631 52 22 skall

319 667 56 22 inom
389 667 74 28 Ryska
477 667 62 22 Riket
554 667 78 26 dömas,
648 667 36 21 och
699 667 68 26 finnes
781 666 42 21 han
833 673 31 14 se-

319 702 93 21 dermera
433 703 57 21 inom
512 701 99 28 Finland,
631 701 63 21 varde
708 701 41 22 han
765 700 99 22 underka-

318 736 50 22 stad
390 736 44 22 åtal
452 736 36 22 vid
505 736 57 27 finsk
576 736 90 22 domstol
680 735 38 22 och
732 735 55 28 finsk
802 735 33 27 lag
850 736 14 20 å

319 773 74 20 honom
409 772 115 26 tillämpad.

183 834 110 23 Finlands
308 833 97 24 Ständer
419 833 131 23 framhärda
563 835 43 21 etc.

183 898 152 29 Helsingfors,
352 898 43 22 den
414 899 23 22 19
452 897 67 30 April
536 899 59 21 1894.
