1117 1770
338 151 4 3 +
367 154 24 23 U.
407 154 22 23 B.
445 168 30 3 —
490 155 62 29 Prop.
567 155 37 23 N:o
620 156 37 23 32.
856 158 28 20 29

142 225 176 28 ningsomrädena
340 225 84 23 beredts
446 227 82 21 tillfälle
549 230 31 18 att
595 228 90 28 fullgöra
700 228 34 21 sin
748 228 137 21 hästutskrif-

142 260 185 29 ningsskyldighet
334 261 29 29 pä
370 261 70 22 vilkor
447 269 52 19 som,
506 262 100 22 förutsatt
616 266 32 18 att
657 263 160 22 vederbörande
825 264 60 20 kom-

141 303 74 15 muner
230 296 100 22 utveckla
345 296 65 29 nödig
425 297 118 29 urskilning
557 298 38 21 vid
610 298 58 21 valet
680 298 22 21 af
712 298 27 22 de
748 298 78 26 hästar,
836 298 48 21 med

140 331 73 22 hvilka
228 332 125 22 leveransen
368 332 54 28 skall
437 332 108 29 fullgöras,
560 333 104 29 betydligt
681 333 97 23 förenkla
793 334 40 22 och
847 326 54 36 pä-'

142 367 82 29 skynda
237 368 170 30 utskrifningens
423 368 162 27 verkställande,
600 369 65 22 hafva
680 369 125 29 tillräekliga
821 377 64 21 grun-

142 403 39 23 der
202 403 49 33 icke.
272 407 60 25 synts
355 403 117 23 förefinnas
495 407 32 19 att
547 404 108 22 utsträcka
671 405 113 22 befrielsen
799 405 86 21 utöfver

140 439 58 22 hvad
221 447 45 14 som
291 440 63 21 skett.
384 439 34 22 De
440 440 125 27 landsdelar,
586 447 45 14 som
651 440 41 22 fått
712 441 88 21 kvarstå
814 440 69 22 såsom

140 474 113 29 undantag,
269 477 37 20 äro
321 475 85 27 sådana,
420 476 7 21 i
440 475 73 22 hvilka
528 479 58 18 utom
602 478 31 19 att
648 476 27 21 de
690 477 7 20 i
712 476 54 29 följd
776 476 23 22 af
808 477 33 20 sin
853 476 32 21 af-

143 511 110 28 lägsenhet
274 511 66 22 hafva
361 511 86 28 mycket
462 511 59 23 svårt
536 514 31 19 att
581 511 91 29 fullgöra
687 513 33 20 sin
735 512 150 28 utskrifnings-

142 547 128 28 skyldighet,
284 547 116 28 tillgången
415 547 28 29 på
458 547 71 21 hästar
544 547 108 22 dessutom
668 549 24 19 är
705 550 77 26 ytterst
797 549 65 27 ringa.

463 647 55 29 Kap.
534 648 27 22 11.

210 706 13 22 I
239 707 37 21 det
291 707 129 28 föregående
435 707 39 21 har
482 707 110 29 påpekats,
603 708 101 21 hurusom
716 708 8 20 i
736 707 53 29 följd
800 708 22 20 af
832 715 54 21 upp-

144 742 178 22 bädsomrädenas
342 742 80 22 storlek
430 744 7 20 i
445 744 57 21 vissa
512 737 60 28 delar
580 733 26 43 af
613 733 65 43 landet
688 743 41 22 och
735 743 112 22 afstånden
854 744 32 20 till

141 778 237 30 utskrifningsställena,
392 778 73 22 hvilka
476 779 108 28 sjelffallet
594 779 67 21 måste
670 779 106 29 förläggas
786 778 60 22 invid
858 779 28 21 de

143 816 67 20 större
220 814 286 26 kommunikationslederna,
519 815 117 28 forslingen
646 814 23 22 af
678 815 98 22 hästarna
784 815 32 21 till
824 814 62 22 dessa

142 850 73 30 blefve
230 850 34 22 för
278 850 126 31 hästägarne
416 850 86 29 mycket
512 850 131 27 tidsödande,
654 851 40 21 och
708 851 24 29 på
736 851 85 29 samma
830 850 56 29 gång

142 885 161 22 sannolikheten
318 886 35 21 för
368 888 32 19 att
413 885 99 22 hästarna
528 886 12 21 å
555 886 41 22 den
612 889 79 18 utsatta
706 886 59 22 tiden
780 887 60 20 skola
854 887 32 20 in-

141 921 65 22 träffa
227 921 13 21 ä
261 921 211 28 utskrifningsstället
494 921 103 29 betydligt
619 921 88 22 mindre.
737 922 105 31 Särskildt
863 924 23 19 är

142 957 58 21 detta
215 957 61 21 fallet
291 957 48 22 med
350 957 27 22 de
389 957 81 21 trakter
482 957 22 21 af
514 957 119 28 Uleåborgs
645 957 46 22 läns
701 958 67 21 första
779 957 107 29 uppbåds-

142 993 64 26 krets,
222 993 48 20 dem
286 993 118 26 Utskottet,
419 993 49 21 med
484 993 106 22 afvikelse
602 992 48 22 från
660 993 42 22 den
714 993 48 23 nåd.
771 1001 66 21 prop.,
848 1001 38 14 an-

141 1031 43 19 sett
204 1028 52 22 böra
277 1028 139 22 underkastas
436 1029 183 28 hästutskrifning.
648 1029 72 28 Några
740 1029 96 28 exempel
851 1029 35 21 må

141 1065 7 20 i
171 1064 58 22 detta
252 1064 101 22 afseende
368 1060 127 26 framhållas.
526 1064 30 22 Så
570 1066 36 20 äro
622 1064 112 22 afstånden
749 1064 48 22 från
811 1064 75 22 Kemi-

143 1100 59 22 träsk
222 1100 40 22 och
277 1100 93 22 Tervola
384 1100 92 22 socknar
490 1100 32 22 till
534 1100 205 29 uppbådsområdets
754 1100 131 22 närvarande

145 1136 162 28 samlingsställe
330 1137 57 21 inom
409 1136 126 27 Rovaniemi
562 1136 80 22 socken
668 1144 55 21 resp.
751 1137 27 21 66
801 1136 41 22 och
858 1138 26 20 79

145 1171 46 27 km;
212 1171 48 22 från
282 1166 144 28 Öfvertorneå
447 1172 41 21 och
507 1172 75 22 Kolari
603 1172 91 22 socknar
708 1172 32 21 uti
755 1172 65 21 andra
832 1180 54 20 upp-

145 1206 150 23 bådsområdet
316 1208 33 21 till
370 1208 48 21 dess
442 1208 161 28 samlingsställe
623 1209 27 20 59
670 1207 40 22 och
731 1208 28 21 88
778 1207 42 21 km.
840 1207 44 23 Vid

143 1243 75 21 sådant
239 1243 133 21 förhållande
390 1243 38 21 har
450 1243 38 21 det
508 1246 59 25 synts
588 1243 113 22 Utskottet
723 1250 51 14 vara
794 1243 24 21 af
836 1251 49 20 syn-

141 1279 68 27 nerlig
224 1279 46 27 vigt
280 1282 31 18 att
324 1280 8 20 i
342 1278 158 29 undantagsfall
512 1280 78 21 antalet
600 1279 215 28 utskrifningsställen
827 1280 56 19 inom

144 1316 31 19 ett
197 1314 41 21 och
259 1322 79 13 samma
360 1314 184 29 uppbådsområde
564 1314 72 21 kunde.
651 1314 127 21 bestämmas
794 1314 32 21 till
840 1322 46 13 mer

142 1351 26 19 än
188 1352 36 23 ett,
240 1349 88 22 hvarför
343 1350 22 21 åt
382 1351 11 26 $
410 1351 12 20 9
438 1351 75 27 gifvits
530 1358 25 13 en
571 1350 65 21 sådan
652 1350 114 28 affattning
781 1352 31 20 att
827 1349 57 22 detta

140 1385 40 21 blir
195 1385 87 28 möjligt.

211 1485 299 23 Hästutskrifningsutskottets
524 1485 129 18 betänkande.

918 703 43 26 $9.
