1114 1767
324 136 67 23 USB.
408 149 24 4 —
448 137 71 29 Prop.
535 138 41 23 N:o
590 139 34 22 25.

295 439 57 28 Lag-
360 440 45 22 och
414 439 251 24 Ekonomiutskottets
674 440 114 28 förslag
796 441 51 22 till

234 473 274 29 sammanjemkning
529 475 29 22 af
577 475 112 22 ständens
704 473 142 30 skiljaktiga

235 508 78 23 beslut
330 509 40 22 vid
385 509 173 28 behandlingen
575 509 27 22 af
615 509 133 22 utskottets
766 510 81 21 betän-

235 542 76 23 kande
334 543 40 22 N:o
390 543 12 22 4
417 544 8 21 i
441 544 128 27 anledning
588 543 28 22 af
630 544 66 21 Hans
711 542 136 29 Kejserliga

233 576 123 29 Majestets
366 578 87 27 nädiga
463 579 152 26 proposition
626 578 119 27 angäende
753 579 36 21 ett
797 578 50 22 till-

233 611 199 28 läggsstadgande
454 613 41 21 till
517 613 173 27 förordningen
715 619 38 16 om
768 613 79 21 närin-

234 652 74 21 garna
322 645 28 23 af
363 647 45 21 den
422 647 26 22 31
464 647 63 22 Mars
543 647 62 22 1879.

166 783 83 29 Enligt
285 784 121 22 Utskottet
444 784 200 22 =tillhandakomna
682 784 165 28 =protokollsut-

98 818 57 28 drag
171 818 42 21 har

165 852 159 28 Ridderskapet
346 853 40 21 och
408 854 78 27 Adelm,
508 853 52 21 med
584 852 169 30 godkännande
769 853 26 21 af
810 852 37 22 be-

97 886 130 22 tänkandet
248 886 9 21 i
280 886 78 29 öfrigt,
378 886 96 22 beslutit
490 890 34 18 att
540 888 38 21 det
594 888 13 20 &
621 894 53 22 pag.
692 888 25 21 13
732 887 115 29 ingående

97 920 255 29 resolutionsförslaget
368 921 59 21 skall
438 922 86 21 erhälla
532 922 98 28 ungefär
636 921 104 29 följande
747 922 99 28 lydelse:

98 957 46 26 »att
167 955 135 28 Ständerna,
318 956 52 20 med
386 955 168 23 framhällande
571 956 68 22 häraf
651 956 43 22 och
709 956 36 21 för
759 956 89 21 undan-

97 989 112 29 rödjande
233 990 25 22 af
272 990 44 21 den
333 990 145 28 motsägelse,
494 998 49 14 som
558 990 122 22 förefinnes
697 990 97 22 emellan
810 990 37 21 be-

97 1024 175 29 stämningarna
297 1024 8 21 i
322 1024 130 22 ännämnda
468 1026 85 28 nädiga
568 1025 137 28 förordning
720 1032 36 14 om
771 1025 76 21 närin-

97 1066 73 22 garna.
192 1062 60 18 samt
274 1058 69 22 ofvan
360 1060 128 28 åberopade
504 1060 138 28 kungörelse
657 1060 26 21 af
696 1059 45 22 den
757 1061 26 21 14
798 1060 50 22 Juli

99 1094 61 27 1892,
175 1093 57 22 ville
247 1093 35 22 uti
298 1096 78 19 svaret
391 1094 13 21 &
419 1094 45 21 den
472 1094 86 29 nädiga
565 1094 174 28 propositionen
748 1094 99 27 anhälla,

98 1128 39 21 det
159 1128 89 21 täcktes
270 1127 65 22 Hans
359 1128 131 29 Kejserliga
510 1128 109 29 Majestät
634 1127 141 23 omedelbart
790 1135 57 22 upp-
865 1151 2 2 .

97 1163 71 20 häfva
183 1162 73 29 sagda
270 1163 139 27 kungörelse
421 1165 59 19 samt
492 1164 60 20 etter
563 1163 38 20 det
610 1162 145 28 fullständig,
764 1169 83 22 genom

98 1196 147 29 sakkunniga
266 1204 110 21 personer
390 1197 153 22 införskaffad
558 1197 126 28 utredning
698 1197 9 21 i
722 1199 77 19 ämnet
815 1205 32 13 er-

97 1231 86 27 hållits,
207 1231 121 29 förelägga
351 1231 270 28 nästsammanträdande
644 1231 100 22 Ständer
765 1231 83 22 sådant

97 1265 127 29 lagförslag
239 1266 119 29 angående
374 1266 154 29 tillverkning
543 1266 43 22 och
601 1266 140 29 försäljning
757 1266 25 21 af
789 1274 58 13 mar-

97 1301 67 27 garin
183 1299 57 22 eller
254 1301 279 28 margarinblandningar,
550 1301 94 22 hvartill
660 1301 44 21 den
719 1307 79 15 vunna
812 1303 35 19 ut-

97 1335 129 28 redningen
241 1335 78 22 kunde
334 1336 139 22 föranleda.”

166 1371 163 21 Presteståndet
359 1370 42 21 har
430 1370 20 29 ej
473 1370 97 28 mindre,
592 1370 53 22 med
660 1370 149 22 förkastande
825 1370 26 21 af

97 1403 116 21 klämmen
222 1399 13 37 &
257 1404 43 20 sid.
317 1406 33 24 12,
366 1404 105 27 godkänt
484 1404 39 20 det
533 1405 8 19 i
552 1404 173 27 propositionen
733 1404 114 27 ingående

97 1435 264 30 författningsförslaget
391 1437 51 21 med
465 1437 71 21 sådan
560 1437 99 27 ändring
679 1439 34 19 att
728 1437 119 22 slutorden

167 1488 50 23 Lag-
230 1488 32 18 och
274 1488 182 19 Ekonomiutskotteis
468 1489 110 18 betänkande
590 1488 37 19 N:o
639 1489 18 17 4.
