1125 1764
363 155 29 22 U.
408 155 27 22 B.
452 169 27 2 —
494 156 74 29 Prop.
583 157 42 22 N:o
641 156 37 23 27.

415 529 254 22 Ekonomiutskottets
678 529 94 28 förslag
782 529 41 22 till
834 535 59 16 sam-

347 563 184 28 manjemkning
547 563 26 22 af
586 563 29 22 de
631 563 142 28 skiljaktiga
783 563 89 27 beslut,
885 563 9 22 i

347 596 84 23 hvilka
452 597 103 22 stånden
578 597 98 22 stannat
691 597 41 22 vid
748 597 145 22 behandlin-

347 637 46 22 gen
409 630 27 23 af
455 631 131 22 utskottets
602 631 153 22 betänkande
771 631 45 22 N:o
831 631 39 27 10,
885 631 9 22 i

347 665 133 28 anledning
495 665 27 22 af
537 665 64 23 Hans
617 665 137 28 Kejserliga
769 666 124 27 Majestäts

346 699 90 28 nådiga
454 700 162 28 proposition,
635 699 125 28 angående
777 700 63 22 vissa
858 700 35 21 in-

346 734 181 27 skränkningar
544 735 9 21 i
567 734 109 22 handeln
690 734 56 22 med
762 734 70 24 viner
847 734 47 23 och

346 768 77 23 andra
438 775 100 21 svagare
553 769 157 28 rusdrycker.

210 872 28 21 Af
259 872 105 21 utskottet
385 871 181 22 tillhandakomna
587 871 194 28 protokollsutdrag
795 871 98 27 framgår,

141 909 32 19 att
194 906 155 27 Ridderskapet
371 905 39 23 och
430 905 67 22 Adeln
521 907 54 21 samt
590 906 84 21 Preste-
689 906 38 22 och
742 906 151 27 Borgarestån-

141 942 40 21 den
197 941 131 22 beträftande
344 941 36 21 det
398 940 3 21 i
416 940 220 22 Ekonomiutskottets
652 940 154 22 ofvannämnda
821 940 72 21 betän-

140 975 69 22 kande
229 975 86 27 intagna
323 975 112 27 lagförslag
450 975 89 27 vidtagit
554 975 103 22 särskilda
668 975 154 27 förändringar,
831 974 60 22 hvar-

141 1012 57 19 emot
213 1009 159 22 Bondeständet
387 1009 95 28 godkänt
496 1009 144 22 betänkandet
655 1009 142 22 oförändradt.
826 1009 69 22 Dessa

140 1044 147 27 förändringar
302 1044 107 22 äfvensom
424 1044 115 21 utskottets
554 1043 49 22 med
617 1043 112 27 anledning
745 1043 22 21 af
780 1043 47 22 dem
842 1049 52 21 upp-

140 1078 74 28 gjorda
235 1078 293 28 sammanjemkningsförslag
549 1077 68 22 finnas
639 1077 164 22 sammanstälda
825 1077 7 21 i
850 1083 43 16 om-

140 1113 89 21 stående
244 1111 64 24 tablå.

210 1507 181 19 Ekonomiutskottets
404 1506 110 19 betänkande
525 1508 36 16 N:o
573 1506 30 18 10.
