1109 1745
225 140 27 21 56
447 137 26 24 U.
488 137 25 30 B.
529 150 28 2 —
574 137 63 29 Prop.
652 135 37 24 N:o
705 137 37 22 32.

224 209 103 28 gångbart
348 209 44 28 pris
415 208 48 21 bort
483 207 173 28 tillgodokomma
676 207 41 22 den
733 215 39 14 ene
787 207 134 30 hästegaren,
938 207 33 21 till

224 245 41 21 den
281 244 34 22 del
329 237 87 29 hästens
431 243 95 29 verkliga
542 243 65 22 värde
619 243 128 28 öfverstiger
754 242 217 32 markegängepris
942 238 33 40 et,

224 281 63 21 söker
311 281 33 28 sig
367 281 41 26 väg
425 279 31 22 till
472 287 26 14 en
513 287 68 14 annan
598 279 120 28 hästegares
734 278 63 28 ficka,
813 285 34 15 om
862 278 81 23 dennes
963 279 8 21 i

224 315 92 30 anspräk
339 318 63 25 tagna
423 315 48 21 häst
486 315 8 20 i
509 314 148 22 motsvarande
668 314 59 33 grad
742 315 39 28 gär
795 314 68 22 under
878 314 42 31 den
937 317 35 20 ut-

224 351 92 22 fallande
339 351 148 27 ersättningen.
517 351 44 20 Det
582 350 85 28 obilliga
688 349 127 22 härutinnan
835 350 40 22 har
900 353 72 19 manat

225 388 42 28 mig
282 390 31 18 att
328 386 52 22 söka
395 385 87 30 päfinna
497 393 26 14 en
539 387 66 27 utväg
624 386 32 21 till
671 385 108 23 värnande
795 386 22 22 af
833 385 40 23 den
889 386 85 28 enskil-

225 424 37 20 des
285 422 47 21 utaf
351 421 162 29 ifrågavarande
535 421 116 28 stadgande
673 422 105 21 beroende
798 424 47 19 rätt.
876 422 51 21 Och
944 422 28 22 dä
992 442 1 4 .

224 459 59 21 detta
303 457 69 30 skydd
393 457 49 22 icke
462 457 42 22 kan
519 457 61 22 ernäs
596 457 28 28 på
639 465 68 14 annan
722 459 42 26 väg
779 459 27 20 än
821 465 77 21 genom
912 458 61 22 fast-

225 494 96 22 hällande
344 493 23 22 af
381 493 41 22 den
437 494 8 21 i
461 493 38 22 vär
516 493 145 28 rättsordning
675 493 103 28 stadgade
793 497 55 18 samt
862 501 77 21 genom
958 495 13 20 2

225 532 12 26 8
253 532 7 19 i
274 531 26 21 R.
316 529 23 22 F.
354 529 117 29 fastslagna
485 529 142 28 grundsatsen
642 532 32 18 att
688 530 62 28 ingen
766 529 35 22 mä
813 529 102 22 afhändas
927 530 44 21 löst

224 567 51 21 eller
289 567 44 21 fast
353 569 52 18 utan
418 565 48 29 laga
482 565 49 21 dom
547 565 41 22 och
602 565 134 28 ransakning,
759 565 38 22 har
811 566 35 28 jag
861 565 49 22 med
928 566 44 21 till-

224 602 109 29 lämpning
347 601 23 22 af
384 601 91 22 nämnda
494 601 115 28 grundsats
628 601 30 28 pä
673 601 162 29 ifrågavarande
850 601 122 28 stadgande
989 597 3 2 :

225 638 64 26 velat
301 637 60 29 gifva
383 637 58 22 detta
459 637 69 21 sädan
547 637 109 26 innebörd,
679 640 32 19 att
725 637 40 22 full
781 639 117 26 ersättning
913 637 59 22 skall

225 668 116 28 tillkomma
363 673 73 28 hvarje
456 680 62 21 egare
540 674 22 20 af
584 674 35 21 för
633 673 145 28 krigsbehof
770 664 15 42 i
795 673 92 29 anspråk
903 676 69 26 tagen

224 709 53 22 häst.
307 708 71 23 Häraf
401 709 39 21 har
462 708 47 22 med
531 708 160 29 nödvändighet
710 709 55 28 följt,
785 711 32 19 att
831 709 141 29 lagförslaget

225 745 76 22 mästat
324 744 117 23 omarbetas
457 745 7 20 i
479 744 40 22 alla
535 744 27 22 de
578 744 64 27 delar,
661 744 72 22 hvilka
748 752 77 21 genom
840 745 131 28 antagandet

225 781 22 21 af
267 781 70 21 denna
356 781 84 28 princip
462 781 48 21 icke
531 780 75 22 vidar6
628 780 110 22 befunnits
760 783 108 20 motsvara
885 781 38 22 det
942 780 30 29 pä

225 816 122 22 densamma
369 816 115 29 uppbygda
506 824 42 21 nya
566 818 102 27 systemet
683 816 34 21 för
732 817 165 29 prissättningen
916 817 14 22 &
944 817 28 22 de

224 853 23 21 af
262 852 233 29 militärförvaltningen
511 852 59 22 säväl
585 853 7 20 i
608 851 53 30 följd
676 852 23 21 af
713 852 130 29 utskrifning
859 860 45 14 som
917 853 55 25 efter

225 885 144 25 hästleverans
383 888 29 28 pä
425 888 70 28 grund
510 888 23 21 af
548 888 101 21 kontrakt
664 888 178 28 omhändertagna
859 880 84 37 djuren.

295 930 62 22 Efter
372 932 32 19 att
417 929 89 22 sålunda
521 930 8 21 i
544 930 87 21 korthet
644 930 66 21 hafva
724 926 117 32 preciserat
847 931 44 26 min
898 930 73 22 stånd-
982 941 2 5 '

224 965 70 29 punkt
314 965 33 22 till
368 965 70 22 denna
458 965 35 22 del
508 965 23 22 af
545 965 100 27 ärendei,
659 965 62 22 utber
741 966 36 27 jag
791 966 44 27 mig
849 969 32 24 att
895 966 24 21 få
936 966 34 21 till

224 1001 129 22 Ständernas
376 1001 95 28 benägna
486 1001 130 28 granskning
631 1001 40 21 och
686 1000 155 29 godkännande
857 1001 114 31 vördsamt

225 1037 130 21 öfverlemna
379 1036 69 22 nedan
473 1037 92 28 intagna,
584 1035 45 23 dels
650 1043 42 23 nya
713 1036 41 22 och
775 1036 46 22 dels
841 1036 127 23 förändrade

225 1072 137 29 stadganden,
376 1073 8 20 i
399 1071 100 22 afseende
521 1072 14 22 å
553 1072 74 22 hvilka
643 1071 90 22 särskild
749 1073 132 27 motivering,
896 1072 72 23 såvidt

224 1108 66 23 sådan
312 1107 23 22 af
356 1109 45 27 mig
422 1107 111 23 förutsetts
549 1115 52 15 vara
619 1107 129 29 erforderlig,
763 1108 61 29 ingår
839 1108 37 22 vid
891 1108 77 29 hvarje

225 1144 68 28 dylikt
303 1143 127 29 'stadgande.

294 1185 117 28 Systemets
425 1185 174 29 grundläggande
611 1185 64 22 tanke
691 1185 116 22 återfinnes
820 1185 69 22 såsom
900 1186 67 22 ofvan

225 1221 71 22 blifvit
318 1221 62 28 sagdt
400 1222 31 20 uti
451 1220 121 29 åberopade
587 1221 87 28 lagrum,
696 1221 87 22 hvarför
797 1222 36 27 jag
847 1216 65 38 gifvit
926 1221 44 22 föl-
992 1241 2 2 -

223 1257 63 28 jande
300 1256 82 29 lydelse
397 1256 22 22 åt

661 1333 11 26 g
689 1333 20 20 6.

472 1386 124 29 Ersättning
618 1385 34 22 för
673 1386 53 27 häst,
747 1386 87 23 hvilken
857 1387 54 24 efter
934 1390 36 19 ut-

401 1423 111 28 skrifning,
532 1423 99 28 frivilligt
651 1422 71 22 anbud
745 1423 52 22 eller
818 1423 98 22 leverans
941 1423 28 30 pä

271 1465 298 24 Hästutskrifningsutskottets
583 1464 129 20 betänkande.
