1128 1770
260 166 27 20 38
451 165 30 22 U.
495 165 28 22 B.
540 178 27 2 —
581 165 74 28 Prop.
670 165 42 22 N:o
728 164 38 23 29.

232 241 60 16 vare
319 235 63 22 dock
408 236 123 28 ansvarig
559 235 40 22 för
622 235 70 22 hvad
710 235 49 22 den
777 235 80 22 andre
875 234 33 23 af
921 235 60 22 sina

232 268 159 30 åligganden
408 268 159 24 åsidosätter.

299 304 57 22 Med
384 304 115 22 arbetare
525 304 92 22 förstås
643 304 9 22 i
679 304 82 22 denna
788 304 44 28 lag
851 303 55 27 den,
926 310 54 16 som

230 338 57 22 med
306 338 109 22 arbetets
434 338 133 23 utförande
585 340 72 28 tager
675 337 143 23 omedelbar
830 338 148 29 befattning,

230 378 57 16 men
302 372 54 22 icke
376 373 55 26 den,
450 380 54 15 som
522 373 89 22 endast
628 373 47 22 har
693 372 84 29 tillsyn
790 372 71 22 öfver
875 372 103 22 arbetet.

575 476 13 22 4
610 476 23 29 8.

298 544 17 22 I
339 544 118 22 afseende
483 544 16 22 å
527 544 161 22 inträffande
716 543 143 29 olycksfall,
890 543 89 23 hvilka

230 579 117 22 medföra
366 578 133 23 bestående
511 579 92 22 förlust
615 579 60 22 eller
686 578 148 29 minskning
846 578 32 23 af
887 579 92 22 arbets-

231 613 119 28 förmåga
368 613 166 28 (invaliditet)
554 613 60 22 eller
632 613 48 22 den
698 613 128 22 skadades
838 613 59 26 död,
911 613 68 22 skall

230 647 191 28 arbetsgifvare,
440 654 54 15 som
513 647 126 22 bedrifver
657 647 10 22 i
684 647 40 28 2$
736 647 167 22 omförmäldt
916 647 62 22 före-

230 682 51 28 tag,
300 681 154 22 säkerställa
473 681 58 22 sina
550 681 127 22 arbetares
696 681 45 22 och
758 681 74 22 deras
845 681 133 22 rättsinne-

229 715 121 22 hafvares
368 715 10 22 i
397 715 83 22 denna
499 715 44 29 lag
560 715 126 29 stadgade
703 716 52 21 rätt
772 715 42 22 till
822 715 156 22 skadestånd

228 756 90 23 genom
337 749 146 30 försäkring
501 750 11 22 i
530 750 103 26 anstalt,
652 756 53 15 som
718 750 10 21 i
741 750 32 22 17
782 751 15 27 $
806 749 170 27 omförmäles,

230 784 81 22 derest
336 784 51 22 slik
414 785 96 21 anstalt
532 785 11 21 i
561 784 87 23 landet
666 784 82 23 finnes
767 785 45 21 och
831 784 147 30 försäkring

229 818 33 23 af
275 818 30 23 sä
318 818 146 23 beskaffadt
476 819 97 29 företag
586 820 142 27 emottager.
766 819 111 29 Sälänge
893 819 84 22 sädan

229 853 147 28 försäkring
402 853 193 29 upprätthälles,
623 860 59 15 vare
712 853 200 29 arbetsgifvaren
943 853 35 23 fri

229 886 59 23 från
306 887 165 29 ansvarighet
489 887 40 23 för
545 888 95 22 skador
658 887 32 22 af
704 894 35 16 nu
756 888 99 22 nämnd
873 889 47 25 art,
932 888 45 22 och

228 920 43 23 må
296 922 133 22 arbetaren
447 922 87 22 vända
552 922 40 29 sig
610 922 155 22 omedelbart
782 922 42 22 till
841 922 135 22 anstalten.

296 956 60 22 Med
374 956 147 22 invaliditet
533 956 123 22 likställes
669 956 10 22 i
692 956 84 22 denna
789 956 44 29 lag
843 956 32 23 af
883 957 94 28 olycks-

229 989 49 23 fall
306 990 161 22 härrörande
493 990 124 29 sjukdom,
645 997 54 15 som
727 990 93 23 fortfar
846 991 69 23 öfver
936 992 40 21 ett-

228 1024 178 29 hundratjugu
425 1025 84 29 dagar
527 1025 60 22 efter
605 1025 165 29 olycksfallet.

570 1130 14 21 5
605 1128 23 30 8.

294 1197 116 29 Företag,
436 1204 52 15 som
512 1198 127 22 hbedrifves
661 1198 39 21 för
718 1199 94 21 statens
832 1198 60 22 eller
909 1199 66 22 kom-

226 1237 74 16 muns
328 1231 116 29 räkning,
473 1238 59 15 vare
559 1232 21 28 ej
609 1232 183 22 underkastadt
818 1233 48 22 den
893 1233 10 22 i
928 1233 16 22 4
961 1233 15 28 $

226 1265 116 23 nämnda
362 1265 231 30 försäkringspligi.

569 1366 16 22 6
604 1366 23 29 8.

293 1434 190 30 Arbetsgifvare
491 1435 52 22 kan
553 1434 32 23 af
591 1434 107 23 Senaten
708 1435 96 23 befrias
814 1435 59 23 från
882 1436 92 23 honom

225 1470 79 29 enligt
331 1470 84 22 denna
446 1470 43 28 lag
515 1469 140 29 äliggande
685 1469 231 31 försäkringspligt,
944 1471 30 23 sä

293 1514 47 21 Lag-
353 1513 33 17 och
400 1512 180 18 Ekonomiutskottets
592 1512 109 18 betänkande
713 1513 36 18 N:o
763 1514 29 17 12.
