1114 1764
352 136 33 47 U:
400 151 22 24 B.
439 165 27 2 —
480 153 67 29 Prop.
563 153 37 23 N:o
616 153 37 22 32.
848 155 27 20 21

199 224 44 21 Det.
262 225 8 19 i
290 224 109 28 Tyskland
418 224 68 28 följda
506 228 101 25 systemet
627 225 36 21 för
677 225 140 27 värderingen
833 225 44 22 står

127 258 125 28 emellertid,
270 260 66 28 enligt
351 260 42 22 den
409 260 143 28 uppfattning,
567 268 45 14 som
628 260 76 29 hyllats
721 260 22 21 af
754 260 122 30 Utskottets

126 291 82 30 flertal,
228 296 8 20 i
258 294 132 29 oskiljaktigt
409 296 151 28 sammanhang
579 296 48 21 med
648 303 26 15 en
693 296 123 28 anordning,
831 290 45 28 som

127 330 69 22 skulle
214 332 51 26 göra
280 330 37 22 det
331 330 63 29 tyska
409 334 102 26 systemet
526 332 50 26 föga
591 331 116 22 tilltalande
723 332 34 20 för
767 332 48 21 vårt
824 332 53 22 folk.

127 366 74 22 Staten.
222 366 39 21 har
275 366 66 22 behof
356 366 22 22 af
393 367 125 28 medelgoda
533 367 71 21 hästar
617 368 38 21 och
672 368 23 20 är
710 367 55 22 altså
780 368 19 28 ej
815 375 63 21 ange-

126 403 62 27 lägen
206 410 35 14 om
255 402 32 22 att
298 402 143 22 kostnaderna
452 402 35 22 för
500 403 61 21 deras
575 402 141 23 anskaffande
726 403 36 21 må
772 404 62 21 ställa
844 404 33 28 sig

127 438 122 28 onödigtvis
265 438 60 28 höga.
354 438 14 21 I
382 438 110 29 Tyskland
505 438 90 22 förfares
609 439 72 22 derför
693 439 36 22 vid
740 439 136 22 hästutskrif-

126 475 78 27 ningen
225 474 95 27 sålunda,
334 476 32 20 att
381 474 223 29 besigtningsnämden
620 475 42 26 (die
677 475 199 29 Musterungskom-

126 511 97 26 mission)
237 510 23 22 af
273 510 28 22 de
310 510 38 22 vid
360 510 148 30 besigtningen
517 511 114 29 godkända
641 512 98 21 hästarna
750 511 60 28 efter
820 518 55 22 egen

123 546 117 30 pröfning
261 545 101 29 utväljer
377 546 37 22 det
428 548 63 26 antal,
502 555 45 14 som
557 547 48 22 frän
618 547 95 22 omrädet
725 547 55 23 skall
790 547 89 22 utskrif-

128 590 44 14 vas.
204 582 148 22 Förordandet
370 583 24 21 af
411 590 26 14 en
456 583 66 22 sådan
540 583 73 29 åtgärd
629 584 39 21 har
685 584 115 22 Utskottet
814 584 64 21 emel-

127 618 63 22 lertid
215 618 49 22 icke
284 618 57 22 velat
360 621 48 26 taga
428 619 28 29 pä
477 620 36 21 sitt
533 627 82 15 ansvar.
646 620 33 21 En
695 620 40 28 lag,
750 619 88 22 hvilken
856 619 22 22 åt

127 654 66 29 några
209 662 107 20 personer,
331 654 30 22 lät
377 662 51 14 vara
438 655 91 22 utsedde
543 656 22 22 af
574 656 126 28 hästägarne
712 656 82 28 sjelfve,
808 655 70 21 såsom

127 690 61 22 fallet
207 690 73 29 blefve
298 690 49 22 med
368 690 40 22 den
428 691 121 29 föreslagna
565 692 229 28 besigtningsnämden,
808 690 64 29 gäfve

128 726 130 28 befogenhet
278 729 32 19 att
330 726 74 28 afgöra
425 734 27 14 en
473 728 24 20 sä
517 727 100 29 granlaga
638 727 39 21 sak
697 734 45 14 som
764 730 32 19 att
810 727 65 21 bland

128 761 98 21 enskilda
240 769 102 21 personer
357 762 106 29 tillhöriga
477 763 72 21 hästar
564 765 72 26 uttaga
652 762 36 22 det
701 763 32 21 till
744 762 130 28 utskrifning

128 798 111 21 bestämda
258 798 85 28 antalet,
358 798 68 22 skulle
442 798 39 22 hos
497 806 35 15 oss
547 802 104 25 mottagas
667 798 48 22 med
730 798 137 28 misstro;joch

129 834 43 22 den
187 834 109 28 möjlighet
310 836 24 20 är
348 834 36 23 väl
399 835 18 27 ej
434 834 66 22 heller
515 836 112 29 utesluten,
643 838 31 18 att
689 838 32 18 ett
731 834 76 22 sädant
820 834 57 22 stad-

129 869 68 29 gande
212 871 7 19 i
236 870 96 22 enskilda
346 870 44 22 fall'
400 870 103 22 mähända
519 871 85 21 komme
619 873 32 19 att
665 870 48 22 leda
728 870 33 22 till
776 873 31 19 att
818 870 58 22 leda-

129 909 45 19 mot
195 907 7 20 i
223 906 194 29 besigtningsnämd
438 906 77 32 skulle
526 907 95 29 begagna
640 908 33 26 sig
690 906 23 22 af
728 907 33 21 sin
777 907 99 27 ställning

128 942 36 21 för
178 944 31 20 att
224 950 70 20 gynna
308 942 76 29 nägon
395 942 43 22 viss
455 942 118 29 hästägare.

200 978 34 20 En
256 986 69 13 annan
346 978 90 28 svaghet
457 979 6 20 i
486 978 37 22 det
542 979 62 28 tyska
622 981 103 26 systemet
743 980 23 19 är
784 981 32 18 att
829 978 48 21 det-

129 1021 81 13 samma
232 1014 18 28 ej
271 1013 89 22 bereder
375 1016 66 26 utväg
456 1017 31 18 att
502 1014 83 22 minska
600 1014 40 22 det
652 1013 71 29 tvång,
738 1021 46 14 som
799 1021 76 21 genom

129 1049 205 29 hästutskrifningen
362 1050 86 22 utöfvas
477 1053 44 18 mot
549 1050 42 21 den
616 1049 96 22 enskilde
739 1049 137 29 hästägarens

113 1080 2 2 —
130 1080 180 34 dispositionsrätt
331 1086 62 22 öfver
414 1087 32 21 sin
470 1086 109 27 egendom.
608 1086 43 21 Till
671 1092 60 15 norm
751 1085 35 22 för
801 1086 75 21 värde-

129 1122 75 28 ringen
224 1120 24 23 af
266 1121 98 22 hästarna
385 1122 54 21 skall
459 1122 72 28 läggas
551 1116 36 38 det
599 1116 47 38 pris
662 1121 27 22 de
704 1121 72 22 kunna
791 1121 85 29 betinga

129 1158 33 27 sig
181 1158 8 20 i
207 1157 97 27 fredstid,
319 1158 112 22 hvaremot
446 1158 41 21 den
504 1158 93 28 stegring
612 1158 8 20 i
635 1157 99 27 värdena,
749 1164 46 14 som
810 1159 24 19 är
849 1164 26 14 en

129 1193 53 29 följd
198 1193 23 21 af
235 1193 75 29 kriget,
326 1194 31 21 als
371 1193 49 22 icke
436 1193 34 22 fär
485 1197 58 25 tagas
554 1194 8 20 i
574 1193 145 27 betraktande,
729 1194 68 20 enär
791 1188 10 39 i
810 1192 66 22 sädan

129 1229 102 22 händelse
246 1229 142 23 kostnaderna
403 1230 34 21 för
453 1229 162 29 utskrifningen,
629 1230 73 21 hvilka
712 1229 37 22 vid
763 1228 113 29 värdering

129 1267 23 19 in
168 1273 51 14 casu
234 1265 66 22 ocksä
314 1265 51 29 eljes
381 1266 54 27 stiga
450 1265 66 28 högre
528 1267 27 20 än
566 1265 36 22 vid
614 1265 107 28 betalning
728 1265 59 22 efter
796 1264 80 22 medel-

131 1302 50 27 pris,
199 1301 73 22 blefve
291 1301 34 21 för
345 1303 69 22 staten
430 1301 63 21 altför
509 1301 70 28 dryga.
609 1301 50 21 Den
675 1308 73 21 sporre
764 1300 31 21 till
810 1300 66 28 frivil-

130 1337 39 28 ligt
184 1336 78 27 anbud,
276 1344 46 14 som
338 1335 41 22 den
394 1336 77 29 nädiga
487 1337 171 29 propositionens
673 1336 112 22 föreskrift
798 1343 33 14 om
844 1338 31 19 ett

130 1372 92 22 tillskott
244 1373 32 21 till
294 1373 68 28 priset
380 1372 35 22 för
434 1372 55 27 häst,
508 1373 87 22 hvilken
615 1372 98 28 frivilligt
730 1371 98 29 erbjudes
844 1371 32 22 till

130 1407 88 26 inlösen,
236 1407 95 27 innebär,
348 1407 69 21 skulle
435 1408 80 21 förlora
529 1409 34 20 sin
578 1407 115 28 betydelse,
709 1415 33 13 om
761 1407 37 21 det
814 1406 62 28 tyska

131 1446 103 25 systemet
249 1443 61 30 lades
330 1443 33 21 till
382 1443 68 28 grund
471 1443 34 21 för
525 1443 161 28 utskrifningen.
716 1443 45 21 Det
775 1442 101 28 frivilliga

187 1495 3 3 -
202 1484 300 24 Hästutskrifningsutskottets
516 1484 131 20 betänkande.
