1131 1773
460 131 44 26 N:o
525 133 38 24 31.
693 153 2 2 |
847 131 12 22 5

138 201 33 22 för
186 202 36 21 det
237 200 93 28 område,
345 201 66 22 hvarå
427 201 72 28 dylika
514 201 179 28 inskränkningar
708 201 61 22 skola
778 201 59 21 hvila
848 200 39 22 och

137 236 81 21 hvilket
240 236 116 21 benämnes
371 236 132 27 fästningens
519 236 106 27 esplanad,
641 236 52 21 böra
709 235 108 22 utmärkas
834 235 13 21 å
863 241 25 15 en

137 271 33 20 för
193 270 121 21 ändamålet
336 271 103 26 uppgjord
462 270 49 27 plan
534 270 52 21 eller
601 270 40 21 ock
656 271 27 25 på
699 271 65 19 annat
780 271 43 20 sätt
839 269 48 21 med

137 304 127 27 erforderlig
279 305 105 26 tydlighet
399 305 132 21 bestämmas.

205 339 62 21 Hvad
288 338 105 27 Kejsaren
409 339 38 21 och
462 338 131 22 Storfursten
609 339 8 21 i
635 345 28 14 nu
681 337 88 22 nämndt
787 337 100 22 afseende

136 373 112 22 förordnat
264 373 157 28 offentliggöres
436 380 76 21 genom
528 373 78 22 allmän
621 373 132 27 författning.

492 449 11 27 8
519 450 19 20 2.

205 495 253 26 Fästningsesplanadens
483 497 89 25 gränser
597 495 67 25 skola,
688 494 7 21 i
720 494 93 27 enlighet
839 494 47 21 med

136 529 56 22 hvad
208 535 34 15 om
258 529 60 21 deras
336 529 122 27 sträckning
473 529 70 22 blifvit
558 529 112 27 bestämdt,
687 529 22 21 af
722 529 143 21 landtmätare
880 528 6 21 i

136 566 91 19 närvaro
243 563 23 22 af
279 563 161 22 vederbörande
453 563 112 28 jordegare
582 563 37 22 och
637 563 77 22 ombud
729 563 33 22 för
773 562 114 28 fästnings-

136 598 80 22 befälet
238 599 97 20 utstakas
352 598 12 21 &
379 599 88 21 marken
490 599 38 21 och
551 599 66 21 förses
633 599 47 21 med
696 598 97 22 rästenar
809 597 23 22 af
844 597 43 22 till-

136 633 82 27 räcklig
232 633 86 21 storlek.

204 667 143 22 Rästenarnes
369 668 48 27 läge
439 668 39 21 bör
501 668 110 22 utmärkas
634 668 13 21 å
668 667 163 29 rägängskarta.
860 666 29 22 Af

136 703 76 21 kartan
236 703 39 21 och
298 702 36 22 det
353 702 35 22 vid
403 702 155 28 förrättningen
573 702 61 22 förda
649 702 113 28 protokoll,
778 702 60 21 hvari
853 702 34 21 rä-

136 737 114 21 märkenas
265 737 147 22 beskaffenhet
432 738 39 21 och
486 738 48 27 läge
548 738 79 27 jemväl
642 738 55 21 skall
712 744 56 20 noga
783 736 103 28 angifvas,

135 772 40 22 bör
197 774 32 20 ett
252 772 108 27 exemplar
383 772 175 22 tillhandahällas
582 772 188 28 fästningsbefälet
793 771 40 22 och
855 773 32 20 ett

136 808 66 20 annat
217 806 97 22 förvaras
330 806 39 22 hos
383 808 138 26 guvernören.

492 882 47 29 83.

204 929 70 26 Egare
296 929 24 21 af
340 928 43 23 fast
397 929 103 26 egendom
516 929 117 22 tillkomme
650 929 118 27 ersättning
783 928 23 22 af
818 927 69 23 finska

136 964 84 21 kronan
243 963 34 21 för
299 963 40 21 den
362 963 121 28 minskning
498 964 8 21 i
520 963 142 28 fastighetens
683 963 71 27 värde,
777 969 45 16 som
831 959 20 36 de
870 963 16 21 i

137 999 9 20 1
164 998 11 28 &
191 997 141 22 omförmälda
347 998 179 27 inskränkningar
541 998 33 22 för
589 999 78 21 honom
682 997 63 22 hafva
755 998 34 21 till
799 997 86 28 påföljd,

135 1033 34 21 för
179 1033 71 21 sävidt
260 1033 71 27 dylika
341 1033 178 28 inskränkningar
529 1034 47 21 icke
585 1034 58 21 förut
653 1033 66 22 hvilat
729 1033 12 22 ä
749 1033 136 27 fastigheten.

204 1067 171 28 Utbetalningar,
391 1074 45 15 som
451 1069 28 26 pä
494 1069 68 26 grund
578 1068 23 21 af
610 1069 69 20 denna
689 1067 125 28 förordning
824 1067 61 22 verk-

136 1102 74 21 ställas
227 1108 25 15 ur
266 1101 71 22 finska
355 1102 140 25 statskassan,
507 1104 92 20 ersättas
614 1103 46 21 icke
676 1101 23 22 af
712 1101 174 28 Kejsaredömets

135 1135 133 22 statsmedel.

204 1170 151 27 Ersättningen
378 1170 55 21 skall
455 1170 51 28 utgå
528 1171 71 21 såsom
615 1170 54 27 årlig
684 1172 62 20 ränta
761 1171 39 21 och
817 1177 69 15 amor-

135 1205 71 27 tering
226 1204 53 21 efter
294 1211 38 15 sex
347 1204 33 22 för
395 1205 109 22 hundrade
520 1205 24 21 af
557 1205 37 22 det
608 1205 83 27 belopp,
707 1205 102 21 hvarmed
825 1211 61 21 egen-

136 1239 86 21 domens
237 1239 73 21 värde"
323 1239 107 26 minskats;
447 1239 39 22 och
500 1240 106 21 beräknas
621 1239 42 22 fem
679 1239 33 22 för
727 1239 110 22 hundrade
853 1241 33 20 så-

136 1279 45 16 som
196 1275 63 19 ränta
274 1274 13 20 å
298 1273 41 22 den
351 1273 94 28 oguldna
455 1273 151 23 hufvudstolen
617 1276 55 20 samt
683 1273 123 23 återstoden
816 1273 70 23 såsom

135 1308 131 26 amortering
289 1308 66 27 deraf,
379 1309 24 20 så
425 1310 32 20 att
480 1309 28 21 all
531 1309 73 21 vidare
619 1309 239 27 betalningsskyldighet
873 1309 13 21 å

135 1342 93 21 kronans
244 1342 46 21 sida
306 1342 55 22 efter
375 1342 108 28 trettiosju
499 1344 23 20 år
537 1343 89 27 upphör.
656 1343 138 27 Rättigheten
809 1344 33 21 till
857 1351 29 15 nu

134 1377 95 21 nämnda
245 1376 67 28 årliga
327 1376 63 28 afgift
405 1378 55 21 skall
475 1378 52 27 följa
542 1378 128 28 fastigheten
686 1379 29 21 åt.

203 1411 43 21 Vill
261 1411 82 21 kronan
359 1411 67 21 hellre
442 1412 87 26 erlägga
539 1412 150 21 hufvudstolen
699 1414 83 24 genast,
793 1413 94 26 egeirätt

135 1444 79 22 dertill.
243 1444 87 27 Uppgår
345 1444 150 28 minskningen
511 1445 22 21 af
546 1445 140 27 fastighetens
702 1445 64 22 värde
782 1446 33 21 till
826 1452 59 15 mera
