1131 1770
310 148 25 21 18
500 148 27 22 U.
543 148 26 21 B.
587 159 22 3 —
627 147 72 26 Prop.
714 146 41 22 N:o
770 146 35 22 24.

279 204 45 21 före
343 204 97 26 anslaget
455 204 34 20 för
504 203 104 21 Karelska
623 204 70 20 banan
708 203 46 21 icke
769 203 83 21 komme
869 204 31 20 att
915 202 67 21 förslå
997 202 33 21 till

280 237 101 21 Harakka
397 237 81 21 "banans
493 237 117 26 utförande,
628 242 47 16 men
694 237 70 21 kunde
778 236 37 22 det
829 236 84 22 felande
929 236 101 27 beloppet

279 272 51 26 utgå
351 278 26 14 ur
400 271 207 27 Statsjernvägarnes
630 271 183 21 nettoinkomster.
843 270 50 22 Med
916 270 114 28 anledning

279 305 62 22 häraf
354 306 39 20 har
407 306 105 21 utskottet
527 305 105 27 delgifvits
647 312 27 14 en
689 306 58 21 tablå
762 305 59 22 öfver
836 305 104 21 särskilda
955 310 26 16 ur
994 311 36 15 an-

279 340 67 26 slaget
368 339 35 21 för
424 340 41 21 den
483 340 104 22 Karelska
602 340 69 22 banan
687 340 146 22 utanordnade
848 340 95 26 utgifter,
959 339 72 22 hvilka

279 375 46 21 icke
347 374 68 26 ingått
437 375 6 20 i
466 375 36 20 det
523 374 149 28 ursprungliga
691 374 102 28 förslaget
808 375 39 21 och
863 374 90 22 sålunda
968 374 63 21 torde

280 415 49 15 vara
345 408 31 24 de,
392 414 45 16 som
452 409 7 20 i
475 409 40 20 den
530 408 77 28 nådiga
622 408 159 27 propositionen
797 408 80 22 afsetts.
907 409 69 20 Dessa
992 414 37 15 an-

279 443 46 26 slag
339 444 37 19 äro
392 442 105 27 följande:

279 488 124 27 Ersättning
429 488 33 21 för
484 488 23 21 af
527 484 168 31 Öfverstyrelsen
719 488 93 22 lemnadt

347 522 92 21 förskott
461 522 33 21 till
514 523 53 21 1887
587 523 34 21 års
634 523 177 28 jernvägsunder-

348 556 90 28 SÖKNINE
467 572 5 4 +
495 572 6 5 «
524 572 5 4 +
553 572 4 4 2
581 572 4 5 s
609 552 33 36 koa
666 552 62 36 soma
751 572 5 5 8
780 572 33 5 86
826 557 48 27 Fay
904 557 83 26 17,209:
1002 557 28 21 99

279 591 164 27 Expropriation
463 590 23 22 af
503 591 60 21 mark
581 592 39 20 och
639 593 78 20 tomter
730 591 33 21 för
778 593 33 20 ut-

347 624 100 28 vidgning
463 625 24 21 af
499 625 91 27 Viborgs
606 626 79 21 station
723 641 33 5 ..
779 641 5 5 .
807 641 5 5 .
840 642 12 10 ,
888 626 99 26 367,223:
1003 638 28 2 —

279 659 140 28 Tillbyggnad
433 660 33 20 till
481 660 189 22 lokomotivstallet
686 660 7 20 i
708 660 80 27 Viborg
808 676 5 4 .
841 677 12 9 ,,
902 660 85 26 48,000:
1004 672 26 3 —

279 694 114 26 Planering
404 694 33 21 för
450 700 26 15 en
487 701 28 21 ny
522 695 183 21 remontverkstad
715 695 7 21 i
730 694 80 28 Viborg
841 712 12 9 ,,
903 694 85 27 50,000:
1004 706 26 4 —

280 728 101 22 Vuoksen
396 728 131 28 hamnspår
523 724 12 36 .
551 744 5 4 .
608 746 5 3 2
665 744 147 6 ks.
840 746 12 9 »
878 724 15 36 =
903 728 84 28 34845:
1003 741 29 3 —

279 762 101 22 Vuoksen
395 763 194 27 landningsbrygga
610 780 4 5 .
638 780 4 4 .
666 780 5 4 .
698 779 1 4 <
725 778 2 5 <
752 780 5 4 .
781 779 5 5 .
809 778 5 5 «
841 780 12 9 »
879 758 15 36 =
904 764 84 24 14,872:
1003 763 26 21 61

727 804 87 22 Summa
828 803 47 28 Zn;
890 803 97 26 532,150:
1003 803 29 22 60

348 856 108 26 Derjemte
475 856 39 20 har
529 856 55 20 inom
600 856 106 21 utskottet
722 855 87 27 anförts,
825 856 32 20 att
872 856 40 20 den
928 854 104 28 uppgifna

280 889 164 22 merkostnaden
466 890 34 21 för
522 889 238 27 terrasseringsarbeten
784 889 119 28 säkerligen
918 891 24 20 är
958 889 74 22 alltför

279 924 48 27 hög,
349 925 110 21 hvaremot
481 924 13 21 &
515 925 66 21 andra
604 924 61 22 sidan
685 931 25 14 en
728 925 35 20 del
778 924 102 21 stationer
895 924 85 26 anlagts
995 924 36 21 be-

279 959 77 27 tydligt
378 961 68 19 större
466 961 27 19 än
512 959 54 20 hvad
581 959 7 21 i
603 959 102 26 förslaget
720 959 76 21 afsetts
810 960 56 19 samt
878 957 80 28 jemväl
974 958 55 21 halt-

279 993 98 27 punkter,
400 993 85 21 utöfver
506 993 107 28 förslaget,
631 993 105 25 inrättats,
754 993 66 27 jemte
838 993 37 21 det
892 993 139 26 transporten

279 1027 22 21 af
318 1027 57 21 räler
393 1027 69 21 blifvit
479 1027 96 27 omkring
595 1027 91 25 100,000
701 1027 59 21 mark
776 1027 76 27 dyrare
866 1029 27 19 än
908 1027 122 21 beräknats.

279 1058 68 25 Äfven
362 1062 39 20 har
416 1062 36 20 det
466 1061 96 27 upplysts
574 1063 31 20 att
617 1062 106 21 Karelska
730 1061 227 28 jernvägsbyggnaden
972 1061 59 21 inne-

279 1096 55 21 hade
359 1097 31 19 ett
412 1095 113 21 värdefullt
546 1096 248 26 instrumentalieförräd,
816 1096 63 21 hvars
901 1095 51 27 pris,
976 1094 55 22 efter

279 1130 204 27 byggnadsarbetets'
506 1130 132 21 slutförande
660 1130 39 21 och
718 1130 129 27 redskapens
866 1128 165 30 öfverflyttande

279 1164 32 21 till
331 1164 69 27 nägon
418 1170 70 15 annan
500 1164 204 28 jernvägsbyggnad,
720 1164 67 21 blefve
803 1164 129 27 disponibelt
947 1165 32 19 att
994 1165 49 19 an-'

279 1198 80 21 vändas
373 1198 33 21 för
422 1198 101 21 Harakka
538 1198 76 22 banan.

348 1368 37 22 Uti
407 1368 40 21 den
469 1367 78 27 nädiga
569 1367 159 27 propositionen
750 1367 122 22 framhälles
891 1369 42 25 att,
954 1373 76 21 genom

279 1402 37 22 det
333 1401 116 27 forcerade,
465 1402 112 27 samtidiga
597 1403 82 20 arbetet
694 1402 27 27 pä
735 1404 76 20 tvenne
826 1402 133 22 omfattande
972 1402 59 27 jern-

279 1437 209 28 vägsanläggningar,
511 1437 7 21 i
540 1437 96 27 förening
651 1437 48 21 med
714 1437 184 27 nödvändigheten
914 1438 32 21 att
962 1437 27 27 pä
1004 1437 26 22 de

347 1489 178 22 Jernvägsutskottets
537 1485 111 22 betänkande
659 1488 39 18 N:o
709 1488 18 17 2.
