1117 1773
266 137 26 21 56

587 227 11 27 8
614 228 20 20 5.

306 271 79 27 Sjelfva
400 272 146 28 besigtningen
562 273 125 21 verkställas
702 273 6 21 i
724 272 93 28 följande
833 272 100 28 ordning:

303 318 32 27 4)
350 317 91 22 Hästens
457 318 59 21 ålder
530 318 133 22 bestämmes.

304 364 31 28 B)
351 364 83 27 Höjden
449 367 111 25 uppmätes
575 365 33 22 för
627 365 160 22 bestämmande
804 365 23 21 af
841 365 48 21 dess
904 365 59 22 klass
978 365 6 21 i

235 399 94 27 enlighet
344 399 47 21 med
407 399 11 27 $
434 400 19 27 3,
470 400 66 21 hvarä
551 400 59 22 sker:

305 445 26 28 C)
345 444 127 29 Besigtning
494 446 23 21 af
538 446 86 22 hästens
639 446 88 22 framdel
746 446 67 21 under
830 445 155 28 stillastående,

235 481 72 21 dervid
323 481 39 21 bör
378 481 136 21 observeras:

303 521 24 27 a)
343 521 160 22 framhofvarna
518 522 105 27 (sprickor
637 521 27 28 på
674 522 141 27 hornväggen,
827 521 84 28 fullhof,
922 521 62 21 strål-

236 555 64 28 röta);

304 589 23 28 0)
342 590 124 22 frambenen
488 591 116 26 (öfverben,
621 591 149 26 bockbenthet,
786 591 33 21 för
834 591 108 20 ridhästar
958 602 26 3 —

235 624 102 27 darrning
351 625 7 20 i
373 624 89 28 knäna);

303 659 21 26 ce)
340 659 82 22 bröstet
437 659 212 28 (trångbröstighet);

303 693 25 27 d)
343 694 105 26 läpparna
463 694 139 27 (hängande);

303 729 21 25 e)
340 731 78 24 tungan
434 729 44 26 (hel
494 729 52 20 eller
562 729 40 26 ej);

298 762 27 27 £)
348 762 96 21 käkarna
461 762 85 29 (knölar
561 763 68 21 under
644 763 96 20 käkarna
756 763 71 21 såsom
838 763 146 21 kännetecken

235 798 27 25 på
277 797 84 21 kvarka
375 797 51 22 eller
442 797 64 27 rots);

300 832 25 27 g)
341 833 83 26 ögonen
441 832 125 27 (blindhet);

304 865 24 29 h)
345 865 85 28 öronen,
448 866 100 28 (sloköra,
565 868 50 25 ömt,
632 866 103 27 derjämte
750 866 109 28 orörligt);

303 901 19 27 i)
337 901 86 21 halsens
438 902 103 26 ställning
556 901 32 21 för
604 902 161 21 bestämmande
781 902 23 20 af
817 902 125 26 lämplighet
953 902 31 21 till

236 934 44 23 ridt
295 936 53 20 eller
363 935 101 27 körning;

302 981 34 28 D)
352 981 126 27 Besigtning
493 981 46 22 från
555 982 60 21 sidan
631 982 66 21 under
713 982 155 21 stillastående:

303 1022 24 27 a)
343 1028 79 20 ryggen
437 1022 97 27 (bruten;
550 1022 90 28 längden
656 1022 34 21 för
704 1022 159 22 bestämmande
879 1022 23 21 af
916 1023 66 26 lämp-

233 1055 67 27 lighet
315 1056 33 21 för
363 1056 44 21 ridt
422 1056 52 21 eller
489 1056 109 28 körning);

302 1090 23 28 0)
341 1090 69 22 buken
426 1090 131 28 (kvickdrag,
573 1091 85 28 bråck);

301 1136 32 28 E)
348 1136 124 28 Besigtning
495 1137 23 21 af
539 1137 86 22 hästens
648 1137 75 21 bakdel
744 1137 67 21 under
826 1137 157 21 stillastående:

302 1177 25 27 a)
341 1177 76 21 korset
432 1177 109 28 (afbruten
556 1177 167 27 höftbenspets);

305 1211 23 28 b)
343 1212 112 22 bakbenen
472 1212 116 28 (öfverben,
604 1214 84 25 mugg);

301 1257 32 28 F)
350 1258 125 27 Besigtning
490 1259 65 21 under
570 1259 90 21 rörelse:

301 1298 25 26 a)
342 1298 80 20 rörelse
445 1298 67 21 bakut
535 1298 38 22 och
597 1298 92 22 derefter
711 1298 72 26 hastig
805 1298 79 21 rörelse
905 1298 79 21 framåt

234 1330 139 28 (ryckningar
388 1330 7 20 i
410 1330 142 26 bakfötterna,
569 1331 79 27 spatt);

301 1364 23 28 d)
340 1364 90 21 ledande
446 1364 24 21 af
482 1365 78 21 hästen
574 1365 5 20 i
597 1364 77 26 skridt,
689 1365 89 21 hvarvid
793 1364 191 27 uppmärksamhet

233 1399 56 21 skall
304 1398 67 22 fästas
387 1398 33 22 vid
436 1399 78 21 lätthet
529 1400 7 20 i
551 1400 126 26 rörelserna,
688 1399 153 27 (regelbunden
851 1400 61 26 gång,
923 1400 61 27 ryck-
