1114 1773
350 140 63 46 U:B.
429 159 27 8 «—
473 150 63 30 Prop.
552 150 37 24 N:o
605 151 35 23 32:
841 154 27 20 41

71 212 20 11 7
115 222 152 28 .tilläfventyrs
290 222 68 22 under
380 222 69 28 kriget
472 214 172 41 uppkommande
664 223 76 22 luckor
759 224 111 21 anordnas.

125 258 58 22 Dock
198 258 37 21 må
250 258 35 27 för
300 259 146 21 hästreserven
460 259 44 21 icke
519 265 46 14 mer
580 261 30 18 än
625 259 62 27 högst
701 260 30 20 tio
743 261 91 25 procent
846 260 28 27 af

124 294 47 21 hela
185 294 84 20 antalet
282 294 69 27 enligt
364 295 44 19 slat
422 294 126 27 utskrifvas.

169 330 11 6 *
195 328 45 22 Det
255 328 89 22 sålunda
358 328 114 22 faststälda
487 328 81 22 antalet
583 329 93 21 fördelas
692 330 27 28 på
730 329 84 22 landets
826 331 43 20 sär-

124 364 70 23 skilda
209 364 59 22 delar
283 366 67 26 enligt
363 365 58 22 hvad
435 366 72 20 derom
524 366 10 20 i
550 366 15 27 $
582 366 28 20 23
626 368 66 25 säges.

474 450 12 26 8
502 450 19 20 5.

195 490 35 21 De
245 490 78 26 hästar,
341 497 46 14 som
402 490 67 28 enligt
483 490 148 28 fördelningen
646 490 52 21 böra
713 490 51 28 utgä
780 490 47 21 frän
843 498 26 13 en

124 526 103 26 landsdel,
245 529 84 25 uttagas
348 533 75 21 genom
443 526 92 30 lottning
554 526 28 29 pä
601 528 43 19 sätt
664 526 73 22 derom
756 527 86 27 stadgas
863 526 7 21 i

125 563 12 27 $
154 563 35 25 28,
208 562 35 21 för
263 562 70 22 sävidt
350 562 18 27 ej
387 562 37 21 det
438 562 79 28 nödiga
529 562 80 22 antalet
628 563 90 21 erhålles
732 569 77 21 genom
824 562 44 28 fri-

101 596 2 2 —
124 596 76 30 villiga
214 598 75 22 anbud
304 598 50 21 eller
369 598 145 22 hästleverans
530 599 71 21 såsom
618 598 10 21 i
642 599 48 27 kap.
712 598 48 21 VII
772 601 66 25 säges.

195 634 52 22 Kan
266 635 57 20 inom
344 636 32 20 ett
394 634 189 28 lottningsomräde
602 634 38 21 det
659 633 112 22 bestämda
790 634 80 21 antalet

124 670 73 30 hästar
215 671 18 27 ej
255 670 96 26 erhållas,
370 669 35 22 mä
423 670 37 21 det
474 669 108 23 bristande
598 672 84 26 uttagas
699 677 25 14 ur
739 673 65 18 annat
819 670 51 21 eller

124 706 67 21 andra
206 706 106 22 omräden.

473 773 11 26 S
502 773 18 20 6.

129 842 3 3 N
196 814 126 28 Ersättning
340 813 35 21 för
393 809 79 38 afläten
486 809 53 38 häst
554 813 94 29 erlägges
664 813 56 21 efter
734 813 137 29 medelpriset

125 851 58 21 inom
200 850 59 21 länet
275 850 35 20 för
327 850 73 21 hästar
422 850 31 20 uti
468 850 42 21 den
526 849 64 26 klass,
605 850 33 20 till
653 848 87 22 hvilken
756 849 76 21 hästen
847 850 24 20 är

125 886 97 22 hänförd.
253 885 82 22 Sädant
354 885 114 29 medelpris
484 885 104 22 beräknas
604 885 39 22 och
659 884 116 23 fastställes
790 884 80 29 ärligen

125 923 8 20 i
148 922 153 29 sammanhang
315 922 50 21 med
380 921 40 22 och
435 922 8 21 i
458 929 80 14 samma
553 921 91 30 ordning
656 929 45 14 som
714 921 41 22 den
766 921 105 22 allmänna

125 958 260 29 markegängssättningen
400 958 9 21 i
423 957 78 22 landet.

474 1043 12 26 8
503 1043 18 20 7.

133 1084 41 19 044
196 1083 128 22 Pillsvidare
340 1083 40 21 och
388 1078 101 38 intilldes
504 1083 105 29 Kejsaren
625 1082 40 22 och
681 1082 136 22 Storfursten
828 1083 42 20 kan

125 1120 67 22 finna:
204 1119 80 29 skäligt
299 1119 132 21 annorlunda
445 1118 107 27 förordna,
566 1119 85 21 komma
666 1118 73 21 hästar
755 1118 18 28 ej
790 1121 32 19 att
837 1121 33 18 ut-

126 1156 93 22 skrifvas
231 1156 58 21 inom
299 1155 162 29 Lappmarkens
476 1154 66 22 härad
560 1154 79 30 (utesl.)
658 1157 56 18 samt
728 1153 141 29 Kuolajärvik

126 1200 85 14 ommun
225 1191 23 21 af
259 1191 66 21 Kemi
340 1191 66 21 härad
421 1190 40 22 och
476 1190 120 30 Uleåborgs
611 1190 37 20 län
663 1189 79 29 (utesl.)
758 1189 111 22 äfvensom

126 1228 97 22 Walamo
244 1227 40 21 och
302 1226 108 22 Konevitz
429 1227 58 21 öar
482 1220 17 40 i
506 1224 89 31 Ladoga
612 1225 41 22 och
668 1225 110 29 Hogland,
796 1225 74 29 Tytär-

126 1264 55 20 saari
195 1270 28 14 m.
235 1263 24 21 fl.
269 1264 62 20 utöar
342 1263 16 20 i
360 1262 81 21 Finska
451 1262 64 22 viken
526 1263 57 20 inom
595 1262 121 55 Kymmene
726 1260 41 22 och
778 1260 92 22 Stranda

125 1298 90 24 härader
230 1298 23 21 af
267 1298 101 28 Wiborgs
384 1297 42 21 län.

197 1338 299 26 Hästutskrifningsutskottets
509 1338 132 19 betänkande.
