1125 1770
357 153 29 22 U.
401 152 28 23 B.
445 165 28 4 —
488 153 73 28 Prop.
577 153 42 23 N:o
634 153 37 22 27.
832 154 27 21 49

136 223 102 24 betalning
252 222 90 20 utlemna
357 222 62 20 sådan
435 229 47 13 vara
505 223 31 19 vid
552 223 81 25 tillfälle,
648 223 26 19 då
692 223 197 26 försäljningsrättig-

136 251 60 19 heten
211 251 17 24 ej
244 250 30 19 får
288 251 84 19 utöfvas.

207 279 20 25 3)
243 279 85 24 Svagare
344 279 98 24 rusdryck
457 279 33 20 må
504 280 17 25 ej
537 279 98 20 utlemnas
650 279 21 20 åt
686 279 43 26 den,
744 286 44 13 som
798 281 23 18 är
831 280 58 20 druc-

136 307 39 20 ken
190 307 48 20 eller
252 307 16 24 ej
284 307 46 25 fyllt
345 308 74 19 femton
434 307 27 20 år.

205 336 21 25 4)
255 335 50 25 Den,
320 343 43 12 som
379 336 12 19 å
406 337 204 24 utskänkningsställe
625 339 22 17 är
662 335 22 20 så
698 337 94 24 drucken,
807 337 30 19 att
848 337 40 19 han

138 366 22 18 är
174 365 8 19 i
197 365 59 19 behof
270 365 20 19 af
304 365 76 24 tillsyn,
395 365 32 19 må
442 365 16 25 ej
474 365 75 20 lemnas
565 367 47 18 utan
628 365 61 25 nödig
704 365 54 20 vård.

207 394 10 23 8
236 394 31 19 19.
298 393 117 20 Handlande
430 394 36 19 och
481 394 66 24 andra,
570 400 42 13 som
628 393 52 20 hålla
696 396 66 23 öppna
777 393 111 26 salubodar,

137 428 47 13 vare
198 422 100 24 förbjudet
320 424 28 17 att
364 422 103 20 derstädes
490 429 42 13 som
547 423 58 25 gåfva
627 423 29 19 till
672 423 93 25 förtäring
780 422 25 26 på
821 423 68 20 stället

136 450 88 20 utlemna
240 456 82 20 svagare
337 450 97 26 rusdryck
449 451 19 19 af
482 452 52 18 hvad
557 452 41 24 slag
613 452 35 18 det
662 457 46 13 vara
722 451 38 19 mä.
789 451 22 26 Ej
827 451 61 20 heller

136 478 33 20 mä
185 479 11 19 å
211 479 73 24 apotek
297 479 59 19 dessa
372 479 84 25 drycker
471 480 43 19 med
523 480 47 20 eller
578 482 48 17 utan
634 480 94 19 tillsatser
738 480 111 20 utskänkas
858 480 30 20 för

136 509 30 18 att
181 508 34 18 der
230 508 87 19 förtäras.

207 537 10 23 $
235 536 32 20 20.
297 536 86 25 Svagare
406 536 98 25 rusdryck
526 536 32 20 mä
580 536 33 20 vid
636 536 143 25 utminutering
794 537 48 19 eller
856 538 32 18 ut-

136 564 113 26 skänkning
263 565 88 19 hvarken
373 565 101 25 utborgas,
489 565 29 19 till
533 566 95 24 förtäring
648 565 27 25 pä
690 565 66 19 stället
771 571 43 14 som
829 565 59 25 gäfva

136 593 70 19 aflätas
220 593 48 20 eller
282 596 42 16 mot
340 596 49 23 pant
403 594 102 24 föryttras.

207 623 10 23 $
234 623 32 19 21.
291 623 18 25 1)
324 622 93 20 Förutom
432 622 50 25 dem,
497 622 67 20 hvilka
573 622 77 26 jemlikt
660 622 134 25 stadgandena
804 623 7 19 i
822 623 66 19 denna

137 650 116 26 förordning
275 653 33 17 äro
323 651 136 25 berättigande
481 653 28 18 att
524 652 78 24 försälja
622 651 48 19 eller
685 651 98 19 utskänka
805 657 82 19 svagare

137 679 125 24 rusdrycker,
277 679 92 20 fördriste
384 680 31 24 sig
428 680 45 19 icke
487 680 72 25 nägon,
574 680 62 19 under
650 680 82 18 hvilken
744 680 144 25 förevändning

138 714 43 13 som
196 708 59 24 helst,
276 710 29 17 att
320 708 19 19 af
360 708 58 20 dessa
433 708 84 25 drycker
539 708 30 20 till
584 710 62 18 större
662 708 48 20 eller
724 708 77 20 mindre
815 708 72 26 belopp

137 736 29 19 för
181 742 50 18 egen
253 736 47 20 eller
322 742 78 14 annans
422 736 83 26 räkning
519 737 84 25 försälja.
632 736 136 25 Byteshandel
783 737 45 19 med
843 743 44 13 sva-

137 771 46 18 gare
198 765 121 24 rusdrycker
334 771 45 13 vare
394 765 40 19 lika
449 766 44 19 med
509 766 139 25 försäljningen
663 765 80 19 ansedd.

208 794 19 24 2)
251 794 39 18 Vill
305 793 65 25 någon
387 793 66 19 såsom
468 794 59 24 gäfva
541 794 46 19 eller
602 794 117 23 undfägnad
733 793 12 20 &
760 796 62 17 annat
831 794 57 20 ställe

138 824 25 17 än
178 822 100 19 ofvanföre
294 822 5 18 i
316 823 24 23 $$
358 822 31 24 19,
406 822 25 19 20
448 822 37 20 och
501 823 24 19 21
542 822 130 24 omförmäles,
688 822 67 19 säsom
769 822 32 19 vid
813 822 74 26 bröllop

137 850 37 20 och
189 851 61 19 andra
272 851 103 25 gästabud,
397 850 100 20 utskänka
517 857 81 19 svagare
616 850 125 25 rusdrycker,
756 850 33 20 mä
805 851 81 25 godtgö-

138 879 52 19 relse
204 879 20 19 af
238 879 53 19 hvad
306 885 60 13 namn
382 879 39 19 den
435 885 47 13 vara
497 879 38 24 mä,
550 880 76 19 derföre
640 879 88 19 hvarken
743 880 96 24 betingas,
854 882 32 17 ut-

137 907 62 20 fästas
214 907 49 20 eller
277 910 115 23 emottagas,
407 907 7 20 i
429 909 60 18 annat
503 908 34 19 fall
560 907 49 20 skall
624 908 59 19 äfven
699 907 38 20 slik
752 907 135 26 utskänkning

137 936 31 20 till
183 936 66 25 oloflig
263 937 116 24 försäljning
394 936 97 20 hänföras.

207 967 10 22 8
234 965 32 19 22.
298 966 19 25 1)
333 965 86 25 Svagare
433 965 102 25 rusdryck,
551 971 41 14 som
608 965 64 20 blifvit
687 966 58 24 tagen
755 965 7 19 i
773 965 68 25 beslag
851 965 38 20 och

137 994 85 19 förklara
241 993 101 20 förbruten
364 994 103 19 äfvensom
483 993 67 24 sädan,
564 994 81 19 hvilken
660 993 30 20 för
704 993 114 20 resterande
834 995 53 18 skatt

136 1022 49 20 eller
200 1029 44 13 som
259 1022 93 20 säkerhet
366 1023 29 19 för
409 1023 61 22 böter,
485 1029 42 12 som
543 1023 92 25 möjligen
650 1022 60 19 varda
725 1022 89 24 ädömda,
822 1022 65 20 blifvit

136 1052 60 24 tagen
210 1051 6 19 i
232 1053 47 22 mät,
295 1051 51 20 skall
361 1051 62 24 enligt
438 1051 146 20 vederbörande
598 1051 142 24 länestyrelses
750 1051 101 19 föreskrift
860 1051 26 25 pä

136 1079 68 20 landet
219 1079 89 26 försäljas
323 1079 31 20 till
368 1079 196 25 destilleringsfabrik
578 1080 49 19 eller
641 1080 7 18 i
664 1080 43 19 stad
717 1079 12 20 &
741 1079 90 26 offentlig
839 1080 48 19 auk-

136 1108 47 25 tion,
199 1108 7 19 i
222 1109 124 19 sistnämnda
360 1108 34 19 fall
409 1108 50 19 dock
481 1108 16 25 ej
513 1109 6 18 i
534 1109 76 19 mindre
625 1109 68 24 poster
707 1110 25 17 än
748 1108 26 19 50
790 1108 49 25 liter,
855 1107 32 20 sä-

136 1137 43 19 vidt
194 1137 94 25 beloppet
302 1137 67 19 dertill
384 1136 83 26 uppgär.

206 1166 20 25 2)
255 1165 39 20 Det
308 1166 110 24 inflytande
433 1165 189 26 försäljningspriset
642 1165 121 20 inlevereras
777 1165 31 19 till
823 1165 64 20 länets

136 1195 72 19 ränteri
224 1195 37 19 och
276 1196 98 24 upptages
387 1194 6 20 i
407 1195 158 24 räkenskaperna
580 1195 55 19 öfver
649 1193 178 20 hränvinsmedlen.

206 1224 20 23 3)
255 1223 28 20 Pä
298 1223 67 20 landet
387 1223 68 20 eller
451 1219 15 34 i
477 1223 74 25 köping
565 1223 33 20 mä
620 1229 82 19 svagare
724 1223 105 24 rusdryck,
845 1228 43 14 som

135 1252 66 20 blifvit
216 1252 104 20 förverkad
342 1251 48 21 eller
405 1255 59 22 tagen
479 1252 6 19 i
501 1255 46 22 mät,
567 1252 43 19 icke
626 1251 11 20 ä
652 1251 89 25 offentlig
761 1252 82 19 auktion
856 1253 31 17 ut-

135 1281 77 25 bjudas.

205 1310 21 24 4)
256 1309 37 20 Om
308 1315 51 17 vara,
374 1315 43 13 som
433 1309 64 19 blifvit
512 1309 103 19 förverkad
629 1309 47 19 eller
690 1311 60 22 tagen
765 1309 7 18 i
786 1311 47 21 mät,
845 1309 42 19 icke

136 1337 26 26 pä
178 1338 106 25 medpifvet
307 1339 40 17 sätt
361 1337 30 19 fås
412 1337 27 25 pä
454 1337 66 20 stället
540 1337 80 24 försäld,
635 1337 37 19 och
687 1337 6 19 i
708 1336 35 20 fall
758 1337 93 25 beloppet
865 1339 22 16 är

137 1366 23 19 sä
174 1366 50 25 litet,
239 1368 29 17 att
283 1366 46 19 dess
344 1366 61 19 värde
420 1366 44 19 icke
478 1371 58 14 anses
550 1367 100 18 motsvara
664 1365 111 19 kostnaden
785 1366 30 18 för
824 1367 63 17 trans-

135 1394 104 24 portering
260 1394 29 19 till
305 1400 64 12 annan
392 1396 36 20 ort,
443 1400 36 18 ege
499 1394 131 23 länestyrelse
644 1394 72 23 afgöra,
737 1394 100 18 huruvida
853 1400 33 12 va-

135 1427 36 13 ran
187 1422 50 19 skall
252 1422 29 18 för
295 1422 88 18 kronans
398 1421 83 24 räkning
496 1421 110 25 uppläggas
620 1421 47 19 eller
682 1420 25 26 pä
722 1423 61 17 annat
793 1422 41 18 sätt
844 1420 43 19 der-

136 1450 46 20 med
196 1450 88 20 förfaras.

206 1488 180 18 Ekonomiutskottets
399 1488 108 18 betänkande
520 1490 36 16 N:o
568 1488 29 17 10.
809 1487 12 17 4
