1128 1764
309 132 82 24 Ständ.
407 134 37 23 Sv.
464 147 20 2 —
502 134 72 28 Prop.
589 134 42 22 N:o
645 134 36 22 27.
830 135 11 19 7

393 202 16 20 I
427 201 103 22 händelse
550 200 109 28 förnyelse
682 201 28 26 af
720 199 94 28 beviljad
826 202 44 26 för-

325 235 213 27 säljningsrättighet
559 235 114 27 åstundas,
696 234 37 22 må
756 234 82 22 sådant
852 235 20 26 ej

325 272 89 25 vägras,
425 270 70 21 derest
506 270 110 21 sökanden
626 270 44 21 icke
680 269 134 21 missbrukat
824 271 47 20 rät-

325 304 98 28 ligheten,
439 304 67 21 brutit
520 305 44 21 mot
573 304 192 27 förordningarna
775 304 96 21 rörande

324 338 135 28 försäljning
477 340 29 26 af
516 338 63 27 sprit-
594 338 51 21 eller
660 338 146 27 maltdrycker
821 339 51 21 eller

326 379 87 16 annars
427 373 49 21 låtit
486 373 71 21 oskick
567 373 37 21 vid
610 372 163 28 försäljningen
783 373 88 21 komma

327 408 34 26 sig
377 408 32 21 till
423 408 48 21 last.

574 483 12 21 3
602 484 19 23 8.

396 545 102 28 Skriftlig
520 546 99 21 ansökan
641 551 34 16 om
698 545 72 22 sådan
784 545 88 28 försälj-

326 581 176 27 ningsrättighet,
518 587 47 15 som
580 581 8 20 i
596 580 131 28 föregående
738 582 135 26 paragrafer

327 617 70 25 säges,
416 616 66 26 jemte
499 615 61 27 intyg
576 621 34 16 om
625 615 122 22 sökandens
759 615 61 28 frejd
836 616 37 21 och

327 650 89 27 uppgift
435 649 14 22 å
464 650 77 26 stället,
557 650 38 21 der
610 649 129 27 rättigheten
754 652 28 19 är
796 650 78 28 afsedd

328 685 32 20 att
381 685 93 26 utöfvas,
490 684 108 22 inlemnas
613 684 32 21 till
659 685 151 26 magistraten,
826 691 48 15 som

328 724 50 21 eger
392 718 96 21 inhemta
498 718 210 27 stadsfullmäktiges
718 719 50 21 eller
778 718 95 22 rädhus-

329 753 108 21 stämmas
459 754 59 20 samt
536 753 192 26 poliskammares,
748 753 39 21 der
801 753 73 21 sädan

327 787 77 26 finnes,
419 787 101 26 yttrande
535 787 60 26 öfver
609 787 150 26 ansökningen
774 787 37 21 och
826 787 48 21 den-

328 826 94 21 samma,
445 821 53 26 efter
518 821 114 27 pröfning,
651 821 76 26 bifalla
741 821 52 21 eller
808 821 66 27 afslä.

328 854 99 28 Pröfvar
449 855 145 26 magistraten
616 855 51 27 godt
681 855 152 27 ansökningen
848 855 26 22 bi-

326 889 64 28 falla,
413 889 88 27 utfärde
523 889 99 28 deröfver
644 889 168 22 tillständsbevis
826 890 49 21 med

328 924 125 21 utsättande
475 924 29 27 af
522 924 40 21 den
581 923 37 24 tid,
633 923 133 26 hvarunder,
781 923 38 22 och
834 924 41 21 den

329 957 64 28 trakt,
414 958 60 22 inom
489 958 85 22 hvilken
588 958 166 22 minuthandeln
768 957 38 23 mä
821 960 55 26 utöf-

329 998 46 21 vas,
399 993 112 27 äfvensom
533 994 25 20 de
581 993 74 27 öfriga
668 992 144 28 föreskrifter,
828 999 47 15 som

329 1027 32 21 till
375 1027 44 27 god
433 1027 107 27 ordnings
555 1026 151 29 befrämjande
716 1027 76 22 kunna
801 1027 75 27 finnas

327 1062 38 26 för
379 1061 114 22 särskilda
506 1062 43 27 fall
564 1068 56 15 vara
635 1062 28 26 af
674 1062 76 21 nöden.

399 1097 66 20 Göres
488 1096 124 27 ansökning
630 1096 28 27 af
669 1096 68 26 bolag,
753 1096 38 21 bör
806 1096 70 21 tillika

329 1130 42 21 den
383 1135 89 22 person,
488 1136 46 16 som
545 1130 83 22 komme
638 1130 32 21 att
679 1130 97 21 rörelsen
784 1129 91 28 förestä,

329 1166 97 20 nämnas
449 1164 37 22 och
508 1164 80 22 dennes
610 1164 57 27 goda
687 1163 61 29 frejd
762 1164 114 27 behörigen

330 1195 95 34 styrkas.
608 1216 2 2 :

579 1280 47 24 48.

401 1342 82 26 Aflider
499 1342 47 26 den,
562 1348 46 15 som
623 1341 93 21 innehar
730 1341 104 26 rättighet
844 1341 32 21 till

330 1376 152 22 minuthandel
501 1376 49 21 med
563 1376 148 27 förenämnda
726 1375 97 26 drycker,
840 1374 38 22 mä

330 1410 97 21 rörelsen
442 1410 28 26 af
481 1409 225 26 sterbhusdelegarene
718 1409 118 26 fortsättas
847 1409 31 20 till

331 1443 112 28 utgängen
470 1443 29 27 af
522 1443 92 26 löpande
641 1441 236 29 försäljningstermin,
