1125 1770
273 151 28 21 50
464 150 27 22 U.
507 151 28 21 B.
550 163 28 3 —
594 150 73 28 Prop.
683 150 42 22 N:o
740 150 38 22 27.

240 226 47 19 Art.
302 225 25 20 II.
362 225 36 20 Om
414 231 71 13 ansvar
506 225 33 25 för
553 224 142 26 öfverträdelser
716 225 26 25 af
752 224 147 26 föreskrifterna
914 225 8 19 i
936 225 63 19 denna

561 259 120 26 förordning.

315 318 10 24 8
343 318 33 19 23.
405 317 49 24 Den,
468 323 53 14 som:

316 347 19 25 1)
351 346 35 19 vid
401 346 76 24 handel,
499 346 80 20 hvarom
595 346 7 19 i
618 346 10 24 8
645 346 13 19 3
673 348 53 17 samt
748 346 10 23 $&
776 346 26 19 10
818 351 59 14 mom.
894 346 25 20 10
936 347 63 24 säges,

245 375 92 25 försäljer
351 374 47 20 eller
413 374 98 20 utlemnar
525 374 77 20 mindre
616 376 26 18 än
653 374 33 20 det
698 374 6 19 i
714 374 68 25 hvarje
794 374 34 20 fall
839 374 100 25 medgifna
948 374 51 20 min-

247 406 30 17 sta
292 404 82 25 belopp;

314 432 70 25 bryter
398 433 53 18 emot
465 432 92 19 förbudet
571 432 6 19 i
593 432 10 23 $
620 432 13 19 4
648 438 59 13 mom.
724 432 18 23 2,
758 434 29 17 att
801 431 127 20 innehafvare
938 432 19 18 af
967 432 33 19 ut-

247 461 166 24 skänkningsrätt
427 460 17 25 ej
461 460 33 19 mä
506 460 81 25 försälja
601 460 30 19 till
647 460 131 25 afhemtning;

317 488 67 21 säsom
400 488 118 25 tillverkare,
533 491 53 18 emot
601 488 115 21 förskriften
730 489 7 19 i
753 489 11 23 $
780 489 19 24 3,
814 488 91 25 försäljer
915 488 31 20 till
956 494 44 19 per-

249 524 43 19 son,
307 523 44 14 som
365 517 31 20 till
412 517 180 25 rusdryckshandel
608 517 43 20 icke
666 519 22 18 är
703 517 119 26 berättigad;

315 547 43 19 mot
372 545 125 20 föreskriften
512 546 7 19 i
535 547 10 23 $
562 547 13 18 4
591 546 98 19 utlemnar
703 546 18 18 öl
736 547 30 18 att
781 546 12 19 å
808 545 66 20 stället
888 545 94 25 förtäras;

316 576 42 18 mot
373 574 123 25 stadganden
511 574 6 19 i
533 575 24 23 88
575 575 12 19 3
602 574 38 20 och
656 574 24 20 11
697 580 59 14 mom.
773 575 17 24 1,
805 574 56 20 idkar
875 574 73 20 handel
956 574 46 20 med

248 603 49 20 eller
311 602 137 26 utskänkning
470 603 19 19 af
504 608 83 20 svagare
609 602 122 25 rusdrycker
745 602 13 20 &
773 606 60 16 annat
849 604 24 18 än
888 602 66 20 derför
969 602 32 20 be-

249 631 75 21 stämdt
339 631 66 25 ställe;

316 659 134 21 Ofverskrider
465 660 38 19 den
518 660 7 19 i
548 661 4 23 $
569 660 12 20 8
595 666 54 13 mom
665 660 12 18 2
695 660 101 25 medgifna
810 659 121 26 rättigheten
945 661 30 18 att
990 658 13 21 &

249 688 196 26 passagerarefartyg
460 688 99 20 utskänka
573 694 84 19 svagare
671 688 130 25 rusdrycker;

317 716 132 20 Ofverskrider
464 716 103 24 förbuden,
582 723 43 13 som
641 719 33 17 äro
693 716 54 26 gifna
762 716 7 19 i
786 717 24 24 $$
828 717 33 25 17,
876 717 25 19 19
917 717 38 19 och
969 717 34 24 20,

317 745 44 20 böte
377 745 61 19 första
452 744 79 26 gängen
546 745 44 20 frän
611 746 37 19 och
662 746 45 18 med
730 745 109 25 sjuttiofem
861 745 29 19 till
905 746 38 18 oah
957 746 46 19 med

249 774 107 20 etthundra
371 773 67 20 femtio
453 774 56 19 mark
524 774 37 19 och
575 774 61 19 andra
656 773 79 26 gängen
750 773 46 20 frän
810 774 37 19 och
862 774 45 20 med
921 774 82 20 etthun-

250 803 35 19 dra
299 802 68 20 femtio
383 802 31 19 till
429 803 37 19 och
480 802 47 20 med
548 802 107 20 trehundra
669 802 62 20 mark.
762 802 42 20 Den
819 808 43 14 som
877 802 62 26 tredje
954 802 49 26 gän-

249 837 38 19 gen
302 831 48 20 eller
364 831 62 19 oftare
442 831 92 20 beträdes
549 832 46 19 med
611 831 62 20 sädan
694 831 123 25 förbrytelse,
833 832 68 19 dömes
915 832 30 18 till
960 832 43 19 fän-

248 860 55 25 gelse
317 859 44 20 frän
377 860 37 19 och
430 860 44 20 med
490 866 35 19 sey
541 860 94 20 mänader
650 860 30 19 till
695 860 37 19 och
747 860 44 19 med
806 862 29 18 ett
850 860 27 20 är.
898 860 34 20 All
946 860 7 20 i
964 861 39 19 för-

249 888 185 26 säljningsrummet
456 888 89 25 befintlig
568 895 47 13 vara
629 895 46 13 vare
697 888 103 20 dessutom
815 888 68 26 hvarje
897 888 54 26 gäng
966 895 37 12 un-

250 917 106 20 derkastad
379 917 68 24 beslag
462 917 37 19 och
521 917 100 20 förbruten
643 917 62 19 tillika
719 917 47 20 med
780 917 24 20 de
819 917 48 25 kärl,
883 917 58 20 hvari
956 917 47 20 den-

249 951 76 14 samma
339 945 95 20 förvaras.

319 974 20 26 2)
354 973 72 26 Bryter
441 973 65 26 nägon
521 977 52 17 emot
588 974 92 21 förbudet
695 974 6 19 i
717 975 10 24 $
744 974 34 25 21,
793 974 49 19 eller
856 980 32 14 om
903 975 45 24 den,
961 980 43 14 som

249 1003 43 19 icke
306 1004 22 18 är
343 1003 111 24 berättigad
468 1004 30 18 att
513 1009 83 19 svagare
611 1003 99 24 rusdryck
724 1002 86 25 försälja,
826 1003 99 25 utborgar,
936 1003 69 20 såsom

249 1031 34 19 lön
297 1031 89 25 utgifver
400 1031 48 19 eller
463 1033 41 17 mot
519 1033 50 24 pant
591 1031 69 19 afläter
675 1031 62 20 sådan
753 1037 51 19 vara,
820 1032 45 19 böte
879 1032 62 19 första
955 1031 48 26 gän-

250 1065 39 19 gen
303 1059 45 19 frän
364 1059 38 19 och
417 1060 45 18 med
478 1059 97 26 sjuttifem
590 1060 30 19 till
636 1060 36 19 och
680 1060 46 20 med
733 1060 147 20 hundrafemtio
888 1060 56 20 mark
952 1062 52 18 samt

250 1088 77 20 straffas
341 1088 63 20 andra
418 1094 58 14 resan
492 1089 45 19 med
551 1089 56 19 böter
621 1088 45 20 frän
681 1088 37 20 och
732 1088 45 20 med
792 1088 145 20 hundrafemtio
948 1089 56 20 mark

250 1116 31 20 till
295 1117 38 19 och
347 1117 47 19 med
408 1116 111 20 trehundra
534 1118 60 24 mark,
617 1117 48 20 eller
684 1118 45 19 med
744 1117 89 26 fängelse
847 1117 45 20 frän
907 1118 37 20 och
959 1118 46 20 med

249 1145 34 20 två
298 1145 30 19 till
343 1146 38 19 och
396 1146 45 19 med
464 1152 37 14 sex
516 1145 99 21 månader.
645 1146 64 26 Begäs
725 1146 62 20 sådan
808 1146 118 26 förbrytelse
941 1146 63 26 tredje

249 1180 59 14 resan
323 1174 48 20 eller
386 1174 67 24 oftare,
476 1180 47 14 vare
538 1175 76 19 straffet
635 1174 90 26 fängelse
739 1174 44 20 från
798 1175 38 19 och
851 1175 44 20 med
911 1182 36 13 sex
961 1175 42 20 mä-

249 1203 62 19 nader
325 1202 31 20 till
371 1203 37 19 och
423 1203 45 19 med
482 1204 30 19 ett
526 1203 27 20 år.
584 1204 43 19 Den
641 1204 104 24 brottslige
760 1204 51 19 skoll
826 1204 37 19 ock
873 1204 68 25 hvarje
950 1204 55 25 gång

249 1231 68 20 dömas
332 1231 92 25 förlustig
439 1232 43 19 hela
497 1232 35 19 det
545 1231 181 25 rusdrycksförråd,
741 1238 43 14 som
800 1232 37 20 hos
852 1232 73 20 honom
940 1233 63 19 öfver-

250 1260 96 24 kommes,
360 1260 61 24 jemte
436 1260 24 19 de
475 1260 48 24 kärl,
539 1260 54 20 hvari
609 1260 109 20 detsamma
733 1261 93 19 förvaras.

318 1288 20 25 3)
353 1288 32 20 Då
400 1294 82 19 svagare
497 1289 99 24 rusdryck
610 1289 95 25 föryttras
720 1290 20 18 af
754 1289 45 24 den,
815 1295 43 13 som
873 1289 44 19 icke
931 1289 7 19 i
951 1289 52 19 stad-

249 1316 40 24 gad
303 1317 87 22 ordning
404 1317 72 17 vunnit
490 1317 67 18 dertill
572 1316 97 23 tillstånd,
684 1316 48 19 eller
746 1316 120 23 förbrytelse
880 1318 53 17 emot
949 1317 10 22 $
978 1317 25 18 17

249 1345 34 23 egt
297 1349 51 18 rum,
363 1342 53 20 skall
430 1343 123 25 förbrytaren
576 1343 94 25 derjemte
685 1344 68 19 dömas
775 1346 29 17 att
819 1344 80 25 erlägga
913 1350 25 13 en
953 1345 51 19 efter

249 1371 39 20 den
303 1371 79 26 olofliga
396 1371 152 26 försäljningens
563 1372 120 25 omfattning
698 1372 79 26 lämpad
789 1372 58 25 afgift
857 1372 44 20 frän
911 1373 37 19 och
959 1373 45 20 med

249 1400 58 25 tjugu
322 1400 31 19 till
375 1400 37 19 och
427 1400 46 20 med
495 1401 108 19 trehundra
624 1401 61 24 mark,
701 1401 81 28 hvilken
802 1401 88 20 tillfaller
905 1401 38 20 den
959 1401 45 20 stad

248 1428 48 21 eller
310 1429 159 24 landskommun,
484 1429 35 20 der
533 1429 134 26 förbrytelsen
682 1430 59 19 skett.
757 1430 39 20 Äro
812 1430 47 20 flera
873 1431 6 19 i
895 1430 62 21 sädan
965 1431 38 20 för-

249 1457 64 21 seelse
327 1457 105 26 delaktiga,
448 1458 56 19 skola
525 1458 25 20 de
565 1458 131 20 tillsammans
718 1459 82 25 erlägga
814 1459 72 20 endast
900 1465 26 15 en
941 1459 62 26 afgift,

315 1496 182 19 Ekonomiutskottets
510 1497 110 18 betänkande
632 1497 38 18 N:o
682 1497 29 18 10.
