1109 1770
250 144 99 24 Sani,
472 143 27 22 U.
514 130 71 34 B.i—
599 131 72 38 Prop.
686 136 91 33 N:o
744 126 35 51 24.
803 143 6 30 *

319 199 80 21 Såsom
429 199 24 20 af
482 197 95 23 tabellen
604 205 67 21 synes
698 198 89 21 komme"
814 197 124 22 kostnaden
957 198 51 21 för,
1040 210 2 3 >

250 233 233 28 Keuru-—Jyväskylä
505 233 81 32 banan,
608 233 78 28 byggd
705 233 50 20 med
774 233 43 25 0,75
837 239 28 14 m.
885 230 115 35 spårvidd,
1022 243 6 2 -

251 269 32 19 att
304 267 56 22 efter
382 267 70 21 sådan
475 267 124 28 beräkning
619 268 78 27 utgöra
716 267 116 26 4,770,000
850 267 72 26 mark,
941 268 64 28 emot

250 302 114 26 5,010,000
380 301 63 22 mark
462 301 38 22 vid
521 303 9 20 1
547 308 28 14 m.
595 301 52 28 spär
665 301 42 21 och
726 301 115 26 5,485,000
855 301 35 21 för
905 300 95 22 normal-

251 335 117 28 spärbana.
388 335 271 29 Kostnadsminskningen
675 337 65 26 utgör
753 335 66 22 alltsä
833 342 57 21 resp.
909 336 93 26 240,000

251 369 42 22 och
309 371 92 25 715,000
416 370 71 25 mark,
507 370 54 21 eller
579 377 57 21 resp.
656 371 62 24 3,000
737 370 64 21 mark
817 370 42 21 och
874 370 8 21 i
897 371 37 22 det
948 371 52 21 när-

250 406 71 19 maste
336 405 64 26 9,000
416 405 64 20 mark
497 411 42 21 per
551 405 90 21 bankm.

318 439 101 27 Antages
442 439 119 21 enahanda
583 439 144 28 inbesparing
749 439 24 21 af
796 440 65 25 3,000
878 439 65 22 mark
962 446 59 24 per;

250 473 53 26 km.,
321 473 104 28 jemfördt
444 474 51 21 med
516 470 10 26 1
546 480 29 14 m.
594 474 66 25 bana,
678 474 76 21 kunna
773 474 65 21 ernäs
861 474 34 21 för
917 474 83 28 Jyväs-
1019 482 2 2 :

251 507 72 29 kylä—
336 503 101 38 Suolahti
453 508 88 25 bandel,
557 508 74 21 skulle
646 508 41 21 den
703 508 147 27 sistnämnda,
865 508 74 29 utförd
950 508 50 26 med

249 543 44 25 0,75
316 549 29 14 m.
368 542 114 27 spårvidd,
501 542 80 22 kräfva
599 550 27 13 en
646 542 95 22 kostnad
761 542 157 27 af'2,230,000
935 543 65 26 mark

251 578 58 20 emot
324 577 114 26 2,350,000
453 576 64 22 mark
533 577 41 21 och
590 577 41 21 den
648 577 88 28 bygges
752 578 51 20 med
821 579 9 20 1
847 584 28 14 m.
892 577 109 27 spårvidd

251 612 57 20 samt
323 611 114 26 2,550,000
452 611 29 21 dä
497 612 42 20 den
554 612 84 20 utföres
654 611 171 29 normalspårig.

319 674 141 28 Helsingfors
476 675 43 21 den
537 675 26 22 10
578 675 44 28 Maj
640 676 61 21 1894.

315 1492 184 23 Jernvägsutskottets
511 1493 110 18 betänkande
632 1494 38 17 N:o
683 1494 16 17 2.
