1114 1767
294 116 82 23 Ständ.
392 116 38 23 Sv.
445 130 27 2 —
488 117 73 27 Prop.
577 117 41 22 N:o
633 116 34 22 24.
813 116 13 21 9

103 189 73 14 norna
191 182 52 21 icke
258 182 100 21 medfört
373 182 168 21 nämnvärdare
556 182 140 28 försämring
706 182 25 21 af
740 182 116 28 exploata-

103 216 185 21 tionsresultatet
302 216 53 21 från
368 216 178 28 jernvägsnätet
561 216 8 20 i
584 216 51 21 dess
652 216 83 27 helhet,
747 216 39 20 det
797 216 58 20 dock

104 250 72 21 måste
192 256 55 15 vara
262 250 25 21 af
300 250 51 28 vigt
366 252 34 18 att
415 249 80 22 utföra
509 250 69 21 äfven
593 250 72 28 några
680 249 85 21 sådana
776 249 79 27 banor,

103 284 13 20 å
130 284 82 21 hvilka
227 286 73 19 större
315 284 69 21 trafik
397 284 46 21 kan
455 286 106 19 emotses.
584 284 35 20 Då
630 284 39 20 det
679 284 117 20 dessutom
808 283 48 29 gäl-

103 318 34 21 ler
155 320 35 19 att
204 317 37 22 för
252 318 283 28 jernvägsbyggnaderna
550 318 71 21 anlita
636 317 129 29 upplånade
780 317 75 22 medel

103 352 8 21 i
126 354 74 20 större
221 352 136 29 proportion
380 356 29 18 än
431 352 70 28 förut,
521 352 73 21 måste
609 352 53 21 med
677 352 107 21 afseende
800 352 56 21 härå

103 387 43 21 och
156 386 37 22 för
203 388 35 20 att
248 386 136 22 säkerställa
395 386 164 22 annuiteterna
569 388 73 20 större
652 386 204 28 uppmärksamhet

103 421 101 21 skänkas
220 422 24 20 åt
260 421 44 21 den
318 420 132 22 emotsedda
461 421 91 21 direkta
562 420 133 21 inkomsten
705 420 26 21 af
739 420 28 21 de
777 420 78 26 banor,

103 462 48 15 som
168 455 66 22 skola
248 455 99 28 byggas;
364 455 42 22 och
422 455 75 28 enligt
512 455 31 21 all
558 454 148 22 sannolikhet
721 454 76 22 skulle
811 455 44 21 den

103 497 31 14 nu
149 489 133 29 föreslagna
296 489 76 22 banan
387 489 78 22 lemna
481 497 28 14 en
520 489 69 27 vinst,
601 489 97 21 hvilken
707 488 38 22 till
755 488 21 29 ej
788 489 68 28 ringa

103 524 37 21 del
162 524 92 21 komme
272 526 35 19 att
322 523 96 22 betäcka
434 524 163 21 annuiteterna
612 523 13 21 å
640 523 39 21 det
693 523 44 27 lån,
754 530 49 15 som
818 523 37 22 för

103 558 52 22 dess
176 558 124 22 utförande
322 557 123 23 erfordras.
475 558 54 22 Med
552 558 90 28 hänsyn
654 557 88 29 jemväl
757 557 38 22 till
810 558 45 21 den

103 596 63 19 stora
187 593 117 22 indirekta
322 595 74 26 nytta,
420 600 28 14 en
465 593 99 29 jernväg
578 593 85 21 mellan
678 585 51 28 Åbo
745 592 52 21 stad
812 593 43 21 och

103 628 84 29 Hangö
202 628 76 21 banan
293 630 57 19 utan
365 627 85 22 tvifvel
466 627 60 22 skall
540 627 109 28 medföra,
665 633 69 22 synes
750 627 105 28 grundad

103 663 127 28 anledning
240 662 37 22 till
288 664 33 20 ett
330 662 82 29 längre
422 662 105 29 uppskof
535 662 53 21 med
597 661 134 22 utförandet
741 661 27 22 af
780 661 75 22 denna

102 697 84 22 bandel
202 697 19 29 ej
238 697 132 22 förefinnas.

170 732 35 21 Af
218 731 28 22 de
261 731 36 22 för
310 731 88 22 banans
410 731 207 28 detaljsträckning
626 731 133 28 föreslagna
769 733 86 19 tvenne

103 767 124 21 alternativ
248 766 70 21 hafva
344 765 129 22 Ständerna
495 766 37 21 för
553 766 37 21 sin
613 765 37 22 del
665 765 79 22 funnit
759 765 45 22 den
818 765 37 22 till

102 801 70 21 Karis
195 801 87 21 station
304 807 83 22 genom
410 800 59 29 Pojo
494 800 85 21 socken
601 800 44 21 och
668 799 87 22 Koskis
779 799 76 29 kapell

103 835 87 28 dragna
204 835 74 22 linien
293 835 95 28 erbjuda
398 834 29 22 de
442 836 85 20 största
542 834 137 22 fördelarna.

171 869 105 22 Särskild
299 869 208 29 uppmärksamhet
529 869 70 22 hafva
621 869 128 21 Ständerna
772 868 82 22 härvid

102 904 46 22 fäst
163 904 40 22 vid
218 904 28 22 de
262 904 8 21 i
285 904 76 21 denna
370 903 109 22 landsdel
488 903 121 29 befintliga
619 903 137 22 industriela
766 903 87 21 verken

103 939 42 22 och
168 939 45 22 den
234 939 69 22 trafik
326 939 116 21 desamma
463 939 79 21 kunna
563 937 89 22 tillföra
673 937 45 22 den
732 944 48 21 nya
792 937 63 29 jern-

102 978 82 25 vägen.
206 973 12 22 I
233 973 148 22 verksamhet
396 977 38 18 äro
452 973 37 21 för
503 972 144 23 närvarande
659 971 104 29 följande
772 972 83 21 inrätt-

102 1009 93 28 ningar:
218 1008 96 28 Billnäs,
329 1001 152 28 Åminnefors
499 1007 44 22 och
557 1007 96 22 Fiskars
670 1006 63 29 jern-
752 1006 42 21 och
810 1013 45 14 ma-

102 1043 176 27 nufakturverk,
293 1042 109 29 Antskog
416 1041 166 28 klädesfabrik,
597 1041 61 21 Näse
671 1040 114 29 jernbruk
796 1042 60 19 samt

101 1077 154 27 Matildedals,
270 1077 66 28 Tykö
353 1076 43 22 och
410 1076 139 28 Kirjakkala
560 1076 63 28 jern-
638 1075 43 21 och
696 1074 159 21 manufaktur-

103 1112 65 21 verk.

170 1145 34 22 Af
218 1145 66 22 dessa
298 1145 57 22 verk
371 1145 94 21 komma
476 1144 28 22 de
514 1146 35 19 tre
559 1143 166 27 förstnämnda,
736 1150 37 14 om
784 1142 69 22 Karis

102 1181 74 20 linien
190 1179 96 28 utföres,
302 1181 34 20 att
350 1179 64 21 finna
429 1178 40 22 det
483 1178 165 28 förmånligare
663 1179 34 20 att
712 1177 72 21 anlita
792 1177 64 28 jern-

103 1219 44 24 väg
162 1214 97 22 framför
274 1214 87 29 sjöväg,
382 1213 111 22 särskildt
507 1213 37 22 för
559 1212 45 22 den
619 1211 37 22 del
671 1211 24 22 af
708 1211 148 22 tillverknin-

103 1256 77 22 garna,
198 1256 48 15 som
260 1248 95 22 afsättes
370 1248 9 21 i
395 1247 121 29 sydvestra
531 1247 106 27 Finland,
653 1245 91 22 hvilket
758 1245 98 29 tillföljd

103 1284 25 21 af
141 1284 42 21 sitt
202 1283 58 28 högt
279 1282 95 22 stående
390 1281 115 29 jordbruk
525 1281 122 22 förbrukar
663 1280 63 21 såväl
737 1279 53 28 jern
806 1286 49 15 som

100 1317 244 30 jordbruksmaskiner
360 1316 43 22 och
418 1316 99 28 redskap
533 1316 9 21 i
556 1314 131 29 betydande
702 1313 92 29 mängd.
817 1313 38 21 Li-

103 1352 55 22 kaså
174 1352 65 21 skola
252 1351 28 22 de
295 1354 35 19 tre
350 1350 145 22 sistnämnda
513 1350 89 22 bruken
620 1348 113 22 vintertid
748 1347 106 22 använda

101 1387 105 28 jernväg,
229 1386 91 20 hvilket
341 1384 119 22 härintills
483 1384 51 21 icke
556 1383 61 21 varit
638 1382 37 22 för
690 1382 51 21 dem
756 1382 99 27 möjligt.

103 1416 78 26 Äfven
196 1427 29 14 en
240 1418 132 29 betydande
388 1417 109 22 tillförsel
513 1417 25 21 af
550 1416 98 27 bränsle,
659 1415 111 21 särskildt
780 1415 36 21 till
828 1414 27 21 de
