1114 1753
355 149 31 38 U.
399 149 24 23 B.
438 159 29 8 —
479 134 68 45 Prop.
562 150 37 23 N:o
615 151 36 23 32:
852 153 28 20 25

134 221 158 25 Ofverlemnade
314 222 80 28 förslag
416 222 31 21 till
469 222 125 29 kungörelse
615 224 7 20 i
643 224 77 26 ämnet,
742 216 94 35 framgår
850 226 32 19 att

133 256 162 29 ifrägavarande
310 257 81 28 lagrum
412 257 57 21 afser
489 261 31 19 att
535 257 48 31 frän
599 258 131 28 utskrifning
745 258 85 22 frikalla
845 258 37 21 hä-

117 297 2 5 '
134 296 50 23 star,
203 292 125 22 tillhörande
344 294 58 20 vissa
417 293 7 20 i
440 293 113 29 nästsagda
569 301 62 14 mom.
648 296 33 19 5:0
697 293 139 29 uppräknade
852 295 30 20 ci-

133 328 43 21 vile
200 328 91 22 embets-
312 328 41 22 och
368 329 132 28 tjenstemän,
518 328 83 22 »sävidt
616 329 100 21 hästarna
731 331 37 19 äro
784 329 98 21 oumbär-

134 364 42 27 liga
195 363 35 22 för
244 364 102 28 tjenstens
363 363 154 22 bestridande.>
549 364 65 22 Hvad
630 364 94 30 flertalet
739 365 22 20 af
776 365 107 27 ifrägava-

133 399 67 22 rande
214 400 127 27 tjenstemän
356 399 133 22 vidkommer
505 400 38 21 har
553 399 113 22 Utskottet
681 403 76 23 ansett,
772 403 32 18 att
820 400 60 21 deras

134 435 66 22 behof
222 435 23 21 af
266 436 46 21 sina
333 435 73 22 hästar
419 435 49 21 icke
483 437 24 20 är
521 437 67 21 större
606 437 26 20 än
648 439 31 18 att
694 435 65 22 äfven
775 435 106 29 ätskillige

133 471 73 27 andre,
228 471 130 29 exempelvis
381 474 83 25 prester
485 472 41 21 och
545 471 195 22 kommunalläkare
761 471 28 29 pä
803 471 80 27 landet,

134 507 49 22 med
204 507 44 21 lika
269 507 46 22 skäl
338 507 71 29 kunde
431 507 135 22 tillerkännas
590 515 80 14 samma
688 507 89 22 förmån.
808 508 75 21 Meni

134 543 139 22 betraktande
294 542 62 23 deraf
376 545 32 19 att
427 544 24 27 ju
471 543 54 22 flere
546 543 109 28 undantag
671 543 49 22 frän
735 543 73 28 lagens
826 543 57 22 stad-

134 578 84 29 ganden
240 580 61 27 göras
325 591 29 3 —
376 579 40 21 och
436 579 27 20 de
482 579 8 20 i
507 579 92 28 änsagda
617 586 62 14 mom.
695 580 34 20 5:0
745 578 138 29 uppräknade

134 614 64 22 civile
211 615 178 27 tjenstemännens
405 614 57 21 antal
478 613 72 23 kunde
563 615 23 27 ju
601 616 39 19 när
656 621 46 21 som
718 614 55 22 helst
788 614 53 21 ökas
856 627 27 3 —

136 650 62 21 desto
212 652 85 25 'tyngre
322 649 85 22 komme
432 649 156 29 utskrifningen
612 643 34 28 att
665 649 81 22 drabba
767 649 117 28 hästägare,

136 686 79 25 hvilka,
235 685 89 21 oaktadt
343 685 64 21 äfven
426 685 49 21 dem
492 685 66 21 vållas
573 685 105 29 betydligt
693 693 48 13 men
758 685 127 21 af-utskrif-

136 720 247 29 ningsförrättningarna,
398 720 49 22 icke
462 720 65 22 hafva
542 724 31 18 att
585 721 93 27 åberopa
691 722 32 27 sig
735 720 28 29 på
777 721 108 27 offentligt

137 757 96 28 rättsliga
257 756 192 27 befrielseorsaker,
471 756 38 22 har
532 756 111 22 Utskottet
667 756 98 22 uteslutit
787 756 98 28 samtliga

137 793 63 22 eivile
216 793 126 27 tjenstemän
357 792 47 21 från
419 792 80 26 antalet
513 792 23 22 af
551 792 54 27 dem,
621 792 83 22 hvilkas
718 792 73 22 hästar
804 792 81 28 åtnjuta

136 829 67 27 frihet
217 828 47 22 från
280 828 134 28 utskrifning.
445 828 84 23 Härvid
543 824 39 36 har
590 828 113 22 Utskottet
718 828 47 22 icke
780 828 105 27 förbisett,

137 868 32 18 att.
183 864 191 30 polisbetjeningen
389 864 28 29 på
432 864 72 22 landet
519 865 40 21 och
574 864 183 28 länedjurläkarne
772 866 6 19 i
793 864 53 28 följd
862 864 23 21 af

138 902 47 20 sina
211 899 202 30 tjensteäligganden
441 900 38 22 vid
506 900 321 28 utskrifningsförrättoingarna
854 900 31 21 uti

137 936 146 29 ifrägakomna
298 936 127 28 kungörelse
440 936 48 21 icke
505 938 50 20 utan
570 928 47 29 skäl
631 936 54 21 förts
699 936 32 20 till
743 936 27 21 de
782 935 104 22 befriade.

138 973 52 21 Men
206 972 28 22 då
245 972 109 28 undantag
368 971 49 23 icke
432 974 81 19 ansetts
529 972 50 21 böra
593 971 120 29 medgifvas
729 971 35 21 för
779 971 27 22 de
822 971 64 21 funk-

137 1010 99 25 tionärer,
254 1015 45 15 som
318 1008 77 22 enkom
413 1009 37 20 äro
466 1007 138 32 ombetrodda
619 1006 210 30 hästutskrifningen,
846 1006 39 22 och

139 1044 23 21 af
178 1044 73 21 hvilka
267 1044 143 21 ordföranden
424 1044 8 20 i
449 1043 222 29 besigtningsnämden
686 1042 86 22 komme
787 1046 32 18 att
833 1042 53 21 nöd-

109 1074 2 2 *
138 1070 39 43 gås
193 1070 53 43 vara
266 1079 28 29 på
308 1087 48 14 resa
370 1079 48 23 hela
433 1079 42 21 den
490 1079 31 22 tid
537 1079 157 28 utskrifningen
710 1078 71 29 pågår,
796 1079 39 21 har
850 1078 36 21 det

137 1118 65 27 synts.
213 1113 112 25 Utskottet
347 1115 75 29 billigt,
440 1118 32 19 att
487 1115 64 22 äfven
565 1115 191 28 polisbetjeningen
773 1115 41 22 och
829 1114 57 27 djur-

137 1152 87 21 läkarne
238 1151 100 23 hänvisas
354 1143 32 30 till
401 1154 32 19 att
447 1151 34 21 för
499 1152 47 27 sina
559 1151 137 28 tjensteresor
711 1150 68 22 under
795 1150 91 22 utskrif-

137 1187 123 29 ningstiden
274 1187 96 28 begagna
385 1188 33 27 sig
432 1187 23 21 af
469 1186 122 29 hällskjuts.

208 1222 140 22 Beträffande
368 1230 62 14 mom.
447 1224 22 25 €)
489 1222 35 21 mä
538 1222 99 28 slutligen
657 1222 103 28 tilläggas,
776 1224 32 20 att
826 1220 61 22 ordet

140 1242 96 50 »såvidt>
253 1258 83 29 utbytts
351 1260 45 19 mot
413 1258 106 26 »hvilka»,
535 1257 88 22 emedan
639 1253 111 49 meningen
759 1256 38 22 der
805 1252 81 37 igenom

137 1295 43 23 blir
193 1294 111 28 tydligare.

195 1351 5 5 .
209 1330 42 22 Uti
263 1337 62 15 mom.
341 1324 27 32 d)
378 1329 38 21 har
431 1329 48 21 från
493 1302 102 59 förslaget
610 1328 31 22 till
657 1328 128 28 kungörelse
797 1328 86 28 intagits

139 1366 27 22 de
183 1367 9 21 i
207 1366 49 22 dess
271 1373 63 15 mom.
345 1366 34 20 6:0
391 1364 139 29 uppräknade
540 1365 101 21 anstalter
650 1364 35 21 för
695 1362 141 23 hälsovården
847 1363 40 21 och

138 1402 104 20 allmänna
254 1400 124 28 ordningen,
392 1400 29 21 då
436 1399 37 21 det
487 1402 60 25 synts
562 1399 114 21 Utskottet
690 1405 50 14 vara
752 1398 24 20 af
787 1397 44 21 lika
843 1400 45 17 stor

138 1435 110 29 betydelse
264 1438 32 18 att
310 1442 76 21 genom
401 1434 35 29 lag
451 1433 84 29 stadgas
551 1433 37 22 det
603 1433 65 21 äfven
684 1433 26 20 de
721 1433 35 21 må
766 1432 29 29 på
807 1439 79 14 samma

136 1473 16 32 sm
210 1475 299 24 Hästutskrifningsutskottets
523 1474 133 19 betänkande.
