1114 1773
378 163 38 26 "U.
432 166 22 22 B.
472 180 27 2 —
516 158 63 37 Prop.
595 166 36 23 N:o
647 166 56 24 32...
874 167 27 20 69

42 232 52 32 a,
154 231 66 21 härad
236 231 40 21 och
290 232 127 28 Kuolajärvi
433 229 110 24 kommun”
549 233 57 20 inom
622 231 120 29 Uleåborgs
758 232 35 20 län
804 213 96 50 befriade

153 266 49 22 frän
218 266 148 29 skyldigheten
376 270 38 19 att
429 267 96 22 leverera
539 268 72 21 hästar
626 268 35 20 för
675 267 131 28 krigsbehof.

470 368 69 20 KAP.
554 367 31 21 IL

223 420 43 24 Om
281 421 96 33 landets
390 396 133 54 indelning
538 422 56 22 med
609 414 112 30 afseende
737 421 14 23 å
767 421 64 23 häst-

438 453 178 44 levereringen.

504 519 12 26 $
533 519 19 20 6.
861 534 1 3 |

223 559 50 22 Den
292 559 110 29 indelning
423 560 23 21 af
467 560 73 21 landet
557 560 7 21 i
583 559 205 29 uppbädsomfäden,
805 567 45 14 som
865 559 35 22 för

152 595 111 29 uppbådet
283 595 23 22 af
327 596 153 28 värnepligtigt
500 596 104 28 manskap
626 597 23 19 är
665 591 109 53 gällande,
792 595 106 30 tillämpas

151 631 79 29 jämväl
246 632 7 20 i
268 629 102 24 afseende
383 631 15 22 å
412 632 122 28 leverering
549 631 23 22 af
586 631 77 22 hästar.

224 667 32 21 På
270 667 80 29 förslag
366 667 22 22 af
404 667 164 22 Guvernörerne
580 666 128 22 bestämmer
720 667 110 21 Senaten
820 662 16 38 i
844 658 56 31 säm-

152 703 39 21 råd
210 703 50 21 med
280 703 227 29 Generalguvernören
526 703 35 21 för
575 703 73 28 hvarje
667 702 185 29 uppbådsområde
868 706 32 18 |ett

152 739 52 21 eller
219 739 53 21 flere
287 739 215 28 levereringsställen,
518 739 38 21 der
570 738 100 22 hästarne
685 738 122 29 besigtigas,
823 739 65 44 värde
876 746 23 14 len

151 782 35 14 ras
202 775 41 21 och
258 775 142 21 öfverlemnas
416 774 23 22 åt
453 778 128 25 truppernas
597 774 133 22 utskickade.

463 876 70 21 KAP.
549 875 42 22 11.

162 929 44 23 Om
222 930 30 22 de
267 930 179 28 myndigheter,
464 936 87 21 genom
566 930 84 22 hvilka
665 895 224 76 hästiereroringen

449 966 152 22 verkställes.

502 1015 12 25 $
531 1015 19 20 7.

223 1055 49 21 Den
291 1042 131 46 myndighet,
442 1055 89 22 hvilken
550 1057 94 20 närmast
663 1056 39 20 har
717 1058 32 18 att
764 1055 91 29 fullgöra
866 1039 32 38 de

152 1090 50 22 med
211 1090 195 30 hästlevereringen
415 1091 103 21 förenade
529 1091 149 29 åligganden,
673 1093 24 19 är
706 1091 94 21 förutom
809 1091 43 22 den
863 1087 35 26 för

152 1126 184 29 händläggningen
342 1126 24 22 af
371 1127 225 29 värnepligtsärenden
602 1127 90 22 tillsatta
699 1127 191 34 uppbädsnämden

32 1184 6 1 :
223 1162 231 29 besigtningsnämden,
469 1170 46 14 som
530 1162 70 22 tillika
615 1164 23 20 är
653 1162 195 30 värderingsnämd.

42 1202 4 8 !
223 1198 81 29 Frågor
324 1198 90 22 rörande
435 1198 195 29 hästlevereringen
652 1198 131 30 handläggas
806 1199 41 21 och
865 1199 34 22 af-

151 1236 62 26 göras
228 1234 32 21 uti
275 1234 191 29 uppbädsnämden
482 1234 23 22 af
520 1234 49 22 dess
586 1234 98 29 ständiga
699 1234 123 22 ledamöter.

501 1303 12 22 $
529 1301 20 20 8.

222 1341 35 21 De
272 1342 106 20 allmänna
390 1341 171 23 administrativa
573 1342 40 21 och
625 1342 136 21 kommunala
772 1342 126 29 myndighe-

151 1380 61 18 terna
233 1379 39 27 äga
298 1377 49 22 med
369 1377 170 29 hästleverering
559 1381 49 25 taga
629 1378 121 28 befattning
762 1377 81 23 såsom
866 1376 32 25 nuti

151 1412 70 21 denna
239 1412 35 28 lag
292 1416 55 17 samt
366 1412 106 21 särskilda
486 1408 153 44 instruktioner
654 1412 41 22 och
710 1412 148 30 förordningar
870 1404 27 30 fär

147 1447 57 21 -eller
218 1447 77 21 varder
310 1447 106 28 stadgadt.

223 1477 300 39 Hästutskrifningsutskottets
537 1489 132 19 betänkande.
