1045 1711
375 147 36 20 U.
423 149 27 18 B.
462 149 67 18 XIX.
763 148 23 21 11

93 208 85 23 hvilken
207 209 90 22 sålunda
325 217 37 21 ger
377 218 26 21 en
418 212 54 28 årlig
500 213 56 20 vinst
570 211 24 22 af
605 211 90 26 850,000
709 211 42 20 mk.
780 209 38 22 Ut-

96 243 80 22 skottet
189 245 68 20 måste
276 243 54 22 dock
348 246 71 21 erinra
433 253 35 14 om
482 253 27 14 en
523 246 66 21 sådan
603 245 82 28 kalkyls
701 247 58 18 stora
774 245 46 20 osä-

93 277 75 20 kerhet
183 277 152 27 enkanneligen
344 278 77 26 derför,
433 281 31 19 att
476 279 156 21 variationerna
646 279 7 19 i
668 279 95 20 bankens
772 279 48 19 rän-

93 310 115 21 teinkomst
221 311 8 19 i
243 310 43 28 hög
301 312 53 26 grad
369 313 36 20 äro
416 312 106 22 beroende
538 312 24 21 af
574 312 135 28 inflytanden,
723 318 45 14 som
783 318 38 12 un-

94 343 109 28 dandraga
223 344 32 28 sig
272 345 73 28 hvarje
364 346 117 28 beräkning
496 353 13 14 a
522 346 73 28 priori,
613 347 56 20 samt
683 347 32 19 att
729 346 13 20 å
756 344 67 22 andra

94 378 61 21 sidan
183 378 55 22 blott
268 381 30 19 ett
326 380 109 28 grundligt
452 380 157 28 genomgående
630 380 24 21 af
671 379 42 22 alla
727 379 94 21 bankens

95 412 175 28 lånehandlingar
301 414 40 21 och
369 414 73 22 vexlar
463 415 71 21 kunde
551 415 72 21 lemna
643 415 66 27 något
727 414 47 21 stöd
788 413 34 21 för

96 446 40 22 den
151 446 65 26 siffra,
232 454 46 14 som
293 447 54 22 skall
362 450 108 20 motsvara
483 449 87 28 möjliga
584 449 107 21 förluster.

151 480 70 22 Sedan
242 489 89 14 numera
349 482 62 22 äfven
431 482 142 28 öfvergången
587 483 34 21 till
635 482 144 28 guldmyntfot
793 489 32 21 sy-

97 521 37 15 nes
148 516 54 20 nära
216 515 142 27 förestående,
374 517 39 21 har
427 516 109 22 Utskottet
551 517 46 21 icke
611 517 83 21 kunnat
708 516 72 28 undgå
794 518 32 20 att

96 552 51 24 taga
161 549 7 21 i
184 549 160 28 öfvervägande,
359 551 7 20 i
379 551 86 21 hvilken
480 558 49 14 mon
548 552 69 20 denna
636 550 132 27 förändring,
782 550 43 21 vid-

97 586 63 25 tagen
174 584 29 26 på
218 585 42 20 sätt
275 584 40 21 den
331 585 24 20 af
373 585 106 28 Styrelsen
502 585 130 28 föreslagits,
647 585 84 20 komme
749 586 32 19 att
795 585 31 20 in-

97 617 64 22 verka
175 619 29 26 på
218 618 101 21 Finlands
334 619 67 21 banks
417 619 107 28 ställning.
554 619 80 22 Härvid
649 620 39 20 har
702 619 124 28 visserligen

98 652 149 28 minskningen
262 653 23 22 af
298 653 194 27 sedelemissionen,
500 654 85 21 hvilken
600 655 31 20 ett
645 653 131 22 allmännare
791 653 36 22 be-

97 687 111 27 gagnande
224 687 23 21 af
260 687 110 28 guldmynt
385 688 32 22 uti
445 688 74 21 landet
534 688 138 27 ovilkorligen
686 688 68 21 måste
769 687 57 22 med-

97 721 53 26 föra,
166 721 46 21 icke
227 721 117 27 förbisetts,
353 723 52 20 utan
420 723 32 20 att
463 722 55 21 dock
532 723 70 26 någon
612 721 117 28 beräkning
741 721 23 22 af
777 721 50 22 den-

97 762 82 15 samma
193 755 83 22 kunnat
289 756 133 26 verkställas,
438 757 40 21 och
492 757 39 21 har
548 757 111 21 Utskottet
675 756 103 21 fastmera
795 757 31 20 in-

97 790 89 21 skränkt
200 790 33 28 sig
247 790 33 21 till
295 792 30 20 ett
339 791 74 21 försök
431 793 31 19 att
476 792 78 21 utröna
583 791 96 21 bankens
696 791 79 21 förlust
788 798 39 13 un-

99 825 36 21 der
151 825 235 27 öfvergångsperioden.
430 825 42 21 För
487 825 111 28 lösningen
621 825 23 21 af
661 825 69 21 denna
745 825 84 27 uppgift

97 859 39 21 har
151 858 110 22 Utskottet
275 859 55 27 tagit
344 859 119 21 kännedom
478 866 34 14 om
525 859 99 27 beloppet
639 859 24 21 af
675 858 95 22 bankens
785 858 43 21 till-

99 892 177 28 godohafvanden
289 893 39 21 hos
344 893 48 21 dess
407 894 81 21 utrikes
504 893 78 21 ombud
597 893 40 21 den
654 894 47 20 1sta
715 892 43 28 Maj
775 894 52 20 1877

99 928 55 20 samt
171 926 89 29 jemfört
276 926 25 22 de
315 927 82 26 kurser,
411 927 87 21 hvartill
520 928 96 20 bankens
639 928 136 26 statspapper
789 928 39 21 och

101 962 142 27 obligationer
259 963 37 20 äro
311 963 110 26 upptagna
433 962 32 21 uti
483 962 95 21 bankens
593 961 86 27 böcker,
694 961 49 22 med
757 968 72 15 senas-

97 998 22 19 te
133 996 175 28 börsnoteringar
322 996 8 20 i
345 996 111 28 Hamburg
471 996 40 22 och
540 996 95 26 London,
665 996 109 21 äfvensom
795 996 34 22 för

99 1030 64 28 öfrigt
179 1030 49 22 sökt
246 1030 95 22 inhemta
358 1030 43 21 alla
429 1031 161 28 upplysningar,
619 1037 44 14 som
694 1038 26 13 ur
734 1030 95 22 bankens

99 1065 79 22 böcker
193 1065 82 21 kunnat
290 1064 97 22 erhållas.
417 1064 42 21 Det
473 1071 50 15 vore
553 1064 134 28 öfverflödigt
701 1066 32 20 att
746 1065 84 27 påpeka

99 1099 42 22 den
156 1101 60 20 stora
238 1099 139 22 osäkerheten
401 1099 61 22 äfven
478 1099 23 21 af
518 1099 70 21 denna
606 1099 124 28 beräkning,
745 1099 85 21 hvilken

101 1134 72 21 derför
188 1133 106 27 uppstälts
309 1133 7 20 i
331 1133 70 21 runda
414 1133 184 21 hundratusental.

156 1197 70 27 Kalkyl
246 1196 57 27 öfver
323 1196 96 21 Finlands
438 1196 62 22 banks
518 1197 74 26 förlust
604 1198 34 20 vid
653 1197 134 27 öfvergängen
802 1198 29 21 till

101 1230 137 28 guldmyntfot,
258 1231 64 21 under
334 1232 146 25 förutsättning
497 1232 30 20 att
538 1231 117 21 densamma
669 1234 49 18 utan
733 1232 98 26 dröjsmål

100 1265 115 21 verkställes
229 1266 7 19 i
250 1264 85 27 enlighet
347 1264 45 21 med
405 1265 107 27 styrelsens
526 1265 84 27 förslag:

131 1310 101 22 Bankens
254 1309 232 28 tillgodohafvanden
475 1305 15 36 i
506 1310 103 26 utlandet,

102 1344 75 22 hvilka
190 1344 36 20 för
240 1344 133 20 närvarande
389 1345 71 25 uppgå
474 1344 33 20 till
524 1344 24 20 10
562 1344 47 20 mil-

107 1378 69 20 lioner
190 1376 67 26 mark,
276 1378 37 19 äro
333 1375 107 22 bokförda
451 1376 35 20 till
500 1377 31 20 ett
545 1376 64 21 värde

105 1410 25 24 af
152 1410 98 28 omkring
264 1410 48 27 59/4
333 1410 59 21 öfver
414 1409 133 28 parikursen,
570 1410 40 21 och

151 1515 153 20 Bankutskottets
317 1514 106 19 Berättelse.
