1042 1703
287 127 77 23 Ständ.
380 129 37 22 Sv.
433 140 27 3 —
474 128 67 29 Prop.
557 129 35 22 Nr.
607 129 35 22 47.

313 426 129 25 Finlands
470 427 137 24 Ständers
634 428 197 31 underdåniga

226 473 65 17 svar
309 466 7 24 i
335 466 117 31 anledning
470 467 25 24 af
512 467 65 24 Hans
595 467 168 32 Kejserliga
780 467 51 25 Ma-

222 505 109 31 jestäts
350 504 79 32 nådiga
446 507 143 31 proposition,
607 507 112 31 angående
734 508 40 24 den
788 515 44 16 me-

226 545 92 24 talliska
340 545 87 25 rubelns
448 546 39 24 och
510 546 49 24 dess
582 546 125 32 fullhaltiga
727 547 104 24 underaf-

228 584 126 32 delningars
372 585 137 32 gängbarhet
525 586 8 24 i
551 585 97 26 Finland.

161 663 206 27 Stormäktigste,
383 663 194 28 Allernädigste
591 664 108 28 Kejsare
713 665 47 21 och

386 703 154 22 Storfurste!

159 754 10 21 I
184 755 155 27 sammanhang
354 755 48 21 med
417 756 40 20 den
472 755 79 27 nädiga
566 755 142 27 proposition,
724 755 111 27 angäende

91 788 114 22 införande
220 788 24 22 af
257 788 145 29 guldmyntfot
416 789 8 21 i
434 789 97 26 Finland,
543 789 85 21 hvilken
638 789 35 21 vid
683 790 72 20 denna
765 789 70 21 landt-

92 823 42 27 dag
149 822 71 22 blifvit
234 822 105 22 Finlands
354 823 92 21 Ständer
460 823 104 27 förelagd,
580 823 39 21 har
634 822 82 22 Eders
735 822 101 28 Kejser-

91 857 54 27 liga
162 856 124 28 Majestät
300 858 32 20 uti
347 857 93 21 särskild
454 857 134 27 proposition
603 856 35 22 till
653 856 130 22 Ständernas
799 864 36 14 an-

92 890 93 28 tagande
209 890 141 22 öfverlemnat
372 892 30 20 ett
423 890 88 28 förslag,
531 890 110 28 angäende
659 890 36 22 det
712 890 125 28 fullhaltiga

92 925 65 28 ryska
172 924 165 28 silfvermyntets
352 925 100 27 giltighet
467 925 6 20 i
488 925 74 21 landet
577 926 71 20 säsom
663 924 129 28 skiljemynt.

161 958 41 21 Vid
218 959 159 27 granskningen
393 959 24 21 af
430 958 26 22 de
472 958 168 28 bestämningar,
649 958 142 22 förevarande
801 958 37 21 nä-

94 993 51 27 diga
166 992 135 27 proposition
323 992 127 26 innehäller,
472 993 65 21 hafva
555 992 121 22 Ständerna
693 992 47 22 icke
755 992 84 21 kunnat

94 1026 80 22 förbise
192 1026 26 21 de
235 1026 103 21 förluster
356 1026 39 21 och
411 1026 108 22 mähända
533 1026 61 22 äfven
610 1026 66 21 vädor
691 1027 34 20 för
740 1027 97 26 upprätt-

95 1060 102 21 hällande
216 1060 24 21 af
256 1062 31 19 ett
306 1060 101 27 stadgadt
427 1060 151 28 myntväsende
593 1060 7 21 i
615 1060 60 21 detta
693 1059 58 27 land,
766 1059 73 21 hvilka

94 1093 139 22 föreskriften
255 1101 35 14 om
313 1094 36 21 det
366 1094 124 27 fullhaltiga
508 1094 64 28 ryska
587 1093 166 29 silfvermyntets
773 1094 65 27 gäng-

95 1128 77 22 barhet
190 1128 34 21 till
242 1129 31 20 ett
292 1128 52 21 visst
362 1128 78 27 belopp
456 1129 7 20 i
478 1128 91 21 Finland
589 1128 42 21 kan
651 1127 122 27 framkalla,
791 1133 49 15 men

96 1162 67 22 likväl
185 1163 71 21 ansett
278 1162 32 27 sig
332 1162 47 21 icke
400 1162 54 22 böra
471 1163 30 26 pä
518 1163 41 21 den
581 1161 79 28 nådiga
678 1161 163 28 propositionen

98 1196 58 28 gifva
170 1197 30 20 ett
215 1195 116 28 afböjande
346 1202 54 14 svar.

164 1230 70 21 Jemte
253 1229 36 21 det
308 1229 122 21 Ständerna
447 1229 83 21 således
545 1229 84 27 antagit
643 1228 42 22 den
700 1228 80 27 nådiga
793 1234 49 21 pro-

96 1264 123 27 positionen
230 1263 137 25 oförändrad,
378 1263 64 21 hafva
453 1262 120 22 Ständerna
583 1262 72 22 tillika
665 1262 57 22 velat
729 1263 23 20 åt
761 1262 82 21 Eders

98 1297 125 29 Majestät
244 1297 7 21 i
265 1296 173 28 underdånighet
452 1296 131 22 öfverlemna
597 1298 38 25 att,
651 1296 7 21 i
673 1296 102 22 händelse
790 1295 53 22 kän-

96 1332 54 21 bara
165 1330 139 28 olägenheter
319 1330 24 21 af
356 1330 157 27 författningen
528 1330 83 21 komme
626 1332 32 19 att
671 1336 58 22 yppa
740 1330 39 26 sig,
790 1330 53 20 utan

98 1365 132 22 Ständernas
245 1363 97 22 hörande
357 1363 111 28 upphäfva
483 1363 130 21 densamma.

167 1409 105 22 Finlands
288 1409 91 22 Ständer
394 1409 125 22 framhärda
534 1410 39 21 etc.

169 1449 143 29 Helsingfors,
327 1449 41 22 den
383 1449 27 22 28
425 1449 43 28 Maj
487 1448 58 22 1877.
