1042 1703
240 160 27 19 16
558 159 57 21 XVI.

354 386 97 24 Relation
467 384 109 32 angående
591 385 232 30 undsättningsfonden.

284 463 31 21 På
330 464 44 19 sätt
389 463 48 21 utaf
451 463 41 20 den
507 463 32 20 till
553 462 52 20 1867
617 462 35 21 års
667 462 104 26 landtdag
781 462 82 26 afgifna
873 462 91 21 relation

212 504 34 15 om
266 497 140 21 statsverkets
430 498 101 26 ställning
554 497 112 26 inhemtas,
689 497 55 20 hade
766 496 34 21 för
823 496 141 22 statsverkets

211 532 93 26 räkning
319 533 45 19 mot
383 533 12 20 6
411 531 19 29 %
447 534 62 18 ränta
527 538 34 14 om
577 531 47 21 året
643 532 110 26 upptagits
769 533 78 19 tvänne
861 530 104 22 kreditiv-

212 567 42 26 lån,
270 567 37 21 det
322 572 39 15 ena
376 566 23 21 af
416 566 231 27 hypoteksföreningen
663 566 33 20 till
715 566 78 26 belopp
812 565 23 21 af
854 566 111 26 1,500,000

212 601 61 21 mark
290 601 39 21 och
348 601 36 21 det
402 602 67 20 andra
486 601 32 21 till
535 600 76 27 belopp
631 600 22 21 af
667 601 91 24 500,000
774 600 70 21 thaler
859 600 39 20 hos
914 600 51 20 ban-

212 635 111 21 kirfirman
338 635 30 21 M.
383 636 25 20 A.
425 641 41 15 von
480 634 127 22 Rothschild
623 636 21 19 et
659 634 76 26 Söhne,
752 634 33 21 för
795 636 32 19 att
842 640 76 20 genom
929 633 36 21 lån

212 670 23 20 åt
250 670 84 20 landets
350 670 142 25 producenter
509 669 37 20 och
563 670 125 25 exportörer
703 668 79 21 bereda
792 668 85 21 tillfälle
887 668 32 21 till
931 674 33 15 ar-

212 703 150 27 betsförtjenst
378 703 22 21 åt
415 703 152 26 befolkningen
582 703 7 20 i
604 703 79 20 landet.

284 737 69 22 Sedan
369 738 93 21 nämnda
477 737 135 26 kreditivlån,
628 737 73 21 hvilka
716 737 70 21 blefvo
801 737 107 21 bokförda
921 737 8 20 i
940 743 25 14 en

214 772 56 21 skild
288 771 58 26 fond,
362 772 106 20 benämnd
487 771 258 27 ,undsättningsfonden*,
765 771 32 21 till
817 772 26 19 de
861 771 49 21 med
930 771 35 20 de-

214 812 80 15 samma
316 806 90 21 afsedda
428 805 98 22 ändamäi
548 805 33 21 till
601 807 69 19 större
690 805 60 20 delen
775 805 111 26 användts,
902 804 63 21 hafva

213 841 122 20 sedermera
357 840 143 26 tillgängarne
518 841 7 20 i
544 839 231 27 undsättningsfonden
798 839 115 22 öfverförts
932 839 33 21 till

212 875 40 20 den
269 874 44 21 lika
328 874 120 21 benämnda
462 874 57 26 fond,
537 880 44 15 som
601 880 76 20 genom
693 873 76 27 nädigt
782 873 49 22 bref
845 873 23 21 af
882 874 40 20 den
938 874 27 20 24

213 908 125 27 September
361 909 52 20 1867
431 907 70 22 blifvit
517 908 72 21 bildad
605 908 33 21 för
654 908 173 21 understödande
843 908 23 20 af
880 907 83 22 landets

211 942 102 21 invånare
328 943 68 20 under
412 942 109 27 sistsagda
536 942 23 21 år
574 941 101 22 inträffad
689 943 111 20 missväxt.

284 977 41 20 Till
344 976 152 21 förstärkande
511 977 22 20 af
548 977 69 20 denna
633 976 51 21 fond
699 977 100 26 anslogos
816 976 103 27 derjemte
933 976 32 21 bi-

213 1011 54 26 drag
286 1011 22 20 af
323 1011 107 20 allmänna
446 1011 124 20 statsmedel
587 1010 38 21 och
641 1010 102 27 beloppet
759 1011 22 20 af
795 1011 26 20 de
836 1010 48 21 från
900 1012 65 19 stats-

213 1044 78 22 fonden
314 1045 46 21 före
384 1044 23 21 år
432 1046 52 20 1867
509 1044 89 27 utgifna,
623 1050 32 15 om
674 1044 77 22 hösten
770 1051 81 15 samma
870 1044 23 21 år
909 1047 56 19 ännu

215 1080 95 26 oguldna
325 1079 151 26 spanmälslän.

285 1113 155 26 Behällningen
462 1114 7 20 i
492 1112 232 27 undsättningsfonden
746 1119 39 15 var
803 1113 36 21 vid
857 1113 108 27 utgången

212 1148 23 21 af
249 1148 24 20 är
290 1148 60 21 1871.

827 1175 60 19 Mark.
935 1176 30 22 pii.

213 1204 97 22 Kontant
325 1205 123 27 behållning
477 1221 4 4 .
512 1221 4 4 .
547 1221 4 4 .
687 1220 4 5 a
722 1221 4 4 x
757 1221 4 4 €
832 1206 83 25 61,883:
932 1205 33 21 95.

214 1240 77 24 66,882
307 1240 79 19 tunnor
402 1240 45 24 säd,
464 1220 157 39 mötsvärsnde
629 1239 7 19 i
651 1221 67 38 värda
755 1254 4 4 s
798 1239 118 25 1,272,363:
933 1240 32 19 37.

212 1272 132 26 Fordringar
359 1272 7 20 i
382 1255 91 37 kontant
508 1287 40 5 RR
579 1287 4 5 då
614 1288 5 4 ä
685 1287 74 5 lt
818 1273 97 25 163,248:
931 1284 28 3 —

212 1306 135 21 Utestäende
358 1306 152 27 spanmälslän,
522 1288 147 39 motsvarande
681 1306 7 20 i
697 1306 65 21 värde
797 1306 120 26 1,061,831:
933 1307 33 20 30.

671 1346 88 21 Summa
795 1347 120 26 —2,559,326:
931 1348 33 19 62.

212 1380 34 22 Dä
268 1380 96 21 härifrän
387 1381 100 26 afdrages
511 1381 93 26 oguldna
622 1381 101 27 beloppet
738 1381 23 21 af

241 1415 26 21 de
283 1415 33 21 för
333 1415 40 21 den
388 1415 59 21 förra
457 1415 243 28 undsättningsfondens
711 1415 49 21 räk-

238 1450 51 26 ning
305 1452 112 25 upptagna
432 1449 36 22 län
483 1449 64 22 med.
579 1466 4 5 .
614 1467 5 4 .
649 1467 4 4 .
685 1466 4 5 .
720 1466 4 5 .
755 1467 4 4 .
816 1451 99 26 400,000:
930 1463 29 3 —

375 1491 101 26 utgjorde
491 1491 152 26 behållningen
659 1491 6 20 i
680 1491 79 21 fonden
796 1493 119 25 2,159,326:
932 1493 33 20 62.
