1048 1709
232 160 13 20 2
482 151 34 30 U.
526 159 27 22 B.
568 171 28 3 —
611 158 69 22 XIX.

205 222 131 26 reglemente
352 222 69 21 allena
436 222 84 20 komme
536 222 32 20 att
582 220 111 26 öfvertaga
708 220 112 21 inseendet
835 220 60 21 öfver
904 220 53 21 ban-

204 256 53 21 kens
272 256 131 26 förvaltning
418 255 39 21 och
467 254 164 27 ansvarigheten
642 254 33 21 för
686 254 49 21 dess
745 254 97 26 beständ,
854 255 31 20 ett
894 254 63 21 verk-

206 296 106 15 sammare
326 289 115 28 inflytande
456 289 36 21 vid
507 289 26 21 de
548 288 76 27 högsta
639 288 267 27 förvaltningsembetenas
921 288 36 21 be-

206 324 98 21 sättande
327 324 66 21 borde
416 324 22 20 ät
457 323 119 21 Ständerna
594 322 123 28 inrymmas,
736 328 48 16 men
801 322 45 27 just
868 322 90 22 emedan

206 358 75 27 frågan
300 358 27 22 dä
345 358 83 26 förelåg
447 359 31 19 att
496 357 86 21 anhålla
600 362 34 16 om
654 356 102 22 befrielse
775 356 34 22 för
827 357 85 21 banken
927 358 32 20 att

205 394 51 25 taga
278 393 75 21 vidare
373 392 120 26 befattning
511 392 49 21 med
578 391 140 21 statsverkets
738 391 122 27 tillgängar,
881 391 78 27 ansägs

207 427 36 21 det
260 427 48 22 icke
323 426 124 22 välbetänkt
462 428 31 19 att
507 428 54 25 göra
574 426 153 26 reglementets
742 425 139 22 fastställelse
896 426 64 21 bero-

207 462 54 21 ende
280 461 23 21 af
321 462 27 20 de
367 460 138 27 svärigheter,
524 460 74 21 hvilka
617 466 26 15 en
658 460 159 26 framställning
832 466 34 15 om
882 460 78 26 äväga-

206 496 119 26 bringande
341 495 23 21 af
377 495 124 27 förändring
515 495 8 21 i
538 496 66 20 sättet
618 494 34 21 för
662 494 160 22 direktörernes
832 494 127 27 utnämning

206 530 126 27 ytterligare
347 530 71 20 kunde
434 529 121 21 framkalla.
584 528 34 21 Dä
634 528 120 22 emellertid
771 528 41 21 den
826 528 134 22 närvarande

206 564 128 27 tidpunkten
349 569 63 22 synes
427 569 60 15 mera
502 563 69 27 egnad
585 562 35 22 för
634 569 27 15 en
674 562 67 21 sädan
752 562 164 27 framställning,
927 562 34 21 fär

206 598 113 22 Utskottet
342 598 57 21 fästa
423 597 188 27 uppmärksamhet
636 596 74 22 dervid
726 598 32 20 att
782 597 33 21 till
836 597 125 21 densamma

206 639 90 15 numera
319 632 63 22 äfven
407 638 26 15 en
455 632 124 27 ytterligare
594 631 116 27 anledning
725 630 115 22 förefinnes
856 631 52 27 deri,
930 632 32 20 att

208 667 81 27 förslag
308 673 35 15 om
362 672 26 16 en
406 666 96 28 betydlig
516 666 122 27 förhöjning
656 665 24 22 af
697 666 99 26 samtlige
812 666 92 21 embets-
921 666 40 21 och

207 702 140 26 tjenstemäns
366 701 7 21 i
390 701 85 21 bamken
492 701 61 21 löner
571 700 121 27 förelägges
712 700 33 21 till
762 700 130 22 Ständernas
908 701 51 26 god-

208 736 120 21 kännande.
359 735 40 21 Om
414 735 107 27 nemligen
536 735 145 21 direktionens
696 734 140 22 medlemmar
849 735 8 21 i
868 735 95 27 enlighet

208 770 50 22 med
276 770 93 22 berörda
390 770 81 26 förslag
491 769 115 21 framdeles
625 769 81 21 erhölle
726 768 118 28 aflöningar
864 769 98 21 öfversti-

209 805 69 27 gande
285 805 27 21 de
318 804 84 26 belopp,
408 804 73 21 hvilka
487 804 67 21 andra
560 803 48 21 med
615 804 48 20 dem
670 803 6 21 i
684 803 204 27 samhällsställning
893 804 70 26 jemn-

209 839 43 21 like
267 838 131 22 embetsmän
409 838 36 21 vid
454 838 85 21 landets
550 837 169 22 administrativa
729 837 53 22 verk
792 837 89 27 ätnjuta,
893 838 70 21 skulle

210 873 77 22 sädant
309 873 105 21 mähända
436 873 49 21 leda
507 872 78 22 derhän
609 874 31 19 att
658 872 305 27 bankdirektörsplatserna,
952 868 16 35 i

210 908 66 26 högre
296 908 54 26 grad
368 908 27 20 än
413 907 113 26 härintills,
544 906 84 22 komme
643 908 32 19 att
690 906 148 22 eftersträfvas
854 906 23 21 af
890 912 74 22 perso-

210 948 45 20 ner,
277 941 74 22 hvilka
370 941 179 26 hufvudsakligen
570 946 76 21 genom
666 940 145 22 framstäende
830 941 88 21 meriter
936 941 28 27 pä

211 975 230 23 embetsmannabanan
459 975 56 27 gjort
530 975 33 27 sig
578 974 137 28 välförtjenta
730 974 23 22 af
766 974 122 22 befordran.
919 975 45 22 Och

211 1011 69 21 ehuru
294 1010 37 22 det
345 1016 66 20 gerna
425 1009 118 27 medgifves
560 1010 32 20 att
606 1009 34 21 för
650 1009 136 27 Regeringen
796 1010 168 26 uppenbarligen

212 1046 31 20 ett
260 1044 45 22 lika
323 1044 78 27 vigtigt
418 1044 147 21 statsintresse
580 1050 46 15 som
641 1043 34 21 för
690 1043 121 22 Ständerna
825 1044 71 26 ligger
911 1044 53 26 deri,

212 1080 32 20 att
262 1079 59 21 valet
339 1078 23 22 af
375 1078 177 22 bankdirektörer
567 1078 72 21 städse
654 1078 36 20 mä
705 1078 53 21 falla
772 1078 28 26 pä
816 1078 40 21 den
871 1078 34 21 till
921 1084 44 16 em-

212 1114 60 20 betet
290 1112 143 27 lämpligaste,
454 1118 61 21 synes
532 1112 53 21 dock
600 1112 76 26 sjelfva
694 1113 61 20 arten
771 1112 23 21 af
808 1112 60 21 detta
882 1114 83 20 utnäm-

212 1147 114 26 ningssätt,
344 1146 91 21 hvarvid
453 1146 89 21 ärendet
559 1146 7 20 i
584 1146 53 20 sista
651 1145 82 21 instans
749 1145 87 27 pröfvas
852 1146 39 21 och
906 1146 59 27 afgö-

213 1188 42 19 res,
271 1181 48 21 icke
333 1180 56 22 efter
403 1180 124 22 omedelbar
540 1180 120 21 kännedom
676 1180 24 21 af
714 1180 26 21 de
751 1180 106 21 sökandes
867 1180 99 28 lämplig-

213 1216 37 20 het
268 1216 52 20 utan
334 1214 29 28 pä
377 1215 69 27 grund
461 1214 23 21 af
496 1214 238 28 tjensteförteckningar
753 1214 40 21 och
812 1214 108 27 skriftliga
934 1215 32 21 in-

214 1251 43 25 tyg,
280 1249 72 21 lemna
369 1250 70 19 större
458 1255 46 13 rum
523 1248 35 20 för
574 1248 139 26 möjligheten
733 1248 23 20 af
774 1249 134 20 anciennetet
926 1250 40 20 och

214 1283 89 21 meriter
321 1282 166 21 understundom
506 1282 72 21 kunna
594 1282 65 20 vinna
673 1282 109 21 företräde
798 1282 90 21 framför
898 1282 26 22 de
935 1283 31 21 in-

216 1317 67 27 sigter
309 1316 40 22 och
371 1316 137 27 egenskaper,
532 1322 46 15 som
600 1316 230 22 direktörsembetenas
848 1316 119 28 tillbörliga

216 1351 105 22 skötande
339 1350 93 22 kräfver.
464 1351 33 21 En
515 1350 124 27 förändring
653 1350 8 21 i
675 1352 66 20 sättet
760 1350 34 22 för
809 1350 158 23 direktörernes

214 1386 127 27 utnämning
359 1387 24 20 är
397 1386 34 21 för
446 1385 65 27 öfrigt
526 1384 149 28 oundvikligen
690 1385 104 27 påkallad
810 1386 62 21 äfven
890 1392 77 21 genom

216 1420 77 28 sjelfva
301 1420 231 28 grundbestämningen
545 1420 8 21 i
569 1420 36 21 det
618 1419 88 28 förslag,
722 1426 46 15 som
778 1420 110 22 Utskottet
898 1420 24 22 af
930 1427 37 15 an-

216 1456 40 21 dra
270 1455 48 22 skäl
333 1455 70 21 funnit
417 1455 33 27 sig
465 1454 115 22 föranlåtet
594 1456 32 20 att
635 1454 32 22 uti
676 1454 143 22 förevarande
830 1456 62 21 ämne
902 1455 65 22 fram-

284 1495 138 17 Bankutskottets
433 1494 104 18 betänkande
548 1494 35 17 N:o
595 1495 17 16 4.
