<?xml version="1.0" encoding="UTF-8"?>
<alto xmlns="http://www.loc.gov/standards/alto/ns-v3#" xmlns:xlink="http://www.w3.org/1999/xlink" xmlns:xsi="http://www.w3.org/2001/XMLSchema-instance" xsi:schemaLocation="http://www.loc.gov/standards/alto/ns-v3# http://www.loc.gov/alto/v3/alto-3-0.xsd">
	<Description>
		<MeasurementUnit>pixel</MeasurementUnit>
		<sourceImageInformation>
			<fileName>/tmp/tess_lrxyfr_y_input.PNG</fileName>
		</sourceImageInformation>
		<OCRProcessing ID="OCR_0">
			<ocrProcessingStep>
				<processingSoftware>
					<softwareName>tesseract 5.3.4</softwareName>
				</processingSoftware>
			</ocrProcessingStep>
		</OCRProcessing>
	</Description>
	<Layout>
		<Page WIDTH="1053" HEIGHT="1714" PHYSICAL_IMG_NR="0" ID="page_0">
			<PrintSpace HPOS="0" VPOS="0" WIDTH="1053" HEIGHT="1714">
				<ComposedBlock ID="cblock_0" HPOS="794" VPOS="116" WIDTH="11" HEIGHT="20">
					<TextBlock ID="block_0" HPOS="794" VPOS="116" WIDTH="11" HEIGHT="20">
						<TextLine ID="line_0" HPOS="794" VPOS="116" WIDTH="11" HEIGHT="20">
							<String ID="string_0" HPOS="794" VPOS="116" WIDTH="11" HEIGHT="20" WC="0.96" CONTENT="3"/>
						</TextLine>
					</TextBlock>
				</ComposedBlock>
				<ComposedBlock ID="cblock_1" HPOS="83" VPOS="178" WIDTH="753" HEIGHT="1274">
					<TextBlock ID="block_1" HPOS="84" VPOS="178" WIDTH="751" HEIGHT="110">
						<TextLine ID="line_1" HPOS="85" VPOS="178" WIDTH="750" HEIGHT="24">
							<String ID="string_1" HPOS="85" VPOS="179" WIDTH="35" HEIGHT="17" WC="0.96" CONTENT="den"/><SP WIDTH="18" VPOS="179" HPOS="120"/>
							<String ID="string_2" HPOS="138" VPOS="178" WIDTH="41" HEIGHT="19" WC="0.93" CONTENT="mån"/><SP WIDTH="13" VPOS="178" HPOS="179"/>
							<String ID="string_3" HPOS="192" VPOS="179" WIDTH="97" HEIGHT="18" WC="0.91" CONTENT="kamrarne"/><SP WIDTH="13" VPOS="179" HPOS="289"/>
							<String ID="string_4" HPOS="302" VPOS="178" WIDTH="46" HEIGHT="19" WC="0.95" CONTENT="hvar"/><SP WIDTH="12" VPOS="178" HPOS="348"/>
							<String ID="string_5" HPOS="360" VPOS="179" WIDTH="28" HEIGHT="17" WC="0.95" CONTENT="för"/><SP WIDTH="14" VPOS="179" HPOS="388"/>
							<String ID="string_6" HPOS="402" VPOS="179" WIDTH="27" HEIGHT="23" WC="0.95" CONTENT="sig"/><SP WIDTH="12" VPOS="179" HPOS="429"/>
							<String ID="string_7" HPOS="441" VPOS="180" WIDTH="103" HEIGHT="18" WC="0.76" CONTENT="förordna”."/><SP WIDTH="25" VPOS="180" HPOS="544"/>
							<String ID="string_8" HPOS="569" VPOS="180" WIDTH="96" HEIGHT="22" WC="0.92" CONTENT="Tilläggas"/><SP WIDTH="13" VPOS="180" HPOS="665"/>
							<String ID="string_9" HPOS="678" VPOS="179" WIDTH="28" HEIGHT="18" WC="0.96" CONTENT="må"/><SP WIDTH="13" VPOS="179" HPOS="706"/>
							<String ID="string_10" HPOS="719" VPOS="181" WIDTH="27" HEIGHT="17" WC="0.96" CONTENT="att"/><SP WIDTH="11" VPOS="181" HPOS="746"/>
							<String ID="string_11" HPOS="757" VPOS="180" WIDTH="35" HEIGHT="17" WC="0.96" CONTENT="hos"/><SP WIDTH="14" VPOS="180" HPOS="792"/>
							<String ID="string_12" HPOS="806" VPOS="185" WIDTH="29" HEIGHT="12" WC="0.95" CONTENT="oss"/>
						</TextLine>
						<TextLine ID="line_2" HPOS="85" VPOS="207" WIDTH="750" HEIGHT="25">
							<String ID="string_13" HPOS="85" VPOS="208" WIDTH="29" HEIGHT="17" WC="0.93" CONTENT="vid"/><SP WIDTH="21" VPOS="208" HPOS="114"/>
							<String ID="string_14" HPOS="135" VPOS="208" WIDTH="88" HEIGHT="18" WC="0.82" CONTENT="1853—64"/><SP WIDTH="18" VPOS="208" HPOS="223"/>
							<String ID="string_15" HPOS="241" VPOS="208" WIDTH="29" HEIGHT="17" WC="0.93" CONTENT="års"/><SP WIDTH="19" VPOS="208" HPOS="270"/>
							<String ID="string_16" HPOS="289" VPOS="207" WIDTH="89" HEIGHT="23" WC="0.93" CONTENT="landtdag"/><SP WIDTH="19" VPOS="207" HPOS="378"/>
							<String ID="string_17" HPOS="397" VPOS="209" WIDTH="85" HEIGHT="22" WC="0.93" CONTENT="samtliga"/><SP WIDTH="16" VPOS="209" HPOS="482"/>
							<String ID="string_18" HPOS="498" VPOS="208" WIDTH="87" HEIGHT="18" WC="0.92" CONTENT="ständens"/><SP WIDTH="16" VPOS="208" HPOS="585"/>
							<String ID="string_19" HPOS="601" VPOS="208" WIDTH="140" HEIGHT="24" WC="0.96" CONTENT="förhandlingar"/><SP WIDTH="12" VPOS="208" HPOS="741"/>
							<String ID="string_20" HPOS="753" VPOS="208" WIDTH="82" HEIGHT="23" WC="0.96" CONTENT="trycktes"/>
						</TextLine>
						<TextLine ID="line_3" HPOS="85" VPOS="236" WIDTH="749" HEIGHT="24">
							<String ID="string_21" HPOS="85" VPOS="236" WIDTH="34" HEIGHT="18" WC="0.96" CONTENT="och"/><SP WIDTH="14" VPOS="236" HPOS="119"/>
							<String ID="string_22" HPOS="133" VPOS="236" WIDTH="25" HEIGHT="18" WC="0.93" CONTENT="att"/><SP WIDTH="13" VPOS="236" HPOS="158"/>
							<String ID="string_23" HPOS="171" VPOS="236" WIDTH="146" HEIGHT="22" WC="0.90" CONTENT="Ridderskapets"/><SP WIDTH="14" VPOS="236" HPOS="317"/>
							<String ID="string_24" HPOS="331" VPOS="237" WIDTH="34" HEIGHT="17" WC="0.93" CONTENT="och"/><SP WIDTH="13" VPOS="237" HPOS="365"/>
							<String ID="string_25" HPOS="378" VPOS="236" WIDTH="69" HEIGHT="19" WC="0.91" CONTENT="Adelns"/><SP WIDTH="13" VPOS="236" HPOS="447"/>
							<String ID="string_26" HPOS="460" VPOS="237" WIDTH="94" HEIGHT="23" WC="0.93" CONTENT="protokoll"/><SP WIDTH="10" VPOS="237" HPOS="554"/>
							<String ID="string_27" HPOS="564" VPOS="237" WIDTH="68" HEIGHT="23" WC="0.92" CONTENT="jemväl"/><SP WIDTH="8" VPOS="237" HPOS="632"/>
							<String ID="string_28" HPOS="640" VPOS="236" WIDTH="28" HEIGHT="18" WC="0.96" CONTENT="för"/><SP WIDTH="8" VPOS="236" HPOS="668"/>
							<String ID="string_29" HPOS="676" VPOS="237" WIDTH="22" HEIGHT="17" WC="0.96" CONTENT="de"/><SP WIDTH="8" VPOS="237" HPOS="698"/>
							<String ID="string_30" HPOS="706" VPOS="237" WIDTH="128" HEIGHT="22" WC="0.96" CONTENT="efterföljande"/>
						</TextLine>
						<TextLine ID="line_4" HPOS="84" VPOS="265" WIDTH="568" HEIGHT="23">
							<String ID="string_31" HPOS="84" VPOS="265" WIDTH="134" HEIGHT="23" WC="0.90" CONTENT="landtdagarne"/><SP WIDTH="14" VPOS="265" HPOS="218"/>
							<String ID="string_32" HPOS="232" VPOS="265" WIDTH="60" HEIGHT="18" WC="0.96" CONTENT="blifvit"/><SP WIDTH="11" VPOS="265" HPOS="292"/>
							<String ID="string_33" HPOS="303" VPOS="265" WIDTH="24" HEIGHT="23" WC="0.95" CONTENT="på"/><SP WIDTH="13" VPOS="265" HPOS="327"/>
							<String ID="string_34" HPOS="340" VPOS="265" WIDTH="97" HEIGHT="18" WC="0.95" CONTENT="enahanda"/><SP WIDTH="12" VPOS="265" HPOS="437"/>
							<String ID="string_35" HPOS="449" VPOS="268" WIDTH="37" HEIGHT="15" WC="0.96" CONTENT="sätt"/><SP WIDTH="13" VPOS="268" HPOS="486"/>
							<String ID="string_36" HPOS="499" VPOS="265" WIDTH="153" HEIGHT="23" WC="0.96" CONTENT="offentliggjorda."/>
						</TextLine>
					</TextBlock>
					<TextBlock ID="block_2" HPOS="85" VPOS="294" WIDTH="751" HEIGHT="80">
						<TextLine ID="line_5" HPOS="153" VPOS="294" WIDTH="682" HEIGHT="28">
							<String ID="string_37" HPOS="153" VPOS="294" WIDTH="29" HEIGHT="17" WC="0.95" CONTENT="En"/><SP WIDTH="12" VPOS="294" HPOS="182"/>
							<String ID="string_38" HPOS="194" VPOS="294" WIDTH="113" HEIGHT="22" WC="0.95" CONTENT="invändning"/><SP WIDTH="12" VPOS="294" HPOS="307"/>
							<String ID="string_39" HPOS="319" VPOS="297" WIDTH="37" HEIGHT="15" WC="0.96" CONTENT="mot"/><SP WIDTH="12" VPOS="297" HPOS="356"/>
							<String ID="string_40" HPOS="368" VPOS="294" WIDTH="90" HEIGHT="23" WC="0.96" CONTENT="förslaget"/><SP WIDTH="13" VPOS="294" HPOS="458"/>
							<String ID="string_41" HPOS="471" VPOS="300" WIDTH="29" HEIGHT="12" WC="0.96" CONTENT="om"/><SP WIDTH="12" VPOS="300" HPOS="500"/>
							<String ID="string_42" HPOS="512" VPOS="294" WIDTH="97" HEIGHT="23" WC="0.96" CONTENT="tryckning"/><SP WIDTH="9" VPOS="294" HPOS="609"/>
							<String ID="string_43" HPOS="618" VPOS="294" WIDTH="20" HEIGHT="18" WC="0.93" CONTENT="af"/><SP WIDTH="5" VPOS="294" HPOS="638"/>
							<String ID="string_44" HPOS="643" VPOS="294" WIDTH="86" HEIGHT="18" WC="0.91" CONTENT="Ståndets"/><SP WIDTH="6" VPOS="294" HPOS="729"/>
							<String ID="string_45" HPOS="735" VPOS="294" WIDTH="100" HEIGHT="28" WC="0.75" CONTENT="protokoll,"/>
						</TextLine>
						<TextLine ID="line_6" HPOS="86" VPOS="322" WIDTH="750" HEIGHT="24">
							<String ID="string_46" HPOS="86" VPOS="322" WIDTH="77" HEIGHT="18" WC="0.96" CONTENT="hvilken"/><SP WIDTH="18" VPOS="322" HPOS="163"/>
							<String ID="string_47" HPOS="181" VPOS="322" WIDTH="102" HEIGHT="18" WC="0.93" CONTENT="emellertid"/><SP WIDTH="18" VPOS="322" HPOS="283"/>
							<String ID="string_48" HPOS="301" VPOS="322" WIDTH="89" HEIGHT="24" WC="0.92" CONTENT="förtjenar"/><SP WIDTH="16" VPOS="322" HPOS="390"/>
							<String ID="string_49" HPOS="406" VPOS="323" WIDTH="101" HEIGHT="23" WC="0.96" CONTENT="synnerligt"/><SP WIDTH="13" VPOS="323" HPOS="507"/>
							<String ID="string_50" HPOS="520" VPOS="323" WIDTH="93" HEIGHT="22" WC="0.96" CONTENT="afseende,"/><SP WIDTH="14" VPOS="323" HPOS="613"/>
							<String ID="string_51" HPOS="627" VPOS="325" WIDTH="21" HEIGHT="15" WC="0.96" CONTENT="är"/><SP WIDTH="12" VPOS="325" HPOS="648"/>
							<String ID="string_52" HPOS="660" VPOS="322" WIDTH="64" HEIGHT="24" WC="0.96" CONTENT="frågan"/><SP WIDTH="14" VPOS="322" HPOS="724"/>
							<String ID="string_53" HPOS="738" VPOS="329" WIDTH="28" HEIGHT="12" WC="0.96" CONTENT="om"/><SP WIDTH="13" VPOS="329" HPOS="766"/>
							<String ID="string_54" HPOS="779" VPOS="324" WIDTH="57" HEIGHT="17" WC="0.96" CONTENT="sättet"/>
						</TextLine>
						<TextLine ID="line_7" HPOS="85" VPOS="351" WIDTH="635" HEIGHT="23">
							<String ID="string_55" HPOS="85" VPOS="351" WIDTH="28" HEIGHT="18" WC="0.96" CONTENT="för"/><SP WIDTH="14" VPOS="351" HPOS="113"/>
							<String ID="string_56" HPOS="127" VPOS="351" WIDTH="120" HEIGHT="19" WC="0.96" CONTENT="bestridande"/><SP WIDTH="13" VPOS="351" HPOS="247"/>
							<String ID="string_57" HPOS="260" VPOS="352" WIDTH="20" HEIGHT="18" WC="0.96" CONTENT="af"/><SP WIDTH="11" VPOS="352" HPOS="280"/>
							<String ID="string_58" HPOS="291" VPOS="352" WIDTH="22" HEIGHT="18" WC="0.97" CONTENT="de"/><SP WIDTH="13" VPOS="352" HPOS="313"/>
							<String ID="string_59" HPOS="326" VPOS="351" WIDTH="44" HEIGHT="19" WC="0.96" CONTENT="med"/><SP WIDTH="10" VPOS="351" HPOS="370"/>
							<String ID="string_60" HPOS="380" VPOS="352" WIDTH="121" HEIGHT="22" WC="0.96" CONTENT="tryckningen"/><SP WIDTH="12" VPOS="352" HPOS="501"/>
							<String ID="string_61" HPOS="513" VPOS="351" WIDTH="88" HEIGHT="19" WC="0.96" CONTENT="förenade"/><SP WIDTH="13" VPOS="351" HPOS="601"/>
							<String ID="string_62" HPOS="614" VPOS="352" WIDTH="106" HEIGHT="18" WC="0.96" CONTENT="kostnader."/>
						</TextLine>
					</TextBlock>
					<TextBlock ID="block_3" HPOS="83" VPOS="381" WIDTH="753" HEIGHT="605">
						<TextLine ID="line_8" HPOS="153" VPOS="381" WIDTH="680" HEIGHT="23">
							<String ID="string_63" HPOS="153" VPOS="381" WIDTH="96" HEIGHT="19" WC="0.96" CONTENT="Utskottet"/><SP WIDTH="18" VPOS="381" HPOS="249"/>
							<String ID="string_64" HPOS="267" VPOS="382" WIDTH="34" HEIGHT="17" WC="0.96" CONTENT="har"/><SP WIDTH="19" VPOS="382" HPOS="301"/>
							<String ID="string_65" HPOS="320" VPOS="381" WIDTH="41" HEIGHT="18" WC="0.96" CONTENT="sökt"/><SP WIDTH="12" VPOS="381" HPOS="361"/>
							<String ID="string_66" HPOS="373" VPOS="381" WIDTH="55" HEIGHT="18" WC="0.96" CONTENT="vinna"/><SP WIDTH="12" VPOS="381" HPOS="428"/>
							<String ID="string_67" HPOS="440" VPOS="383" WIDTH="84" HEIGHT="16" WC="0.96" CONTENT="närmare"/><SP WIDTH="13" VPOS="383" HPOS="524"/>
							<String ID="string_68" HPOS="537" VPOS="381" WIDTH="100" HEIGHT="23" WC="0.96" CONTENT="utredning"/><SP WIDTH="12" VPOS="381" HPOS="637"/>
							<String ID="string_69" HPOS="649" VPOS="386" WIDTH="29" HEIGHT="13" WC="0.96" CONTENT="om"/><SP WIDTH="13" VPOS="386" HPOS="678"/>
							<String ID="string_70" HPOS="691" VPOS="382" WIDTH="55" HEIGHT="18" WC="0.93" CONTENT="dessa"/><SP WIDTH="12" VPOS="382" HPOS="746"/>
							<String ID="string_71" HPOS="758" VPOS="381" WIDTH="75" HEIGHT="19" WC="0.89" CONTENT="kostna-"/>
						</TextLine>
						<TextLine ID="line_9" HPOS="85" VPOS="410" WIDTH="749" HEIGHT="24">
							<String ID="string_72" HPOS="85" VPOS="410" WIDTH="32" HEIGHT="18" WC="0.96" CONTENT="der"/><SP WIDTH="19" VPOS="410" HPOS="117"/>
							<String ID="string_73" HPOS="136" VPOS="411" WIDTH="34" HEIGHT="18" WC="0.96" CONTENT="och"/><SP WIDTH="15" VPOS="411" HPOS="170"/>
							<String ID="string_74" HPOS="185" VPOS="410" WIDTH="6" HEIGHT="18" WC="0.96" CONTENT="i"/><SP WIDTH="13" VPOS="410" HPOS="191"/>
							<String ID="string_75" HPOS="204" VPOS="410" WIDTH="65" HEIGHT="18" WC="0.96" CONTENT="sådant"/><SP WIDTH="13" VPOS="410" HPOS="269"/>
							<String ID="string_76" HPOS="282" VPOS="410" WIDTH="88" HEIGHT="18" WC="0.96" CONTENT="afseende"/><SP WIDTH="12" VPOS="410" HPOS="370"/>
							<String ID="string_77" HPOS="382" VPOS="410" WIDTH="117" HEIGHT="18" WC="0.95" CONTENT="införskaffat"/><SP WIDTH="12" VPOS="410" HPOS="499"/>
							<String ID="string_78" HPOS="511" VPOS="411" WIDTH="67" HEIGHT="23" WC="0.96" CONTENT="nödiga"/><SP WIDTH="11" VPOS="411" HPOS="578"/>
							<String ID="string_79" HPOS="589" VPOS="410" WIDTH="133" HEIGHT="24" WC="0.96" CONTENT="prisuppgifter"/><SP WIDTH="12" VPOS="410" HPOS="722"/>
							<String ID="string_80" HPOS="734" VPOS="410" WIDTH="16" HEIGHT="23" WC="0.96" CONTENT="ej"/><SP WIDTH="14" VPOS="410" HPOS="750"/>
							<String ID="string_81" HPOS="764" VPOS="410" WIDTH="70" HEIGHT="18" WC="0.96" CONTENT="mindre"/>
						</TextLine>
						<TextLine ID="line_10" HPOS="85" VPOS="440" WIDTH="748" HEIGHT="23">
							<String ID="string_82" HPOS="85" VPOS="440" WIDTH="19" HEIGHT="18" WC="0.93" CONTENT="af"/><SP WIDTH="17" VPOS="440" HPOS="104"/>
							<String ID="string_83" HPOS="121" VPOS="440" WIDTH="137" HEIGHT="18" WC="0.92" CONTENT="härvararande"/><SP WIDTH="19" VPOS="440" HPOS="258"/>
							<String ID="string_84" HPOS="277" VPOS="440" WIDTH="101" HEIGHT="22" WC="0.96" CONTENT="tryckerier"/><SP WIDTH="16" VPOS="440" HPOS="378"/>
							<String ID="string_85" HPOS="394" VPOS="442" WIDTH="22" HEIGHT="15" WC="0.97" CONTENT="än"/><SP WIDTH="14" VPOS="442" HPOS="416"/>
							<String ID="string_86" HPOS="430" VPOS="440" WIDTH="20" HEIGHT="17" WC="0.93" CONTENT="af"/><SP WIDTH="11" VPOS="440" HPOS="450"/>
							<String ID="string_87" HPOS="461" VPOS="440" WIDTH="32" HEIGHT="22" WC="0.88" CONTENT=",A."/><SP WIDTH="14" VPOS="440" HPOS="493"/>
							<String ID="string_88" HPOS="507" VPOS="440" WIDTH="27" HEIGHT="18" WC="0.92" CONTENT="W."/><SP WIDTH="13" VPOS="440" HPOS="534"/>
							<String ID="string_89" HPOS="547" VPOS="440" WIDTH="105" HEIGHT="22" WC="0.96" CONTENT="Lindgrens"/><SP WIDTH="12" VPOS="440" HPOS="652"/>
							<String ID="string_90" HPOS="664" VPOS="440" WIDTH="81" HEIGHT="23" WC="0.96" CONTENT="tryckeri"/><SP WIDTH="11" VPOS="440" HPOS="745"/>
							<String ID="string_91" HPOS="756" VPOS="440" WIDTH="6" HEIGHT="17" WC="0.93" CONTENT="i"/><SP WIDTH="13" VPOS="440" HPOS="762"/>
							<String ID="string_92" HPOS="775" VPOS="440" WIDTH="58" HEIGHT="18" WC="0.92" CONTENT="Tava-"/>
						</TextLine>
						<TextLine ID="line_11" HPOS="85" VPOS="468" WIDTH="751" HEIGHT="23">
							<String ID="string_93" HPOS="85" VPOS="469" WIDTH="80" HEIGHT="19" WC="0.88" CONTENT="stehus*."/><SP WIDTH="24" VPOS="469" HPOS="165"/>
							<String ID="string_94" HPOS="189" VPOS="469" WIDTH="37" HEIGHT="17" WC="0.93" CONTENT="Det"/><SP WIDTH="11" VPOS="469" HPOS="226"/>
							<String ID="string_95" HPOS="237" VPOS="468" WIDTH="154" HEIGHT="23" WC="0.92" CONTENT="fördelaktigaste"/><SP WIDTH="13" VPOS="468" HPOS="391"/>
							<String ID="string_96" HPOS="404" VPOS="468" WIDTH="81" HEIGHT="18" WC="0.96" CONTENT="anbudet"/><SP WIDTH="12" VPOS="468" HPOS="485"/>
							<String ID="string_97" HPOS="497" VPOS="469" WIDTH="34" HEIGHT="18" WC="0.93" CONTENT="har"/><SP WIDTH="13" VPOS="469" HPOS="531"/>
							<String ID="string_98" HPOS="544" VPOS="468" WIDTH="64" HEIGHT="18" WC="0.92" CONTENT="dervid"/><SP WIDTH="12" VPOS="468" HPOS="608"/>
							<String ID="string_99" HPOS="620" VPOS="468" WIDTH="58" HEIGHT="23" WC="0.96" CONTENT="gjorts"/><SP WIDTH="13" VPOS="468" HPOS="678"/>
							<String ID="string_100" HPOS="691" VPOS="469" WIDTH="20" HEIGHT="17" WC="0.96" CONTENT="af"/><SP WIDTH="10" VPOS="469" HPOS="711"/>
							<String ID="string_101" HPOS="721" VPOS="469" WIDTH="115" HEIGHT="18" WC="0.96" CONTENT="sistnämnda"/>
						</TextLine>
						<TextLine ID="line_12" HPOS="83" VPOS="496" WIDTH="752" HEIGHT="24">
							<String ID="string_102" HPOS="83" VPOS="498" WIDTH="58" HEIGHT="22" WC="0.95" CONTENT="firma,"/><SP WIDTH="20" VPOS="498" HPOS="141"/>
							<String ID="string_103" HPOS="161" VPOS="504" WIDTH="38" HEIGHT="12" WC="0.96" CONTENT="som"/><SP WIDTH="10" VPOS="504" HPOS="199"/>
							<String ID="string_104" HPOS="209" VPOS="496" WIDTH="35" HEIGHT="20" WC="0.95" CONTENT="för"/><SP WIDTH="20" VPOS="496" HPOS="244"/>
							<String ID="string_105" HPOS="264" VPOS="503" WIDTH="22" HEIGHT="12" WC="0.93" CONTENT="en"/><SP WIDTH="17" VPOS="503" HPOS="286"/>
							<String ID="string_106" HPOS="303" VPOS="498" WIDTH="81" HEIGHT="22" WC="0.92" CONTENT="upplaga"/><SP WIDTH="12" VPOS="498" HPOS="384"/>
							<String ID="string_107" HPOS="396" VPOS="497" WIDTH="20" HEIGHT="18" WC="0.96" CONTENT="af"/><SP WIDTH="11" VPOS="497" HPOS="416"/>
							<String ID="string_108" HPOS="427" VPOS="498" WIDTH="33" HEIGHT="17" WC="0.93" CONTENT="300"/><SP WIDTH="13" VPOS="498" HPOS="460"/>
							<String ID="string_109" HPOS="473" VPOS="498" WIDTH="94" HEIGHT="22" WC="0.92" CONTENT="exemplar"/><SP WIDTH="12" VPOS="498" HPOS="567"/>
							<String ID="string_110" HPOS="579" VPOS="498" WIDTH="6" HEIGHT="17" WC="0.96" CONTENT="i"/><SP WIDTH="12" VPOS="498" HPOS="585"/>
							<String ID="string_111" HPOS="597" VPOS="497" WIDTH="77" HEIGHT="23" WC="0.96" CONTENT="ungefär"/><SP WIDTH="13" VPOS="497" HPOS="674"/>
							<String ID="string_112" HPOS="687" VPOS="503" WIDTH="69" HEIGHT="13" WC="0.96" CONTENT="samma"/><SP WIDTH="11" VPOS="503" HPOS="756"/>
							<String ID="string_113" HPOS="767" VPOS="497" WIDTH="68" HEIGHT="19" WC="0.96" CONTENT="format"/>
						</TextLine>
						<TextLine ID="line_13" HPOS="85" VPOS="526" WIDTH="749" HEIGHT="24">
							<String ID="string_114" HPOS="85" VPOS="532" WIDTH="38" HEIGHT="13" WC="0.90" CONTENT="som"/><SP WIDTH="18" VPOS="532" HPOS="123"/>
							<String ID="string_115" HPOS="141" VPOS="527" WIDTH="171" HEIGHT="23" WC="0.87" CONTENT="Borgareständets"/><SP WIDTH="16" VPOS="527" HPOS="312"/>
							<String ID="string_116" HPOS="328" VPOS="526" WIDTH="94" HEIGHT="23" WC="0.87" CONTENT="protokoll"/><SP WIDTH="17" VPOS="526" HPOS="422"/>
							<String ID="string_117" HPOS="439" VPOS="526" WIDTH="29" HEIGHT="18" WC="0.92" CONTENT="för"/><SP WIDTH="18" VPOS="526" HPOS="468"/>
							<String ID="string_118" HPOS="486" VPOS="526" WIDTH="113" HEIGHT="24" WC="0.92" CONTENT="landtdagen"/><SP WIDTH="16" VPOS="526" HPOS="599"/>
							<String ID="string_119" HPOS="615" VPOS="527" WIDTH="44" HEIGHT="17" WC="0.93" CONTENT="1872"/><SP WIDTH="12" VPOS="527" HPOS="659"/>
							<String ID="string_120" HPOS="671" VPOS="526" WIDTH="84" HEIGHT="23" WC="0.93" CONTENT="betingat"/><SP WIDTH="13" VPOS="526" HPOS="755"/>
							<String ID="string_121" HPOS="768" VPOS="526" WIDTH="28" HEIGHT="24" WC="0.96" CONTENT="sig"/><SP WIDTH="12" VPOS="526" HPOS="796"/>
							<String ID="string_122" HPOS="808" VPOS="529" WIDTH="26" HEIGHT="15" WC="0.95" CONTENT="ett"/>
						</TextLine>
						<TextLine ID="line_14" HPOS="84" VPOS="555" WIDTH="749" HEIGHT="24">
							<String ID="string_123" HPOS="84" VPOS="557" WIDTH="38" HEIGHT="22" WC="0.93" CONTENT="pris"/><SP WIDTH="14" VPOS="557" HPOS="122"/>
							<String ID="string_124" HPOS="136" VPOS="556" WIDTH="19" HEIGHT="18" WC="0.96" CONTENT="af"/><SP WIDTH="12" VPOS="556" HPOS="155"/>
							<String ID="string_125" HPOS="167" VPOS="557" WIDTH="21" HEIGHT="16" WC="0.96" CONTENT="40"/><SP WIDTH="13" VPOS="557" HPOS="188"/>
							<String ID="string_126" HPOS="201" VPOS="557" WIDTH="51" HEIGHT="17" WC="0.96" CONTENT="mark"/><SP WIDTH="13" VPOS="557" HPOS="252"/>
							<String ID="string_127" HPOS="265" VPOS="557" WIDTH="21" HEIGHT="17" WC="0.96" CONTENT="90"/><SP WIDTH="12" VPOS="557" HPOS="286"/>
							<String ID="string_128" HPOS="298" VPOS="555" WIDTH="57" HEIGHT="23" WC="0.93" CONTENT="penni"/><SP WIDTH="9" VPOS="555" HPOS="355"/>
							<String ID="string_129" HPOS="364" VPOS="556" WIDTH="61" HEIGHT="22" WC="0.92" CONTENT="arket,"/><SP WIDTH="15" VPOS="556" HPOS="425"/>
							<String ID="string_130" HPOS="440" VPOS="555" WIDTH="39" HEIGHT="18" WC="0.93" CONTENT="deri"/><SP WIDTH="12" VPOS="555" HPOS="479"/>
							<String ID="string_131" HPOS="491" VPOS="555" WIDTH="104" HEIGHT="24" WC="0.92" CONTENT="inbegripet"/><SP WIDTH="13" VPOS="555" HPOS="595"/>
							<String ID="string_132" HPOS="608" VPOS="556" WIDTH="51" HEIGHT="17" WC="0.93" CONTENT="säväl"/><SP WIDTH="12" VPOS="556" HPOS="659"/>
							<String ID="string_133" HPOS="671" VPOS="556" WIDTH="53" HEIGHT="23" WC="0.96" CONTENT="tryck"/><SP WIDTH="13" VPOS="556" HPOS="724"/>
							<String ID="string_134" HPOS="737" VPOS="561" WIDTH="39" HEIGHT="13" WC="0.93" CONTENT="som"/><SP WIDTH="12" VPOS="561" HPOS="776"/>
							<String ID="string_135" HPOS="788" VPOS="562" WIDTH="45" HEIGHT="17" WC="0.89" CONTENT="pap-"/>
						</TextLine>
						<TextLine ID="line_15" HPOS="85" VPOS="584" WIDTH="749" HEIGHT="24">
							<String ID="string_136" HPOS="85" VPOS="591" WIDTH="34" HEIGHT="17" WC="0.96" CONTENT="per"/><SP WIDTH="13" VPOS="591" HPOS="119"/>
							<String ID="string_137" HPOS="132" VPOS="585" WIDTH="35" HEIGHT="18" WC="0.93" CONTENT="och"/><SP WIDTH="12" VPOS="585" HPOS="167"/>
							<String ID="string_138" HPOS="179" VPOS="584" WIDTH="179" HEIGHT="23" WC="0.40" CONTENT="korrekturläseing,"/><SP WIDTH="13" VPOS="584" HPOS="358"/>
							<String ID="string_139" HPOS="371" VPOS="587" WIDTH="27" HEIGHT="15" WC="0.92" CONTENT="att"/><SP WIDTH="11" VPOS="587" HPOS="398"/>
							<String ID="string_140" HPOS="409" VPOS="585" WIDTH="94" HEIGHT="18" WC="0.93" CONTENT="levereras"/><SP WIDTH="14" VPOS="585" HPOS="503"/>
							<String ID="string_141" HPOS="517" VPOS="585" WIDTH="63" HEIGHT="17" WC="0.91" CONTENT="franco"/><SP WIDTH="11" VPOS="585" HPOS="580"/>
							<String ID="string_142" HPOS="591" VPOS="584" WIDTH="181" HEIGHT="23" WC="0.93" CONTENT="jernvägsstationen"/><SP WIDTH="11" VPOS="584" HPOS="772"/>
							<String ID="string_143" HPOS="783" VPOS="585" WIDTH="7" HEIGHT="17" WC="0.93" CONTENT="i"/><SP WIDTH="8" VPOS="585" HPOS="790"/>
							<String ID="string_144" HPOS="798" VPOS="586" WIDTH="36" HEIGHT="17" WC="0.93" CONTENT="Ta-"/>
						</TextLine>
						<TextLine ID="line_16" HPOS="84" VPOS="613" WIDTH="751" HEIGHT="24">
							<String ID="string_145" HPOS="84" VPOS="614" WIDTH="93" HEIGHT="18" WC="0.91" CONTENT="vastehus."/><SP WIDTH="26" VPOS="614" HPOS="177"/>
							<String ID="string_146" HPOS="203" VPOS="613" WIDTH="33" HEIGHT="18" WC="0.96" CONTENT="Om"/><SP WIDTH="12" VPOS="613" HPOS="236"/>
							<String ID="string_147" HPOS="248" VPOS="613" WIDTH="58" HEIGHT="24" WC="0.93" CONTENT="priset"/><SP WIDTH="12" VPOS="613" HPOS="306"/>
							<String ID="string_148" HPOS="318" VPOS="613" WIDTH="63" HEIGHT="18" WC="0.92" CONTENT="franco"/><SP WIDTH="13" VPOS="613" HPOS="381"/>
							<String ID="string_149" HPOS="394" VPOS="613" WIDTH="117" HEIGHT="22" WC="0.93" CONTENT="Helsingfors"/><SP WIDTH="12" VPOS="613" HPOS="511"/>
							<String ID="string_150" HPOS="523" VPOS="613" WIDTH="131" HEIGHT="23" WC="0.90" CONTENT="kalkylerades"/><SP WIDTH="13" VPOS="613" HPOS="654"/>
							<String ID="string_151" HPOS="667" VPOS="613" WIDTH="29" HEIGHT="18" WC="0.96" CONTENT="till"/><SP WIDTH="12" VPOS="613" HPOS="696"/>
							<String ID="string_152" HPOS="708" VPOS="614" WIDTH="21" HEIGHT="16" WC="0.92" CONTENT="41"/><SP WIDTH="13" VPOS="614" HPOS="729"/>
							<String ID="string_153" HPOS="742" VPOS="614" WIDTH="53" HEIGHT="17" WC="0.93" CONTENT="mark"/><SP WIDTH="12" VPOS="614" HPOS="795"/>
							<String ID="string_154" HPOS="807" VPOS="619" WIDTH="28" HEIGHT="12" WC="0.92" CONTENT="ar-"/>
						</TextLine>
						<TextLine ID="line_17" HPOS="83" VPOS="642" WIDTH="751" HEIGHT="24">
							<String ID="string_155" HPOS="83" VPOS="644" WIDTH="33" HEIGHT="17" WC="0.92" CONTENT="ket"/><SP WIDTH="18" VPOS="644" HPOS="116"/>
							<String ID="string_156" HPOS="134" VPOS="644" WIDTH="34" HEIGHT="17" WC="0.93" CONTENT="och"/><SP WIDTH="12" VPOS="644" HPOS="168"/>
							<String ID="string_157" HPOS="180" VPOS="643" WIDTH="115" HEIGHT="22" WC="0.92" CONTENT="protokollet"/><SP WIDTH="11" VPOS="643" HPOS="295"/>
							<String ID="string_158" HPOS="306" VPOS="643" WIDTH="6" HEIGHT="17" WC="0.96" CONTENT="i"/><SP WIDTH="13" VPOS="643" HPOS="312"/>
							<String ID="string_159" HPOS="325" VPOS="642" WIDTH="43" HEIGHT="19" WC="0.93" CONTENT="dess"/><SP WIDTH="12" VPOS="642" HPOS="368"/>
							<String ID="string_160" HPOS="380" VPOS="643" WIDTH="64" HEIGHT="17" WC="0.92" CONTENT="helhet"/><SP WIDTH="12" VPOS="643" HPOS="444"/>
							<String ID="string_161" HPOS="456" VPOS="643" WIDTH="116" HEIGHT="18" WC="0.92" CONTENT="beräknades"/><SP WIDTH="12" VPOS="643" HPOS="572"/>
							<String ID="string_162" HPOS="584" VPOS="646" WIDTH="82" HEIGHT="19" WC="0.92" CONTENT="upptaga"/><SP WIDTH="13" VPOS="646" HPOS="666"/>
							<String ID="string_163" HPOS="679" VPOS="644" WIDTH="32" HEIGHT="16" WC="0.96" CONTENT="120"/><SP WIDTH="13" VPOS="644" HPOS="711"/>
							<String ID="string_164" HPOS="724" VPOS="643" WIDTH="34" HEIGHT="18" WC="0.93" CONTENT="ark"/><SP WIDTH="12" VPOS="643" HPOS="758"/>
							<String ID="string_165" HPOS="770" VPOS="653" WIDTH="21" HEIGHT="2" WC="0.93" CONTENT="—"/><SP WIDTH="13" VPOS="653" HPOS="791"/>
							<String ID="string_166" HPOS="804" VPOS="642" WIDTH="30" HEIGHT="24" WC="0.96" CONTENT="(de"/>
						</TextLine>
						<TextLine ID="line_18" HPOS="83" VPOS="670" WIDTH="751" HEIGHT="25">
							<String ID="string_167" HPOS="83" VPOS="673" WIDTH="74" HEIGHT="18" WC="0.84" CONTENT="härtills"/><SP WIDTH="18" VPOS="673" HPOS="157"/>
							<String ID="string_168" HPOS="175" VPOS="673" WIDTH="88" HEIGHT="17" WC="0.93" CONTENT="utkomna"/><SP WIDTH="13" VPOS="673" HPOS="263"/>
							<String ID="string_169" HPOS="276" VPOS="670" WIDTH="76" HEIGHT="19" WC="0.92" CONTENT="delarne"/><SP WIDTH="13" VPOS="670" HPOS="352"/>
							<String ID="string_170" HPOS="365" VPOS="671" WIDTH="20" HEIGHT="18" WC="0.97" CONTENT="af"/><SP WIDTH="12" VPOS="671" HPOS="385"/>
							<String ID="string_171" HPOS="397" VPOS="673" WIDTH="42" HEIGHT="16" WC="0.93" CONTENT="1872"/><SP WIDTH="14" VPOS="673" HPOS="439"/>
							<String ID="string_172" HPOS="453" VPOS="671" WIDTH="29" HEIGHT="18" WC="0.96" CONTENT="års"/><SP WIDTH="13" VPOS="671" HPOS="482"/>
							<String ID="string_173" HPOS="495" VPOS="671" WIDTH="95" HEIGHT="24" WC="0.95" CONTENT="protokoll"/><SP WIDTH="12" VPOS="671" HPOS="590"/>
							<String ID="string_174" HPOS="602" VPOS="671" WIDTH="94" HEIGHT="18" WC="0.96" CONTENT="innehålla"/><SP WIDTH="12" VPOS="671" HPOS="696"/>
							<String ID="string_175" HPOS="708" VPOS="672" WIDTH="84" HEIGHT="23" WC="0.96" CONTENT="omkring"/><SP WIDTH="12" VPOS="672" HPOS="792"/>
							<String ID="string_176" HPOS="804" VPOS="673" WIDTH="30" HEIGHT="20" WC="0.97" CONTENT="90)"/>
						</TextLine>
						<TextLine ID="line_19" HPOS="85" VPOS="701" WIDTH="748" HEIGHT="22">
							<String ID="string_177" HPOS="85" VPOS="711" WIDTH="20" HEIGHT="4" WC="0.93" CONTENT="—"/><SP WIDTH="14" VPOS="711" HPOS="105"/>
							<String ID="string_178" HPOS="119" VPOS="703" WIDTH="47" HEIGHT="17" WC="0.96" CONTENT="samt"/><SP WIDTH="13" VPOS="703" HPOS="166"/>
							<String ID="string_179" HPOS="179" VPOS="703" WIDTH="32" HEIGHT="16" WC="0.96" CONTENT="500"/><SP WIDTH="13" VPOS="703" HPOS="211"/>
							<String ID="string_180" HPOS="224" VPOS="701" WIDTH="52" HEIGHT="18" WC="0.96" CONTENT="mark"/><SP WIDTH="13" VPOS="701" HPOS="276"/>
							<String ID="string_181" HPOS="289" VPOS="701" WIDTH="93" HEIGHT="18" WC="0.93" CONTENT="dessutom"/><SP WIDTH="13" VPOS="701" HPOS="382"/>
							<String ID="string_182" HPOS="395" VPOS="701" WIDTH="87" HEIGHT="22" WC="0.91" CONTENT="ansloges"/><SP WIDTH="12" VPOS="701" HPOS="482"/>
							<String ID="string_183" HPOS="494" VPOS="701" WIDTH="28" HEIGHT="17" WC="0.93" CONTENT="för"/><SP WIDTH="13" VPOS="701" HPOS="522"/>
							<String ID="string_184" HPOS="535" VPOS="701" WIDTH="132" HEIGHT="22" WC="0.92" CONTENT="upprättandet"/><SP WIDTH="13" VPOS="701" HPOS="667"/>
							<String ID="string_185" HPOS="680" VPOS="701" WIDTH="20" HEIGHT="17" WC="0.96" CONTENT="af"/><SP WIDTH="11" VPOS="701" HPOS="700"/>
							<String ID="string_186" HPOS="711" VPOS="703" WIDTH="27" HEIGHT="16" WC="0.93" CONTENT="ett"/><SP WIDTH="11" VPOS="703" HPOS="738"/>
							<String ID="string_187" HPOS="749" VPOS="701" WIDTH="84" HEIGHT="18" WC="0.92" CONTENT="fullstän-"/>
						</TextLine>
						<TextLine ID="line_20" HPOS="85" VPOS="728" WIDTH="748" HEIGHT="26">
							<String ID="string_188" HPOS="85" VPOS="731" WIDTH="38" HEIGHT="23" WC="0.92" CONTENT="digt"/><SP WIDTH="19" VPOS="731" HPOS="123"/>
							<String ID="string_189" HPOS="142" VPOS="731" WIDTH="42" HEIGHT="18" WC="0.86" CONTENT="sak-"/><SP WIDTH="17" VPOS="731" HPOS="184"/>
							<String ID="string_190" HPOS="201" VPOS="731" WIDTH="33" HEIGHT="18" WC="0.93" CONTENT="och"/><SP WIDTH="12" VPOS="731" HPOS="234"/>
							<String ID="string_191" HPOS="246" VPOS="730" WIDTH="153" HEIGHT="23" WC="0.96" CONTENT="personregister,"/><SP WIDTH="14" VPOS="730" HPOS="399"/>
							<String ID="string_192" HPOS="413" VPOS="729" WIDTH="65" HEIGHT="23" WC="0.96" CONTENT="skulle,"/><SP WIDTH="14" VPOS="729" HPOS="478"/>
							<String ID="string_193" HPOS="492" VPOS="729" WIDTH="57" HEIGHT="18" WC="0.93" CONTENT="under"/><SP WIDTH="13" VPOS="729" HPOS="549"/>
							<String ID="string_194" HPOS="562" VPOS="728" WIDTH="132" HEIGHT="25" WC="0.96" CONTENT="förutsättning"/><SP WIDTH="12" VPOS="728" HPOS="694"/>
							<String ID="string_195" HPOS="706" VPOS="732" WIDTH="28" HEIGHT="15" WC="0.93" CONTENT="att"/><SP WIDTH="11" VPOS="732" HPOS="734"/>
							<String ID="string_196" HPOS="745" VPOS="731" WIDTH="88" HEIGHT="22" WC="0.91" CONTENT="koncept-"/>
						</TextLine>
						<TextLine ID="line_21" HPOS="84" VPOS="759" WIDTH="751" HEIGHT="24">
							<String ID="string_197" HPOS="84" VPOS="760" WIDTH="114" HEIGHT="23" WC="0.92" CONTENT="protokollet"/><SP WIDTH="12" VPOS="760" HPOS="198"/>
							<String ID="string_198" HPOS="210" VPOS="760" WIDTH="48" HEIGHT="23" WC="0.93" CONTENT="finge"/><SP WIDTH="7" VPOS="760" HPOS="258"/>
							<String ID="string_199" HPOS="265" VPOS="760" WIDTH="7" HEIGHT="17" WC="0.96" CONTENT="i"/><SP WIDTH="6" VPOS="760" HPOS="272"/>
							<String ID="string_200" HPOS="278" VPOS="759" WIDTH="78" HEIGHT="23" WC="0.95" CONTENT="original"/><SP WIDTH="8" VPOS="759" HPOS="356"/>
							<String ID="string_201" HPOS="364" VPOS="759" WIDTH="29" HEIGHT="18" WC="0.93" CONTENT="till"/><SP WIDTH="7" VPOS="759" HPOS="393"/>
							<String ID="string_202" HPOS="400" VPOS="759" WIDTH="100" HEIGHT="22" WC="0.92" CONTENT="tryckeriet"/><SP WIDTH="6" VPOS="759" HPOS="500"/>
							<String ID="string_203" HPOS="506" VPOS="759" WIDTH="97" HEIGHT="22" WC="0.92" CONTENT="utlemnas,"/><SP WIDTH="8" VPOS="759" HPOS="603"/>
							<String ID="string_204" HPOS="611" VPOS="759" WIDTH="44" HEIGHT="18" WC="0.93" CONTENT="hela"/><SP WIDTH="6" VPOS="759" HPOS="655"/>
							<String ID="string_205" HPOS="661" VPOS="759" WIDTH="94" HEIGHT="22" WC="0.91" CONTENT="upplagan"/><SP WIDTH="7" VPOS="759" HPOS="755"/>
							<String ID="string_206" HPOS="762" VPOS="759" WIDTH="73" HEIGHT="18" WC="0.96" CONTENT="komma"/>
						</TextLine>
						<TextLine ID="line_22" HPOS="85" VPOS="788" WIDTH="749" HEIGHT="23">
							<String ID="string_207" HPOS="85" VPOS="792" WIDTH="26" HEIGHT="15" WC="0.96" CONTENT="att"/><SP WIDTH="12" VPOS="792" HPOS="111"/>
							<String ID="string_208" HPOS="123" VPOS="789" WIDTH="55" HEIGHT="18" WC="0.96" CONTENT="kosta"/><SP WIDTH="13" VPOS="789" HPOS="178"/>
							<String ID="string_209" HPOS="191" VPOS="789" WIDTH="50" HEIGHT="22" WC="0.96" CONTENT="5,420"/><SP WIDTH="13" VPOS="789" HPOS="241"/>
							<String ID="string_210" HPOS="254" VPOS="789" WIDTH="52" HEIGHT="17" WC="0.96" CONTENT="mark"/><SP WIDTH="13" VPOS="789" HPOS="306"/>
							<String ID="string_211" HPOS="319" VPOS="789" WIDTH="46" HEIGHT="17" WC="0.93" CONTENT="eller"/><SP WIDTH="12" VPOS="789" HPOS="365"/>
							<String ID="string_212" HPOS="377" VPOS="788" WIDTH="62" HEIGHT="23" WC="0.92" CONTENT="hvarje"/><SP WIDTH="14" VPOS="788" HPOS="439"/>
							<String ID="string_213" HPOS="453" VPOS="788" WIDTH="94" HEIGHT="23" WC="0.92" CONTENT="exemplar"/><SP WIDTH="11" VPOS="788" HPOS="547"/>
							<String ID="string_214" HPOS="558" VPOS="788" WIDTH="57" HEIGHT="22" WC="0.92" CONTENT="nägot"/><SP WIDTH="13" VPOS="788" HPOS="615"/>
							<String ID="string_215" HPOS="628" VPOS="788" WIDTH="50" HEIGHT="17" WC="0.90" CONTENT="öfver"/><SP WIDTH="8" VPOS="788" HPOS="678"/>
							<String ID="string_216" HPOS="686" VPOS="789" WIDTH="20" HEIGHT="16" WC="0.95" CONTENT="18"/><SP WIDTH="6" VPOS="789" HPOS="706"/>
							<String ID="string_217" HPOS="712" VPOS="788" WIDTH="57" HEIGHT="18" WC="0.93" CONTENT="mark."/><SP WIDTH="13" VPOS="788" HPOS="769"/>
							<String ID="string_218" HPOS="782" VPOS="788" WIDTH="52" HEIGHT="18" WC="0.93" CONTENT="Skall"/>
						</TextLine>
						<TextLine ID="line_23" HPOS="85" VPOS="816" WIDTH="749" HEIGHT="24">
							<String ID="string_219" HPOS="85" VPOS="819" WIDTH="83" HEIGHT="17" WC="0.89" CONTENT="deremot"/><SP WIDTH="18" VPOS="819" HPOS="168"/>
							<String ID="string_220" HPOS="186" VPOS="823" WIDTH="23" HEIGHT="12" WC="0.92" CONTENT="en"/><SP WIDTH="18" VPOS="823" HPOS="209"/>
							<String ID="string_221" HPOS="227" VPOS="817" WIDTH="74" HEIGHT="18" WC="0.92" CONTENT="afskrift"/><SP WIDTH="18" VPOS="817" HPOS="301"/>
							<String ID="string_222" HPOS="319" VPOS="817" WIDTH="21" HEIGHT="18" WC="0.93" CONTENT="af"/><SP WIDTH="9" VPOS="817" HPOS="340"/>
							<String ID="string_223" HPOS="349" VPOS="816" WIDTH="115" HEIGHT="24" WC="0.93" CONTENT="protokollet"/><SP WIDTH="12" VPOS="816" HPOS="464"/>
							<String ID="string_224" HPOS="476" VPOS="817" WIDTH="47" HEIGHT="18" WC="0.93" CONTENT="först"/><SP WIDTH="12" VPOS="817" HPOS="523"/>
							<String ID="string_225" HPOS="535" VPOS="819" WIDTH="59" HEIGHT="20" WC="0.93" CONTENT="tagas,"/><SP WIDTH="12" VPOS="819" HPOS="594"/>
							<String ID="string_226" HPOS="606" VPOS="817" WIDTH="53" HEIGHT="18" WC="0.93" CONTENT="torde"/><SP WIDTH="13" VPOS="817" HPOS="659"/>
							<String ID="string_227" HPOS="672" VPOS="817" WIDTH="103" HEIGHT="18" WC="0.92" CONTENT="kostnaden"/><SP WIDTH="13" VPOS="817" HPOS="775"/>
							<String ID="string_228" HPOS="788" VPOS="817" WIDTH="46" HEIGHT="18" WC="0.92" CONTENT="ökas"/>
						</TextLine>
						<TextLine ID="line_24" HPOS="83" VPOS="845" WIDTH="751" HEIGHT="24">
							<String ID="string_229" HPOS="83" VPOS="847" WIDTH="43" HEIGHT="18" WC="0.94" CONTENT="med"/><SP WIDTH="12" VPOS="847" HPOS="126"/>
							<String ID="string_230" HPOS="138" VPOS="847" WIDTH="83" HEIGHT="22" WC="0.96" CONTENT="omkring"/><SP WIDTH="12" VPOS="847" HPOS="221"/>
							<String ID="string_231" HPOS="233" VPOS="848" WIDTH="33" HEIGHT="16" WC="0.96" CONTENT="700"/><SP WIDTH="12" VPOS="848" HPOS="266"/>
							<String ID="string_232" HPOS="278" VPOS="847" WIDTH="53" HEIGHT="17" WC="0.96" CONTENT="mark"/><SP WIDTH="13" VPOS="847" HPOS="331"/>
							<String ID="string_233" HPOS="344" VPOS="846" WIDTH="45" HEIGHT="18" WC="0.96" CONTENT="eller"/><SP WIDTH="12" VPOS="846" HPOS="389"/>
							<String ID="string_234" HPOS="401" VPOS="845" WIDTH="42" HEIGHT="18" WC="0.96" CONTENT="med"/><SP WIDTH="12" VPOS="845" HPOS="443"/>
							<String ID="string_235" HPOS="455" VPOS="846" WIDTH="84" HEIGHT="22" WC="0.96" CONTENT="omkring"/><SP WIDTH="11" VPOS="846" HPOS="539"/>
							<String ID="string_236" HPOS="550" VPOS="847" WIDTH="10" HEIGHT="16" WC="0.95" CONTENT="2"/><SP WIDTH="13" VPOS="847" HPOS="560"/>
							<String ID="string_237" HPOS="573" VPOS="845" WIDTH="52" HEIGHT="18" WC="0.66" CONTENT="mark"/><SP WIDTH="6" VPOS="845" HPOS="625"/>
							<String ID="string_238" HPOS="631" VPOS="845" WIDTH="28" HEIGHT="18" WC="0.66" CONTENT="för"/><SP WIDTH="7" VPOS="845" HPOS="659"/>
							<String ID="string_239" HPOS="666" VPOS="846" WIDTH="118" HEIGHT="22" WC="0.93" CONTENT="exemplaret."/><SP WIDTH="13" VPOS="846" HPOS="784"/>
							<String ID="string_240" HPOS="797" VPOS="845" WIDTH="37" HEIGHT="18" WC="0.92" CONTENT="An-"/>
						</TextLine>
						<TextLine ID="line_25" HPOS="85" VPOS="873" WIDTH="749" HEIGHT="26">
							<String ID="string_241" HPOS="85" VPOS="880" WIDTH="52" HEIGHT="19" WC="0.92" CONTENT="tages"/><SP WIDTH="12" VPOS="880" HPOS="137"/>
							<String ID="string_242" HPOS="149" VPOS="881" WIDTH="25" HEIGHT="12" WC="0.96" CONTENT="nu"/><SP WIDTH="13" VPOS="881" HPOS="174"/>
							<String ID="string_243" HPOS="187" VPOS="878" WIDTH="27" HEIGHT="15" WC="0.96" CONTENT="att"/><SP WIDTH="12" VPOS="878" HPOS="214"/>
							<String ID="string_244" HPOS="226" VPOS="875" WIDTH="20" HEIGHT="18" WC="0.96" CONTENT="af"/><SP WIDTH="11" VPOS="875" HPOS="246"/>
							<String ID="string_245" HPOS="257" VPOS="875" WIDTH="55" HEIGHT="18" WC="0.96" CONTENT="dessa"/><SP WIDTH="12" VPOS="875" HPOS="312"/>
							<String ID="string_246" HPOS="324" VPOS="876" WIDTH="33" HEIGHT="17" WC="0.93" CONTENT="300"/><SP WIDTH="13" VPOS="876" HPOS="357"/>
							<String ID="string_247" HPOS="370" VPOS="874" WIDTH="94" HEIGHT="23" WC="0.92" CONTENT="exemplar"/><SP WIDTH="13" VPOS="874" HPOS="464"/>
							<String ID="string_248" HPOS="477" VPOS="877" WIDTH="26" HEIGHT="15" WC="0.96" CONTENT="ett"/><SP WIDTH="13" VPOS="877" HPOS="503"/>
							<String ID="string_249" HPOS="516" VPOS="874" WIDTH="50" HEIGHT="18" WC="0.95" CONTENT="antal"/><SP WIDTH="13" VPOS="874" HPOS="566"/>
							<String ID="string_250" HPOS="579" VPOS="874" WIDTH="21" HEIGHT="18" WC="0.96" CONTENT="af"/><SP WIDTH="11" VPOS="874" HPOS="600"/>
							<String ID="string_251" HPOS="611" VPOS="875" WIDTH="32" HEIGHT="16" WC="0.96" CONTENT="100"/><SP WIDTH="12" VPOS="875" HPOS="643"/>
							<String ID="string_252" HPOS="655" VPOS="873" WIDTH="61" HEIGHT="19" WC="0.96" CONTENT="kunde"/><SP WIDTH="13" VPOS="873" HPOS="716"/>
							<String ID="string_253" HPOS="729" VPOS="875" WIDTH="6" HEIGHT="17" WC="0.96" CONTENT="i"/><SP WIDTH="13" VPOS="875" HPOS="735"/>
							<String ID="string_254" HPOS="748" VPOS="874" WIDTH="36" HEIGHT="18" WC="0.93" CONTENT="den"/><SP WIDTH="8" VPOS="874" HPOS="784"/>
							<String ID="string_255" HPOS="792" VPOS="876" WIDTH="42" HEIGHT="16" WC="0.93" CONTENT="när-"/>
						</TextLine>
						<TextLine ID="line_26" HPOS="83" VPOS="902" WIDTH="751" HEIGHT="25">
							<String ID="string_256" HPOS="83" VPOS="907" WIDTH="60" HEIGHT="16" WC="0.92" CONTENT="maste"/><SP WIDTH="18" VPOS="907" HPOS="143"/>
							<String ID="string_257" HPOS="161" VPOS="904" WIDTH="97" HEIGHT="19" WC="0.93" CONTENT="framtiden"/><SP WIDTH="18" VPOS="904" HPOS="258"/>
							<String ID="string_258" HPOS="276" VPOS="903" WIDTH="86" HEIGHT="24" WC="0.93" CONTENT="försäljas"/><SP WIDTH="19" VPOS="903" HPOS="362"/>
							<String ID="string_259" HPOS="381" VPOS="903" WIDTH="28" HEIGHT="18" WC="0.96" CONTENT="till"/><SP WIDTH="13" VPOS="903" HPOS="409"/>
							<String ID="string_260" HPOS="422" VPOS="906" WIDTH="27" HEIGHT="15" WC="0.93" CONTENT="ett"/><SP WIDTH="11" VPOS="906" HPOS="449"/>
							<String ID="string_261" HPOS="460" VPOS="903" WIDTH="38" HEIGHT="23" WC="0.93" CONTENT="pris"/><SP WIDTH="13" VPOS="903" HPOS="498"/>
							<String ID="string_262" HPOS="511" VPOS="903" WIDTH="128" HEIGHT="18" WC="0.96" CONTENT="motsvarande"/><SP WIDTH="13" VPOS="903" HPOS="639"/>
							<String ID="string_263" HPOS="652" VPOS="902" WIDTH="54" HEIGHT="19" WC="0.93" CONTENT="deras"/><SP WIDTH="12" VPOS="902" HPOS="706"/>
							<String ID="string_264" HPOS="718" VPOS="903" WIDTH="116" HEIGHT="23" WC="0.92" CONTENT="trycknings-"/>
						</TextLine>
						<TextLine ID="line_27" HPOS="83" VPOS="931" WIDTH="752" HEIGHT="26">
							<String ID="string_265" HPOS="83" VPOS="934" WIDTH="87" HEIGHT="22" WC="0.93" CONTENT="kostnad,"/><SP WIDTH="12" VPOS="934" HPOS="170"/>
							<String ID="string_266" HPOS="182" VPOS="933" WIDTH="93" HEIGHT="24" WC="0.93" CONTENT="uppginge"/><SP WIDTH="13" VPOS="933" HPOS="275"/>
							<String ID="string_267" HPOS="288" VPOS="933" WIDTH="76" HEIGHT="21" WC="0.95" CONTENT="bristen,"/><SP WIDTH="13" VPOS="933" HPOS="364"/>
							<String ID="string_268" HPOS="377" VPOS="937" WIDTH="39" HEIGHT="13" WC="0.93" CONTENT="som"/><SP WIDTH="12" VPOS="937" HPOS="416"/>
							<String ID="string_269" HPOS="428" VPOS="932" WIDTH="93" HEIGHT="18" WC="0.91" CONTENT="äterstode"/><SP WIDTH="14" VPOS="932" HPOS="521"/>
							<String ID="string_270" HPOS="535" VPOS="933" WIDTH="26" HEIGHT="16" WC="0.93" CONTENT="att"/><SP WIDTH="12" VPOS="933" HPOS="561"/>
							<String ID="string_271" HPOS="573" VPOS="931" WIDTH="95" HEIGHT="23" WC="0.90" CONTENT="betäckas,"/><SP WIDTH="13" VPOS="931" HPOS="668"/>
							<String ID="string_272" HPOS="681" VPOS="931" WIDTH="7" HEIGHT="18" WC="0.96" CONTENT="i"/><SP WIDTH="12" VPOS="931" HPOS="688"/>
							<String ID="string_273" HPOS="700" VPOS="937" WIDTH="35" HEIGHT="13" WC="0.93" CONTENT="ena"/><SP WIDTH="11" VPOS="937" HPOS="735"/>
							<String ID="string_274" HPOS="746" VPOS="927" WIDTH="52" HEIGHT="34" WC="0.80" CONTENT="fallet"/><SP WIDTH="8" VPOS="927" HPOS="798"/>
							<String ID="string_275" HPOS="806" VPOS="931" WIDTH="29" HEIGHT="18" WC="0.41" CONTENT="till"/>
						</TextLine>
						<TextLine ID="line_28" HPOS="85" VPOS="961" WIDTH="460" HEIGHT="25">
							<String ID="string_276" HPOS="85" VPOS="964" WIDTH="50" HEIGHT="22" WC="0.96" CONTENT="3,400"/><SP WIDTH="13" VPOS="964" HPOS="135"/>
							<String ID="string_277" HPOS="148" VPOS="963" WIDTH="34" HEIGHT="18" WC="0.96" CONTENT="och"/><SP WIDTH="12" VPOS="963" HPOS="182"/>
							<String ID="string_278" HPOS="194" VPOS="963" WIDTH="6" HEIGHT="17" WC="0.96" CONTENT="i"/><SP WIDTH="13" VPOS="963" HPOS="200"/>
							<String ID="string_279" HPOS="213" VPOS="963" WIDTH="31" HEIGHT="17" WC="0.95" CONTENT="det"/><SP WIDTH="12" VPOS="963" HPOS="244"/>
							<String ID="string_280" HPOS="256" VPOS="962" WIDTH="58" HEIGHT="18" WC="0.96" CONTENT="andra"/><SP WIDTH="13" VPOS="962" HPOS="314"/>
							<String ID="string_281" HPOS="327" VPOS="961" WIDTH="27" HEIGHT="18" WC="0.96" CONTENT="till"/><SP WIDTH="14" VPOS="961" HPOS="354"/>
							<String ID="string_282" HPOS="368" VPOS="961" WIDTH="51" HEIGHT="18" WC="0.96" CONTENT="öfver"/><SP WIDTH="12" VPOS="961" HPOS="419"/>
							<String ID="string_283" HPOS="431" VPOS="962" WIDTH="45" HEIGHT="17" WC="0.96" CONTENT="4000"/><SP WIDTH="12" VPOS="962" HPOS="476"/>
							<String ID="string_284" HPOS="488" VPOS="961" WIDTH="57" HEIGHT="18" WC="0.96" CONTENT="mark."/>
						</TextLine>
					</TextBlock>
					<TextBlock ID="block_4" HPOS="84" VPOS="989" WIDTH="752" HEIGHT="256">
						<TextLine ID="line_29" HPOS="153" VPOS="989" WIDTH="682" HEIGHT="22">
							<String ID="string_285" HPOS="153" VPOS="993" WIDTH="33" HEIGHT="18" WC="0.96" CONTENT="Att"/><SP WIDTH="11" VPOS="993" HPOS="186"/>
							<String ID="string_286" HPOS="197" VPOS="991" WIDTH="31" HEIGHT="19" WC="0.93" CONTENT="vid"/><SP WIDTH="12" VPOS="991" HPOS="228"/>
							<String ID="string_287" HPOS="240" VPOS="991" WIDTH="66" HEIGHT="19" WC="0.91" CONTENT="sädant"/><SP WIDTH="11" VPOS="991" HPOS="306"/>
							<String ID="string_288" HPOS="317" VPOS="991" WIDTH="116" HEIGHT="18" WC="0.92" CONTENT="förhällande"/><SP WIDTH="12" VPOS="991" HPOS="433"/>
							<String ID="string_289" HPOS="445" VPOS="991" WIDTH="40" HEIGHT="17" WC="0.96" CONTENT="helt"/><SP WIDTH="12" VPOS="991" HPOS="485"/>
							<String ID="string_290" HPOS="497" VPOS="990" WIDTH="34" HEIGHT="18" WC="0.93" CONTENT="och"/><SP WIDTH="13" VPOS="990" HPOS="531"/>
							<String ID="string_291" HPOS="544" VPOS="990" WIDTH="59" HEIGHT="18" WC="0.90" CONTENT="hället"/><SP WIDTH="12" VPOS="990" HPOS="603"/>
							<String ID="string_292" HPOS="615" VPOS="990" WIDTH="18" HEIGHT="17" WC="0.92" CONTENT="ät"/><SP WIDTH="13" VPOS="990" HPOS="633"/>
							<String ID="string_293" HPOS="646" VPOS="989" WIDTH="34" HEIGHT="18" WC="0.97" CONTENT="den"/><SP WIDTH="14" VPOS="989" HPOS="680"/>
							<String ID="string_294" HPOS="694" VPOS="990" WIDTH="84" HEIGHT="18" WC="0.79" CONTENT="enskilda"/><SP WIDTH="8" VPOS="990" HPOS="778"/>
							<String ID="string_295" HPOS="786" VPOS="990" WIDTH="49" HEIGHT="18" WC="0.93" CONTENT="före-"/>
						</TextLine>
						<TextLine ID="line_30" HPOS="85" VPOS="1019" WIDTH="750" HEIGHT="27">
							<String ID="string_296" HPOS="85" VPOS="1023" WIDTH="128" HEIGHT="23" WC="0.91" CONTENT="tagsamheten"/><SP WIDTH="19" VPOS="1023" HPOS="213"/>
							<String ID="string_297" HPOS="232" VPOS="1020" WIDTH="112" HEIGHT="19" WC="0.88" CONTENT="öfverlemna"/><SP WIDTH="12" VPOS="1020" HPOS="344"/>
							<String ID="string_298" HPOS="356" VPOS="1023" WIDTH="28" HEIGHT="15" WC="0.93" CONTENT="att"/><SP WIDTH="12" VPOS="1023" HPOS="384"/>
							<String ID="string_299" HPOS="396" VPOS="1020" WIDTH="103" HEIGHT="26" WC="0.92" CONTENT="ombesörja"/><SP WIDTH="11" VPOS="1020" HPOS="499"/>
							<String ID="string_300" HPOS="510" VPOS="1020" WIDTH="121" HEIGHT="22" WC="0.92" CONTENT="tryckningen"/><SP WIDTH="11" VPOS="1020" HPOS="631"/>
							<String ID="string_301" HPOS="642" VPOS="1019" WIDTH="21" HEIGHT="18" WC="0.93" CONTENT="af"/><SP WIDTH="11" VPOS="1019" HPOS="663"/>
							<String ID="string_302" HPOS="674" VPOS="1019" WIDTH="86" HEIGHT="19" WC="0.92" CONTENT="Ständets"/><SP WIDTH="12" VPOS="1019" HPOS="760"/>
							<String ID="string_303" HPOS="772" VPOS="1022" WIDTH="63" HEIGHT="20" WC="0.93" CONTENT="proto-"/>
						</TextLine>
						<TextLine ID="line_31" HPOS="84" VPOS="1048" WIDTH="751" HEIGHT="26">
							<String ID="string_304" HPOS="84" VPOS="1052" WIDTH="45" HEIGHT="22" WC="0.93" CONTENT="koll,"/><SP WIDTH="14" VPOS="1052" HPOS="129"/>
							<String ID="string_305" HPOS="143" VPOS="1054" WIDTH="21" HEIGHT="15" WC="0.96" CONTENT="är"/><SP WIDTH="12" VPOS="1054" HPOS="164"/>
							<String ID="string_306" HPOS="176" VPOS="1050" WIDTH="30" HEIGHT="18" WC="0.96" CONTENT="väl"/><SP WIDTH="13" VPOS="1050" HPOS="206"/>
							<String ID="string_307" HPOS="219" VPOS="1052" WIDTH="27" HEIGHT="16" WC="0.96" CONTENT="att"/><SP WIDTH="12" VPOS="1052" HPOS="246"/>
							<String ID="string_308" HPOS="258" VPOS="1055" WIDTH="54" HEIGHT="13" WC="0.93" CONTENT="anses"/><SP WIDTH="12" VPOS="1055" HPOS="312"/>
							<String ID="string_309" HPOS="324" VPOS="1049" WIDTH="88" HEIGHT="23" WC="0.93" CONTENT="liktydigt"/><SP WIDTH="11" VPOS="1049" HPOS="412"/>
							<String ID="string_310" HPOS="423" VPOS="1049" WIDTH="43" HEIGHT="18" WC="0.97" CONTENT="med"/><SP WIDTH="13" VPOS="1049" HPOS="466"/>
							<String ID="string_311" HPOS="479" VPOS="1051" WIDTH="26" HEIGHT="16" WC="0.96" CONTENT="ett"/><SP WIDTH="12" VPOS="1051" HPOS="505"/>
							<String ID="string_312" HPOS="517" VPOS="1049" WIDTH="62" HEIGHT="18" WC="0.96" CONTENT="beslut"/><SP WIDTH="13" VPOS="1049" HPOS="579"/>
							<String ID="string_313" HPOS="592" VPOS="1054" WIDTH="28" HEIGHT="12" WC="0.96" CONTENT="om"/><SP WIDTH="13" VPOS="1054" HPOS="620"/>
							<String ID="string_314" HPOS="633" VPOS="1050" WIDTH="27" HEIGHT="16" WC="0.97" CONTENT="att"/><SP WIDTH="12" VPOS="1050" HPOS="660"/>
							<String ID="string_315" HPOS="672" VPOS="1048" WIDTH="22" HEIGHT="18" WC="0.92" CONTENT="de"/><SP WIDTH="10" VPOS="1048" HPOS="694"/>
							<String ID="string_316" HPOS="704" VPOS="1049" WIDTH="16" HEIGHT="23" WC="0.92" CONTENT="ej"/><SP WIDTH="8" VPOS="1049" HPOS="720"/>
							<String ID="string_317" HPOS="728" VPOS="1049" WIDTH="53" HEIGHT="18" WC="0.92" CONTENT="skola"/><SP WIDTH="7" VPOS="1049" HPOS="781"/>
							<String ID="string_318" HPOS="788" VPOS="1051" WIDTH="47" HEIGHT="21" WC="0.92" CONTENT="tryc-"/>
						</TextLine>
						<TextLine ID="line_32" HPOS="84" VPOS="1077" WIDTH="750" HEIGHT="25">
							<String ID="string_319" HPOS="84" VPOS="1082" WIDTH="40" HEIGHT="17" WC="0.94" CONTENT="kas."/><SP WIDTH="25" VPOS="1082" HPOS="124"/>
							<String ID="string_320" HPOS="149" VPOS="1080" WIDTH="39" HEIGHT="18" WC="0.93" CONTENT="Och"/><SP WIDTH="18" VPOS="1080" HPOS="188"/>
							<String ID="string_321" HPOS="206" VPOS="1079" WIDTH="48" HEIGHT="18" WC="0.92" CONTENT="hvad"/><SP WIDTH="18" VPOS="1079" HPOS="254"/>
							<String ID="string_322" HPOS="272" VPOS="1079" WIDTH="58" HEIGHT="23" WC="0.92" CONTENT="angär"/><SP WIDTH="16" VPOS="1079" HPOS="330"/>
							<String ID="string_323" HPOS="346" VPOS="1078" WIDTH="36" HEIGHT="18" WC="0.93" CONTENT="den"/><SP WIDTH="12" VPOS="1078" HPOS="382"/>
							<String ID="string_324" HPOS="394" VPOS="1080" WIDTH="56" HEIGHT="21" WC="0.92" CONTENT="utväg"/><SP WIDTH="13" VPOS="1080" HPOS="450"/>
							<String ID="string_325" HPOS="463" VPOS="1084" WIDTH="38" HEIGHT="12" WC="0.96" CONTENT="som"/><SP WIDTH="12" VPOS="1084" HPOS="501"/>
							<String ID="string_326" HPOS="513" VPOS="1078" WIDTH="30" HEIGHT="18" WC="0.93" CONTENT="vid"/><SP WIDTH="13" VPOS="1078" HPOS="543"/>
							<String ID="string_327" HPOS="556" VPOS="1078" WIDTH="90" HEIGHT="17" WC="0.91" CONTENT="1863—64"/><SP WIDTH="12" VPOS="1078" HPOS="646"/>
							<String ID="string_328" HPOS="658" VPOS="1077" WIDTH="30" HEIGHT="19" WC="0.93" CONTENT="ärs"/><SP WIDTH="12" VPOS="1077" HPOS="688"/>
							<String ID="string_329" HPOS="700" VPOS="1077" WIDTH="90" HEIGHT="23" WC="0.92" CONTENT="landtdag"/><SP WIDTH="12" VPOS="1077" HPOS="790"/>
							<String ID="string_330" HPOS="802" VPOS="1083" WIDTH="32" HEIGHT="13" WC="0.92" CONTENT="an-"/>
						</TextLine>
						<TextLine ID="line_33" HPOS="85" VPOS="1106" WIDTH="749" HEIGHT="25">
							<String ID="string_331" HPOS="85" VPOS="1109" WIDTH="73" HEIGHT="22" WC="0.56" CONTENT="litades,"/><SP WIDTH="19" VPOS="1109" HPOS="158"/>
							<String ID="string_332" HPOS="177" VPOS="1109" WIDTH="46" HEIGHT="17" WC="0.96" CONTENT="eller"/><SP WIDTH="12" VPOS="1109" HPOS="223"/>
							<String ID="string_333" HPOS="235" VPOS="1110" WIDTH="28" HEIGHT="16" WC="0.96" CONTENT="att"/><SP WIDTH="11" VPOS="1110" HPOS="263"/>
							<String ID="string_334" HPOS="274" VPOS="1108" WIDTH="36" HEIGHT="18" WC="0.93" CONTENT="hos"/><SP WIDTH="13" VPOS="1108" HPOS="310"/>
							<String ID="string_335" HPOS="323" VPOS="1107" WIDTH="87" HEIGHT="19" WC="0.93" CONTENT="städerne"/><SP WIDTH="13" VPOS="1107" HPOS="410"/>
							<String ID="string_336" HPOS="423" VPOS="1109" WIDTH="86" HEIGHT="16" WC="0.93" CONTENT="uttaxera"/><SP WIDTH="12" VPOS="1109" HPOS="509"/>
							<String ID="string_337" HPOS="521" VPOS="1106" WIDTH="239" HEIGHT="24" WC="0.91" CONTENT="tryckningskostnaderne,"/><SP WIDTH="12" VPOS="1106" HPOS="760"/>
							<String ID="string_338" HPOS="772" VPOS="1106" WIDTH="21" HEIGHT="18" WC="0.93" CONTENT="sä"/><SP WIDTH="12" VPOS="1106" HPOS="793"/>
							<String ID="string_339" HPOS="805" VPOS="1112" WIDTH="29" HEIGHT="18" WC="0.93" CONTENT="sy-"/>
						</TextLine>
						<TextLine ID="line_34" HPOS="85" VPOS="1135" WIDTH="749" HEIGHT="26">
							<String ID="string_340" HPOS="85" VPOS="1144" WIDTH="32" HEIGHT="13" WC="0.93" CONTENT="nes"/><SP WIDTH="18" VPOS="1144" HPOS="117"/>
							<String ID="string_341" HPOS="135" VPOS="1137" WIDTH="167" HEIGHT="24" WC="0.92" CONTENT="Borgareständets"/><SP WIDTH="18" VPOS="1137" HPOS="302"/>
							<String ID="string_342" HPOS="320" VPOS="1138" WIDTH="38" HEIGHT="16" WC="0.96" CONTENT="rätt"/><SP WIDTH="18" VPOS="1138" HPOS="358"/>
							<String ID="string_343" HPOS="376" VPOS="1136" WIDTH="28" HEIGHT="17" WC="0.93" CONTENT="till"/><SP WIDTH="14" VPOS="1136" HPOS="404"/>
							<String ID="string_344" HPOS="418" VPOS="1136" WIDTH="57" HEIGHT="18" WC="0.92" CONTENT="sädan"/><SP WIDTH="12" VPOS="1136" HPOS="475"/>
							<String ID="string_345" HPOS="487" VPOS="1135" WIDTH="106" HEIGHT="23" WC="0.92" CONTENT="uttaxering"/><SP WIDTH="12" VPOS="1135" HPOS="593"/>
							<String ID="string_346" HPOS="605" VPOS="1140" WIDTH="75" HEIGHT="13" WC="0.91" CONTENT="numera"/><SP WIDTH="12" VPOS="1140" HPOS="680"/>
							<String ID="string_347" HPOS="692" VPOS="1136" WIDTH="63" HEIGHT="17" WC="0.93" CONTENT="kunna"/><SP WIDTH="11" VPOS="1136" HPOS="755"/>
							<String ID="string_348" HPOS="766" VPOS="1135" WIDTH="68" HEIGHT="23" WC="0.92" CONTENT="ifräga-"/>
						</TextLine>
						<TextLine ID="line_35" HPOS="85" VPOS="1164" WIDTH="751" HEIGHT="24">
							<String ID="string_349" HPOS="85" VPOS="1170" WIDTH="58" HEIGHT="16" WC="0.93" CONTENT="sättas"/><SP WIDTH="14" VPOS="1170" HPOS="143"/>
							<String ID="string_350" HPOS="157" VPOS="1177" WIDTH="20" HEIGHT="3" WC="0.91" CONTENT="—"/><SP WIDTH="14" VPOS="1177" HPOS="177"/>
							<String ID="string_351" HPOS="191" VPOS="1172" WIDTH="29" HEIGHT="12" WC="0.93" CONTENT="om"/><SP WIDTH="12" VPOS="1172" HPOS="220"/>
							<String ID="string_352" HPOS="232" VPOS="1166" WIDTH="35" HEIGHT="18" WC="0.96" CONTENT="ock"/><SP WIDTH="13" VPOS="1166" HPOS="267"/>
							<String ID="string_353" HPOS="280" VPOS="1166" WIDTH="36" HEIGHT="18" WC="0.96" CONTENT="den"/><SP WIDTH="12" VPOS="1166" HPOS="316"/>
							<String ID="string_354" HPOS="328" VPOS="1165" WIDTH="30" HEIGHT="18" WC="0.93" CONTENT="vid"/><SP WIDTH="13" VPOS="1165" HPOS="358"/>
							<String ID="string_355" HPOS="371" VPOS="1167" WIDTH="73" HEIGHT="15" WC="0.93" CONTENT="senaste"/><SP WIDTH="13" VPOS="1167" HPOS="444"/>
							<String ID="string_356" HPOS="457" VPOS="1164" WIDTH="89" HEIGHT="24" WC="0.92" CONTENT="landtdag"/><SP WIDTH="12" VPOS="1164" HPOS="546"/>
							<String ID="string_357" HPOS="558" VPOS="1164" WIDTH="98" HEIGHT="18" WC="0.91" CONTENT="utöfvades"/><SP WIDTH="12" VPOS="1164" HPOS="656"/>
							<String ID="string_358" HPOS="668" VPOS="1164" WIDTH="35" HEIGHT="18" WC="0.96" CONTENT="och"/><SP WIDTH="13" VPOS="1164" HPOS="703"/>
							<String ID="string_359" HPOS="716" VPOS="1164" WIDTH="28" HEIGHT="18" WC="0.96" CONTENT="till"/><SP WIDTH="9" VPOS="1164" HPOS="744"/>
							<String ID="string_360" HPOS="753" VPOS="1164" WIDTH="34" HEIGHT="18" WC="0.96" CONTENT="och"/><SP WIDTH="7" VPOS="1164" HPOS="787"/>
							<String ID="string_361" HPOS="794" VPOS="1165" WIDTH="42" HEIGHT="17" WC="0.96" CONTENT="med"/>
						</TextLine>
						<TextLine ID="line_36" HPOS="85" VPOS="1193" WIDTH="749" HEIGHT="24">
							<String ID="string_362" HPOS="85" VPOS="1197" WIDTH="94" HEIGHT="18" WC="0.93" CONTENT="sannolikt"/><SP WIDTH="12" VPOS="1197" HPOS="179"/>
							<String ID="string_363" HPOS="191" VPOS="1200" WIDTH="43" HEIGHT="14" WC="0.96" CONTENT="vore"/><SP WIDTH="13" VPOS="1200" HPOS="234"/>
							<String ID="string_364" HPOS="247" VPOS="1197" WIDTH="27" HEIGHT="16" WC="0.93" CONTENT="att"/><SP WIDTH="13" VPOS="1197" HPOS="274"/>
							<String ID="string_365" HPOS="287" VPOS="1195" WIDTH="56" HEIGHT="22" WC="0.96" CONTENT="något"/><SP WIDTH="13" VPOS="1195" HPOS="343"/>
							<String ID="string_366" HPOS="356" VPOS="1194" WIDTH="93" HEIGHT="23" WC="0.96" CONTENT="klagomål"/><SP WIDTH="12" VPOS="1194" HPOS="449"/>
							<String ID="string_367" HPOS="461" VPOS="1194" WIDTH="40" HEIGHT="17" WC="0.96" CONTENT="från"/><SP WIDTH="12" VPOS="1194" HPOS="501"/>
							<String ID="string_368" HPOS="513" VPOS="1194" WIDTH="22" HEIGHT="18" WC="0.93" CONTENT="de"/><SP WIDTH="13" VPOS="1194" HPOS="535"/>
							<String ID="string_369" HPOS="548" VPOS="1193" WIDTH="121" HEIGHT="19" WC="0.91" CONTENT="beskattades"/><SP WIDTH="15" VPOS="1193" HPOS="669"/>
							<String ID="string_370" HPOS="684" VPOS="1194" WIDTH="41" HEIGHT="17" WC="0.93" CONTENT="sida"/><SP WIDTH="13" VPOS="1194" HPOS="725"/>
							<String ID="string_371" HPOS="738" VPOS="1194" WIDTH="16" HEIGHT="22" WC="0.93" CONTENT="ej"/><SP WIDTH="12" VPOS="1194" HPOS="754"/>
							<String ID="string_372" HPOS="766" VPOS="1193" WIDTH="68" HEIGHT="24" WC="0.92" CONTENT="ifräga-"/>
						</TextLine>
						<TextLine ID="line_37" HPOS="84" VPOS="1226" WIDTH="77" HEIGHT="19">
							<String ID="string_373" HPOS="84" VPOS="1226" WIDTH="77" HEIGHT="19" WC="0.91" CONTENT="komme:"/>
						</TextLine>
					</TextBlock>
					<TextBlock ID="block_5" HPOS="84" VPOS="1252" WIDTH="752" HEIGHT="200">
						<TextLine ID="line_38" HPOS="152" VPOS="1252" WIDTH="682" HEIGHT="24">
							<String ID="string_374" HPOS="152" VPOS="1255" WIDTH="89" HEIGHT="18" WC="0.91" CONTENT="Deremot"/><SP WIDTH="13" VPOS="1255" HPOS="241"/>
							<String ID="string_375" HPOS="254" VPOS="1258" WIDTH="54" HEIGHT="18" WC="0.96" CONTENT="synes"/><SP WIDTH="13" VPOS="1258" HPOS="308"/>
							<String ID="string_376" HPOS="321" VPOS="1252" WIDTH="31" HEIGHT="19" WC="0.96" CONTENT="det"/><SP WIDTH="12" VPOS="1252" HPOS="352"/>
							<String ID="string_377" HPOS="364" VPOS="1252" WIDTH="96" HEIGHT="19" WC="0.95" CONTENT="Utskottet"/><SP WIDTH="13" VPOS="1252" HPOS="460"/>
							<String ID="string_378" HPOS="473" VPOS="1252" WIDTH="64" HEIGHT="23" WC="0.96" CONTENT="riktigt"/><SP WIDTH="13" VPOS="1252" HPOS="537"/>
							<String ID="string_379" HPOS="550" VPOS="1254" WIDTH="27" HEIGHT="16" WC="0.96" CONTENT="att"/><SP WIDTH="12" VPOS="1254" HPOS="577"/>
							<String ID="string_380" HPOS="589" VPOS="1252" WIDTH="103" HEIGHT="18" WC="0.96" CONTENT="kostnaden"/><SP WIDTH="15" VPOS="1252" HPOS="692"/>
							<String ID="string_381" HPOS="707" VPOS="1252" WIDTH="29" HEIGHT="17" WC="0.93" CONTENT="för"/><SP WIDTH="7" VPOS="1252" HPOS="736"/>
							<String ID="string_382" HPOS="743" VPOS="1252" WIDTH="91" HEIGHT="23" WC="0.91" CONTENT="trycknin-"/>
						</TextLine>
						<TextLine ID="line_39" HPOS="85" VPOS="1281" WIDTH="749" HEIGHT="27">
							<String ID="string_383" HPOS="85" VPOS="1290" WIDTH="36" HEIGHT="18" WC="0.96" CONTENT="gen"/><SP WIDTH="12" VPOS="1290" HPOS="121"/>
							<String ID="string_384" HPOS="133" VPOS="1284" WIDTH="21" HEIGHT="19" WC="0.93" CONTENT="af"/><SP WIDTH="10" VPOS="1284" HPOS="154"/>
							<String ID="string_385" HPOS="164" VPOS="1283" WIDTH="87" HEIGHT="19" WC="0.92" CONTENT="ståndens"/><SP WIDTH="12" VPOS="1283" HPOS="251"/>
							<String ID="string_386" HPOS="263" VPOS="1282" WIDTH="95" HEIGHT="23" WC="0.93" CONTENT="protokoll"/><SP WIDTH="13" VPOS="1282" HPOS="358"/>
							<String ID="string_387" HPOS="371" VPOS="1282" WIDTH="86" HEIGHT="18" WC="0.93" CONTENT="hänföres"/><SP WIDTH="6" VPOS="1282" HPOS="457"/>
							<String ID="string_388" HPOS="463" VPOS="1281" WIDTH="29" HEIGHT="18" WC="0.96" CONTENT="till"/><SP WIDTH="8" VPOS="1281" HPOS="492"/>
							<String ID="string_389" HPOS="500" VPOS="1282" WIDTH="22" HEIGHT="17" WC="0.96" CONTENT="de"/><SP WIDTH="8" VPOS="1282" HPOS="522"/>
							<String ID="string_390" HPOS="530" VPOS="1282" WIDTH="93" HEIGHT="18" WC="0.96" CONTENT="allmänna"/><SP WIDTH="6" VPOS="1282" HPOS="623"/>
							<String ID="string_391" HPOS="629" VPOS="1281" WIDTH="102" HEIGHT="18" WC="0.96" CONTENT="kostnader"/><SP WIDTH="7" VPOS="1281" HPOS="731"/>
							<String ID="string_392" HPOS="738" VPOS="1281" WIDTH="35" HEIGHT="18" WC="0.92" CONTENT="och"/><SP WIDTH="7" VPOS="1281" HPOS="773"/>
							<String ID="string_393" HPOS="780" VPOS="1282" WIDTH="54" HEIGHT="22" WC="0.92" CONTENT="utgif-"/>
						</TextLine>
						<TextLine ID="line_40" HPOS="84" VPOS="1310" WIDTH="752" HEIGHT="24">
							<String ID="string_394" HPOS="84" VPOS="1316" WIDTH="29" HEIGHT="16" WC="0.96" CONTENT="ter"/><SP WIDTH="12" VPOS="1316" HPOS="113"/>
							<String ID="string_395" HPOS="125" VPOS="1314" WIDTH="6" HEIGHT="17" WC="0.96" CONTENT="i"/><SP WIDTH="14" VPOS="1314" HPOS="131"/>
							<String ID="string_396" HPOS="145" VPOS="1313" WIDTH="33" HEIGHT="18" WC="0.96" CONTENT="och"/><SP WIDTH="12" VPOS="1313" HPOS="178"/>
							<String ID="string_397" HPOS="190" VPOS="1312" WIDTH="28" HEIGHT="18" WC="0.93" CONTENT="för"/><SP WIDTH="13" VPOS="1312" HPOS="218"/>
							<String ID="string_398" HPOS="231" VPOS="1311" WIDTH="119" HEIGHT="23" WC="0.92" CONTENT="landtdagen,"/><SP WIDTH="10" VPOS="1311" HPOS="350"/>
							<String ID="string_399" HPOS="360" VPOS="1311" WIDTH="60" HEIGHT="18" WC="0.92" CONTENT="hvilka"/><SP WIDTH="6" VPOS="1311" HPOS="420"/>
							<String ID="string_400" HPOS="426" VPOS="1306" WIDTH="73" HEIGHT="32" WC="0.93" CONTENT="jemlikt"/><SP WIDTH="9" VPOS="1306" HPOS="499"/>
							<String ID="string_401" HPOS="508" VPOS="1310" WIDTH="7" HEIGHT="24" WC="0.71" CONTENT="8"/><SP WIDTH="10" VPOS="1310" HPOS="515"/>
							<String ID="string_402" HPOS="525" VPOS="1312" WIDTH="18" HEIGHT="16" WC="0.96" CONTENT="82"/><SP WIDTH="11" VPOS="1312" HPOS="543"/>
							<String ID="string_403" HPOS="554" VPOS="1310" WIDTH="2" HEIGHT="17" WC="0.92" CONTENT="i"/><SP WIDTH="6" VPOS="1310" HPOS="556"/>
							<String ID="string_404" HPOS="562" VPOS="1310" WIDTH="212" HEIGHT="23" WC="0.92" CONTENT="Landtdagsordningen"/><SP WIDTH="8" VPOS="1310" HPOS="774"/>
							<String ID="string_405" HPOS="782" VPOS="1310" WIDTH="54" HEIGHT="18" WC="0.96" CONTENT="skola"/>
						</TextLine>
						<TextLine ID="line_41" HPOS="84" VPOS="1339" WIDTH="750" HEIGHT="21">
							<String ID="string_406" HPOS="84" VPOS="1343" WIDTH="42" HEIGHT="17" WC="0.93" CONTENT="med"/><SP WIDTH="19" VPOS="1343" HPOS="126"/>
							<String ID="string_407" HPOS="145" VPOS="1342" WIDTH="93" HEIGHT="17" WC="0.96" CONTENT="allmänna"/><SP WIDTH="17" VPOS="1342" HPOS="238"/>
							<String ID="string_408" HPOS="255" VPOS="1340" WIDTH="62" HEIGHT="18" WC="0.93" CONTENT="medel"/><SP WIDTH="17" VPOS="1340" HPOS="317"/>
							<String ID="string_409" HPOS="334" VPOS="1340" WIDTH="98" HEIGHT="17" WC="0.92" CONTENT="bestridas."/><SP WIDTH="24" VPOS="1340" HPOS="432"/>
							<String ID="string_410" HPOS="456" VPOS="1340" WIDTH="45" HEIGHT="17" WC="0.95" CONTENT="Man"/><SP WIDTH="18" VPOS="1340" HPOS="501"/>
							<String ID="string_411" HPOS="519" VPOS="1340" WIDTH="47" HEIGHT="17" WC="0.93" CONTENT="skall"/><SP WIDTH="13" VPOS="1340" HPOS="566"/>
							<String ID="string_412" HPOS="579" VPOS="1339" WIDTH="71" HEIGHT="17" WC="0.92" CONTENT="kanske"/><SP WIDTH="12" VPOS="1339" HPOS="650"/>
							<String ID="string_413" HPOS="662" VPOS="1339" WIDTH="80" HEIGHT="17" WC="0.90" CONTENT="invända"/><SP WIDTH="12" VPOS="1339" HPOS="742"/>
							<String ID="string_414" HPOS="754" VPOS="1342" WIDTH="28" HEIGHT="14" WC="0.93" CONTENT="att"/><SP WIDTH="11" VPOS="1342" HPOS="782"/>
							<String ID="string_415" HPOS="793" VPOS="1342" WIDTH="41" HEIGHT="14" WC="0.92" CONTENT="när-"/>
						</TextLine>
						<TextLine ID="line_42" HPOS="85" VPOS="1367" WIDTH="751" HEIGHT="25">
							<String ID="string_416" HPOS="85" VPOS="1373" WIDTH="48" HEIGHT="16" WC="0.96" CONTENT="mast"/><SP WIDTH="15" VPOS="1373" HPOS="133"/>
							<String ID="string_417" HPOS="148" VPOS="1370" WIDTH="112" HEIGHT="22" WC="0.92" CONTENT="föregående"/><SP WIDTH="13" VPOS="1370" HPOS="260"/>
							<String ID="string_418" HPOS="273" VPOS="1369" WIDTH="10" HEIGHT="23" WC="0.77" CONTENT="&amp;"/><SP WIDTH="13" VPOS="1369" HPOS="283"/>
							<String ID="string_419" HPOS="296" VPOS="1369" WIDTH="6" HEIGHT="17" WC="0.93" CONTENT="i"/><SP WIDTH="11" VPOS="1369" HPOS="302"/>
							<String ID="string_420" HPOS="313" VPOS="1368" WIDTH="212" HEIGHT="22" WC="0.92" CONTENT="Landtdagsordningen"/><SP WIDTH="12" VPOS="1368" HPOS="525"/>
							<String ID="string_421" HPOS="537" VPOS="1367" WIDTH="106" HEIGHT="23" WC="0.91" CONTENT="uppräknar"/><SP WIDTH="11" VPOS="1367" HPOS="643"/>
							<String ID="string_422" HPOS="654" VPOS="1367" WIDTH="64" HEIGHT="18" WC="0.92" CONTENT="hvilka"/><SP WIDTH="12" VPOS="1367" HPOS="718"/>
							<String ID="string_423" HPOS="730" VPOS="1367" WIDTH="106" HEIGHT="23" WC="0.93" CONTENT="landtdags-"/>
						</TextLine>
						<TextLine ID="line_43" HPOS="85" VPOS="1395" WIDTH="750" HEIGHT="27">
							<String ID="string_424" HPOS="85" VPOS="1399" WIDTH="111" HEIGHT="23" WC="0.91" CONTENT="handlingar"/><SP WIDTH="18" VPOS="1399" HPOS="196"/>
							<String ID="string_425" HPOS="214" VPOS="1398" WIDTH="53" HEIGHT="18" WC="0.93" CONTENT="skola"/><SP WIDTH="17" VPOS="1398" HPOS="267"/>
							<String ID="string_426" HPOS="284" VPOS="1396" WIDTH="42" HEIGHT="18" WC="0.92" CONTENT="frän"/><SP WIDTH="11" VPOS="1396" HPOS="326"/>
							<String ID="string_427" HPOS="337" VPOS="1396" WIDTH="73" HEIGHT="24" WC="0.92" CONTENT="trycket"/><SP WIDTH="11" VPOS="1396" HPOS="410"/>
							<String ID="string_428" HPOS="421" VPOS="1395" WIDTH="80" HEIGHT="23" WC="0.92" CONTENT="utgifvas"/><SP WIDTH="13" VPOS="1395" HPOS="501"/>
							<String ID="string_429" HPOS="514" VPOS="1396" WIDTH="35" HEIGHT="18" WC="0.97" CONTENT="och"/><SP WIDTH="13" VPOS="1396" HPOS="549"/>
							<String ID="string_430" HPOS="562" VPOS="1397" WIDTH="27" HEIGHT="16" WC="0.95" CONTENT="att"/><SP WIDTH="12" VPOS="1397" HPOS="589"/>
							<String ID="string_431" HPOS="601" VPOS="1395" WIDTH="55" HEIGHT="18" WC="0.96" CONTENT="bland"/><SP WIDTH="13" VPOS="1395" HPOS="656"/>
							<String ID="string_432" HPOS="669" VPOS="1395" WIDTH="55" HEIGHT="18" WC="0.93" CONTENT="dessa"/><SP WIDTH="11" VPOS="1395" HPOS="724"/>
							<String ID="string_433" HPOS="735" VPOS="1395" WIDTH="41" HEIGHT="18" WC="0.91" CONTENT="icke"/><SP WIDTH="13" VPOS="1395" HPOS="776"/>
							<String ID="string_434" HPOS="789" VPOS="1402" WIDTH="46" HEIGHT="17" WC="0.93" CONTENT="upp-"/>
						</TextLine>
						<TextLine ID="line_44" HPOS="85" VPOS="1424" WIDTH="751" HEIGHT="28">
							<String ID="string_435" HPOS="85" VPOS="1432" WIDTH="54" HEIGHT="20" WC="0.92" CONTENT="tagas"/><SP WIDTH="19" VPOS="1432" HPOS="139"/>
							<String ID="string_436" HPOS="158" VPOS="1427" WIDTH="86" HEIGHT="19" WC="0.92" CONTENT="ständens"/><SP WIDTH="19" VPOS="1427" HPOS="244"/>
							<String ID="string_437" HPOS="263" VPOS="1424" WIDTH="216" HEIGHT="24" WC="0.93" CONTENT="diskussionsprotokoll."/><SP WIDTH="24" VPOS="1424" HPOS="479"/>
							<String ID="string_438" HPOS="503" VPOS="1425" WIDTH="43" HEIGHT="18" WC="0.96" CONTENT="Men"/><SP WIDTH="19" VPOS="1425" HPOS="546"/>
							<String ID="string_439" HPOS="565" VPOS="1424" WIDTH="52" HEIGHT="18" WC="0.93" CONTENT="detta"/><SP WIDTH="18" VPOS="1424" HPOS="617"/>
							<String ID="string_440" HPOS="635" VPOS="1424" WIDTH="104" HEIGHT="24" WC="0.92" CONTENT="stadgande"/><SP WIDTH="19" VPOS="1424" HPOS="739"/>
							<String ID="string_441" HPOS="758" VPOS="1425" WIDTH="33" HEIGHT="18" WC="0.86" CONTENT="bör"/><SP WIDTH="15" VPOS="1425" HPOS="791"/>
							<String ID="string_442" HPOS="806" VPOS="1425" WIDTH="30" HEIGHT="18" WC="0.96" CONTENT="väl"/>
						</TextLine>
					</TextBlock>
				</ComposedBlock>
				<ComposedBlock ID="cblock_2" HPOS="155" VPOS="1462" WIDTH="356" HEIGHT="23">
					<TextBlock ID="block_6" HPOS="155" VPOS="1462" WIDTH="356" HEIGHT="23">
						<TextLine ID="line_45" HPOS="155" VPOS="1462" WIDTH="356" HEIGHT="23">
							<String ID="string_443" HPOS="155" VPOS="1466" WIDTH="141" HEIGHT="19" WC="0.86" CONTENT="Statsutskottets"/><SP WIDTH="16" VPOS="1466" HPOS="296"/>
							<String ID="string_444" HPOS="312" VPOS="1464" WIDTH="114" HEIGHT="19" WC="0.96" CONTENT="betänkande"/><SP WIDTH="15" VPOS="1464" HPOS="426"/>
							<String ID="string_445" HPOS="441" VPOS="1463" WIDTH="35" HEIGHT="18" WC="0.96" CONTENT="N:o"/><SP WIDTH="15" VPOS="1463" HPOS="476"/>
							<String ID="string_446" HPOS="491" VPOS="1462" WIDTH="20" HEIGHT="19" WC="0.95" CONTENT="4."/>
						</TextLine>
					</TextBlock>
				</ComposedBlock>
				<GraphicalElement ID="cblock_3" HPOS="1049" VPOS="1378" WIDTH="3" HEIGHT="336"></GraphicalElement >
			</PrintSpace>
		</Page>
	</Layout>
</alto>
