1048 1711
236 179 14 20 2
484 178 26 20 U.
526 179 28 18 B.
571 189 24 4 —
611 179 70 18 XIX.

208 245 68 26 mark,
292 246 55 20 samt
362 246 72 20 resten
450 245 34 20 till
494 245 161 26 reservfonden,
663 245 64 21 hvars
735 244 78 27 belopp
823 243 69 27 enligt
900 243 52 21 bok-

209 279 44 21 slut
267 279 76 21 ultimo
359 279 119 21 December
492 279 55 21 1876
562 279 95 27 uppgick
672 279 34 20 till
722 278 126 27 13,727,362
855 277 62 21 mark
925 277 27 21 69

209 313 71 27 penni.
310 312 139 22 Sistnämnda
464 313 52 21 fond
531 312 145 28 öfverskjuter
683 312 85 22 säledes
777 312 34 22 för
818 311 135 22 närvarande

208 348 49 20 med
273 348 112 26 4,727,362
399 348 62 20 mark
476 348 27 20 69
517 348 65 26 penni
601 347 50 21 dess
666 347 7 21 i
688 347 69 21 andra
771 353 62 15 mom.
843 346 23 21 af
879 346 73 21 ofvan-

209 381 122 27 äberopade
345 381 84 27 lagrum
444 382 105 26 stadgade
564 382 78 26 belopp
658 381 23 21 af
694 382 13 20 9
722 381 99 27 miljoner
835 380 68 21 mark.

276 416 11 20 I
302 415 117 27 anledning
435 416 62 21 deraf
510 415 65 22 hafva
589 414 364 28 Bankfullmäktige
796 410 10 37 i
817 414 136 28 omförmälda

209 450 118 21 berättelse
342 449 116 27 framstält,
474 450 103 21 hurusom
592 450 41 21 den
648 450 69 20 under
727 448 143 22 sistförflutna
877 449 76 27 period

209 484 83 21 skedda
313 483 114 22 tillvexten
448 484 8 20 i
478 484 98 21 bankens
597 484 144 26 verksamhet,
764 484 49 21 dess
829 484 124 25 derigenom

209 518 101 27 stegrade
332 518 140 27 ansvarighet
494 520 57 20 samt
573 518 26 22 de
615 518 110 27 betydliga
739 518 125 26 kostnader,
879 518 75 20 hvilka

208 552 145 27 uppförandet
368 552 23 21 af
405 554 32 19 ett
451 554 49 25 nytt
515 552 99 21 bankhus
629 552 84 21 komme
729 554 32 19 att
776 552 103 25 medföra,
893 554 60 25 synts

208 586 200 27 Bankfullmäktige
423 588 78 25 utgöra
515 587 112 26 grundade
635 587 142 26 anledningar
785 587 34 20 till
827 593 27 14 en
862 587 92 26 ändring

210 621 23 21 af
246 622 13 20 3
281 621 5 28 $
305 621 4 21 i
324 621 139 21 merberörda
477 621 132 27 reglemente
625 621 7 20 i
653 621 77 21 sådant
745 621 63 27 syfte,
824 622 32 20 att
871 627 83 15 reserv-

208 655 92 22 fondens
323 655 78 28 belopp
424 655 72 22 blefve
516 655 96 27 förhöjdt
627 655 34 20 till
675 655 27 20 14
716 655 100 27 miljoner
830 655 68 26 mark,
915 655 39 21 och

208 690 56 21 först
286 689 116 22 framdeles
424 689 173 27 uppkommande
619 689 101 21 behällna
735 689 58 21 vinst
808 689 55 21 efter
878 689 77 27 afdrag

210 725 23 20 af
246 725 27 21 de
288 725 86 26 belopp,
390 730 45 15 som
450 724 138 21 erfordrades
604 723 33 22 för
653 723 91 22 fondens
759 724 93 27 höjande
862 724 34 21 till
905 725 49 20 sist-

208 759 94 21 nämnda
317 765 83 15 summa
415 761 55 18 samt
485 759 34 20 till
535 758 133 21 bankhusets
683 758 142 27 uppförande,
841 759 114 21 anvisades

209 793 34 22 till
259 793 107 26 ändamål,
382 799 45 15 som
442 793 34 20 för
491 792 97 22 bankens
604 792 137 21 verksamhet
756 799 51 15 vore
815 792 139 21 främmande.

209 823 70 26 Äfven
295 828 42 21 den
351 827 127 21 tillämnade
492 827 170 27 myntreformen
676 826 66 22 hafva
756 827 199 27 Bankfullmäktige

209 863 71 20 ansett
295 863 79 25 utgöra
388 862 33 20 ett
436 860 47 22 skäl
498 860 34 22 till
548 861 41 21 den
604 860 124 28 föreslagna
743 860 111 28 ätgärden,
865 861 90 21 emedan

209 896 190 26 nödvändigheten
422 897 32 19 att
476 895 115 21 förvandla
612 901 26 15 en
658 895 98 27 betydlig
772 895 35 21 del
822 895 23 21 af
858 896 97 20 bankens

209 930 118 22 utländska
342 930 123 27 fordringar
479 930 8 21 i
502 930 53 27 guld
578 932 55 20 samt
648 932 33 19 att
696 930 144 22 öfverhufvud
855 930 59 21 hälla
929 936 26 16 en

210 965 99 21 starkare
324 964 140 22 metallkassa
478 964 85 22 komme
579 966 32 20 att
625 964 102 22 ähvälfva
742 964 86 22 banken
838 965 47 21 icke
893 965 63 27 ringa

210 999 155 28 uppofiringar,
378 999 68 27 jemte
462 999 36 21 det
513 999 27 21 de
555 998 24 22 af
592 1005 27 15 en
633 999 68 21 sädan
717 999 127 27 förändring
854 999 102 21 framkal-

210 1034 49 20 lade
274 1033 102 27 stegrade
392 1033 94 27 anspräk
500 1033 29 27 pä
543 1032 98 22 bankens
656 1033 100 27 utläning
771 1033 70 21 skulle
857 1035 53 25 göra
921 1034 37 20 det

209 1067 123 27 betänkligt
347 1069 33 19 att
394 1067 7 21 i
417 1068 32 20 ett
464 1067 24 22 sä
502 1067 81 27 vigtigt
597 1069 95 20 moment
707 1067 102 28 försvaga
823 1068 92 21 banken.

275 1101 34 21 Dä
331 1101 176 22 Bankutskottet
528 1101 35 21 till
583 1101 137 27 ompröfning
735 1101 96 22 förehaft
845 1102 112 21 Bankfull-

210 1135 107 27 mäktiges
340 1135 158 21 ofvanberörda
520 1135 167 27 framställning,
703 1135 40 21 har
757 1135 114 22 Utskottet
886 1136 73 21 funnit

212 1170 37 21 det
270 1169 124 27 lämpligast
415 1170 33 20 att
471 1169 33 21 till
527 1169 123 22 Ständerna
664 1170 109 21 inkomma
788 1170 50 22 med
853 1170 105 21 särskildt

209 1203 139 21 betänkande
362 1203 8 21 i
384 1203 143 21 förevarande
541 1202 62 28 fräga
618 1203 123 22 oberoende
755 1203 24 22 af
793 1204 42 22 den
854 1204 104 21 berättel-

210 1244 29 19 se,
262 1243 47 15 som
330 1237 114 21 Utskottet
467 1237 55 21 efter
545 1236 93 22 slutförd
661 1238 134 26 granskning
817 1237 24 21 af
853 1238 104 20 Finlands

208 1270 69 21 banks
289 1270 91 26 styrelse
403 1270 40 21 och
467 1270 100 21 tillständ
585 1270 70 21 under
669 1272 74 19 senast
758 1270 103 22 förflutna
875 1270 44 22 fem
933 1271 24 20 är

209 1304 96 21 kommer
328 1305 33 19 att
383 1303 87 27 afgifva,
493 1303 29 27 pä
544 1304 37 20 det
605 1303 122 22 Ständerna
741 1304 94 27 tidigare
851 1306 27 19 än
894 1304 63 28 eljest

209 1338 67 22 mätte
292 1338 83 21 erhälla
389 1338 121 21 kännedom
527 1344 34 15 om
575 1338 98 22 bankens
689 1338 158 28 odisponerade
855 1339 101 21 vinstme-

209 1373 46 21 dels
270 1372 86 28 belopp.
386 1372 34 22 Dä
435 1372 120 22 emellertid
570 1372 8 22 i
593 1372 98 22 bankens
699 1373 80 27 aktiva,
787 1373 69 27 enligt
863 1374 37 21 det
907 1374 49 20 här-

208 1408 46 21 tills
276 1407 69 27 följda
366 1406 202 28 bokföringssättet,
592 1406 63 22 äfven
674 1408 52 27 ingä
740 1408 28 27 pä
781 1408 120 27 utsökning
916 1408 40 21 och

208 1441 167 28 konkursligvid
390 1441 109 22 beroende
514 1441 129 28 fordringar,
658 1441 40 22 bör
713 1448 26 15 ur
751 1442 165 22 reservfondens
924 1442 32 22 of-

208 1482 41 15 van
264 1476 106 27 uppgifna
385 1475 121 23 öfverskott
520 1476 8 21 i
543 1475 118 28 anledning
676 1476 24 21 af
712 1483 63 15 mom.
792 1477 20 21 d.
827 1477 8 21 i
850 1477 11 27 $
877 1477 40 21 107
933 1477 24 21 af

206 1510 207 27 bankreglementet,
421 1510 61 22 hvari
498 1510 88 27 stadgas
601 1512 33 20 att
649 1510 78 23 osäkra
741 1511 124 27 fordringar
878 1511 48 22 icke
933 1511 23 22 få

275 1557 143 18 Bankutskottets
430 1557 112 18 Betänkande
554 1556 35 19 N:o
597 1557 16 17 1.
