<?xml version="1.0" encoding="UTF-8"?>
<alto xmlns="http://www.loc.gov/standards/alto/ns-v3#" xmlns:xlink="http://www.w3.org/1999/xlink" xmlns:xsi="http://www.w3.org/2001/XMLSchema-instance" xsi:schemaLocation="http://www.loc.gov/standards/alto/ns-v3# http://www.loc.gov/alto/v3/alto-3-0.xsd">
	<Description>
		<MeasurementUnit>pixel</MeasurementUnit>
		<sourceImageInformation>
			<fileName>/tmp/tess_r9gl65qp_input.PNG</fileName>
		</sourceImageInformation>
		<OCRProcessing ID="OCR_0">
			<ocrProcessingStep>
				<processingSoftware>
					<softwareName>tesseract 5.3.4</softwareName>
				</processingSoftware>
			</ocrProcessingStep>
		</OCRProcessing>
	</Description>
	<Layout>
		<Page WIDTH="1036" HEIGHT="1703" PHYSICAL_IMG_NR="0" ID="page_0">
			<PrintSpace HPOS="0" VPOS="0" WIDTH="1036" HEIGHT="1703">
				<ComposedBlock ID="cblock_0" HPOS="461" VPOS="147" WIDTH="351" HEIGHT="20">
					<TextBlock ID="block_0" HPOS="461" VPOS="147" WIDTH="351" HEIGHT="20">
						<TextLine ID="line_0" HPOS="461" VPOS="147" WIDTH="351" HEIGHT="20">
							<String ID="string_0" HPOS="461" VPOS="147" WIDTH="17" HEIGHT="19" WC="0.94" CONTENT="I."/><SP WIDTH="308" VPOS="147" HPOS="478"/>
							<String ID="string_1" HPOS="786" VPOS="147" WIDTH="26" HEIGHT="20" WC="0.96" CONTENT="13"/>
						</TextLine>
					</TextBlock>
				</ComposedBlock>
				<ComposedBlock ID="cblock_1" HPOS="92" VPOS="214" WIDTH="760" HEIGHT="1297">
					<TextBlock ID="block_1" HPOS="94" VPOS="214" WIDTH="750" HEIGHT="231">
						<TextLine ID="line_1" HPOS="164" VPOS="214" WIDTH="678" HEIGHT="28">
							<String ID="string_2" HPOS="164" VPOS="216" WIDTH="54" HEIGHT="20" WC="0.86" CONTENT="34:0."/><SP WIDTH="30" VPOS="216" HPOS="218"/>
							<String ID="string_3" HPOS="248" VPOS="214" WIDTH="91" HEIGHT="22" WC="0.90" CONTENT="Jemlikt"/><SP WIDTH="22" VPOS="214" HPOS="339"/>
							<String ID="string_4" HPOS="361" VPOS="214" WIDTH="130" HEIGHT="21" WC="0.87" CONTENT="Ständernas"/><SP WIDTH="16" VPOS="214" HPOS="491"/>
							<String ID="string_5" HPOS="507" VPOS="214" WIDTH="147" HEIGHT="27" WC="0.92" CONTENT="underdäniga"/><SP WIDTH="14" VPOS="214" HPOS="654"/>
							<String ID="string_6" HPOS="668" VPOS="215" WIDTH="123" HEIGHT="27" WC="0.96" CONTENT="tillstyrkan"/><SP WIDTH="15" VPOS="215" HPOS="791"/>
							<String ID="string_7" HPOS="806" VPOS="214" WIDTH="36" HEIGHT="22" WC="0.96" CONTENT="vid"/>
						</TextLine>
						<TextLine ID="line_2" HPOS="94" VPOS="248" WIDTH="748" HEIGHT="27">
							<String ID="string_8" HPOS="94" VPOS="248" WIDTH="143" HEIGHT="22" WC="0.92" CONTENT="besvarandet"/><SP WIDTH="15" VPOS="248" HPOS="237"/>
							<String ID="string_9" HPOS="252" VPOS="248" WIDTH="23" HEIGHT="21" WC="0.93" CONTENT="af"/><SP WIDTH="13" VPOS="248" HPOS="275"/>
							<String ID="string_10" HPOS="288" VPOS="248" WIDTH="79" HEIGHT="26" WC="0.91" CONTENT="nädiga"/><SP WIDTH="18" VPOS="248" HPOS="367"/>
							<String ID="string_11" HPOS="385" VPOS="248" WIDTH="167" HEIGHT="27" WC="0.93" CONTENT="propositionen,"/><SP WIDTH="20" VPOS="248" HPOS="552"/>
							<String ID="string_12" HPOS="572" VPOS="249" WIDTH="110" HEIGHT="26" WC="0.92" CONTENT="angäende"/><SP WIDTH="15" VPOS="249" HPOS="682"/>
							<String ID="string_13" HPOS="697" VPOS="248" WIDTH="145" HEIGHT="27" WC="0.92" CONTENT="tillverkning,"/>
						</TextLine>
						<TextLine ID="line_3" HPOS="94" VPOS="282" WIDTH="750" HEIGHT="28">
							<String ID="string_14" HPOS="94" VPOS="282" WIDTH="133" HEIGHT="28" WC="0.93" CONTENT="försäljning,"/><SP WIDTH="24" VPOS="282" HPOS="227"/>
							<String ID="string_15" HPOS="251" VPOS="282" WIDTH="80" HEIGHT="28" WC="0.92" CONTENT="upplag"/><SP WIDTH="22" VPOS="282" HPOS="331"/>
							<String ID="string_16" HPOS="353" VPOS="282" WIDTH="39" HEIGHT="21" WC="0.93" CONTENT="och"/><SP WIDTH="18" VPOS="282" HPOS="392"/>
							<String ID="string_17" HPOS="410" VPOS="282" WIDTH="91" HEIGHT="27" WC="0.93" CONTENT="forsling"/><SP WIDTH="15" VPOS="282" HPOS="501"/>
							<String ID="string_18" HPOS="516" VPOS="282" WIDTH="22" HEIGHT="21" WC="0.93" CONTENT="af"/><SP WIDTH="14" VPOS="282" HPOS="538"/>
							<String ID="string_19" HPOS="552" VPOS="282" WIDTH="96" HEIGHT="26" WC="0.92" CONTENT="bränvin,"/><SP WIDTH="16" VPOS="282" HPOS="648"/>
							<String ID="string_20" HPOS="664" VPOS="283" WIDTH="39" HEIGHT="21" WC="0.96" CONTENT="har"/><SP WIDTH="14" VPOS="283" HPOS="703"/>
							<String ID="string_21" HPOS="717" VPOS="282" WIDTH="61" HEIGHT="22" WC="0.93" CONTENT="Hans"/><SP WIDTH="14" VPOS="282" HPOS="778"/>
							<String ID="string_22" HPOS="792" VPOS="283" WIDTH="52" HEIGHT="26" WC="0.90" CONTENT="Kej-"/>
						</TextLine>
						<TextLine ID="line_4" HPOS="95" VPOS="316" WIDTH="748" HEIGHT="27">
							<String ID="string_23" HPOS="95" VPOS="317" WIDTH="79" HEIGHT="26" WC="0.92" CONTENT="serliga"/><SP WIDTH="22" VPOS="317" HPOS="174"/>
							<String ID="string_24" HPOS="196" VPOS="316" WIDTH="103" HEIGHT="27" WC="0.90" CONTENT="Majestät"/><SP WIDTH="22" VPOS="316" HPOS="299"/>
							<String ID="string_25" HPOS="321" VPOS="316" WIDTH="49" HEIGHT="21" WC="0.92" CONTENT="lätit"/><SP WIDTH="18" VPOS="316" HPOS="370"/>
							<String ID="string_26" HPOS="388" VPOS="316" WIDTH="91" HEIGHT="26" WC="0.92" CONTENT="utfärda,"/><SP WIDTH="18" VPOS="316" HPOS="479"/>
							<String ID="string_27" HPOS="497" VPOS="317" WIDTH="39" HEIGHT="20" WC="0.96" CONTENT="den"/><SP WIDTH="16" VPOS="317" HPOS="536"/>
							<String ID="string_28" HPOS="552" VPOS="317" WIDTH="12" HEIGHT="20" WC="0.96" CONTENT="9"/><SP WIDTH="16" VPOS="317" HPOS="564"/>
							<String ID="string_29" HPOS="580" VPOS="317" WIDTH="51" HEIGHT="21" WC="0.96" CONTENT="Juni"/><SP WIDTH="17" VPOS="317" HPOS="631"/>
							<String ID="string_30" HPOS="648" VPOS="318" WIDTH="53" HEIGHT="20" WC="0.93" CONTENT="1873"/><SP WIDTH="16" VPOS="318" HPOS="701"/>
							<String ID="string_31" HPOS="717" VPOS="316" WIDTH="126" HEIGHT="27" WC="0.92" CONTENT="förordning"/>
						</TextLine>
						<TextLine ID="line_5" HPOS="94" VPOS="351" WIDTH="750" HEIGHT="27">
							<String ID="string_32" HPOS="94" VPOS="351" WIDTH="93" HEIGHT="21" WC="0.91" CONTENT="rörande"/><SP WIDTH="23" VPOS="351" HPOS="187"/>
							<String ID="string_33" HPOS="210" VPOS="351" WIDTH="64" HEIGHT="21" WC="0.93" CONTENT="dessa"/><SP WIDTH="22" VPOS="351" HPOS="274"/>
							<String ID="string_34" HPOS="296" VPOS="352" WIDTH="82" HEIGHT="25" WC="0.89" CONTENT="ämnen,"/><SP WIDTH="20" VPOS="352" HPOS="378"/>
							<String ID="string_35" HPOS="398" VPOS="353" WIDTH="55" HEIGHT="19" WC="0.96" CONTENT="samt"/><SP WIDTH="16" VPOS="353" HPOS="453"/>
							<String ID="string_36" HPOS="469" VPOS="351" WIDTH="40" HEIGHT="21" WC="0.96" CONTENT="den"/><SP WIDTH="15" VPOS="351" HPOS="509"/>
							<String ID="string_37" HPOS="524" VPOS="352" WIDTH="23" HEIGHT="20" WC="0.96" CONTENT="21"/><SP WIDTH="19" VPOS="352" HPOS="547"/>
							<String ID="string_38" HPOS="566" VPOS="351" WIDTH="44" HEIGHT="21" WC="0.96" CONTENT="Juli"/><SP WIDTH="18" VPOS="351" HPOS="610"/>
							<String ID="string_39" HPOS="628" VPOS="357" WIDTH="80" HEIGHT="15" WC="0.96" CONTENT="samma"/><SP WIDTH="14" VPOS="357" HPOS="708"/>
							<String ID="string_40" HPOS="722" VPOS="351" WIDTH="25" HEIGHT="21" WC="0.93" CONTENT="är"/><SP WIDTH="15" VPOS="351" HPOS="747"/>
							<String ID="string_41" HPOS="762" VPOS="351" WIDTH="82" HEIGHT="27" WC="0.91" CONTENT="kungö-"/>
						</TextLine>
						<TextLine ID="line_6" HPOS="95" VPOS="385" WIDTH="748" HEIGHT="28">
							<String ID="string_42" HPOS="95" VPOS="386" WIDTH="57" HEIGHT="20" WC="0.86" CONTENT="relse"/><SP WIDTH="26" VPOS="386" HPOS="152"/>
							<String ID="string_43" HPOS="178" VPOS="385" WIDTH="110" HEIGHT="27" WC="0.96" CONTENT="angående"/><SP WIDTH="28" VPOS="385" HPOS="288"/>
							<String ID="string_44" HPOS="316" VPOS="385" WIDTH="41" HEIGHT="21" WC="0.96" CONTENT="den"/><SP WIDTH="28" VPOS="385" HPOS="357"/>
							<String ID="string_45" HPOS="385" VPOS="385" WIDTH="23" HEIGHT="21" WC="0.91" CONTENT="af"/><SP WIDTH="26" VPOS="385" HPOS="408"/>
							<String ID="string_46" HPOS="434" VPOS="385" WIDTH="268" HEIGHT="27" WC="0.76" CONTENT="bränvinstillverkningen"/><SP WIDTH="25" VPOS="385" HPOS="702"/>
							<String ID="string_47" HPOS="727" VPOS="385" WIDTH="116" HEIGHT="28" WC="0.96" CONTENT="inflytande"/>
						</TextLine>
						<TextLine ID="line_7" HPOS="95" VPOS="419" WIDTH="449" HEIGHT="26">
							<String ID="string_48" HPOS="95" VPOS="420" WIDTH="97" HEIGHT="21" WC="0.91" CONTENT="skattens"/><SP WIDTH="17" VPOS="420" HPOS="192"/>
							<String ID="string_49" HPOS="209" VPOS="420" WIDTH="139" HEIGHT="21" WC="0.92" CONTENT="användande"/><SP WIDTH="15" VPOS="420" HPOS="348"/>
							<String ID="string_50" HPOS="363" VPOS="419" WIDTH="39" HEIGHT="22" WC="0.93" CONTENT="och"/><SP WIDTH="16" VPOS="419" HPOS="402"/>
							<String ID="string_51" HPOS="418" VPOS="420" WIDTH="126" HEIGHT="25" WC="0.89" CONTENT="fördelning."/>
						</TextLine>
					</TextBlock>
					<TextBlock ID="block_2" HPOS="95" VPOS="454" WIDTH="749" HEIGHT="232">
						<TextLine ID="line_8" HPOS="168" VPOS="454" WIDTH="676" HEIGHT="27">
							<String ID="string_52" HPOS="168" VPOS="455" WIDTH="53" HEIGHT="20" WC="0.85" CONTENT="35:0."/><SP WIDTH="31" VPOS="455" HPOS="221"/>
							<String ID="string_53" HPOS="252" VPOS="454" WIDTH="96" HEIGHT="21" WC="0.93" CONTENT="Emedan"/><SP WIDTH="23" VPOS="454" HPOS="348"/>
							<String ID="string_54" HPOS="371" VPOS="454" WIDTH="125" HEIGHT="26" WC="0.89" CONTENT="Ständerna,"/><SP WIDTH="16" VPOS="454" HPOS="496"/>
							<String ID="string_55" HPOS="512" VPOS="454" WIDTH="36" HEIGHT="21" WC="0.93" CONTENT="vid"/><SP WIDTH="23" VPOS="454" HPOS="548"/>
							<String ID="string_56" HPOS="571" VPOS="454" WIDTH="143" HEIGHT="21" WC="0.91" CONTENT="besvarandet"/><SP WIDTH="16" VPOS="454" HPOS="714"/>
							<String ID="string_57" HPOS="730" VPOS="454" WIDTH="23" HEIGHT="21" WC="0.93" CONTENT="af"/><SP WIDTH="13" VPOS="454" HPOS="753"/>
							<String ID="string_58" HPOS="766" VPOS="454" WIDTH="78" HEIGHT="27" WC="0.96" CONTENT="nådiga"/>
						</TextLine>
						<TextLine ID="line_9" HPOS="95" VPOS="488" WIDTH="749" HEIGHT="28">
							<String ID="string_59" HPOS="95" VPOS="488" WIDTH="169" HEIGHT="28" WC="0.93" CONTENT="propositionen,"/><SP WIDTH="20" VPOS="488" HPOS="264"/>
							<String ID="string_60" HPOS="284" VPOS="488" WIDTH="110" HEIGHT="27" WC="0.93" CONTENT="angående"/><SP WIDTH="18" VPOS="488" HPOS="394"/>
							<String ID="string_61" HPOS="412" VPOS="488" WIDTH="126" HEIGHT="21" WC="0.92" CONTENT="afträdande"/><SP WIDTH="16" VPOS="488" HPOS="538"/>
							<String ID="string_62" HPOS="554" VPOS="488" WIDTH="23" HEIGHT="21" WC="0.96" CONTENT="af"/><SP WIDTH="13" VPOS="488" HPOS="577"/>
							<String ID="string_63" HPOS="590" VPOS="489" WIDTH="61" HEIGHT="20" WC="0.96" CONTENT="mark"/><SP WIDTH="15" VPOS="489" HPOS="651"/>
							<String ID="string_64" HPOS="666" VPOS="489" WIDTH="33" HEIGHT="20" WC="0.93" CONTENT="till"/><SP WIDTH="16" VPOS="489" HPOS="699"/>
							<String ID="string_65" HPOS="715" VPOS="489" WIDTH="129" HEIGHT="27" WC="0.95" CONTENT="anläggning"/>
						</TextLine>
						<TextLine ID="line_10" HPOS="95" VPOS="523" WIDTH="749" HEIGHT="27">
							<String ID="string_66" HPOS="95" VPOS="523" WIDTH="25" HEIGHT="21" WC="0.92" CONTENT="af"/><SP WIDTH="20" VPOS="523" HPOS="120"/>
							<String ID="string_67" HPOS="140" VPOS="523" WIDTH="109" HEIGHT="26" WC="0.96" CONTENT="landsväg,"/><SP WIDTH="16" VPOS="523" HPOS="249"/>
							<String ID="string_68" HPOS="265" VPOS="523" WIDTH="7" HEIGHT="21" WC="0.93" CONTENT="i"/><SP WIDTH="16" VPOS="523" HPOS="272"/>
							<String ID="string_69" HPOS="288" VPOS="523" WIDTH="170" HEIGHT="26" WC="0.92" CONTENT="underdänighet"/><SP WIDTH="23" VPOS="523" HPOS="458"/>
							<String ID="string_70" HPOS="481" VPOS="523" WIDTH="80" HEIGHT="21" WC="0.96" CONTENT="anmält"/><SP WIDTH="20" VPOS="523" HPOS="561"/>
							<String ID="string_71" HPOS="581" VPOS="525" WIDTH="32" HEIGHT="19" WC="0.93" CONTENT="att"/><SP WIDTH="15" VPOS="525" HPOS="613"/>
							<String ID="string_72" HPOS="628" VPOS="523" WIDTH="65" HEIGHT="26" WC="0.64" CONTENT="sagde"/><SP WIDTH="15" VPOS="523" HPOS="693"/>
							<String ID="string_73" HPOS="708" VPOS="524" WIDTH="136" HEIGHT="26" WC="0.96" CONTENT="proposition"/>
						</TextLine>
						<TextLine ID="line_11" HPOS="95" VPOS="557" WIDTH="749" HEIGHT="27">
							<String ID="string_74" HPOS="95" VPOS="557" WIDTH="47" HEIGHT="22" WC="0.91" CONTENT="icke"/><SP WIDTH="23" VPOS="557" HPOS="142"/>
							<String ID="string_75" HPOS="165" VPOS="557" WIDTH="81" HEIGHT="22" WC="0.93" CONTENT="kunnat"/><SP WIDTH="23" VPOS="557" HPOS="246"/>
							<String ID="string_76" HPOS="269" VPOS="557" WIDTH="130" HEIGHT="21" WC="0.92" CONTENT="oförändrad"/><SP WIDTH="19" VPOS="557" HPOS="399"/>
							<String ID="string_77" HPOS="418" VPOS="559" WIDTH="89" HEIGHT="25" WC="0.92" CONTENT="antagas"/><SP WIDTH="18" VPOS="559" HPOS="507"/>
							<String ID="string_78" HPOS="525" VPOS="557" WIDTH="23" HEIGHT="21" WC="0.93" CONTENT="af"/><SP WIDTH="15" VPOS="557" HPOS="548"/>
							<String ID="string_79" HPOS="563" VPOS="557" WIDTH="125" HEIGHT="26" WC="0.92" CONTENT="Ständerna,"/><SP WIDTH="15" VPOS="557" HPOS="688"/>
							<String ID="string_80" HPOS="703" VPOS="560" WIDTH="52" HEIGHT="19" WC="0.96" CONTENT="utan"/><SP WIDTH="16" VPOS="560" HPOS="755"/>
							<String ID="string_81" HPOS="771" VPOS="560" WIDTH="32" HEIGHT="19" WC="0.96" CONTENT="att"/><SP WIDTH="15" VPOS="560" HPOS="803"/>
							<String ID="string_82" HPOS="818" VPOS="558" WIDTH="26" HEIGHT="21" WC="0.96" CONTENT="de"/>
						</TextLine>
						<TextLine ID="line_12" HPOS="96" VPOS="591" WIDTH="748" HEIGHT="28">
							<String ID="string_83" HPOS="96" VPOS="592" WIDTH="34" HEIGHT="21" WC="0.96" CONTENT="för"/><SP WIDTH="16" VPOS="592" HPOS="130"/>
							<String ID="string_84" HPOS="146" VPOS="592" WIDTH="32" HEIGHT="21" WC="0.96" CONTENT="sin"/><SP WIDTH="16" VPOS="592" HPOS="178"/>
							<String ID="string_85" HPOS="194" VPOS="592" WIDTH="33" HEIGHT="21" WC="0.96" CONTENT="del"/><SP WIDTH="17" VPOS="592" HPOS="227"/>
							<String ID="string_86" HPOS="244" VPOS="593" WIDTH="86" HEIGHT="20" WC="0.96" CONTENT="stannat"/><SP WIDTH="14" VPOS="593" HPOS="330"/>
							<String ID="string_87" HPOS="344" VPOS="592" WIDTH="7" HEIGHT="21" WC="0.96" CONTENT="i"/><SP WIDTH="16" VPOS="592" HPOS="351"/>
							<String ID="string_88" HPOS="367" VPOS="593" WIDTH="31" HEIGHT="20" WC="0.93" CONTENT="ett"/><SP WIDTH="15" VPOS="593" HPOS="398"/>
							<String ID="string_89" HPOS="413" VPOS="591" WIDTH="47" HEIGHT="22" WC="0.93" CONTENT="frän"/><SP WIDTH="11" VPOS="591" HPOS="460"/>
							<String ID="string_90" HPOS="471" VPOS="592" WIDTH="161" HEIGHT="27" WC="0.93" CONTENT="propositionen"/><SP WIDTH="11" VPOS="592" HPOS="632"/>
							<String ID="string_91" HPOS="643" VPOS="592" WIDTH="113" HEIGHT="21" WC="0.93" CONTENT="afvikande"/><SP WIDTH="11" VPOS="592" HPOS="756"/>
							<String ID="string_92" HPOS="767" VPOS="593" WIDTH="77" HEIGHT="26" WC="0.96" CONTENT="beslut,"/>
						</TextLine>
						<TextLine ID="line_13" HPOS="95" VPOS="626" WIDTH="749" HEIGHT="27">
							<String ID="string_93" HPOS="95" VPOS="627" WIDTH="41" HEIGHT="20" WC="0.96" CONTENT="har"/><SP WIDTH="21" VPOS="627" HPOS="136"/>
							<String ID="string_94" HPOS="157" VPOS="626" WIDTH="60" HEIGHT="21" WC="0.93" CONTENT="Hans"/><SP WIDTH="23" VPOS="626" HPOS="217"/>
							<String ID="string_95" HPOS="240" VPOS="626" WIDTH="122" HEIGHT="27" WC="0.91" CONTENT="Kejserliga"/><SP WIDTH="14" VPOS="626" HPOS="362"/>
							<String ID="string_96" HPOS="376" VPOS="626" WIDTH="103" HEIGHT="27" WC="0.92" CONTENT="Majestät"/><SP WIDTH="15" VPOS="626" HPOS="479"/>
							<String ID="string_97" HPOS="494" VPOS="626" WIDTH="47" HEIGHT="21" WC="0.93" CONTENT="lätit"/><SP WIDTH="16" VPOS="626" HPOS="541"/>
							<String ID="string_98" HPOS="557" VPOS="627" WIDTH="41" HEIGHT="20" WC="0.96" CONTENT="den"/><SP WIDTH="15" VPOS="627" HPOS="598"/>
							<String ID="string_99" HPOS="613" VPOS="626" WIDTH="7" HEIGHT="21" WC="0.93" CONTENT="i"/><SP WIDTH="16" VPOS="626" HPOS="620"/>
							<String ID="string_100" HPOS="636" VPOS="626" WIDTH="126" HEIGHT="22" WC="0.91" CONTENT="omförmäld"/><SP WIDTH="16" VPOS="626" HPOS="762"/>
							<String ID="string_101" HPOS="778" VPOS="627" WIDTH="66" HEIGHT="22" WC="0.92" CONTENT="mätto"/>
						</TextLine>
						<TextLine ID="line_14" HPOS="95" VPOS="659" WIDTH="275" HEIGHT="27">
							<String ID="string_102" HPOS="95" VPOS="660" WIDTH="78" HEIGHT="21" WC="0.91" CONTENT="väekta"/><SP WIDTH="15" VPOS="660" HPOS="173"/>
							<String ID="string_103" HPOS="188" VPOS="660" WIDTH="76" HEIGHT="26" WC="0.91" CONTENT="frägan"/><SP WIDTH="16" VPOS="660" HPOS="264"/>
							<String ID="string_104" HPOS="280" VPOS="659" WIDTH="90" HEIGHT="22" WC="0.93" CONTENT="förfalla."/>
						</TextLine>
					</TextBlock>
					<TextBlock ID="block_3" HPOS="92" VPOS="694" WIDTH="759" HEIGHT="578">
						<TextLine ID="line_15" HPOS="168" VPOS="694" WIDTH="678" HEIGHT="27">
							<String ID="string_105" HPOS="168" VPOS="696" WIDTH="55" HEIGHT="20" WC="0.90" CONTENT="36:0."/><SP WIDTH="30" VPOS="696" HPOS="223"/>
							<String ID="string_106" HPOS="253" VPOS="694" WIDTH="42" HEIGHT="21" WC="0.91" CONTENT="Vid"/><SP WIDTH="22" VPOS="694" HPOS="295"/>
							<String ID="string_107" HPOS="317" VPOS="694" WIDTH="144" HEIGHT="22" WC="0.83" CONTENT="besvarandet"/><SP WIDTH="22" VPOS="694" HPOS="461"/>
							<String ID="string_108" HPOS="483" VPOS="694" WIDTH="23" HEIGHT="22" WC="0.93" CONTENT="af"/><SP WIDTH="20" VPOS="694" HPOS="506"/>
							<String ID="string_109" HPOS="526" VPOS="694" WIDTH="79" HEIGHT="26" WC="0.96" CONTENT="nådiga"/><SP WIDTH="22" VPOS="694" HPOS="605"/>
							<String ID="string_110" HPOS="627" VPOS="695" WIDTH="168" HEIGHT="26" WC="0.92" CONTENT="propositionen,"/><SP WIDTH="16" VPOS="695" HPOS="795"/>
							<String ID="string_111" HPOS="811" VPOS="701" WIDTH="35" HEIGHT="15" WC="0.96" CONTENT="om"/>
						</TextLine>
						<TextLine ID="line_16" HPOS="96" VPOS="728" WIDTH="750" HEIGHT="28">
							<String ID="string_112" HPOS="96" VPOS="728" WIDTH="123" HEIGHT="28" WC="0.92" CONTENT="rigtningen"/><SP WIDTH="16" VPOS="728" HPOS="219"/>
							<String ID="string_113" HPOS="235" VPOS="729" WIDTH="22" HEIGHT="21" WC="0.93" CONTENT="af"/><SP WIDTH="14" VPOS="729" HPOS="257"/>
							<String ID="string_114" HPOS="271" VPOS="728" WIDTH="124" HEIGHT="22" WC="0.92" CONTENT="stambanor"/><SP WIDTH="14" VPOS="728" HPOS="395"/>
							<String ID="string_115" HPOS="409" VPOS="728" WIDTH="36" HEIGHT="21" WC="0.93" CONTENT="vid"/><SP WIDTH="14" VPOS="728" HPOS="445"/>
							<String ID="string_116" HPOS="459" VPOS="729" WIDTH="257" HEIGHT="27" WC="0.91" CONTENT="jernvägsanläggningar"/><SP WIDTH="15" VPOS="729" HPOS="716"/>
							<String ID="string_117" HPOS="731" VPOS="730" WIDTH="6" HEIGHT="20" WC="0.96" CONTENT="i"/><SP WIDTH="12" VPOS="730" HPOS="737"/>
							<String ID="string_118" HPOS="749" VPOS="729" WIDTH="97" HEIGHT="26" WC="0.96" CONTENT="Finland,"/>
						</TextLine>
						<TextLine ID="line_17" HPOS="96" VPOS="763" WIDTH="751" HEIGHT="26">
							<String ID="string_119" HPOS="96" VPOS="763" WIDTH="64" HEIGHT="21" WC="0.91" CONTENT="hafva"/><SP WIDTH="15" VPOS="763" HPOS="160"/>
							<String ID="string_120" HPOS="175" VPOS="763" WIDTH="126" HEIGHT="26" WC="0.92" CONTENT="Ständerna,"/><SP WIDTH="17" VPOS="763" HPOS="301"/>
							<String ID="string_121" HPOS="318" VPOS="769" WIDTH="45" HEIGHT="15" WC="0.93" CONTENT="som"/><SP WIDTH="15" VPOS="769" HPOS="363"/>
							<String ID="string_122" HPOS="378" VPOS="765" WIDTH="73" HEIGHT="19" WC="0.92" CONTENT="ansett"/><SP WIDTH="14" VPOS="765" HPOS="451"/>
							<String ID="string_123" HPOS="465" VPOS="764" WIDTH="27" HEIGHT="20" WC="0.96" CONTENT="de"/><SP WIDTH="15" VPOS="764" HPOS="492"/>
							<String ID="string_124" HPOS="507" VPOS="764" WIDTH="27" HEIGHT="20" WC="0.96" CONTENT="dä"/><SP WIDTH="15" VPOS="764" HPOS="534"/>
							<String ID="string_125" HPOS="549" VPOS="763" WIDTH="66" HEIGHT="21" WC="0.93" CONTENT="redan"/><SP WIDTH="15" VPOS="763" HPOS="615"/>
							<String ID="string_126" HPOS="630" VPOS="763" WIDTH="161" HEIGHT="22" WC="0.91" CONTENT="instrumentalt"/><SP WIDTH="17" VPOS="763" HPOS="791"/>
							<String ID="string_127" HPOS="808" VPOS="770" WIDTH="39" HEIGHT="15" WC="0.92" CONTENT="un-"/>
						</TextLine>
						<TextLine ID="line_18" HPOS="97" VPOS="797" WIDTH="751" HEIGHT="27">
							<String ID="string_128" HPOS="97" VPOS="797" WIDTH="103" HEIGHT="22" WC="0.90" CONTENT="dersökta"/><SP WIDTH="19" VPOS="797" HPOS="200"/>
							<String ID="string_129" HPOS="219" VPOS="797" WIDTH="195" HEIGHT="27" WC="0.90" CONTENT="jernvägslinierna"/><SP WIDTH="22" VPOS="797" HPOS="414"/>
							<String ID="string_130" HPOS="436" VPOS="797" WIDTH="47" HEIGHT="21" WC="0.92" CONTENT="frän"/><SP WIDTH="22" VPOS="797" HPOS="483"/>
							<String ID="string_131" HPOS="505" VPOS="797" WIDTH="133" HEIGHT="21" WC="0.92" CONTENT="Tavastehus"/><SP WIDTH="16" VPOS="797" HPOS="638"/>
							<String ID="string_132" HPOS="654" VPOS="798" WIDTH="34" HEIGHT="21" WC="0.96" CONTENT="till"/><SP WIDTH="14" VPOS="798" HPOS="688"/>
							<String ID="string_133" HPOS="702" VPOS="798" WIDTH="146" HEIGHT="22" WC="0.96" CONTENT="Tammerfors"/>
						</TextLine>
						<TextLine ID="line_19" HPOS="97" VPOS="826" WIDTH="751" HEIGHT="33">
							<String ID="string_134" HPOS="97" VPOS="832" WIDTH="40" HEIGHT="22" WC="0.93" CONTENT="och"/><SP WIDTH="15" VPOS="832" HPOS="137"/>
							<String ID="string_135" HPOS="152" VPOS="832" WIDTH="48" HEIGHT="21" WC="0.93" CONTENT="frän"/><SP WIDTH="15" VPOS="832" HPOS="200"/>
							<String ID="string_136" HPOS="215" VPOS="832" WIDTH="79" HEIGHT="21" WC="0.92" CONTENT="Wiiala"/><SP WIDTH="15" VPOS="832" HPOS="294"/>
							<String ID="string_137" HPOS="309" VPOS="832" WIDTH="34" HEIGHT="21" WC="0.93" CONTENT="till"/><SP WIDTH="15" VPOS="832" HPOS="343"/>
							<String ID="string_138" HPOS="358" VPOS="826" WIDTH="46" HEIGHT="26" WC="0.92" CONTENT="Äbo"/><SP WIDTH="17" VPOS="826" HPOS="404"/>
							<String ID="string_139" HPOS="421" VPOS="838" WIDTH="51" HEIGHT="14" WC="0.96" CONTENT="vara"/><SP WIDTH="15" VPOS="838" HPOS="472"/>
							<String ID="string_140" HPOS="487" VPOS="832" WIDTH="24" HEIGHT="21" WC="0.96" CONTENT="af"/><SP WIDTH="13" VPOS="832" HPOS="511"/>
							<String ID="string_141" HPOS="524" VPOS="832" WIDTH="40" HEIGHT="21" WC="0.96" CONTENT="den"/><SP WIDTH="16" VPOS="832" HPOS="564"/>
							<String ID="string_142" HPOS="580" VPOS="832" WIDTH="110" HEIGHT="27" WC="0.96" CONTENT="betydelse"/><SP WIDTH="11" VPOS="832" HPOS="690"/>
							<String ID="string_143" HPOS="701" VPOS="834" WIDTH="33" HEIGHT="20" WC="0.96" CONTENT="att"/><SP WIDTH="10" VPOS="834" HPOS="734"/>
							<String ID="string_144" HPOS="744" VPOS="833" WIDTH="26" HEIGHT="21" WC="0.96" CONTENT="de"/><SP WIDTH="10" VPOS="833" HPOS="770"/>
							<String ID="string_145" HPOS="780" VPOS="833" WIDTH="68" HEIGHT="21" WC="0.91" CONTENT="borde"/>
						</TextLine>
						<TextLine ID="line_20" HPOS="96" VPOS="866" WIDTH="752" HEIGHT="28">
							<String ID="string_146" HPOS="96" VPOS="866" WIDTH="113" HEIGHT="22" WC="0.96" CONTENT="betraktas"/><SP WIDTH="30" VPOS="866" HPOS="209"/>
							<String ID="string_147" HPOS="239" VPOS="866" WIDTH="72" HEIGHT="22" WC="0.94" CONTENT="såsom"/><SP WIDTH="30" VPOS="866" HPOS="311"/>
							<String ID="string_148" HPOS="341" VPOS="866" WIDTH="135" HEIGHT="27" WC="0.93" CONTENT="nödvändiga"/><SP WIDTH="25" VPOS="866" HPOS="476"/>
							<String ID="string_149" HPOS="501" VPOS="866" WIDTH="166" HEIGHT="27" WC="0.92" CONTENT="fortsättningar"/><SP WIDTH="24" VPOS="866" HPOS="667"/>
							<String ID="string_150" HPOS="691" VPOS="867" WIDTH="23" HEIGHT="21" WC="0.93" CONTENT="af"/><SP WIDTH="23" VPOS="867" HPOS="714"/>
							<String ID="string_151" HPOS="737" VPOS="867" WIDTH="111" HEIGHT="27" WC="0.89" CONTENT="sydfinska"/>
						</TextLine>
						<TextLine ID="line_21" HPOS="96" VPOS="901" WIDTH="752" HEIGHT="27">
							<String ID="string_152" HPOS="96" VPOS="902" WIDTH="135" HEIGHT="26" WC="0.96" CONTENT="stambanan,"/><SP WIDTH="16" VPOS="902" HPOS="231"/>
							<String ID="string_153" HPOS="247" VPOS="902" WIDTH="56" HEIGHT="20" WC="0.93" CONTENT="samt"/><SP WIDTH="12" VPOS="902" HPOS="303"/>
							<String ID="string_154" HPOS="315" VPOS="901" WIDTH="79" HEIGHT="27" WC="0.85" CONTENT="jemväl"/><SP WIDTH="15" VPOS="901" HPOS="394"/>
							<String ID="string_155" HPOS="409" VPOS="901" WIDTH="80" HEIGHT="21" WC="0.96" CONTENT="uttalat"/><SP WIDTH="16" VPOS="901" HPOS="489"/>
							<String ID="string_156" HPOS="505" VPOS="901" WIDTH="32" HEIGHT="27" WC="0.93" CONTENT="sig"/><SP WIDTH="15" VPOS="901" HPOS="537"/>
							<String ID="string_157" HPOS="552" VPOS="902" WIDTH="92" HEIGHT="20" WC="0.95" CONTENT="rörande"/><SP WIDTH="15" VPOS="902" HPOS="644"/>
							<String ID="string_158" HPOS="659" VPOS="901" WIDTH="18" HEIGHT="27" WC="0.95" CONTENT="ej"/><SP WIDTH="16" VPOS="901" HPOS="677"/>
							<String ID="string_159" HPOS="693" VPOS="901" WIDTH="83" HEIGHT="22" WC="0.93" CONTENT="mindre"/><SP WIDTH="19" VPOS="901" HPOS="776"/>
							<String ID="string_160" HPOS="795" VPOS="902" WIDTH="53" HEIGHT="26" WC="0.93" CONTENT="rigt-"/>
						</TextLine>
						<TextLine ID="line_22" HPOS="92" VPOS="936" WIDTH="756" HEIGHT="28">
							<String ID="string_161" HPOS="92" VPOS="937" WIDTH="84" HEIGHT="26" WC="0.95" CONTENT="ningen"/><SP WIDTH="23" VPOS="937" HPOS="176"/>
							<String ID="string_162" HPOS="199" VPOS="938" WIDTH="26" HEIGHT="19" WC="0.96" CONTENT="än"/><SP WIDTH="18" VPOS="938" HPOS="225"/>
							<String ID="string_163" HPOS="243" VPOS="937" WIDTH="67" HEIGHT="20" WC="0.96" CONTENT="sättet"/><SP WIDTH="18" VPOS="937" HPOS="310"/>
							<String ID="string_164" HPOS="328" VPOS="936" WIDTH="39" HEIGHT="21" WC="0.93" CONTENT="och"/><SP WIDTH="16" VPOS="936" HPOS="367"/>
							<String ID="string_165" HPOS="383" VPOS="936" WIDTH="118" HEIGHT="26" WC="0.95" CONTENT="ordningen"/><SP WIDTH="15" VPOS="936" HPOS="501"/>
							<String ID="string_166" HPOS="516" VPOS="936" WIDTH="34" HEIGHT="22" WC="0.96" CONTENT="för"/><SP WIDTH="14" VPOS="936" HPOS="550"/>
							<String ID="string_167" HPOS="564" VPOS="936" WIDTH="161" HEIGHT="28" WC="0.96" CONTENT="undersökning"/><SP WIDTH="15" VPOS="936" HPOS="725"/>
							<String ID="string_168" HPOS="740" VPOS="936" WIDTH="22" HEIGHT="22" WC="0.93" CONTENT="af"/><SP WIDTH="16" VPOS="936" HPOS="762"/>
							<String ID="string_169" HPOS="778" VPOS="936" WIDTH="70" HEIGHT="28" WC="0.96" CONTENT="öfriga"/>
						</TextLine>
						<TextLine ID="line_23" HPOS="98" VPOS="970" WIDTH="753" HEIGHT="28">
							<String ID="string_170" HPOS="98" VPOS="970" WIDTH="124" HEIGHT="22" WC="0.91" CONTENT="tillämnade"/><SP WIDTH="23" VPOS="970" HPOS="222"/>
							<String ID="string_171" HPOS="245" VPOS="970" WIDTH="130" HEIGHT="26" WC="0.91" CONTENT="stambanor,"/><SP WIDTH="23" VPOS="970" HPOS="375"/>
							<String ID="string_172" HPOS="398" VPOS="971" WIDTH="47" HEIGHT="21" WC="0.92" CONTENT="icke"/><SP WIDTH="24" VPOS="971" HPOS="445"/>
							<String ID="string_173" HPOS="469" VPOS="971" WIDTH="93" HEIGHT="21" WC="0.91" CONTENT="allenast"/><SP WIDTH="18" VPOS="971" HPOS="562"/>
							<String ID="string_174" HPOS="580" VPOS="971" WIDTH="94" HEIGHT="27" WC="0.92" CONTENT="anslagit"/><SP WIDTH="14" VPOS="971" HPOS="674"/>
							<String ID="string_175" HPOS="688" VPOS="977" WIDTH="25" HEIGHT="15" WC="0.96" CONTENT="en"/><SP WIDTH="17" VPOS="977" HPOS="713"/>
							<String ID="string_176" HPOS="730" VPOS="978" WIDTH="82" HEIGHT="14" WC="0.96" CONTENT="summa"/><SP WIDTH="15" VPOS="978" HPOS="812"/>
							<String ID="string_177" HPOS="827" VPOS="971" WIDTH="24" HEIGHT="21" WC="0.96" CONTENT="af"/>
						</TextLine>
						<TextLine ID="line_24" HPOS="98" VPOS="1005" WIDTH="750" HEIGHT="26">
							<String ID="string_178" HPOS="98" VPOS="1006" WIDTH="92" HEIGHT="25" WC="0.92" CONTENT="200,000"/><SP WIDTH="23" VPOS="1006" HPOS="190"/>
							<String ID="string_179" HPOS="213" VPOS="1005" WIDTH="61" HEIGHT="21" WC="0.96" CONTENT="mark"/><SP WIDTH="23" VPOS="1005" HPOS="274"/>
							<String ID="string_180" HPOS="297" VPOS="1005" WIDTH="34" HEIGHT="21" WC="0.93" CONTENT="för"/><SP WIDTH="22" VPOS="1005" HPOS="331"/>
							<String ID="string_181" HPOS="353" VPOS="1005" WIDTH="134" HEIGHT="22" WC="0.93" CONTENT="anställande"/><SP WIDTH="23" VPOS="1005" HPOS="487"/>
							<String ID="string_182" HPOS="510" VPOS="1006" WIDTH="22" HEIGHT="21" WC="0.93" CONTENT="af"/><SP WIDTH="17" VPOS="1006" HPOS="532"/>
							<String ID="string_183" HPOS="549" VPOS="1006" WIDTH="165" HEIGHT="21" WC="0.92" CONTENT="instrumentala"/><SP WIDTH="14" VPOS="1006" HPOS="714"/>
							<String ID="string_184" HPOS="728" VPOS="1006" WIDTH="120" HEIGHT="21" WC="0.92" CONTENT="undersök-"/>
						</TextLine>
						<TextLine ID="line_25" HPOS="98" VPOS="1039" WIDTH="752" HEIGHT="28">
							<String ID="string_185" HPOS="98" VPOS="1040" WIDTH="76" HEIGHT="27" WC="0.92" CONTENT="ningar"/><SP WIDTH="23" VPOS="1040" HPOS="174"/>
							<String ID="string_186" HPOS="197" VPOS="1039" WIDTH="23" HEIGHT="22" WC="0.93" CONTENT="af"/><SP WIDTH="17" VPOS="1039" HPOS="220"/>
							<String ID="string_187" HPOS="237" VPOS="1039" WIDTH="132" HEIGHT="22" WC="0.92" CONTENT="sistnämnde"/><SP WIDTH="16" VPOS="1039" HPOS="369"/>
							<String ID="string_188" HPOS="385" VPOS="1040" WIDTH="125" HEIGHT="26" WC="0.92" CONTENT="stamlinier,"/><SP WIDTH="16" VPOS="1040" HPOS="510"/>
							<String ID="string_189" HPOS="526" VPOS="1042" WIDTH="52" HEIGHT="19" WC="0.93" CONTENT="utan"/><SP WIDTH="15" VPOS="1042" HPOS="578"/>
							<String ID="string_190" HPOS="593" VPOS="1039" WIDTH="63" HEIGHT="22" WC="0.92" CONTENT="äfven"/><SP WIDTH="16" VPOS="1039" HPOS="656"/>
							<String ID="string_191" HPOS="672" VPOS="1040" WIDTH="96" HEIGHT="26" WC="0.90" CONTENT="anhällit,"/><SP WIDTH="16" VPOS="1040" HPOS="768"/>
							<String ID="string_192" HPOS="784" VPOS="1040" WIDTH="66" HEIGHT="21" WC="0.96" CONTENT="bland"/>
						</TextLine>
						<TextLine ID="line_26" HPOS="98" VPOS="1073" WIDTH="751" HEIGHT="28">
							<String ID="string_193" HPOS="98" VPOS="1075" WIDTH="72" HEIGHT="25" WC="0.95" CONTENT="annat,"/><SP WIDTH="23" VPOS="1075" HPOS="170"/>
							<String ID="string_194" HPOS="193" VPOS="1074" WIDTH="37" HEIGHT="21" WC="0.95" CONTENT="det"/><SP WIDTH="22" VPOS="1074" HPOS="230"/>
							<String ID="string_195" HPOS="252" VPOS="1073" WIDTH="61" HEIGHT="22" WC="0.90" CONTENT="Hans"/><SP WIDTH="22" VPOS="1073" HPOS="313"/>
							<String ID="string_196" HPOS="335" VPOS="1073" WIDTH="122" HEIGHT="28" WC="0.89" CONTENT="Kejserliga"/><SP WIDTH="15" VPOS="1073" HPOS="457"/>
							<String ID="string_197" HPOS="472" VPOS="1073" WIDTH="104" HEIGHT="28" WC="0.92" CONTENT="Majestät"/><SP WIDTH="14" VPOS="1073" HPOS="576"/>
							<String ID="string_198" HPOS="590" VPOS="1074" WIDTH="6" HEIGHT="21" WC="0.93" CONTENT="i"/><SP WIDTH="16" VPOS="1074" HPOS="596"/>
							<String ID="string_199" HPOS="612" VPOS="1074" WIDTH="67" HEIGHT="21" WC="0.92" CONTENT="näder"/><SP WIDTH="15" VPOS="1074" HPOS="679"/>
							<String ID="string_200" HPOS="694" VPOS="1074" WIDTH="83" HEIGHT="21" WC="0.92" CONTENT="täcktes"/><SP WIDTH="15" VPOS="1074" HPOS="777"/>
							<String ID="string_201" HPOS="792" VPOS="1074" WIDTH="57" HEIGHT="21" WC="0.92" CONTENT="före-"/>
						</TextLine>
						<TextLine ID="line_27" HPOS="99" VPOS="1108" WIDTH="751" HEIGHT="27">
							<String ID="string_202" HPOS="99" VPOS="1109" WIDTH="63" HEIGHT="26" WC="0.95" CONTENT="lägga"/><SP WIDTH="17" VPOS="1109" HPOS="162"/>
							<String ID="string_203" HPOS="179" VPOS="1115" WIDTH="29" HEIGHT="14" WC="0.93" CONTENT="nu"/><SP WIDTH="19" VPOS="1115" HPOS="208"/>
							<String ID="string_204" HPOS="227" VPOS="1108" WIDTH="130" HEIGHT="21" WC="0.92" CONTENT="församlade"/><SP WIDTH="19" VPOS="1108" HPOS="357"/>
							<String ID="string_205" HPOS="376" VPOS="1108" WIDTH="91" HEIGHT="21" WC="0.92" CONTENT="Ständer"/><SP WIDTH="15" VPOS="1108" HPOS="467"/>
							<String ID="string_206" HPOS="482" VPOS="1109" WIDTH="119" HEIGHT="21" WC="0.92" CONTENT="resultaten"/><SP WIDTH="15" VPOS="1109" HPOS="601"/>
							<String ID="string_207" HPOS="616" VPOS="1108" WIDTH="24" HEIGHT="21" WC="0.97" CONTENT="af"/><SP WIDTH="13" VPOS="1108" HPOS="640"/>
							<String ID="string_208" HPOS="653" VPOS="1108" WIDTH="63" HEIGHT="21" WC="0.93" CONTENT="dessa"/><SP WIDTH="15" VPOS="1108" HPOS="716"/>
							<String ID="string_209" HPOS="731" VPOS="1109" WIDTH="119" HEIGHT="21" WC="0.90" CONTENT="undersök-"/>
						</TextLine>
						<TextLine ID="line_28" HPOS="99" VPOS="1142" WIDTH="751" HEIGHT="27">
							<String ID="string_210" HPOS="99" VPOS="1143" WIDTH="76" HEIGHT="26" WC="0.92" CONTENT="ningar"/><SP WIDTH="20" VPOS="1143" HPOS="175"/>
							<String ID="string_211" HPOS="195" VPOS="1142" WIDTH="67" HEIGHT="27" WC="0.93" CONTENT="jemte"/><SP WIDTH="22" VPOS="1142" HPOS="262"/>
							<String ID="string_212" HPOS="284" VPOS="1142" WIDTH="82" HEIGHT="27" WC="0.96" CONTENT="förslag"/><SP WIDTH="22" VPOS="1142" HPOS="366"/>
							<String ID="string_213" HPOS="388" VPOS="1143" WIDTH="33" HEIGHT="20" WC="0.93" CONTENT="till"/><SP WIDTH="24" VPOS="1143" HPOS="421"/>
							<String ID="string_214" HPOS="445" VPOS="1143" WIDTH="148" HEIGHT="21" WC="0.91" CONTENT="stambansnät"/><SP WIDTH="15" VPOS="1143" HPOS="593"/>
							<String ID="string_215" HPOS="608" VPOS="1143" WIDTH="40" HEIGHT="20" WC="0.96" CONTENT="och"/><SP WIDTH="15" VPOS="1143" HPOS="648"/>
							<String ID="string_216" HPOS="663" VPOS="1143" WIDTH="33" HEIGHT="20" WC="0.96" CONTENT="till"/><SP WIDTH="16" VPOS="1143" HPOS="696"/>
							<String ID="string_217" HPOS="712" VPOS="1144" WIDTH="72" HEIGHT="25" WC="0.93" CONTENT="sättet,"/><SP WIDTH="16" VPOS="1144" HPOS="784"/>
							<String ID="string_218" HPOS="800" VPOS="1143" WIDTH="50" HEIGHT="21" WC="0.93" CONTENT="ord-"/>
						</TextLine>
						<TextLine ID="line_29" HPOS="99" VPOS="1176" WIDTH="751" HEIGHT="26">
							<String ID="string_219" HPOS="99" VPOS="1177" WIDTH="78" HEIGHT="25" WC="0.92" CONTENT="ningen"/><SP WIDTH="24" VPOS="1177" HPOS="177"/>
							<String ID="string_220" HPOS="201" VPOS="1176" WIDTH="39" HEIGHT="22" WC="0.97" CONTENT="och"/><SP WIDTH="22" VPOS="1176" HPOS="240"/>
							<String ID="string_221" HPOS="262" VPOS="1177" WIDTH="59" HEIGHT="21" WC="0.96" CONTENT="tiden"/><SP WIDTH="22" VPOS="1177" HPOS="321"/>
							<String ID="string_222" HPOS="343" VPOS="1176" WIDTH="34" HEIGHT="22" WC="0.96" CONTENT="för"/><SP WIDTH="23" VPOS="1176" HPOS="377"/>
							<String ID="string_223" HPOS="400" VPOS="1177" WIDTH="48" HEIGHT="20" WC="0.93" CONTENT="dess"/><SP WIDTH="19" VPOS="1177" HPOS="448"/>
							<String ID="string_224" HPOS="467" VPOS="1177" WIDTH="114" HEIGHT="21" WC="0.92" CONTENT="utförande"/><SP WIDTH="15" VPOS="1177" HPOS="581"/>
							<String ID="string_225" HPOS="596" VPOS="1179" WIDTH="57" HEIGHT="19" WC="0.93" CONTENT="samt"/><SP WIDTH="14" VPOS="1179" HPOS="653"/>
							<String ID="string_226" HPOS="667" VPOS="1177" WIDTH="183" HEIGHT="21" WC="0.91" CONTENT="kostnadsberäk-"/>
						</TextLine>
						<TextLine ID="line_30" HPOS="100" VPOS="1210" WIDTH="751" HEIGHT="28">
							<String ID="string_227" HPOS="100" VPOS="1211" WIDTH="58" HEIGHT="26" WC="0.96" CONTENT="ning,"/><SP WIDTH="15" VPOS="1211" HPOS="158"/>
							<String ID="string_228" HPOS="173" VPOS="1212" WIDTH="29" HEIGHT="26" WC="0.96" CONTENT="pä"/><SP WIDTH="15" VPOS="1212" HPOS="202"/>
							<String ID="string_229" HPOS="217" VPOS="1210" WIDTH="36" HEIGHT="22" WC="0.96" CONTENT="det"/><SP WIDTH="16" VPOS="1210" HPOS="253"/>
							<String ID="string_230" HPOS="269" VPOS="1212" WIDTH="32" HEIGHT="20" WC="0.93" CONTENT="att"/><SP WIDTH="16" VPOS="1212" HPOS="301"/>
							<String ID="string_231" HPOS="317" VPOS="1210" WIDTH="120" HEIGHT="22" WC="0.93" CONTENT="Ständerna"/><SP WIDTH="18" VPOS="1210" HPOS="437"/>
							<String ID="string_232" HPOS="455" VPOS="1210" WIDTH="69" HEIGHT="22" WC="0.90" CONTENT="blefve"/><SP WIDTH="15" VPOS="1210" HPOS="524"/>
							<String ID="string_233" HPOS="539" VPOS="1211" WIDTH="7" HEIGHT="21" WC="0.93" CONTENT="i"/><SP WIDTH="16" VPOS="1211" HPOS="546"/>
							<String ID="string_234" HPOS="562" VPOS="1211" WIDTH="84" HEIGHT="21" WC="0.91" CONTENT="tillfälle"/><SP WIDTH="16" VPOS="1211" HPOS="646"/>
							<String ID="string_235" HPOS="662" VPOS="1212" WIDTH="32" HEIGHT="20" WC="0.96" CONTENT="att"/><SP WIDTH="14" VPOS="1212" HPOS="694"/>
							<String ID="string_236" HPOS="708" VPOS="1211" WIDTH="56" HEIGHT="21" WC="0.96" CONTENT="fatta"/><SP WIDTH="14" VPOS="1211" HPOS="764"/>
							<String ID="string_237" HPOS="778" VPOS="1211" WIDTH="73" HEIGHT="21" WC="0.96" CONTENT="beslut"/>
						</TextLine>
						<TextLine ID="line_31" HPOS="99" VPOS="1244" WIDTH="473" HEIGHT="28">
							<String ID="string_238" HPOS="99" VPOS="1246" WIDTH="8" HEIGHT="20" WC="0.95" CONTENT="i"/><SP WIDTH="16" VPOS="1246" HPOS="107"/>
							<String ID="string_239" HPOS="123" VPOS="1246" WIDTH="70" HEIGHT="20" WC="0.93" CONTENT="denna"/><SP WIDTH="14" VPOS="1246" HPOS="193"/>
							<String ID="string_240" HPOS="207" VPOS="1244" WIDTH="190" HEIGHT="28" WC="0.92" CONTENT="maktpäliggande"/><SP WIDTH="15" VPOS="1244" HPOS="397"/>
							<String ID="string_241" HPOS="412" VPOS="1245" WIDTH="160" HEIGHT="27" WC="0.92" CONTENT="angelägenhet."/>
						</TextLine>
					</TextBlock>
					<TextBlock ID="block_4" HPOS="97" VPOS="1274" WIDTH="755" HEIGHT="237">
						<TextLine ID="line_32" HPOS="168" VPOS="1274" WIDTH="682" HEIGHT="33">
							<String ID="string_242" HPOS="168" VPOS="1280" WIDTH="70" HEIGHT="20" WC="0.91" CONTENT="Jemte"/><SP WIDTH="29" VPOS="1280" HPOS="238"/>
							<String ID="string_243" HPOS="267" VPOS="1280" WIDTH="36" HEIGHT="20" WC="0.93" CONTENT="det"/><SP WIDTH="25" VPOS="1280" HPOS="303"/>
							<String ID="string_244" HPOS="328" VPOS="1274" WIDTH="382" HEIGHT="27" WC="0.78" CONTENT="Äbo—Tammerfors—Tavastehus"/><SP WIDTH="28" VPOS="1274" HPOS="710"/>
							<String ID="string_245" HPOS="738" VPOS="1280" WIDTH="112" HEIGHT="27" WC="0.90" CONTENT="jernvägs-"/>
						</TextLine>
						<TextLine ID="line_33" HPOS="102" VPOS="1314" WIDTH="747" HEIGHT="27">
							<String ID="string_246" HPOS="102" VPOS="1314" WIDTH="99" HEIGHT="27" WC="0.96" CONTENT="byggnad"/><SP WIDTH="22" VPOS="1314" HPOS="201"/>
							<String ID="string_247" HPOS="223" VPOS="1314" WIDTH="71" HEIGHT="21" WC="0.93" CONTENT="blifvit"/><SP WIDTH="22" VPOS="1314" HPOS="294"/>
							<String ID="string_248" HPOS="316" VPOS="1314" WIDTH="34" HEIGHT="21" WC="0.96" CONTENT="för"/><SP WIDTH="18" VPOS="1314" HPOS="350"/>
							<String ID="string_249" HPOS="368" VPOS="1315" WIDTH="82" HEIGHT="20" WC="0.93" CONTENT="statens"/><SP WIDTH="16" VPOS="1315" HPOS="450"/>
							<String ID="string_250" HPOS="466" VPOS="1314" WIDTH="92" HEIGHT="26" WC="0.96" CONTENT="räkning"/><SP WIDTH="14" VPOS="1314" HPOS="558"/>
							<String ID="string_251" HPOS="572" VPOS="1314" WIDTH="80" HEIGHT="26" WC="0.96" CONTENT="utförd,"/><SP WIDTH="16" VPOS="1314" HPOS="652"/>
							<String ID="string_252" HPOS="668" VPOS="1314" WIDTH="39" HEIGHT="21" WC="0.96" CONTENT="har"/><SP WIDTH="14" VPOS="1314" HPOS="707"/>
							<String ID="string_253" HPOS="721" VPOS="1314" WIDTH="61" HEIGHT="20" WC="0.93" CONTENT="Hans"/><SP WIDTH="16" VPOS="1314" HPOS="782"/>
							<String ID="string_254" HPOS="798" VPOS="1314" WIDTH="51" HEIGHT="26" WC="0.67" CONTENT="Kej-"/>
						</TextLine>
						<TextLine ID="line_34" HPOS="103" VPOS="1347" WIDTH="749" HEIGHT="26">
							<String ID="string_255" HPOS="103" VPOS="1348" WIDTH="79" HEIGHT="25" WC="0.92" CONTENT="serliga"/><SP WIDTH="21" VPOS="1348" HPOS="182"/>
							<String ID="string_256" HPOS="203" VPOS="1348" WIDTH="104" HEIGHT="25" WC="0.92" CONTENT="Majestät"/><SP WIDTH="14" VPOS="1348" HPOS="307"/>
							<String ID="string_257" HPOS="321" VPOS="1347" WIDTH="55" HEIGHT="25" WC="0.92" CONTENT="lätit,"/><SP WIDTH="20" VPOS="1347" HPOS="376"/>
							<String ID="string_258" HPOS="396" VPOS="1348" WIDTH="4" HEIGHT="19" WC="0.93" CONTENT="i"/><SP WIDTH="15" VPOS="1348" HPOS="400"/>
							<String ID="string_259" HPOS="415" VPOS="1347" WIDTH="115" HEIGHT="26" WC="0.92" CONTENT="anledning"/><SP WIDTH="22" VPOS="1347" HPOS="530"/>
							<String ID="string_260" HPOS="552" VPOS="1348" WIDTH="23" HEIGHT="20" WC="0.93" CONTENT="af"/><SP WIDTH="21" VPOS="1348" HPOS="575"/>
							<String ID="string_261" HPOS="596" VPOS="1347" WIDTH="131" HEIGHT="20" WC="0.91" CONTENT="Ständernas"/><SP WIDTH="17" VPOS="1347" HPOS="727"/>
							<String ID="string_262" HPOS="744" VPOS="1347" WIDTH="108" HEIGHT="26" WC="0.91" CONTENT="ifrägava-"/>
						</TextLine>
						<TextLine ID="line_35" HPOS="101" VPOS="1379" WIDTH="750" HEIGHT="28">
							<String ID="string_263" HPOS="101" VPOS="1381" WIDTH="67" HEIGHT="20" WC="0.91" CONTENT="rande"/><SP WIDTH="15" VPOS="1381" HPOS="168"/>
							<String ID="string_264" HPOS="183" VPOS="1387" WIDTH="56" HEIGHT="20" WC="0.93" CONTENT="svar,"/><SP WIDTH="15" VPOS="1387" HPOS="239"/>
							<String ID="string_265" HPOS="254" VPOS="1381" WIDTH="88" HEIGHT="26" WC="0.91" CONTENT="vidtaga"/><SP WIDTH="15" VPOS="1381" HPOS="342"/>
							<String ID="string_266" HPOS="357" VPOS="1380" WIDTH="26" HEIGHT="21" WC="0.93" CONTENT="de"/><SP WIDTH="15" VPOS="1380" HPOS="383"/>
							<String ID="string_267" HPOS="398" VPOS="1379" WIDTH="69" HEIGHT="28" WC="0.91" CONTENT="öfriga"/><SP WIDTH="16" VPOS="1379" HPOS="467"/>
							<String ID="string_268" HPOS="483" VPOS="1381" WIDTH="106" HEIGHT="26" WC="0.92" CONTENT="ätgärder,"/><SP WIDTH="11" VPOS="1381" HPOS="589"/>
							<String ID="string_269" HPOS="600" VPOS="1381" WIDTH="88" HEIGHT="20" WC="0.92" CONTENT="hvarom"/><SP WIDTH="10" VPOS="1381" HPOS="688"/>
							<String ID="string_270" HPOS="698" VPOS="1383" WIDTH="100" HEIGHT="18" WC="0.90" CONTENT="närmare"/><SP WIDTH="10" VPOS="1383" HPOS="798"/>
							<String ID="string_271" HPOS="808" VPOS="1381" WIDTH="43" HEIGHT="20" WC="0.92" CONTENT="för-"/>
						</TextLine>
						<TextLine ID="line_36" HPOS="101" VPOS="1414" WIDTH="751" HEIGHT="27">
							<String ID="string_272" HPOS="101" VPOS="1415" WIDTH="65" HEIGHT="21" WC="0.92" CONTENT="mäles"/><SP WIDTH="16" VPOS="1415" HPOS="166"/>
							<String ID="string_273" HPOS="182" VPOS="1415" WIDTH="33" HEIGHT="21" WC="0.92" CONTENT="uti"/><SP WIDTH="15" VPOS="1415" HPOS="215"/>
							<String ID="string_274" HPOS="230" VPOS="1415" WIDTH="41" HEIGHT="21" WC="0.93" CONTENT="den"/><SP WIDTH="15" VPOS="1415" HPOS="271"/>
							<String ID="string_275" HPOS="286" VPOS="1415" WIDTH="79" HEIGHT="26" WC="0.92" CONTENT="nädiga"/><SP WIDTH="14" VPOS="1415" HPOS="365"/>
							<String ID="string_276" HPOS="379" VPOS="1415" WIDTH="135" HEIGHT="26" WC="0.96" CONTENT="proposition"/><SP WIDTH="15" VPOS="1415" HPOS="514"/>
							<String ID="string_277" HPOS="529" VPOS="1415" WIDTH="48" HEIGHT="21" WC="0.96" CONTENT="med"/><SP WIDTH="14" VPOS="1415" HPOS="577"/>
							<String ID="string_278" HPOS="591" VPOS="1414" WIDTH="82" HEIGHT="27" WC="0.96" CONTENT="förslag"/><SP WIDTH="15" VPOS="1414" HPOS="673"/>
							<String ID="string_279" HPOS="688" VPOS="1415" WIDTH="32" HEIGHT="21" WC="0.93" CONTENT="till"/><SP WIDTH="12" VPOS="1415" HPOS="720"/>
							<String ID="string_280" HPOS="732" VPOS="1415" WIDTH="120" HEIGHT="22" WC="0.92" CONTENT="stambans-"/>
						</TextLine>
						<TextLine ID="line_37" HPOS="100" VPOS="1448" WIDTH="751" HEIGHT="28">
							<String ID="string_281" HPOS="100" VPOS="1451" WIDTH="38" HEIGHT="20" WC="0.92" CONTENT="nät"/><SP WIDTH="21" VPOS="1451" HPOS="138"/>
							<String ID="string_282" HPOS="159" VPOS="1449" WIDTH="34" HEIGHT="22" WC="0.92" CONTENT="för"/><SP WIDTH="19" VPOS="1449" HPOS="193"/>
							<String ID="string_283" HPOS="212" VPOS="1449" WIDTH="143" HEIGHT="27" WC="0.92" CONTENT="jernvägarne"/><SP WIDTH="15" VPOS="1449" HPOS="355"/>
							<String ID="string_284" HPOS="370" VPOS="1449" WIDTH="8" HEIGHT="20" WC="0.96" CONTENT="i"/><SP WIDTH="14" VPOS="1449" HPOS="378"/>
							<String ID="string_285" HPOS="392" VPOS="1448" WIDTH="98" HEIGHT="28" WC="0.93" CONTENT="Finland,"/><SP WIDTH="24" VPOS="1448" HPOS="490"/>
							<String ID="string_286" HPOS="514" VPOS="1449" WIDTH="86" HEIGHT="21" WC="0.90" CONTENT="hvilken"/><SP WIDTH="15" VPOS="1449" HPOS="600"/>
							<String ID="string_287" HPOS="615" VPOS="1449" WIDTH="72" HEIGHT="22" WC="0.90" CONTENT="blifvit"/><SP WIDTH="15" VPOS="1449" HPOS="687"/>
							<String ID="string_288" HPOS="702" VPOS="1449" WIDTH="120" HEIGHT="22" WC="0.91" CONTENT="Ständerna"/><SP WIDTH="16" VPOS="1449" HPOS="822"/>
							<String ID="string_289" HPOS="838" VPOS="1450" WIDTH="13" HEIGHT="21" WC="0.92" CONTENT="&amp;"/>
						</TextLine>
						<TextLine ID="line_38" HPOS="97" VPOS="1484" WIDTH="309" HEIGHT="27">
							<String ID="string_290" HPOS="97" VPOS="1485" WIDTH="73" HEIGHT="21" WC="0.92" CONTENT="denna"/><SP WIDTH="15" VPOS="1485" HPOS="170"/>
							<String ID="string_291" HPOS="185" VPOS="1484" WIDTH="102" HEIGHT="27" WC="0.91" CONTENT="landtdag"/><SP WIDTH="15" VPOS="1484" HPOS="287"/>
							<String ID="string_292" HPOS="302" VPOS="1484" WIDTH="104" HEIGHT="27" WC="0.92" CONTENT="förelagd."/>
						</TextLine>
					</TextBlock>
				</ComposedBlock>
				<GraphicalElement ID="cblock_2" HPOS="1027" VPOS="20" WIDTH="9" HEIGHT="552"></GraphicalElement >
			</PrintSpace>
		</Page>
	</Layout>
</alto>
