1056 1709
244 132 26 19 20
467 130 22 23 U.
506 130 24 22 B.
546 142 26 3 —
588 130 136 22 111—XVIIL

215 195 116 21 huruledes
348 195 36 21 det
400 201 61 21 synes
477 194 23 22 af
518 194 273 22 amortissementsfondens
807 195 102 21 säkerhet
925 195 40 21 och

215 229 98 21 ändamål
327 229 113 27 betingadt
456 231 32 19 att
503 230 26 20 de
545 236 99 20 summor,
661 235 46 15 som
719 230 12 20 ä
740 229 91 22 fondens
846 229 119 27 fordringar

214 263 79 28 inflyta,
309 263 151 23 företrädesvis
476 264 35 21 mä
525 264 97 26 placeras
637 264 7 21 i
660 264 56 27 goda
731 264 148 27 obligationer.

423 349 20 23 2.
472 349 286 28 Undsättningsfonden.

282 402 40 22 Vid
345 402 158 27 granskningen
522 402 22 21 af
558 402 69 22 denna
640 401 62 22 fonds
716 402 146 27 räkenskaper
877 402 38 21 har
931 404 33 20 ut-

214 436 84 27 gäende
312 436 103 22 balansen
430 436 32 22 för
480 438 51 19 1871
548 436 108 22 befunnits
672 442 50 15 vara
737 436 102 27 följande:

213 470 96 22 Kontant
324 470 122 27 behållning
477 488 3 4 .
512 485 4 5 .
547 487 4 9 ,
582 487 4 4 <
617 487 3 3 <
653 487 3 4 so
688 488 4 3 so
724 487 39 4 oc
831 472 82 24 61,883:
931 472 33 20 95.

214 504 44 22 Säd
271 504 152 22 motsvarande
438 504 7 21 i
460 504 65 22 värde
545 521 4 4 .
581 522 3 3 .
616 521 4 3 .
652 522 4 3 .
687 522 3 3 .
723 522 39 3 -..
794 506 119 25 1,271,950:
931 506 33 20 91.

213 539 127 26 Fordringar
353 539 8 21 i
375 538 91 22 kontant
482 538 40 22 och
537 538 95 27 spanmäl
655 555 1 4 .
688 540 5 18 :
723 556 3 3 .
758 556 4 3 .
794 540 119 24 1,224,568:
930 541 34 19 41.

690 578 86 22 Summa
792 580 121 25 2,558,403:
930 581 34 20 27.

214 619 40 22 och
276 619 48 21 icke
347 620 119 25 2,559,326:
484 620 32 24 62,
540 618 71 22 såsom
626 618 7 22 i
648 618 128 22 Relationen
790 625 49 21 pag.
855 619 56 27 XVI,
938 621 25 20 16

213 653 117 27 uppgifves.
360 652 133 22 Differensen
514 654 40 20 923
570 659 27 15 m.
613 655 25 19 35
654 659 21 21 p.
690 653 64 21 beror
769 653 108 22 sannolikt
891 654 72 27 derpå,

212 689 33 20 att
260 688 58 21 olika
332 687 44 27 pris
390 686 69 22 blifvit
474 686 23 22 af
510 687 57 21 olika
581 686 224 28 magasinsförvaltare
815 688 90 22 fondens
917 688 49 22 säd-

213 722 95 22 förråder
328 722 78 26 åsatta,
427 722 85 21 hvilken
531 721 81 21 olikhet
625 721 47 21 icke
688 721 70 21 blifvit
774 722 130 22 observerad
918 722 7 22 i
941 723 25 21 de

213 756 141 22 summariska
368 756 149 26 räkningarna,
533 756 82 26 hvarpå
629 756 128 21 Relationen
772 758 24 19 är
810 756 98 22 baserad.

281 790 113 27 Utgående
416 790 104 21 balansen
541 789 33 23 för
598 791 54 20 1876
676 796 49 21 pag.
741 790 57 27 XVI,
816 793 24 19 17
861 791 40 21 har
918 791 48 21 icke

212 826 83 20 kunnat
316 824 149 27 kontrolleras,
489 824 138 22 alldenstund
649 824 111 22 bokslutet
782 824 34 23 för
840 827 53 20 1876
910 828 57 19 ännu

212 860 48 22 icke
284 861 24 20 är
329 859 122 28 uppgjordt.
481 859 83 22 Endast
586 859 34 22 må
643 859 120 28 anmärkas,
787 861 32 21 att
839 861 66 27 enligt
920 859 47 23 från

214 894 162 22 Statskontoret
397 894 86 22 lemnad
505 894 84 28 uppgift
611 894 90 22 fondens
724 894 104 22 kontanta
843 895 123 28 behållning

212 929 111 22 äfvensom
338 929 157 21 räntebärande
512 928 140 28 obligationer
670 929 13 21 å
693 929 112 22 utländskt
819 931 59 26 mynt
891 930 74 22 ultimo

212 964 52 22 Dec.
282 965 54 21 1876
352 963 99 28 utgjorde
467 965 111 25 2,535,095
594 970 27 15 m.
638 966 26 19 60
680 970 20 21 p.
723 964 34 21 Då
768 964 66 27 enligt
841 964 128 23 Relationen

213 1005 47 21 pag.
276 998 56 27 XVI,
351 1000 25 20 17
399 1004 81 16 samma
494 1000 76 25 poster
584 998 139 22 tillsammans
739 999 99 27 utgjorde
855 1001 111 25 2,536,531

211 1040 28 14 m.
257 1032 25 22 15
298 1040 28 20 p.,
342 1033 70 21 måste
428 1039 49 15 man
492 1034 79 25 antaga
586 1034 34 20 att
634 1032 129 22 differensen
771 1033 90 21 emellan
871 1034 96 21 Relatio-

211 1074 52 15 nens
289 1067 40 22 och
348 1067 173 21 Statskontorets
540 1066 114 28 uppgifter,
674 1067 120 27 utgörande
819 1069 61 25 1,435
896 1074 27 15 m.
941 1070 24 20 55

210 1108 28 21 p.,
255 1104 23 19 är
294 1103 32 20 att
340 1101 58 21 finna
413 1101 7 21 i
434 1101 200 21 landtränterierna.

232 1232 22 25 B.
281 1230 31 27 Af
324 1230 126 27 Ständerna
468 1229 109 35 beviljade
595 1230 42 26 och
654 1230 72 27 andra
743 1230 113 28 likartade
873 1231 76 27 medel.

280 1300 33 21 De
335 1299 134 27 berättelser,
489 1305 46 15 som
556 1298 8 21 i
579 1298 128 22 Relationen
721 1300 50 26 ingä
786 1300 91 21 rörande
891 1300 74 22 bevill-

213 1333 153 28 ningsmedlen,
381 1333 304 27 bränvinsbränningsskatten
704 1334 40 21 och
761 1334 204 22 kommunikations-

212 1368 79 23 fonden
306 1368 40 22 har
361 1368 167 22 Statsutskottet
543 1368 49 22 med
606 1368 86 27 ledning
707 1368 23 22 af
742 1368 134 28 tillgängliga
889 1370 76 21 räken-

214 1404 78 26 skaper
306 1404 141 21 underkastat
462 1402 92 22 särskild
569 1402 136 27 granskning,
721 1403 2 21 i
739 1403 153 28 sammanhang
901 1404 63 22 hvar-

212 1438 49 22 med
282 1438 113 22 Utskottet
418 1436 61 23 äfven
497 1437 118 21 undersökt
633 1436 155 29 förvaltningen
804 1438 22 22 af
840 1438 123 23 donations-

279 1479 135 17 Statsutskotlets
427 1479 105 17 betänkande
544 1478 36 17 N:o
594 1478 25 16 11.
