1045 1703
323 142 28 19 U.
364 142 27 17 B.
404 152 22 3 —
438 142 78 22 Prop.
529 143 44 18 N:o
585 143 43 17 46.
811 144 14 21 5

101 212 37 21 det
158 211 140 22 härförinnan
316 211 98 22 normala
432 211 143 22 förhållandet
594 217 51 15 vara
661 212 104 21 sannolik.
795 212 58 21 Vore

101 245 28 22 då
151 245 61 22 äfven
235 247 68 20 under
325 246 69 21 denna
416 246 156 26 förutsättning
595 247 31 20 ett
648 245 75 27 utbyte
742 246 23 21 af
779 245 74 22 silfver

101 281 46 20 mot
168 280 52 26 guld
238 281 72 20 såsom
325 279 149 22 värdemätare
489 282 32 19 att
536 280 7 21 i
558 279 85 22 landets
658 279 148 22 välförstådda
820 279 32 21 in-

100 315 70 20 tresse
184 313 101 22 förorda?

170 347 38 21 Ett
228 348 137 26 fullständigt
387 347 40 21 och
449 347 200 22 tillfredsställande
671 354 50 14 svar
740 347 28 27 på
783 347 70 21 denna

100 382 62 26 fråga
177 382 70 21 skulle
262 382 77 21 främst
353 382 87 27 påkalla
455 389 26 14 en
496 384 98 19 närmare
608 382 161 26 undersökning
789 382 22 21 af
825 382 27 21 de

100 416 93 21 nämnda
211 417 138 21 metallernas
367 417 132 26 egenskaper
517 416 39 22 och
573 416 101 22 inbördes
692 416 108 22 företräde
818 416 33 21 så-

101 457 46 15 som
169 451 127 21 värdemått.
325 450 40 22 Att
386 450 40 22 här
448 451 51 27 ingå
521 452 6 20 i
551 457 25 15 en
599 450 73 27 sådan,
688 451 42 21 kan
753 450 24 22 så
794 456 57 21 myc-

100 485 38 21 ket
159 486 83 20 mindre
264 491 52 15 vara
337 485 28 27 på
388 485 33 21 sin
440 486 63 26 plats,
524 491 46 15 som
585 491 26 15 en
626 485 120 21 kortfattad
761 484 90 27 redogö-

100 520 62 26 relse,
185 520 92 20 rörande
299 520 27 20 de
348 520 98 26 resultat,
464 520 34 20 till
516 520 73 20 hvilka
603 519 139 27 forskningen
757 519 7 21 i
780 520 72 20 ämnet

100 554 51 26 ledt,
167 554 24 21 af
204 554 120 21 ännämnda
339 554 140 26 myntkomité
495 554 101 26 afgifvits.
612 554 48 21 Den
675 554 116 26 vigtigaste
802 559 49 21 syn-

99 588 97 27 punkten
218 588 68 21 måste
309 588 75 22 härvid
407 588 136 27 naturligtvis
567 594 51 15 vara
640 588 41 21 den
704 589 69 19 större
799 587 52 22 eller

99 623 83 21 mindre
198 623 152 26 värdefasthet,
367 629 46 15 som
429 623 40 20 den
485 629 40 15 ena
540 623 51 21 eller
602 623 67 21 andra
682 622 99 21 metallen
792 623 57 26 äger.

99 656 31 28 Ty
153 659 32 19 att
204 663 26 15 en
245 657 128 27 fullständig
388 656 183 27 oföränderlighet
585 657 7 21 i
607 657 65 21 värde
688 657 46 20 icke
749 656 42 21 kan
807 657 42 20 till-

99 690 85 22 komma
206 691 129 27 någondera,
357 692 66 20 beror
444 692 29 26 på
491 691 92 21 utredda
597 691 39 21 och
652 691 88 20 allmänt
755 690 96 21 erkända

99 725 140 21 ekonomiska
254 726 67 26 lagar.
340 726 171 21 Vidkommande
526 725 47 22 åter
589 726 69 20 denna
672 725 91 21 relativa
773 725 77 26 stadga

98 760 7 21 i
127 760 71 26 värde,
222 760 39 21 har
282 760 156 27 myntkomitén
461 760 67 26 enligt
549 760 76 26 källor,
650 766 44 14 som
714 759 84 27 åtnjuta
813 765 36 15 an-

99 794 77 22 seende
199 794 33 21 för
250 794 149 27 trovärdighet
418 794 38 21 och
472 794 90 22 omfatta
576 794 48 21 hela
640 794 40 21 den
695 794 101 26 tidrymd,
811 799 39 15 un-

97 828 40 22 der
151 829 87 21 hvilken
254 829 63 21 dessa
331 829 109 21 metallers
455 829 101 21 inbördes
567 828 216 27 värdeförändringar
793 828 58 21 varit

98 863 90 21 föremål
203 863 34 21 för
253 864 162 26 tillförlitligare
430 864 147 26 iakttagelser,
593 863 89 21 kommit
697 862 33 22 till
746 863 37 21 det
798 862 49 26 slut,

98 899 33 19 att
146 898 74 26 guldet
235 897 142 22 öfverhufvud
392 898 71 25 bättre
479 900 27 19 än
522 897 70 22 silfret
607 897 55 21 visat
673 897 33 26 sig
716 896 69 22 förmå
795 898 54 20 mot-

99 932 34 21 stå
156 932 26 21 de
204 932 123 27 inflytelser,
350 938 46 15 som
418 932 65 22 verka
506 932 27 27 på
552 938 74 15 varors
641 932 86 26 värden,
742 931 107 27 nemligen

98 966 72 27 hastig
193 967 96 27 stegring
306 967 7 21 i
332 966 91 28 tillgång
438 966 52 22 eller
505 973 26 15 en
547 966 67 22 under
629 966 70 26 någon
714 966 45 21 viss
774 966 75 27 period

98 1000 100 21 minskad
213 1000 136 27 efterfrågan.

170 1034 42 21 Till
234 1035 70 21 denna
325 1035 34 21 för
381 1035 75 26 guldet
478 1035 71 21 såsom
571 1035 165 21 värdemätande
758 1033 91 22 föremål

97 1068 167 27 hufvudsakliga
286 1069 107 27 egenskap
416 1069 85 22 komma
523 1069 68 22 andra
612 1069 46 20 dels
680 1068 105 27 tekniska,
802 1068 45 21 dels

98 1103 140 21 ekonomiska
259 1103 130 26 företräden,
412 1103 73 22 hvilka
507 1103 58 27 gifva
587 1103 69 21 denna
680 1103 73 21 metall
777 1103 70 21 såsom

97 1138 159 26 myntmaterial
282 1137 39 22 och
350 1137 193 27 bytesförmedlare
573 1139 32 20 ett
630 1137 137 27 obestridligt
792 1137 56 21 före-

98 1171 62 21 träde
184 1172 90 21 framför
303 1171 76 22 silfret.
418 1172 107 21 Särskildt
554 1172 62 21 torde
642 1172 54 21 böra
717 1171 131 26 framhållas,

99 1207 32 19 att
160 1206 76 26 guldet
264 1206 36 20 vid
327 1211 82 16 samma
433 1206 70 27 volym
531 1205 119 22 innehåller
677 1207 32 20 ett
731 1205 118 27 mångdub-

97 1239 46 22 belt
165 1242 69 19 större
256 1240 66 21 värde
345 1242 56 19 samt
423 1242 32 19 att
470 1241 118 28 detsamma
602 1240 72 21 derför
690 1240 71 21 såsom
776 1239 72 27 bytes-

96 1273 70 22 medel
182 1276 24 19 är
221 1274 127 26 beqvämare
363 1275 40 20 och
418 1275 48 20 med
481 1275 82 20 mindre
579 1274 92 21 kostnad
686 1273 103 28 flyttbart.
809 1273 40 22 Att

96 1308 60 21 detta
178 1308 134 21 förhållande
334 1308 47 22 icke
404 1311 24 18 är
447 1311 52 18 utan
514 1309 32 20 sin
562 1309 110 26 betydelse
687 1308 34 21 för
736 1310 31 19 ett
782 1307 65 27 glest-

95 1341 119 26 befolkadt,
236 1342 49 20 med
307 1341 51 27 föga
379 1342 127 21 utvecklade
530 1342 210 20 kommunikationer
763 1341 84 21 försedt

95 1375 57 26 land,
170 1375 72 21 dertill
257 1375 90 26 aflägset
361 1375 49 21 från
425 1375 137 21 metallernas
577 1375 202 26 produktionsorter
795 1375 53 21 eller

95 1409 120 22 förnämsta
229 1409 205 28 marknadsplatser,
451 1409 55 21 skall
521 1409 47 21 icke
583 1409 73 21 kunna
670 1409 108 22 förnekas.
805 1409 43 22 Det

96 1444 62 21 torde
176 1444 48 21 icke
243 1443 92 22 behöfva
350 1444 92 26 befaras,
459 1444 62 21 äfven
536 1450 34 15 om
585 1450 49 15 man
650 1443 56 28 finge
721 1445 79 26 antaga
815 1445 33 20 att

164 1483 141 23 Myntutskottets
317 1483 106 18 betänkande
435 1489 27 12 n:o
475 1484 15 17 1.
