1036 1703
414 152 61 33 NHJ
777 159 26 20 33

674 225 75 23 Litt.
764 226 39 23 B.

78 265 217 30 Förteckning
317 266 59 24 öfver
398 273 43 23 nya
463 268 39 23 och
523 267 103 25 förökade
644 270 82 29 anslag,
745 270 86 24 hvarom

150 300 119 29 Kejserliga
284 300 90 24 Senaten
389 301 66 24 under
471 300 155 26 nedanstående
642 303 66 29 dagar
717 304 114 30 hemstäilt,

151 340 45 18 men
212 335 57 23 ännu
284 335 48 23 icke
347 333 40 25 fått
402 336 106 28 emottaga
522 334 75 31 nådigt
612 342 57 18 svar.

692 419 60 32 Mark.
800 430 17 17 p.

96 496 54 20 1875
166 495 40 21 den
217 497 27 20 26
254 496 127 27 November,
390 496 110 28 angäende
508 497 132 21 inrättandet

166 530 23 21 af
202 536 26 15 en
240 531 206 27 skogvaktareskola
456 532 36 21 vid
500 532 64 21 Evois
575 532 65 21 forst-

165 565 93 26 institut,
273 565 49 22 med
338 565 64 28 årligt
417 567 76 26 anslag
509 567 22 20 af
563 583 4 4 .
598 583 5 4 .
634 583 4 4 .
709 569 63 26 9,200
795 582 27 2 =

165 599 38 21 och
218 599 34 22 för
266 600 70 21 första
350 600 182 22 iståndsättandet
562 617 4 4 .
598 617 4 4 .
634 617 4 4 .
709 603 63 26 2,800
794 616 28 2 >

115 650 11 9 »
165 634 40 20 den
220 635 27 20 26
263 634 126 27 November,
413 635 109 26 angående
544 641 28 20 ny
595 636 44 19 stat

164 667 34 21 för
213 668 176 27 Forststyrelsen,
406 669 176 27 öfverskjutande
597 669 41 21 den

76 712 2 29 |
163 702 125 21 nuvarande
302 702 49 21 med
384 719 5 4 .
420 719 5 4 .
456 719 4 4 so
491 719 4 4 so
562 719 4 5 ss
597 719 40 5 cc
707 706 65 25 4,400
793 718 28 3 '—

94 736 53 21 1876
163 736 41 21 den
220 738 26 20 20
261 737 96 25 Januari,
381 737 110 26 angående
509 736 129 28 löneförhöj-

163 770 51 27 ning
236 771 34 21 för
292 771 152 27 Ingeniörerne
463 771 22 21 af
499 772 65 25 2:dra,
581 771 57 27 3:dje

163 805 39 21 och
222 806 48 20 4:de
288 805 112 21 klasserna
418 806 36 20 vid
469 806 168 26 Ingeniörkåren

161 839 34 21 för
209 842 50 24 väg-
275 840 39 20 och
327 840 310 21 vattenkommunikationerne

161 874 7 20 i
191 874 79 26 landet,
293 874 139 21 medförande
455 880 26 15 en
500 874 136 27 tillökning
625 870 14 36 i

161 908 151 26 utgiftsstaten
327 908 22 21 af
382 924 5 5 .
418 925 4 3 .
453 925 5 4 .
489 925 4 4 .
707 911 63 26 9,640
792 923 25 3 |—

161 942 41 21 den
218 944 27 19 24
260 938 110 48 Februari,
387 942 110 27 angående
512 925 68 45 årliga
595 925 41 44 hy-

160 976 134 22 resmedel
282 972 16 36 å
308 978 41 20 600
365 977 61 21 mark
441 977 34 21 för
490 977 35 21 två
540 977 96 27 kolleger

160 1011 36 20 vid
207 1006 47 26 Åbo
266 1012 94 26 lyceums
371 1012 144 25 provisionela
526 1012 110 26 afdelning
707 1013 62 26 1,200
791 1025 28 2 |-—

91 1046 53 21 1875
161 1045 40 22 den
218 1047 25 19 14
258 1045 124 27 December,
398 1045 109 27 angående
517 1046 119 21 understöd

160 1080 28 27 på
210 1082 61 19 extra
293 1081 45 20 stat
355 1079 34 22 för
405 1080 106 21 särskilda
525 1086 109 21 personer,

160 1115 33 20 tili
210 1114 155 27 sammanlagdt
380 1114 78 27 belopp
475 1115 23 20 af
523 1131 4 4 .
558 1131 5 4 .
594 1131 4 4 .
630 1130 4 5 .
705 1116 62 26 2,231
792 1116 26 20 120

90 1150 53 21 1876
160 1149 40 21 den
217 1150 25 20 19
264 1149 97 25 Januari,
384 1149 110 26 angående
512 1149 74 26 anslag
601 1149 34 20 för

72 1192 2 10 i
160 1183 112 21 aflönande
287 1184 23 20 af
323 1184 76 25 lärare,
415 1184 121 20 lärarinnor
552 1183 39 21 och
602 1190 33 14 ar-

159 1218 123 21 betsledare
304 1218 35 20 vid
359 1218 84 20 landets
458 1217 177 27 fängelseanstal-

160 1254 46 19 ter.
237 1269 5 4 .
630 1268 4 4 5
692 1252 76 26 14,400
789 1264 28 3 >

161 1286 40 22 den
225 1288 26 19 14
273 1268 74 44 Mara;
363 1268 110 44 angående
487 1268 89 44 förhöjd
592 1268 43 39 stat

159 1320 34 22 för
216 1320 129 26 sjukvården
367 1320 8 20 i
397 1320 79 26 landet,
496 1320 138 21 medförande

159 1360 26 15 on
201 1354 55 26 årlig
271 1354 114 25 tillökning
401 1353 22 20 af
452 1369 4 4 .
487 1369 4 5 .
522 1369 4 5 .
558 1369 4 5 .
629 1369 5 4 =
689 1354 78 25 59,000
789 1365 28 2 |—

89 1389 54 21 1875
160 1389 41 20 den
217 1389 26 20 22
263 1387 123 24 December,
410 1387 109 27 angäende
542 1369 92 40 löneför-

159 1423 88 27 höjning
264 1423 35 20 för
315 1422 185 21 Underdirektorn
514 1422 36 21 vid
565 1423 69 26 mynt-

159 1458 75 21 verket
254 1453 60 35 Lihr.
345 1473 3 5 .
380 1473 4 4 .
416 1473 3 4 <
451 1473 40 4 ss
522 1473 39 4 ss
593 1473 39 4 cc
727 1457 40 20 500
782 1452 35 35 |—

512 1497 120 27 Transport
642 1493 12 35 |
675 1498 89 25 103,371
790 1498 27 20 |20

741 1537 10 17 3
