1036 1706
251 149 26 20 14
581 147 29 21 IT.

479 295 38 30 År
534 307 71 18 1821.

238 365 112 27 Klagomål
365 364 90 22 anförda
470 364 39 22 hos
524 364 146 22 Prokuratorn

238 405 65 21 bland
317 405 72 21 hvilka
405 405 32 21 till
453 404 43 22 åtal
512 411 75 20 genom
603 404 161 22 Advokatfiskal
780 380 69 46 öfver-

266 447 90 20 lemnats
372 447 57 19 emot
445 445 158 21 Underrätter
592 441 14 35 .
887 445 13 20 4

238 486 39 21 och
293 487 57 20 emot
364 485 170 26 Länestyrelse
524 481 15 35 .
889 485 9 19 1

238 527 56 20 samt
311 526 33 20 till
362 525 134 27 fullföljande
514 525 38 21 hos
572 501 112 45 Guvernör
699 501 52 45 eller
766 501 82 45 his

265 567 44 20 rätt
324 565 110 21 hänvisats
458 581 4 4 .
808 581 5 4 ö
887 565 12 20 6

237 612 48 15 men
304 605 25 22 de
349 605 74 26 öfriga,
444 611 45 15 som
503 576 109 59 befunnits
628 580 47 46 icke
689 581 112 45 föranleda
815 605 33 20 till

266 645 72 27 dylika
352 645 107 28 åtgärder,
476 646 82 27 utgjort
843 660 5 5 |
873 645 25 20 37

872 691 27 21 48

236 726 57 21 Frän
315 726 121 26 Kejserliga
458 725 93 22 Senaten
569 725 32 22 till
617 725 147 22 Prokuratorn
780 725 68 22 öfver-

265 766 97 21 lemnade
377 766 48 25 mål,
442 772 46 14 som
503 766 87 21 utstälts
606 766 33 21 till
655 765 43 21 åtal
713 771 76 21 genom
805 765 42 21 Ad-

264 805 127 22 vokatfiiskal
424 821 4 5 .
460 822 4 4 .
494 822 4 4 .
529 822 4 4 .
598 821 5 4 E
634 822 4 4 k
669 822 4 4 S
703 822 5 4 x
738 821 6 5 x
872 818 28 2 —

236 846 23 21 af
272 846 72 21 hvilka
359 847 45 20 mot
419 822 149 45 Underrätter
886 847 13 19 2

236 887 58 20 emot
308 886 161 26 Länestyrelser
808 901 4 4 s
846 902 1 3 I
887 886 13 20 4

236 925 40 21 och
290 926 57 21 emot
362 925 66 21 andra
444 901 171 45 administrativa
629 900 147 51 myndigheter
808 941 4 4 s
842 941 6 4 s[
887 926 12 20 2

886 972 12 20 8

479 1021 36 30 Ar
531 1033 72 18 1872.

235 1089 113 27 Klagomäl
362 1089 90 22 anförda
467 1090 39 21 hos
521 1090 146 21 Prokuratorn
841 1106 5 5 N

234 1129 65 21 bland
313 1129 73 21 hvilka
400 1130 33 21 till
449 1129 44 21 ätal
508 1135 76 21 genom
600 1129 163 22 Advokatfiskal
778 1106 68 45 öfver-

262 1169 91 21 lemnats
368 1171 58 18 emot
440 1169 143 21 Underrätter
597 1185 4 5 .

234 1209 39 20 och
288 1210 57 19 emot
360 1208 161 27 Länestyrelser
736 1225 74 4 sea

234 1250 55 18 samt
304 1248 33 20 till
352 1247 134 27 fullföljande
501 1249 39 20 hos
555 1225 114 44 Guvernör
677 1249 111 20 hänvisats
805 1263 5 6 .

233 1293 48 15 men
304 1287 26 21 de
352 1287 75 26 öfriga,
450 1293 46 15 som
518 1287 109 21 befunnits
646 1287 19 27 ej
683 1287 111 22 föranleda
812 1288 33 21 till

262 1327 72 27 dylika
348 1327 107 28 åtgärder,
471 1327 82 27 utgjort

232 1409 57 22 Från
306 1409 121 26 Kejserliga
446 1408 92 21 Senaten
557 1408 33 21 till
610 1408 147 22 Prokuratorn
776 1409 68 22 öfver-

259 1449 97 22 lemnade
371 1448 49 26 mål,
436 1454 47 15 som
499 1448 88 22 utstälts
603 1448 33 21 till
651 1449 43 21 åtal
710 1455 76 21 genom
801 1449 43 22 Ad-

259 1488 479 23 vokatfiskal
412 1484 16 35 .
449 1484 16 35 .
484 1484 19 35 .
520 1484 18 35 k
561 1484 14 35 =
594 1484 14 35 =
629 1484 14 35 «=
659 1484 25 35 so
692 1484 49 35 cc

884 1211 13 20 N

868 1377 27 20 38

930 364 26 20 48

930 691 27 20 48

928 1091 27 20 38

840 1325 19 36 .1
869 1329 27 21 26

926 1377 27 20 38
