1048 1709
261 139 12 20 6
517 138 27 18 U.
556 139 29 19 B.
597 138 68 18 XIX.

231 199 54 23 kurs
301 199 52 22 eller
366 206 76 20 genom
457 200 127 27 vidtagande
598 199 24 21 af
635 198 80 22 sådana
731 199 135 27 operationer
877 198 8 21 i
895 198 69 22 utlan-

233 233 46 27 det,
298 233 74 21 hvilka
393 233 34 21 för
441 233 85 21 banken
543 232 152 22 neutraliserat
713 233 155 27 verkningarne
883 232 24 22 af
919 232 47 21 des-

233 274 26 19 sa
282 266 166 28 spekulationer.
477 261 19 27 Å
515 267 68 21 andra
600 267 62 21 sidan
675 267 39 21 har
729 267 96 21 deremot
840 268 46 20 åter
901 266 64 22 fram-

233 301 79 25 hållits:
334 302 33 21 att
386 301 226 28 Bankförvaltningen,
636 301 76 22 medan
729 303 58 19 ännu
807 301 160 27 varaktigheten

234 336 25 22 af
283 335 81 22 silfrets
385 335 85 27 prisfall
490 336 47 21 icke
557 336 83 20 kunnat
660 336 100 26 förutses,
776 336 49 20 med
839 337 58 19 rätta
917 335 50 21 bort

235 368 58 23 finna
317 368 36 22 det
371 368 48 22 med
442 369 102 21 Finlands
561 369 72 21 banks
654 368 86 28 uppgift
758 369 39 21 och
813 369 102 28 ställning
937 369 31 21 öf-

236 402 209 22 verensstämmande
465 405 32 19 att
519 405 109 26 gentemot
648 402 111 28 tillfälliga
779 403 40 21 och
847 403 122 27 öfvergäen-

238 436 27 22 de
285 436 155 22 fluktuationer
461 437 147 27 upprätthälla
626 437 41 21 den
689 437 76 27 stadga
778 437 7 20 i
800 437 84 21 landets
899 439 68 25 mynt-

235 471 78 26 värde,
342 478 47 14 som
416 470 69 22 under
513 471 130 28 föregäende
671 472 24 20 är
723 471 90 21 kommit
841 470 127 23 affärsverk-

235 506 112 21 samheten
365 505 34 21 till
417 505 54 27 godo
488 505 40 21 och
548 512 46 14 som
612 505 8 21 i
633 505 43 27 hög
693 504 53 28 grad
763 505 94 27 bidragit
871 501 34 25 till
920 505 48 21 dess

236 539 109 28 framsteg;
374 541 32 19 att
434 539 215 28 bankförvaltningen
679 538 62 22 äfven
773 538 91 22 derefter
893 546 75 20 genom

238 573 135 22 undvikande
388 574 24 21 af
424 574 124 27 upprepade
564 573 203 28 kursförändringar
782 574 49 21 sökt
838 574 132 21 förekomma

237 608 133 28 rubbningar
393 608 7 21 i
416 608 40 21 den
485 608 86 27 dagliga
595 607 229 22 affärsverksamheten
854 608 40 21 och
909 615 61 21 egen-

238 642 155 22 domsvärdena
413 643 8 21 i
445 643 79 25 landet,
554 642 72 22 hvilka
647 642 148 21 förstnämnda
814 643 7 20 i
842 642 49 21 vida
904 642 67 28 högre

237 676 53 29 grad
304 676 71 22 skulle
388 676 124 22 framkallat
527 683 37 14 oro
581 677 39 21 och
636 676 113 22 osäkerhet
765 677 40 21 hos
819 676 151 26 allmänheten;

237 712 33 21 att
298 710 96 22 bankens
414 710 89 22 bokslut
519 710 35 22 för
568 711 25 21 år
611 711 53 21 1875
685 710 96 22 utvisade
811 718 24 14 en
866 711 106 27 agiovinst

236 745 28 21 af
284 745 99 27 omkring
397 745 92 25 900,000
502 744 62 22 mark
579 744 23 22 af
616 744 40 22 den
679 744 116 22 utländska
811 744 160 26 vexelhandeln,

238 778 81 22 hvilket
340 778 135 22 förhållande
504 780 72 27 syntes
599 778 79 28 antyda
706 780 33 20 att
761 778 126 22 differensen
909 778 62 22 emel-

241 813 36 21 lan
291 813 96 22 bankens
402 813 102 21 noterade
522 812 70 22 vexel-
607 812 41 22 och
666 812 173 22 diskont-kurser
856 812 117 28 ingalunda

240 848 71 21 kunde
326 854 62 15 anses
403 847 136 27 otillräcklig;
551 848 55 20 samt
617 848 32 20 att
664 846 155 28 agioförlusten
829 847 35 21 för
879 848 24 20 år
919 848 53 20 1876

239 881 178 29 hufvudsakligen
433 881 67 22 borde
514 881 124 21 tillskrifvas
655 881 24 21 de
694 882 85 27 hastiga
794 882 39 21 och
848 884 59 20 stora
919 881 53 21 fluk-

239 916 138 21 tuationerna
392 916 7 20 i
413 916 147 27 metallpriset.

295 950 42 21 Till
351 949 158 29 förtydligande
528 950 23 21 af
568 950 90 21 anförda
675 950 134 22 förbållande
824 950 39 21 har
877 950 95 22 Bankut-

241 983 80 22 skottet
340 984 71 21 funnit
429 985 76 27 nödigt
522 984 46 22 låta
587 984 98 22 utarbeta
699 984 86 28 bilagda
799 984 93 28 grafiska
907 985 65 26 tablå,

241 1023 47 15 som
309 1018 82 21 utvisar
412 1018 139 28 vexlingarna
568 1019 8 20 i
594 1018 172 28 silfverpriserna
782 1018 68 22 under
867 1019 106 21 nästföre-

240 1051 82 28 gående
352 1052 25 21 år
405 1052 35 21 vid
468 1053 104 21 börserna
592 1053 8 21 i
622 1053 88 21 London
733 1053 40 21 och
792 1052 111 28 Hamburg
918 1056 57 18 samt

241 1085 96 22 bankens
359 1086 109 27 samtidigt
489 1086 103 22 noterade
611 1087 75 21 kurser
705 1088 14 20 &
736 1087 23 21 L.
775 1087 30 21 St.
848 1087 43 21 För
909 1087 65 28 öfrigt

243 1119 39 22 har
310 1120 117 21 utskottets
448 1120 114 28 majoritet,
583 1120 47 22 med
651 1120 136 28 åberopande
806 1121 24 21 af
845 1121 56 21 hvad
916 1121 57 21 Full-

243 1153 94 28 mäktige
363 1154 18 21 i.
400 1154 62 22 deras
493 1155 116 21 berättelse
642 1155 71 21 anfört
741 1155 109 27 angående
879 1156 95 21 vådorna

242 1188 40 21 och
297 1188 166 28 olägenheterna
477 1188 23 22 af
513 1189 101 21 Finlands
622 1189 68 21 banks
705 1190 106 21 isolerade
825 1189 102 28 ställning
942 1190 31 21 in-

242 1229 35 15 om
292 1222 40 21 den
362 1222 115 22 utländska
505 1223 161 26 vexelbandeln,
681 1224 56 21 velat
753 1224 40 21 här
808 1224 75 21 endast
898 1223 74 27 uttala,

243 1258 32 18 att
287 1255 162 28 ifrågavarande
464 1256 134 28 rörelsegren
616 1258 59 27 synts
689 1257 111 23 Utskottet
815 1257 91 21 sålunda
920 1258 53 20 böra

245 1289 113 26 bedrifvas,
373 1291 32 19 att
420 1290 123 21 densamma
557 1290 7 20 i
579 1291 40 21 och
634 1290 34 22 för
683 1292 32 26 sig
729 1291 102 21 betäcker
845 1291 72 21 risken
933 1291 40 21 och

242 1323 146 22 kostnaderna
405 1326 56 19 samt
474 1324 122 22 derutöfver
614 1325 81 22 lemnar
713 1332 26 15 en
757 1325 68 29 skälig
843 1325 129 28 behållning,

244 1359 54 22 utan
312 1356 101 24 afseende
427 1359 14 21 å
455 1358 40 22 den
510 1359 61 27 vinst,
580 1366 46 15 som
640 1360 34 22 för
688 1360 84 22 banken
787 1360 24 22 af
819 1360 155 22 sedelemissio-

243 1399 42 15 nen
298 1393 97 28 uppstår.

313 1426 38 23 Uti
365 1427 201 22 bankrevisorernes
580 1428 118 29 förättning
718 1429 35 22 för
770 1430 25 21 år
811 1430 52 22 1875
879 1432 94 20 omnäm-

244 1468 39 18 nas
298 1463 76 20 tvenne
389 1462 34 21 vid
439 1462 157 23 filialkontoren
619 1464 124 23 förekomna
765 1464 44 28 fall,
824 1466 7 22 i
845 1465 72 23 hvilka
931 1466 43 21 för-

289 1501 154 21 Bankutskottets
455 1502 107 20 Berättelse.
