1039 1700
788 167 14 21 3

83 234 85 25 derhän,
188 235 32 19 att
239 234 41 21 den
295 234 47 20 icke
356 234 41 20 kan
414 236 63 24 göras
493 234 99 26 gällande
608 234 70 21 såsom
694 241 25 15 en
735 235 95 26 proprie-

82 268 87 26 borgen,
192 270 58 23 utan,
266 268 56 20 hvad
338 268 74 20 länens
428 268 100 20 inbördes
543 268 133 21 förhållande
691 268 138 27 vidkommer,

82 302 55 20 blott
153 302 71 20 såsom
239 308 25 14 en
280 302 49 26 laga
344 302 87 26 borgen.

152 336 28 20 Af
202 335 250 27 Hypoteksföreningens
468 336 71 21 deficit
553 336 88 26 belöper
657 336 32 26 sig
705 336 35 21 vid
755 337 75 26 utgån-

83 376 40 20 gen
139 370 22 20 af
175 370 24 20 år
216 370 53 21 1876
284 370 29 26 på
327 370 125 26 utlåningen
467 370 7 20 i

219 404 66 21 Wasa
356 404 35 21 län
407 404 97 27 omkring
527 421 4 4 .
563 420 4 5 .
594 400 9 35 =
612 406 83 24 65,500.

220 438 32 21 S:t
266 438 89 21 Michels
371 454 9 10 ,
453 455 9 9 5
528 455 4 4 +
563 454 4 6 <
613 440 82 24 35,000.

219 472 85 27 Kuopio
372 489 9 9 ”
454 489 9 9 ”
528 489 4 5 =
563 489 5 5 +
600 474 95 25 140,200.

219 507 121 27 Uleäborgs
371 524 9 10 ,
453 524 9 9 "
527 524 5 4 -
563 524 4 4 .
598 508 97 26 218,400.

155 542 63 20 Huru
236 543 46 20 stor
297 541 79 21 förlust
398 542 12 20 å
426 542 26 20 de
467 542 124 27 föreningen
607 544 56 19 ännu
678 542 110 27 tillhöriga
802 542 30 22 lä-

84 577 128 27 genheterne
228 577 69 20 skulle
312 577 130 26 uppkomma
456 577 35 21 vid
507 577 62 21 deras
585 577 132 27 försäljning,
733 577 42 21 kan
786 578 46 21 icke

84 611 48 21 med
152 611 100 21 säkerhet
271 611 27 27 pä
314 611 91 21 förhand
420 611 113 22 beräknas.
563 611 32 21 De
611 613 84 20 senaste
711 611 62 22 årens
790 612 42 21 för-

85 645 117 28 säljningar
221 645 63 21 hafva
303 645 80 21 lemnat
401 651 26 15 en
445 645 78 21 förlust
539 645 22 22 af
574 646 8 21 i
597 646 99 21 medeltal
712 646 66 27 några
794 646 38 21 och

85 680 38 21 och
139 680 61 26 tjugu
215 681 89 25 procent
319 679 13 20 &
347 679 36 21 det
398 679 77 27 belopp
486 680 6 20 i
504 679 136 27 länekapital,
651 681 63 20 ränta
725 681 38 20 och
774 680 58 21 kost-

85 714 72 25 nader,
173 713 87 22 hvartill
276 713 26 21 de
316 713 58 21 varit
388 713 110 21 bokförde.
526 713 50 22 Men
593 714 36 21 det
644 716 23 18 är
683 715 107 20 sannolikt
801 716 32 19 att

85 748 115 21 resultatet
221 747 78 21 varder
322 749 69 19 sämre
413 747 120 26 framdeles,
557 748 179 27 hufvudsakligen
756 749 22 20 af
793 749 39 20 den

86 782 64 21 orsak
165 783 33 20 att
210 782 24 26 ju
249 782 75 26 längre
339 781 32 21 tid
386 782 125 21 hemmanen
526 782 84 21 tillbört
625 782 131 27 föreningen,
772 783 60 20 desto

85 817 66 26 högre
174 822 82 15 summa
279 816 55 21 hade
356 821 76 20 genom
456 816 168 26 uppdebiterade
640 818 73 19 räntor
728 817 28 26 på
771 817 62 20 deras

86 851 65 21 konto
173 851 140 26 uppkommit.
344 850 39 21 Om
407 850 37 21 det
466 852 88 25 antages
577 852 32 19 att
629 851 154 26 afskrifningen
798 851 36 21 vid

86 885 126 26 försäljning
231 885 67 20 under
318 885 26 20 de
362 885 126 20 kommande
504 885 50 20 åren
570 885 54 20 skall
640 885 7 20 i
663 885 99 21 medeltal
778 886 56 25 stiga

87 919 32 22 till
136 920 26 20 50
172 919 32 26 %,
221 919 24 21 så
259 925 51 15 vore
330 920 32 20 att
380 919 33 21 till
436 919 63 20 ofvan
521 920 109 25 upptagna
652 925 183 15 ansvarssummor

87 955 83 25 läggas:
186 953 34 21 för
236 953 32 21 S:t
282 953 90 21 Michels
388 953 35 20 län
439 954 96 25 235,000,
552 953 33 21 för
596 953 85 27 Kuopio
693 951 97 29 214,000,
801 954 33 21 för

88 988 118 25 Uleäborgs
228 987 36 20 län
287 988 91 25 225,000
400 987 67 20 mark.
497 987 146 26 Föreningens
663 988 98 26 delegare
780 988 7 20 i
803 987 32 21 S:t

87 1021 88 21 Michels
199 1021 40 26 län,
263 1021 190 26 representerande
476 1023 31 18 ett
531 1021 149 26 ursprungligt
704 1021 130 26 länekapital

89 1056 110 25 1,460,000
222 1055 66 26 mark,
312 1055 84 20 komme
416 1055 89 20 sälunda
520 1057 32 19 att
567 1055 118 21 vidkännas
701 1061 26 15 en
743 1055 91 21 utbetal-

87 1090 50 26 ning
160 1089 22 20 af
203 1089 89 26 ungefär
312 1089 25 20 18
346 1089 26 25 %
391 1089 13 20 å
420 1089 32 20 sin
467 1089 56 26 gäld,
539 1089 34 21 för
587 1089 85 26 Kuopio
689 1089 40 26 län,
745 1089 48 21 med
810 1096 25 14 en

88 1123 192 27 utläningssumma
298 1123 23 21 af
335 1123 113 25 2,320,850
464 1123 61 21 mark
541 1123 69 21 blefve
625 1123 211 21 tillskottsbetainin-

87 1164 41 21 gen
152 1158 60 26 15%
235 1158 39 20 och
296 1157 34 21 för
348 1157 120 27 Uleåborgs
488 1158 41 26 län,
544 1157 29 27 pä
587 1158 92 25 505,000
694 1158 72 20 marks
781 1158 55 20 utlä-

87 1193 57 26 ning,
160 1192 80 20 inemot
256 1192 26 20 88
298 1193 94 25 procent.
422 1192 49 20 Men
486 1192 72 20 härtill
574 1192 95 20 kommer
685 1194 56 18 ännu
757 1194 80 18 största

88 1228 103 25 anparten
214 1226 22 20 af
258 1226 41 20 den
320 1226 47 20 icke
390 1226 79 20 länsvis
492 1226 103 21 bokförde
616 1226 67 25 delen,
703 1226 22 20 af
740 1226 96 26 omkring

89 1262 90 24 200,000
195 1260 66 26 mark,
277 1260 23 20 af
314 1260 180 20 förlustbalansen
509 1260 35 20 vid
561 1260 54 20 1876
631 1260 35 20 ärs
678 1260 85 26 utgäng,
776 1262 60 24 samt,

89 1295 67 26 enligt
175 1301 51 20 nyss
242 1294 88 21 anförde
346 1294 207 26 beräkningsgrund,
569 1295 27 20 50
605 1295 26 24 %
648 1294 22 20 af
683 1294 155 21 förskottsräk-

89 1330 78 24 ningen
182 1335 27 13 m.
226 1335 26 13 m.
269 1328 34 20 för
318 1328 136 26 föreningens
470 1328 123 26 lägerfheter
613 1329 52 19 eller
680 1328 89 25 ungefär
784 1329 26 19 90
827 1328 12 20 ä

91 1363 95 25 100,000,
204 1368 45 14 som
264 1362 47 20 icke
327 1361 33 21 för
370 1361 134 21 närvarande
515 1363 37 19 äro
563 1361 33 21 för
607 1361 73 26 hvarje
691 1362 34 20 län
737 1361 102 21 särskildt

89 1396 126 26 uträknade,
231 1402 48 14 men
292 1396 78 26 jemväl
387 1395 81 21 drabba
484 1396 25 20 de
525 1396 32 20 tre
573 1394 138 22 förenämnda
727 1395 67 21 länen.

160 1430 11 21 I
193 1430 143 21 betraktande
359 1430 22 21 af
398 1429 26 22 de
444 1430 95 27 sorgliga
553 1429 78 28 följder
646 1430 36 21 det
697 1430 70 21 skulle
781 1430 58 21 med-

90 1466 53 27 föra,
168 1465 72 22 derest
261 1465 239 28 Hypoteksföreningen
522 1465 93 22 anlitade
640 1465 41 21 den
706 1465 55 22 enda
782 1465 58 22 inom
