1039 1709
291 148 32 20 U.
340 148 29 20 B.
386 158 27 4 -—
428 147 82 25 Prop.
525 148 47 20 N:o
587 146 46 21 49.
823 146 10 20 3

276 252 112 19 Utskottots
400 252 274 25 sammanjemkningförslag.

168 345 68 20 Häraf
256 345 91 27 framgår
369 348 30 17 att
421 347 97 26 samtliga
537 346 62 20 stånd
620 346 53 19 varit
691 352 50 13 ense
757 351 32 14 om
806 345 40 20 den

101 379 89 26 ändring
206 379 23 20 af
242 382 10 21 $
268 380 26 19 55
309 380 7 19 i
332 380 148 26 förordningen
497 380 23 20 af
534 381 40 19 den
591 381 12 19 9
618 379 49 20 Juni
684 379 60 26 1873,
760 381 30 18 att
805 373 51 26 fem|

100 413 82 20 kannor
198 420 49 13 vore
263 414 35 19 det
314 414 74 19 minsta
405 415 82 25 belopp,
502 421 44 14 som
562 413 121 21 handlande
699 413 54 26 finge
769 413 22 20 af
803 413 53 27 deil

101 447 87 20 berörde
208 449 8 22 $
237 447 137 21 omförmälda
399 455 60 14 varor
482 449 92 26 försälja,
594 448 106 20 äfvensom
719 448 78 22 derom,
816 450 31 17 att

99 481 32 20 för
155 482 99 26 rättighet
278 484 30 17 att
328 483 52 26 sälja
394 483 80 20 mindre
494 483 76 26 belopp
587 483 60 20 deraf
660 482 67 20 skulle
742 483 105 20 erfordras

99 515 102 26 tillstånd,
218 516 112 20 utverkadt
344 517 6 19 i
367 517 39 20 den
422 517 96 26 ordning,
539 523 44 14 som
594 516 48 21 med
653 517 98 20 afseende
762 517 12 20 å
786 517 58 20 brän-

100 550 33 20 vin
150 553 23 17 är
188 551 105 26 stadgadt.
323 551 99 20 Deremot
437 558 49 19 eger
501 551 145 26 skiljaktighet
656 551 87 20 stånden
755 551 88 20 emellan

100 591 44 13 rum
161 585 6 18 i
183 585 59 25 fråga
258 591 33 13 om
307 585 90 20 handeln
414 586 46 19 med
478 586 57 19 viner
550 585 40 20 och
601 585 103 20 likaledes
714 585 130 20 beträffande

98 618 72 26 frågan
187 619 103 20 huruvida
306 619 143 20 minuthandel
466 620 46 19 med
529 620 61 19 dessa
603 625 60 14 varor
673 619 55 26 finge
739 619 105 20 bedrifvas

97 652 138 20 tillsammans
250 653 47 20 med
314 659 68 13 annan
398 653 82 20 handel.

164 687 211 27 Inäst-omförmälda
386 687 113 20 afseenden
508 687 36 21 har
556 687 101 20 utskottet
665 699 28 3 —
703 689 51 18 enär
763 687 79 20 Preste-

96 721 39 19 och
146 720 162 21 Bondestånden
320 721 188 27 hufvudsakligeen
520 721 59 20 torde
588 721 63 20 fästat
659 721 44 26 vigt
711 721 34 20 vid
755 724 30 17 att
792 721 49 20 han-

96 755 33 20 del
146 755 46 20 med
214 755 32 25 de,
265 762 25 13 en
309 757 66 19 större
394 756 132 20 alkoholhalt
540 755 151 21 innehållande
705 756 40 20 och
761 755 82 21 derföre

96 790 120 26 egentligen
231 796 16 14 s.
262 790 20 20 k.
301 790 135 27 rusgifvande
452 790 117 28 dryckerna
584 791 47 19 icke
642 790 103 21 bedrifves
757 790 84 21 tillsam-

95 831 58 13 mans
169 825 47 19 med
234 831 67 13 annan
325 825 83 26 handel,
428 828 53 17 samt
497 826 26 19 då
543 826 39 20 den
599 825 22 20 af
634 825 153 26 Ridderskapet
803 825 39 21 och

96 858 68 21 Adeln
180 859 108 20 äfvensom
305 859 177 26 Borgareståndet
497 860 115 20 omfattade
628 860 155 20 reservationen
799 861 44 20 åter

94 893 72 20 främst
187 900 61 19 synes
270 893 63 20 afsett
348 895 38 18 att
394 893 48 20 icke
458 894 92 19 likställa
565 894 58 19 viner
639 894 46 20 med
701 895 141 25 nyssnämnda

100 928 114 25 spritvaror
229 939 27 4 —
272 930 50 18 trott
335 928 31 26 sig
380 928 50 20 böra
438 929 68 19 såsom
516 930 28 18 ett
554 928 215 27 förmedlingsförslag
780 929 61 20 fram-

98 961 68 26 ställa,
187 962 12 19 å
217 968 39 13 ena
271 963 59 19 sidan
343 957 34 24 att
392 963 40 19 den
447 962 120 26 föreslagna
581 962 116 26 ändringen
711 962 48 20 icke
774 962 67 21 skulle

97 996 118 20 utsträckas
231 996 30 20 till
277 997 65 26 viner,
353 999 53 17 samt
417 997 27 26 på
456 997 38 20 den
504 997 65 20 andra
577 997 60 20 sidan
646 1000 30 16 att
684 999 47 21 rätt,
742 998 30 19 att
781 997 58 19 utmi-

94 1032 73 18 nutera
190 1030 26 20 de
231 1031 6 18 i
254 1032 9 23 $
280 1031 25 19 55
324 1031 137 20 omförmälda
484 1031 114 26 spritvaror
620 1031 27 26 på
669 1033 40 18 sätt
731 1031 109 26 angående

94 1064 85 19 bränvin
197 1067 23 16 är
240 1065 105 26 stadgadt,
362 1065 46 20 icke
424 1065 67 20 skulle
508 1065 115 26 medgifvas
639 1065 47 26 den,
702 1072 43 13 som
763 1065 76 20 drifver

93 1105 69 13 annan
177 1098 84 21 handel.
292 1099 31 20 En
339 1099 65 20 sådan
420 1100 116 25 anordning
550 1106 61 13 anser
621 1099 102 20 utskottet
734 1100 104 19 dessutom

92 1132 186 20 öfverensstämma
294 1133 46 20 med
356 1133 65 26 syftet
435 1134 7 19 i
459 1134 38 19 den
514 1133 23 20 af
545 1134 96 25 samtliga
652 1134 60 19 stånd
724 1134 114 19 omfattade

91 1165 94 27 petition,
207 1173 43 13 som
267 1167 60 26 gifvit
343 1167 113 26 anledning
472 1168 29 19 till
518 1167 138 20 förevarande
671 1167 77 26 nådiga
763 1174 74 19 propo-

91 1201 73 24 sition;
188 1201 39 19 och
251 1201 35 20 får.
304 1201 101 19 utskottet
419 1201 6 19 i
442 1201 92 26 enlighet
553 1201 86 20 härmed
656 1201 61 20 alltså
733 1201 106 20 vördsamt

90 1234 121 27 hemställa
202 1230 13 35 :

296 1270 32 18 att
340 1267 123 21 Ständerna
474 1269 70 25 mätte,
554 1267 158 28 Ridderskapet
721 1268 36 20 och
766 1268 71 21 Adeln

226 1304 55 18 samt
302 1301 186 28 Borgareständet
510 1302 48 20 med
574 1302 142 27 frängäende
738 1302 30 26 af
788 1302 49 21 sina

222 1335 136 27 föregående
383 1335 68 28 beslut
477 1336 71 20 derom
567 1338 32 17 att
614 1336 94 20 idkande
723 1336 29 26 af
763 1342 74 14 annan

226 1368 79 20 handel
319 1368 68 21 skulle
392 1368 118 26 förklaras
520 1369 46 20 icke
576 1370 80 26 utgöra
666 1368 69 21 hinder
747 1364 33 36 för
793 1369 43 20 vin-

226 1402 72 20 nande
313 1402 29 26 af
353 1402 103 27 rättighet
471 1402 35 20 till
524 1402 203 28 minutförsäljning
737 1402 30 27 af
774 1402 62 22 dessa

226 1442 71 19 varor,
317 1436 108 27 äfvensom
440 1437 84 20 Preste-
540 1436 36 21 och
599 1436 168 22 Bondeständen
789 1437 48 21 med

220 1470 141 28 Jrängäende
371 1470 30 28 af
410 1470 93 22 besluten
517 1478 32 14 om
560 1470 41 22 den
610 1471 127 28 föreslagna
740 1470 95 28 föränd-

158 1510 74 23 Bihang
244 1510 31 18 till
286 1510 185 19 Ekonomiutskottets
482 1511 111 18 betänkande
604 1511 37 19 N:o
653 1512 27 17 16.
