1036 1700
223 152 27 20 26
555 151 28 21 I.

266 219 34 21 till
319 220 26 20 30
364 218 60 22 daler
439 218 33 21 för
490 219 135 21 vårdslöshet
641 219 34 21 vid
691 219 128 21 utfärdande
835 219 23 20 af
871 224 75 21 grava-

195 253 118 21 tionsbevis
329 252 109 26 angående
454 258 26 15 en
496 252 93 22 derefter
604 252 13 21 å
633 252 95 27 offentlig
743 252 101 22 exekutiv
857 252 89 21 auktion

195 287 82 21 försåld
296 286 105 26 lägenhet,
422 286 31 21 uti
472 286 81 22 hvilket
571 286 60 22 bevis
650 293 25 14 en
694 287 33 21 för
746 286 200 27 sytningskontrakt

196 322 113 21 meddelad
324 321 123 27 inteckning
462 321 7 20 i
485 321 127 27 lägenheten
629 321 18 27 ej
665 321 71 21 blifvit
750 323 117 25 upptagen;

268 356 33 21 till
319 356 27 20 20
366 355 60 21 daler
444 355 33 21 för
496 356 136 20 vårdslöshet
649 355 36 21 vid
704 356 157 26 behandlingen
880 355 24 21 af
921 361 25 15 en

195 390 103 27 torptvist
313 390 39 21 och
368 390 166 26 uppsättningen
550 389 23 22 af
586 390 37 20 det
638 390 98 21 deröfver
751 389 62 21 förda
828 390 115 26 protokoll,

196 425 60 21 hvari
277 424 93 26 oriktiga
386 430 65 15 namn
470 424 39 21 och
524 424 51 21 data
590 425 55 19 samt
665 424 144 21 vilseledande
824 424 122 21 antecknin-

196 465 38 21 gar
250 458 41 21 fått
306 457 80 27 inflyta,
398 458 109 20 äfvensom
521 458 8 20 i
544 458 95 26 utslaget
654 458 110 26 upptagits
780 457 103 27 domskäl,
894 458 53 20 hvil-

196 494 28 20 ka
239 493 48 21 med
303 492 99 21 afseende
418 492 12 20 å
445 492 142 26 protokollets
603 492 92 21 innehåll
711 492 56 21 varit
783 492 110 21 stridande
903 494 45 19 mot

196 526 213 22 förhandenvarande
425 526 198 26 sakförhållanden;

269 561 32 21 till
317 561 27 20 20
360 560 59 21 daler
434 560 33 21 för
483 560 79 27 oriktig
577 560 198 27 bötesförvandling
790 561 8 20 i
809 566 25 16 en
850 560 97 22 saköres-

197 596 71 25 längd,
288 595 137 26 hvarigenom
445 595 41 20 den
505 595 104 21 sakfällde
629 595 73 20 hällits
720 595 7 20 i
742 595 96 26 fängelse
854 596 11 20 7
882 595 66 26 dagar

198 630 74 25 längre
288 631 25 18 än
329 629 138 25 vederbordt;
484 631 55 18 samt

269 663 33 21 till
318 663 27 20 50
361 663 59 20 daler
435 663 34 21 för
484 663 99 26 felaktigt
597 663 123 20 förfarande
735 663 36 20 vid
786 663 162 26 saluvärdering

197 698 14 20 å
230 704 26 14 en
275 697 105 26 lägenhet,
401 697 37 20 der
458 697 169 21 domhafvanden
641 697 67 26 jemte
727 697 99 20 biträden
845 697 46 20 icke
911 703 37 15 ens

198 731 94 22 infunnit
307 731 38 26 sig,
357 733 51 18 utan
424 731 84 21 affattat
522 732 151 20 instrumentet
688 731 12 20 å
712 733 31 18 ett
756 731 126 26 närbeläget
891 731 58 20 hem-

198 772 49 15 man
265 766 6 20 i
288 771 69 14 annan
377 765 32 26 by,
426 765 76 21 hvaraf
518 766 49 26 följt
586 767 32 18 att
637 765 113 21 Hofrätten
772 765 105 20 förklarat
893 765 56 21 salu-

199 800 142 25 värderingen
360 799 76 26 ogiltig
455 799 38 20 och
513 800 39 20 den
569 799 66 26 derpå
654 799 110 26 grundade
779 799 114 21 exekutiva
908 799 42 21 för-

199 834 119 26 säljningen
334 833 22 20 af
370 833 146 21 förstnämnde
531 833 100 26 lägenhet
642 833 94 26 återgått
746 835 56 19 samt
817 833 132 26 sakägarene

199 868 87 26 åbragts
306 867 91 26 onödiga
416 867 123 21 kostnader.
570 867 164 26 Sammanlagda
749 867 101 27 beloppet
865 867 22 21 af
902 868 47 20 des-

199 908 25 15 sa
239 902 61 21 böter
315 903 63 24 utgör
395 902 39 20 160
450 901 60 21 daler
525 902 51 21 eller
591 902 39 21 307
647 901 61 21 mark
718 902 28 20 20
756 902 70 25 penni,
837 901 112 21 hvarutom

183 947 2 2 -
200 936 108 21 särskilda
325 936 145 25 ersättningar
488 935 71 22 blifvit
577 936 108 21 utdömda.
716 931 66 26 Öfver
802 935 58 22 detta
879 936 71 25 utslag

199 970 39 21 har
254 970 40 20 den
310 969 104 22 sakfällde
430 969 170 22 domhafvanden
615 969 72 21 anfört
701 969 147 27 underdåniga
866 969 82 26 besvär,

200 1004 72 21 hvilka
288 1004 120 27 Kejserliga
427 1004 102 21 Senatens
545 1004 253 27 Justitie-Departement
814 1004 40 21 den
869 1005 25 20 21
911 1004 39 21 Fe-

200 1038 72 21 bruari
290 1039 53 20 1874
359 1037 112 21 förkastat.

271 1072 119 27 Kejserlige
410 1066 46 26 Åbo
473 1072 88 21 Hofrätt
576 1072 38 20 har
630 1077 74 20 genom
721 1071 71 27 utslag
808 1071 41 21 den
864 1073 27 20 28
907 1072 43 21 No-

200 1106 87 21 vember
304 1106 51 20 1871
372 1105 106 21 förklarat
493 1111 25 16 en
534 1105 169 26 häradshöfding
719 1105 126 27 öfvertygad
860 1107 32 20 att
906 1105 45 21 haf-

200 1146 32 20 va,
251 1140 49 21 med
319 1140 113 26 föregifvet
452 1140 48 21 stöd
519 1140 22 20 af
557 1140 75 26 nådigt
651 1140 71 25 utslag
742 1139 40 21 den
803 1140 25 20 10
847 1140 103 21 Februari

202 1175 60 25 1837,
278 1174 67 20 under
364 1180 62 15 namn
446 1174 24 20 af
485 1174 152 26 tingshushyra
656 1174 33 20 för
708 1174 24 20 år
753 1174 52 21 1867
822 1174 18 26 ej
860 1174 91 21 allenast

200 1208 104 21 affordrat
319 1208 185 26 tingslagsboerne
515 1214 25 14 en
551 1208 63 26 afgift
632 1207 23 21 af
670 1209 5 19 2
691 1208 84 26 kappar
785 1207 39 27 råg
834 1207 33 21 för
878 1208 73 26 hvarje

200 1242 106 25 lägenhet,
323 1243 51 19 utan
390 1242 62 20 äfven
468 1242 22 20 af
504 1242 105 20 särskilde
625 1242 65 20 bland
706 1242 47 20 dem
768 1242 42 20 slik
820 1242 62 26 afgift
897 1248 53 20 upp-

200 1276 64 25 burit,
282 1275 88 21 oaktadt
386 1275 26 20 de
430 1276 66 25 sagde
512 1275 23 21 år
550 1276 47 20 icke
612 1281 59 14 mera
686 1275 107 26 begagnat
808 1275 62 21 deras
885 1275 65 26 förra,

201 1309 23 21 af
237 1308 195 27 häradshöfdingen
448 1309 122 21 anskaffade
585 1309 112 26 tingsrum,
709 1310 51 20 utan
775 1308 75 28 sjelfve
865 1309 38 21 hos
915 1315 36 15 an-

199 1350 43 14 nan
257 1349 78 21 person
350 1344 50 26 hyrt
414 1344 80 26 nödiga
509 1350 46 14 rum
566 1344 33 20 till
614 1343 122 27 tingsställe
751 1343 68 21 under
835 1350 81 15 samma
927 1344 23 21 år

201 1378 39 21 och
259 1378 77 21 honom
355 1377 72 22 derför
448 1378 115 26 behörigen
583 1378 120 26 godtgjort;
726 1378 39 21 och
784 1380 24 18 är
826 1378 125 22 häradshöf-

204 1413 78 27 dingen
297 1412 56 28 förty
369 1412 64 22 dömd
448 1414 32 19 att
496 1412 65 27 enligt
578 1414 25 19 12
621 1412 12 28 $
650 1414 9 19 1
676 1412 48 27 kap.
740 1412 212 27 Rättegångsbalken

200 1447 52 21 böta
267 1448 41 20 200
324 1447 60 21 daler
400 1441 51 27 eller
466 1447 42 21 384
523 1447 68 21 mark.

272 1482 81 21 Genom
375 1481 72 28 utslag
466 1482 41 21 den
526 1483 11 20 3
560 1482 121 21 November
701 1483 54 21 1873
775 1482 39 21 har
832 1482 120 27 Kejserlige
