1036 1700
269 169 25 21 18
606 164 17 22 1

242 237 46 27 slag
302 236 34 21 till
351 241 26 15 en
392 235 42 26 lag,
450 234 137 26 hvarigenom
602 232 147 21 Prokuratorn
764 231 7 21 i
787 230 121 27 Kejserliga
923 229 65 21 Sena-

241 274 37 19 ten
292 270 73 22 älades
381 271 33 20 att
429 269 7 21 i
451 268 74 28 början
541 267 23 22 af
577 267 73 27 hvarje
666 266 102 26 landtdag
783 265 34 21 till
828 264 120 22 Ständerna
958 262 30 22 af-

242 306 58 28 gifva
314 304 116 22 berättelse
446 309 34 16 om
496 303 38 21 sitt
548 302 102 21 inseende
665 301 89 21 emellan
764 300 155 26 landtdagarne
930 298 59 21 öfver

241 339 165 28 lagskipningen
420 338 8 21 i
443 337 144 27 nyssnämnda
606 336 93 20 domstol
718 335 39 21 och
772 335 98 26 lagarnes
886 328 104 35 handhaf-

242 375 69 21 vande
328 374 57 20 inom
403 372 74 22 landet
496 370 147 26 öfverhufvud,
658 370 39 20 har
712 370 60 20 Hans
788 368 121 28 Kejserliga
924 366 66 27 Maje-

244 410 43 20 stät
302 408 70 21 funnit
387 406 140 22 omförmälda
541 405 97 27 petition,
656 404 23 21 sä
694 404 45 21 vidt
755 404 40 20 den
811 402 73 27 afsäge
897 402 93 25 Högsta-

244 442 131 22 domstolens
391 441 51 21 eller
458 440 270 26 Justitiedepartementets
747 437 129 27 afskiljande
890 436 48 20 frän
954 435 36 21 Sc-

244 478 64 20 naten
324 476 108 20 äfvensom
448 474 122 21 inrättande
585 474 23 20 af
622 475 31 19 ett
665 472 66 22 skildt
741 472 108 21 fiskaliskt
859 471 83 21 embete
952 476 38 14 un-

244 511 38 20 der
305 510 130 20 Ständernas
458 508 112 26 beroende,
594 508 18 26 ej
635 507 111 21 föranleda
768 506 32 20 till
823 505 70 26 någon
909 504 81 26 åtgärd,

244 552 48 14 men
312 545 95 20 deremot
425 544 49 20 lätit
493 543 39 21 den
548 544 12 19 8
576 542 43 27 Maj
638 542 53 20 1876
707 540 86 22 utfärda
808 539 130 25 förordning,
956 544 36 14 an-

244 579 82 27 gående
342 578 121 25 berättelse,
480 584 45 14 som
541 577 23 21 af
576 576 148 21 Prokuratorn
739 575 93 21 derefter
843 574 36 21 vid
889 572 103 26 landtdag

245 614 55 21 skall
316 613 32 21 till
365 613 119 20 Ständerna
499 612 100 26 afgifvas;

317 649 48 19 51:0
381 653 34 15 om
430 646 116 27 lagförslag
561 645 92 21 rörande
669 645 122 26 grunderna
805 643 34 22 för
853 643 107 26 reglering
971 641 24 20 af

246 681 171 28 presterskapets
441 680 92 26 aflöning
555 681 6 19 i
584 679 84 21 landets
690 677 246 28 evangelisk-lutherska
950 676 43 21 för-

247 717 121 24 samlingar,
388 717 23 18 är
429 715 65 26 nådig
512 714 140 27 proposition,
669 713 110 26 angående
794 712 41 21 slik
850 711 114 27 reglering,
980 710 13 20 å

248 751 68 20 denna
331 750 103 25 landtdag
450 749 119 21 Ständerna
584 748 106 26 förelagd;

318 785 47 20 52:0
381 785 32 19 att
428 783 60 21 Hans
503 783 121 26 Kejserliga
639 782 102 27 Majestät
755 782 7 21 i
777 781 67 21 nåder
855 780 82 21 täcktes
946 781 50 24 taga

248 819 92 21 initiativ
355 818 90 21 medelst
460 817 158 26 framställning
632 817 34 20 till
682 816 125 26 Ständerna,
823 815 109 27 angående
943 821 53 20 upp-

247 853 105 21 häfvande
369 852 22 21 af
405 852 40 20 den
460 851 158 27 Ridderskapet
634 851 39 20 och
689 851 74 25 Adeln,
773 849 85 28 jemlikt
868 849 48 21 8:de
926 849 68 26 punk-

247 890 36 19 ten
305 888 7 20 i
335 887 150 26 privilegierna
508 885 22 22 af
547 886 40 21 den
604 887 26 20 16
646 885 96 21 Oktober
759 885 60 25 1723,
835 883 161 22 tillkommande

248 923 44 20 rätt
307 922 33 20 till
355 921 128 26 utpantning
498 920 38 21 hos
552 920 62 21 deras
630 919 154 25 frälsebönder,
800 921 24 18 är
839 919 64 26 nådig
919 923 77 22 propo-

248 957 66 20 sition
329 956 6 20 i
351 957 71 19 ämnet
437 955 12 20 å
465 955 68 20 denna
548 954 102 26 landtdag
666 953 121 21 Ständerna
801 953 106 26 förelagd;

320 991 47 20 53:0
384 995 34 14 om
433 989 117 26 lagförslag
568 989 91 20 rörande
677 987 319 27 räntepersedleomsättningen

248 1025 8 20 i
271 1024 79 25 landet,
366 1025 24 18 är
405 1023 64 26 nädig
483 1023 141 26 proposition,
640 1023 109 26 angäende
764 1022 129 21 förändrade
903 1022 94 26 grunder

249 1059 34 20 för
301 1057 162 27 ifrågavarande
483 1057 137 26 omsättning,
641 1057 120 21 Ständerna
779 1057 12 20 &
811 1057 68 20 denna
895 1056 101 25 landtdag

249 1092 107 26 förelagd;

322 1127 46 20 54:0
393 1133 33 14 om
448 1126 123 26 lagförslag,
587 1125 110 27 angående
713 1125 90 27 ändring
819 1125 22 21 af
855 1125 28 21 nu
898 1125 99 26 gällande

249 1161 80 27 lagbud
345 1167 33 14 om
394 1160 99 27 giftorätt
508 1160 38 21 och
562 1160 34 20 arf
610 1159 54 21 efter
672 1160 107 20 landsrätt
790 1161 55 19 samt
856 1166 33 14 om
900 1166 98 20 morgon-

250 1196 68 26 gäfva,
338 1197 23 19 är
379 1195 64 26 nådig
462 1194 134 27 proposition
615 1194 3 20 i
634 1195 71 19 ämnet
721 1194 120 21 Ständerna
855 1194 13 20 ä
882 1200 29 14 nu
927 1194 71 26 pästä-

250 1230 54 20 ende
318 1230 103 25 landtdag
435 1229 105 26 förelagd;

322 1264 47 19 55:0
385 1269 35 14 om
435 1262 116 26 lagförslag
566 1262 93 21 rörande
674 1262 26 20 de
715 1262 146 26 grundvilkor,
878 1262 121 20 hvarunder

250 1297 128 21 koncession
393 1296 35 20 mä
442 1296 89 26 beviljas
547 1296 84 20 enskild
645 1302 79 20 person
739 1296 52 21 eller
806 1296 64 26 bolag
885 1297 32 19 att
932 1296 7 20 i
953 1296 45 20 lan-

252 1331 36 21 det
305 1331 70 26 bygga
390 1330 96 27 jernväg,
505 1330 39 21 har
566 1330 59 21 Hans
641 1330 121 26 Kejserliga
777 1330 102 26 Majestät
893 1330 50 20 lätit
958 1330 40 21 den

252 1366 12 20 3
279 1365 104 21 Februari
400 1366 53 20 1876
469 1364 12 21 &
497 1364 157 22 administrativ
670 1367 39 24 väg
723 1364 87 22 utfärda
820 1364 131 27 förordning,
963 1371 36 14 an-

251 1400 83 26 gäende
348 1399 96 21 vilkoren
459 1399 33 21 för
506 1399 121 27 beviljande
642 1398 23 22 af
674 1398 126 22 koncession
811 1398 23 22 ät
844 1399 97 20 enskilda
951 1405 47 20 per-

252 1440 69 20 soner,
344 1434 63 26 bolag
430 1434 52 21 eller
503 1434 132 26 menigheter
657 1434 34 21 till
709 1434 129 26 anläggning
853 1433 23 21 af
887 1434 89 26 jernväg
992 1434 6 20 i

251 1469 91 22 Finland
357 1470 56 19 samt
427 1468 56 22 hvad
497 1469 8 20 i
519 1468 101 22 afseende
636 1468 50 21 derä
701 1470 24 19 är
741 1470 32 19 att
787 1468 107 26 iakttaga;
