1050 1709
233 125 27 19 46
451 122 22 23 U.
490 121 22 23 B.
531 133 23 3 —
571 121 136 21 III-XVIIL.

203 188 77 21 hinder
297 188 34 21 för
352 187 108 27 Styrelsen
480 188 32 20 att
531 188 95 26 upptaga
646 186 92 22 statslän
757 188 52 20 utan
825 187 131 21 Ständernas

204 222 64 21 bifall.
292 222 50 21 Men
358 223 32 19 att
404 222 71 20 ikläda
490 221 33 26 sig
538 220 211 26 skuldförbindelser,
761 226 34 16 om
810 221 40 21 ock
865 221 29 27 pä
908 221 49 21 kor-

204 258 46 20 tare
262 256 108 26 terminer,
380 258 29 23 är,
419 255 86 21 säsnart
517 255 36 21 det
562 255 96 21 sträcker
666 254 34 27 sig
707 254 85 22 utöfver
799 255 92 26 löpande
900 255 56 21 årets

205 290 170 26 statsreglering,
392 289 112 22 enahanda
520 289 81 27 ätgärd,
614 295 46 15 som
670 290 33 20 att
713 291 95 25 upptaga
818 290 42 20 län.
886 289 72 22 Ocksä

204 324 71 22 kunde
290 324 35 22 vid
340 324 180 22 förbindelsernas
536 324 105 27 ingäende
657 324 86 21 absolut
752 324 82 21 visshet
844 324 47 21 icke
901 324 56 22 före-

204 358 67 22 finnas
288 359 80 25 derom,
384 360 32 19 att
432 358 141 22 statsverkets
590 358 104 22 ordinarie
710 358 114 27 tillgängar
834 359 70 21 skulle
915 358 42 22 för-

204 393 33 21 slä
251 393 34 21 till
301 393 120 21 desammas
437 392 87 28 slutliga
539 393 111 26 gäldande.

271 441 68 26 Äfven
356 451 25 15 en
397 452 68 14 annan
482 445 48 21 sida
545 444 22 22 af
581 445 68 21 saken
665 451 63 15 anser
742 445 114 21 Utskottet
866 445 33 27 sig
908 445 49 21 här-

203 480 36 22 vid
254 480 53 22 böra
321 479 118 22 framhälla.
460 479 90 27 Inköpet
566 478 22 22 af
601 479 148 27 Hangöbanan
759 486 37 14 var
807 485 25 16 en
844 479 58 27 affär,
912 486 45 15 som

203 514 72 22 kunde
299 516 63 25 göras
385 514 52 21 eller
459 514 130 21 underlätas.
619 514 33 20 En
670 514 67 21 sädan
753 513 64 27 utgift
831 514 56 21 hade
903 514 54 21 dock

203 550 49 20 bort
267 549 35 21 stä
317 548 89 22 tillbaka
420 548 33 22 för
468 548 179 27 tillgodoseendet
659 548 23 21 af
687 548 85 21 landets
782 548 95 27 verkliga
885 548 71 26 behof,

204 584 19 21 d.
234 586 17 18 ä.
263 583 22 21 af
299 583 134 27 nödvändiga
449 583 41 21 och
505 582 136 27 oundvikliga
656 583 162 26 statsändamäl,
830 583 72 21 såsom
912 582 46 22 fän-

204 618 109 27 gelsernas
330 617 40 22 och
387 617 129 21 därvärdens
531 617 147 21 förbättrande
693 624 27 14 m.
736 624 27 14 m.
779 617 81 27 sädant,
872 616 86 23 hvarför

203 659 29 15 nu
254 652 116 26 bevillning
392 651 70 22 blifvit
484 652 72 20 äskad.
587 652 47 20 Den
657 658 89 20 summa,
763 658 46 15 som
828 651 33 22 för
880 652 77 26 ifräga-

202 687 94 21 varande
312 686 52 22 affär
379 686 65 27 tagits
460 686 6 21 i
481 686 99 27 anspräk,
592 688 23 19 är
626 686 66 27 enligt
702 686 117 22 relationen
831 688 127 25 10,230,000

202 722 61 21 mark
277 721 62 27 (eller
353 721 101 27 möjligen
468 721 66 26 nägot
548 727 64 19 mera,
630 721 73 21 derest
717 721 82 21 inlösen
814 720 22 22 af
852 721 104 27 säljarens

202 756 192 27 läneobligationer
409 756 85 21 komme
509 757 32 19 att
556 755 32 22 för
604 762 26 14 en
646 756 33 20 del
696 755 23 21 af
733 756 48 21 dem
796 756 38 21 ske
848 756 33 21 till
891 756 67 27 högre

202 791 51 22 kurs
269 794 28 18 än
313 792 26 20 50
356 791 43 26 %);
415 790 117 22 tillsvidare
547 790 98 22 äsamkas
661 790 132 22 statsverket
805 791 39 21 ock
856 790 54 28 årlig
920 793 34 19 ut-

202 826 40 27 gift
255 826 129 26 derigenom,
400 826 32 20 att
447 825 81 21 banans
543 825 117 21 inkomster
675 825 48 21 icke
737 826 91 20 betäcka
844 825 111 21 driftkost-

202 860 75 22 naden.
288 860 146 21 Statsverkets
442 859 96 27 förmåga
546 861 32 19 att
586 859 49 21 med
644 859 105 21 ordinarie
757 860 141 26 tillgångarna
905 859 51 28 fylla

202 894 85 22 landets
305 894 66 22 behof
385 894 40 21 har
440 894 84 21 således
540 900 77 20 genom
631 894 159 26 Hangöbanans
806 894 65 26 inköp
886 894 70 21 blifvit

202 930 28 26 på
244 930 65 26 högst
323 928 92 22 känbart
430 930 44 19 sätt
488 928 120 27 försvagad.
639 928 42 21 Det
696 930 24 19 är
736 929 67 21 under
818 928 42 22 alla
876 928 79 22 förhål-

202 964 78 21 landen
295 963 121 26 otänkbart,
429 965 32 19 att
470 963 120 26 betydande
602 964 60 20 extra
672 963 106 21 ordinarie
788 963 88 27 utgifter
886 963 69 21 skulle

202 998 72 22 kunna
295 998 30 26 på
345 998 105 20 ordinarie
470 997 108 27 budgeten
598 997 90 26 anvisas,
704 999 53 19 utan
772 999 32 19 att
818 998 7 20 i
841 997 68 21 sinom
923 997 32 21 tid

202 1032 111 22 föranleda
334 1031 156 27 framställning
512 1031 40 21 hos
575 1031 121 21 Ständerna
716 1037 34 15 om
769 1032 115 26 bevillning
904 1032 51 21 eller

202 1067 41 21 lån.
274 1066 40 22 Om
330 1066 110 27 Styrelsen
454 1065 50 22 fann
518 1066 84 21 landets
618 1066 92 21 intresse
727 1066 171 26 oundgängligen
912 1065 42 22 for-

203 1101 39 21 dra
256 1100 158 22 förvärfvandet
430 1099 22 21 af
464 1100 136 21 merberörde
612 1100 97 26 jernväg,
725 1100 56 21 hade
796 1100 84 21 således
892 1100 62 21 Stän-

203 1136 76 20 dernas
301 1134 130 22 medverkan
454 1134 75 25 dertill,
544 1134 78 26 jemväl
642 1134 22 20 af
679 1140 30 15 nu
729 1134 93 27 antydda
837 1134 53 26 skäl,
906 1134 50 21 bort

202 1169 103 27 påkallas.

270 1221 33 20 Då
325 1220 133 26 köpeaftalet
482 1220 118 21 emellertid
622 1219 105 26 afslutats,
747 1220 56 21 hade
823 1220 37 20 det
879 1220 75 20 åtmin-

203 1257 61 19 stone
279 1255 56 20 varit
351 1254 118 20 önskvärdt
484 1255 32 19 att
531 1254 73 20 dervid
618 1254 112 26 iakttagits
742 1254 27 20 all
781 1254 40 20 den
832 1260 123 20 noggranna

202 1288 143 26 försigtighet,
370 1293 26 15 en
422 1288 24 20 så
469 1286 130 22 omfattande
622 1287 157 27 angelägenbet
801 1288 68 20 skulle
891 1287 64 21 hafva

203 1322 111 22 erfordrat.
339 1322 35 22 Nu
388 1322 40 21 har
443 1322 61 21 detta
520 1322 50 21 aftal
586 1321 60 27 gifvit
662 1322 113 27 anledning
790 1322 31 21 till
837 1329 26 15 en
873 1322 82 22 ledsam

203 1358 114 27 rättegång
335 1357 77 22 mellan
428 1358 32 20 ett
475 1357 58 21 antal
549 1356 265 28 obligationsinnehafvare
830 1358 40 20 och
885 1357 69 22 finska

204 1392 137 26 statsverket,
358 1392 85 21 hvilken
458 1392 114 26 rättegång
586 1391 32 22 för
632 1392 134 22 närvarande
781 1392 63 22 beror
858 1392 28 27 på
901 1392 53 28 hög-

204 1429 34 20 sta
261 1427 129 22 domstolens
414 1426 119 27 afgörande.
568 1426 61 22 Huru
651 1428 26 20 än
701 1426 69 22 denna
792 1427 107 21 rättstvist
921 1428 34 21 mä

271 1468 137 21 Statsutskottets
420 1468 106 16 betänkande
538 1468 35 16 N:o
586 1466 27 18 11.
