1059 1700
357 128 22 22 U.
394 128 24 22 B:
434 140 28 3 —
477 124 55 37 1I1—-
538 124 74 37 XVIII.
820 130 12 20 3

112 192 114 27 glädjande
240 192 132 22 förhällande
386 193 58 22 läter
456 193 90 28 hoppas,
562 195 33 19 att
609 194 174 27 kronoskogarne
800 193 62 23 äfven

111 226 113 22 framdeles
247 226 131 22 fortfarande
400 228 62 21 skola
484 228 56 26 stiga
561 228 8 21 i
587 228 65 21 värde
676 228 40 21 och
735 228 70 21 lemna
824 227 40 22 allt

112 262 69 21 större
196 261 76 27 bidrag
287 261 32 21 till
334 261 183 27 statsutgifternas
532 262 145 21 bestridande.

179 294 29 22 Af
227 295 26 21 de
272 295 69 21 under
361 295 67 21 andra
447 295 62 22 titeln
524 297 110 25 upptagna
649 296 175 21 statsinkomster
839 298 24 18 är

112 334 27 16 en
155 328 34 22 del
205 328 23 22 af
240 330 143 25 gvarnräntan
395 329 79 27 jemvä!
487 329 69 22 indelt
566 330 13 20 å
588 329 147 22 militiestaten
746 330 40 21 och
796 329 68 22 borde

112 363 91 26 derföre,
218 363 29 27 pä
263 364 45 20 sätt
323 363 62 21 ofvan
397 362 133 28 framhällits,
542 364 110 27 särskiljas
663 363 47 22 frän
720 364 26 22 de
755 364 109 21 allmänna

112 397 208 21 statsinkomsterna.

180 431 10 22 I
205 430 52 29 följd
272 431 22 22 af
308 431 131 22 Ständernas
454 432 36 22 vid
506 434 53 20 1867
576 432 34 22 års
620 432 103 27 landtdag
732 432 83 22 fattade
825 432 38 22 be-

112 466 44 22 slut
171 472 35 16 om
220 466 195 22 hammarskattens
432 467 40 21 och
486 466 202 28 masugnstiondens
699 467 123 22 successiva
832 467 30 21 af-

112 500 90 28 lyftning
222 502 55 20 samt
297 501 41 21 den
352 501 72 27 -derpä
443 502 111 26 grundade
572 502 80 27 nådiga
669 501 151 28 förordningen
842 502 24 21 af

112 536 42 21 den
170 536 26 21 10
211 535 103 22 Februari
331 537 53 20 1868
399 536 41 21 har
454 536 70 22 denna
538 536 143 22 inkomsttitel
695 536 55 22 varit
762 536 9 21 i
787 536 77 22 nedät-

112 571 90 26 gäende.
232 570 29 21 Af
274 571 26 21 de
315 577 29 14 nu
360 571 142 26 gvarstäende
517 571 125 22 rubrikerna
652 571 39 22 har
702 572 76 21 endast
788 577 75 21 gvarn-

112 606 76 20 räntan
204 605 70 27 nägon
288 605 137 27 betydenhet.
455 605 50 22 Men
520 605 28 22 dä
563 605 42 22 alla
614 605 117 22 industrier
742 606 40 21 och
791 605 73 22 föräd-

112 639 109 27 lingsverk
235 639 8 21 i
258 639 64 27 öfrigt
338 641 36 20 äro
390 639 40 22 fria
444 639 48 22 frän
506 639 212 27 tillverkningsskatt,
734 640 36 21 vill
782 640 36 21 det
828 646 36 21 sy-

112 679 46 20 nas,
174 679 47 16 som
236 673 67 22 borde
318 675 72 25 steget
404 675 62 25 tagas
482 673 49 22 fulli
544 675 32 25 ut,
591 673 57 22 helst
659 673 41 22 den
709 673 98 27 industri,
818 680 46 15 som

112 707 92 22 bereder
227 707 36 22 det
283 707 166 27 oumbärligaste
469 708 129 27 födoämnet,
618 708 64 21 minst
702 707 22 22 af
740 708 44 21 alla
797 708 68 22 borde

113 748 52 16 vara
179 741 88 22 föremål
285 742 33 21 för
336 741 208 28 produktionsskatt.
576 742 71 22 Också
666 742 62 22 hafva
744 742 120 22 Ständerna

113 777 36 21 vid
164 777 70 21 denna
248 777 103 26 landtdag
366 776 108 22 allaredan
487 777 8 21 i
509 777 147 26 underdäniga
669 778 72 20 svaret
756 777 13 21 ä
778 777 87 27 Kejser-

113 811 44 27 liga
171 811 161 27 propositionen
352 810 110 27 angäende
482 811 128 27 anläggning
630 811 41 21 och
690 811 139 27 beskattning
844 810 25 22 af

114 845 144 27 mjölgvarnar
276 851 27 15 m.
324 851 26 15 m.
371 845 83 22 förenat
474 846 34 26 sig
523 851 35 16 om
573 852 26 15 en
614 845 100 21 anhällan
730 845 87 26 derhän,
833 847 34 19 att

113 879 61 21 Hans
189 879 121 27 Kejserliga
324 879 101 28 Majestät
440 879 67 22 måtte
522 881 50 26 taga
586 879 92 22 initiativ
692 879 33 21 till
739 879 128 26 gvarnskat-

114 915 48 20 tens
178 913 156 27 upphäfvande.

183 947 73 22 Under
272 947 63 27 tredje
350 947 142 22 hufvudtiteln
506 946 64 23 hafva
580 947 238 27 mantalspenningarne
828 953 37 16 va-

114 981 28 21 rit
162 982 8 21 i
190 981 109 22 oafbrutet
317 981 104 27 stigande,
442 981 82 22 hvilket
542 981 142 27 ädagalägger
703 981 162 27 folkökningens

114 1015 100 28 fortgäng
228 1015 7 21 i
250 1015 112 27 jembredd
379 1015 49 22 med
438 1015 127 27 tilltagande
574 1015 101 21 välstånd
685 1015 8 21 i
702 1015 79 22 landet.
798 1014 70 23 Otvif-

114 1050 105 27 velaktigt
234 1052 24 19 är
274 1050 60 26 dock,
351 1051 33 20 att
398 1050 70 21 denna
482 1050 66 26 skatt,
563 1050 7 21 i
580 1049 52 28 följd
644 1049 23 22 af
674 1049 194 27 mantalslängder-

114 1091 40 16 nas
168 1084 158 27 bristfällighet,
343 1084 47 22 icke
403 1084 108 27 inbringat
526 1084 25 21 sä
565 1085 85 26 mycket
665 1090 46 15 som
729 1085 41 20 den
784 1084 84 21 kunnat

116 1119 41 25 och
171 1120 55 22 bort.
256 1119 108 22 Måhända
378 1119 55 21 skall
448 1119 56 22 dock
518 1118 225 28 mantalsskrifningen
752 1124 76 21 genom
839 1125 27 15 en

116 1154 67 22 delvis
198 1154 67 22 redan
278 1154 115 22 förberedd
406 1152 78 23 reform
499 1154 73 21 kunna
586 1153 86 27 bringas
687 1153 33 21 till
736 1154 68 20 större
814 1159 53 21 nog-

116 1189 97 27 granhet,
238 1188 24 22 sä
284 1188 85 27 mycket
383 1194 46 16 mer
444 1194 46 15 som
505 1194 27 15 en
546 1187 94 27 riktning
655 1187 31 21 till
702 1187 36 22 det
752 1187 71 21 bättre
833 1193 34 15 re-

116 1223 43 21 dan
174 1228 62 22 synes
251 1222 64 22 hafva
329 1222 86 21 inträdt.

184 1256 76 27 Fjerde
274 1256 168 22 inkomsttiteln:
464 1255 110 22 Indirekta
592 1255 84 22 skatter
690 1255 40 22 och
749 1254 120 29 utskylder,

118 1290 100 22 omfattar
233 1290 27 22 de
274 1292 57 20 mest
346 1290 118 22 olikartade
480 1290 46 26 slag
542 1289 23 21 af
576 1290 125 26 inkomster,
716 1289 73 22 hvilka
801 1289 66 22 delvis

118 1324 88 22 alldeles
221 1325 49 21 icke
284 1324 45 21 läta
344 1324 66 21 ordna
426 1324 33 26 sig
473 1324 68 20 under
557 1324 41 20 den
612 1323 124 27 begagnade
747 1324 68 20 titeln.
838 1323 30 21 Sä

118 1361 15 19 t.
150 1365 32 15 ex.
198 1360 37 20 äro
250 1358 134 27 postmedlen
398 1358 64 26 ingen
478 1358 65 26 skatt,
558 1359 52 19 utan
625 1356 83 28 afgifter
725 1357 36 21 vid
776 1357 91 21 anlitan-

118 1393 38 22 det
171 1392 22 22 af
206 1398 27 16 en
247 1392 49 22 utaf
308 1394 72 20 staten
394 1392 33 21 till
443 1392 88 21 allmänt
546 1397 56 22 gagn
617 1391 159 27 upprätthällen
790 1390 77 23 inrätt-

118 1428 56 27 ning.
204 1427 121 28 Apotheks-
345 1427 40 22 och
402 1426 195 22 landthandlandes
618 1424 85 29 afgifter
718 1425 97 23 deremot
829 1427 41 21 äro

188 1469 132 17 Statsutskoitets
333 1468 105 17 betänkande
450 1468 36 16 N:o
498 1466 28 18 11.
