1050 1709
261 160 14 20 4
589 159 57 21 XIX.

234 228 39 21 ska
287 227 130 22 fraktfarten
436 228 40 21 och
494 227 56 22 vissa
565 234 77 21 grenar
657 227 23 21 af
694 227 41 22 den
750 229 60 20 stora
824 226 112 27 industrin,
952 227 30 21 ät-

233 269 88 16 vensom
332 262 26 22 de
370 261 66 23 sedan
447 269 45 14 mer
504 263 28 20 än
544 264 30 19 ett
585 261 25 22 är
621 262 91 22 tillbaka
720 263 124 26 uppkomna
851 264 60 19 stora
918 261 65 22 rubb-

233 297 107 28 ningarna
362 297 8 21 i
392 297 136 28 myntvärdet
545 297 83 21 kunnat
645 298 53 20 utan
716 297 136 21 kännbarare
870 295 114 29 olägenhet

233 332 73 21 bäras.

302 366 77 21 Denna
393 365 49 22 med
457 364 143 23 förhällandet
614 365 8 22 i
636 365 51 22 flere
703 365 24 22 af
739 365 97 22 verldens
848 364 80 23 rikaste
938 364 46 22 län-

234 401 39 21 der
290 400 90 28 lyckligt
396 400 178 21 kontrasterande
590 399 101 29 ställning
705 400 41 21 har
761 400 47 21 icke
822 400 82 21 kunnat
919 401 66 20 annat

234 436 28 20 än
277 435 65 21 verka
357 434 139 28 fördelaktigt
510 433 29 29 pä
553 434 214 22 kreditanstalternas
782 434 7 20 i
804 433 74 22 landet
889 434 39 21 och
940 435 44 20 sär-

234 469 66 21 skildt
317 468 103 22 Finlands
434 469 72 21 Banks
521 469 140 21 verksamhet.
692 467 71 23 Ocksä
776 469 70 21 utvisa
861 468 27 22 de
902 468 33 21 till
949 468 36 21 be-

233 503 95 22 redande
343 503 26 22 af
381 510 25 15 en
422 503 78 22 lättare
515 503 101 28 öfversigt
630 503 25 21 af
671 503 157 27 omsättningen
846 501 29 28 pä
890 502 95 21 bankens

234 537 107 23 särskilda
358 537 116 28 räkningar
496 539 56 20 samt
570 537 24 21 af
607 537 26 22 de
650 536 159 28 förändringar,
827 543 46 15 som
890 536 96 22 bankens

233 572 97 22 tillständ
348 572 69 22 under
434 571 164 29 ifrägavarande
613 571 75 29 period
703 571 121 28 undergätt,
838 571 102 28 bifogade
954 575 32 18 ta-

234 607 67 22 beller
316 609 33 20 att
367 614 26 14 en
407 607 64 27 högst
485 606 121 29 betydande
619 606 123 29 utveckling
757 607 36 26 egt
807 613 48 14 rum
869 607 7 20 i
890 606 96 22 bankens

233 641 121 23 förnämsta
368 641 159 28 rörelsegrenar
542 643 56 19 samt
612 642 32 20 att
655 641 96 21 bankens
762 642 48 26 eget
821 641 82 26 kapital
913 641 8 20 i
932 642 53 20 trots

234 676 24 21 af
276 676 26 21 de
320 677 60 20 stora
393 675 101 22 förluster
509 675 48 22 frän
572 675 61 22 äldre
647 675 62 26 tider,
728 682 47 15 som
790 675 36 21 det
840 675 53 27 gällt
907 677 33 20 att
954 682 32 15 er-

234 712 64 24 sätta,
317 711 75 21 vunnit
410 717 27 14 en
454 710 90 26 tillväxt,
566 717 46 15 som
630 709 46 22 icke
691 709 91 22 allenast
800 709 73 22 ställer
890 709 96 22 bankens

234 745 95 22 soliditet
343 745 41 21 och
400 743 97 29 förmäga
512 746 32 20 att
558 744 52 28 fylla
625 744 32 21 sin
669 743 34 22 för
714 744 74 21 landet
798 743 188 29 maktpäliggande

233 780 87 28 uppgift
340 781 60 21 utom
422 780 74 27 hvarje
515 779 107 28 grundadt
641 778 78 27 tvifvel,
738 780 54 20 utan
814 779 121 22 derutöfver
952 779 34 21 för

234 814 123 26 framtiden,
376 814 40 22 och
434 815 8 21 i
460 814 101 22 händelse
579 814 138 21 oförutsedda
732 812 64 23 svära
818 813 101 22 förluster
940 814 46 22 icke

233 849 96 26 inträffa,
343 849 115 28 möjliggör
473 856 26 15 en
514 848 135 28 användning
664 848 24 22 af
700 848 141 23 bankvinsten
856 848 33 22 till
903 848 84 23 lättnad

235 884 33 21 för
284 884 26 21 de
325 883 175 28 skattdragande.

303 917 34 22 Dä
356 918 222 28 penningekapitalets
596 918 130 28 omsättning
744 918 8 21 i
769 918 74 21 landet
861 917 24 22 sä
904 918 35 22 väl
954 919 33 21 till

234 953 55 28 följd
304 953 24 22 af
340 953 102 21 Finlands
457 953 71 22 Banks
543 953 101 28 ställning
659 951 71 24 såsom
745 952 42 23 den
799 953 107 28 egentliga
917 953 69 22 cirku-

234 987 165 22 lationsbanken
414 995 46 14 som
475 987 49 22 med
538 987 100 22 afseende
654 986 13 22 3
680 987 100 28 gällande
791 988 137 21 kreditvanor
939 988 47 21 huf-

235 1021 140 28 vudsakligen
394 1021 116 22 förmedlas
528 1021 24 21 af
564 1021 96 22 bankens
675 1021 77 26 sedlar,
768 1021 25 22 sä
807 1022 64 21 hafva
886 1022 100 22 ofvanbe-

235 1056 64 21 rörde
321 1056 183 27 omständigheter
525 1056 46 21 icke
592 1056 82 21 kunnat
695 1055 74 29 undgä
791 1057 32 20 att
844 1055 29 28 pä
891 1056 95 23 bankens

235 1090 165 28 sedelutgifning
418 1090 74 22 utöfva
510 1091 108 21 verksamt
635 1090 123 28 inflytande.
792 1091 47 21 Den
854 1091 74 27 jemna
946 1091 40 21 och

234 1125 65 21 raska
315 1125 88 25 tillvext,
419 1131 46 14 som
480 1125 68 20 under
563 1123 51 22 ären
631 1125 140 20 1872—1873
787 1125 40 21 och
842 1125 68 21 första
925 1132 61 20 gvar-

235 1159 54 21 talet
303 1159 24 21 af
342 1159 56 22 1874
412 1159 53 27 egde
480 1166 48 14 rum
543 1158 13 22 ä
570 1159 146 26 räkningarna
731 1159 60 21 öfver
805 1159 96 21 bankens
916 1158 70 23 säkal-

234 1193 49 22 lade
302 1193 150 26 sedelvalutor,
472 1194 20 20 d.
508 1201 18 13 v.
542 1201 16 14 s.
574 1193 51 27 guld
641 1193 39 21 och
696 1193 77 26 silfver,
794 1195 136 26 statspapper
946 1194 39 21 och

235 1227 143 28 obligationer
399 1228 8 21 i
425 1227 111 22 utländskt
554 1230 59 25 mynt
631 1230 56 19 samt
705 1228 125 27 fordringar
847 1229 39 21 hos
906 1229 80 21 utrikes

235 1261 113 26 ombuden,
372 1261 71 22 hvilka
464 1262 90 25 valutor,
577 1261 133 21 oberäknadt
729 1261 153 27 behällningen
900 1262 7 20 i
926 1262 59 28 ryskt

234 1297 60 25 mynt
302 1295 28 27 *),
346 1293 56 23 ifrän
418 1296 126 24 44,227,220
559 1295 61 21 mark
634 1294 76 22 ultimo
725 1295 119 21 December
860 1297 52 19 1871
926 1298 59 25 stego

303 1370 18 22 *)
333 1369 8 17 I
354 1368 58 18 denna
423 1368 77 18 historik
513 1368 90 23 angäende
615 1368 140 24 sedelutgifning
767 1370 33 17 och
812 1369 119 19 sedelvalutor
943 1370 42 18 lem-

234 1404 33 12 nas
282 1398 24 22 pä
321 1403 33 13 ena
370 1397 51 18 sidan
436 1397 22 19 de
472 1397 54 24 ryska
537 1398 95 18 valutorna
645 1398 33 18 och
690 1398 24 23 pä
726 1398 34 18 den
773 1398 55 18 andra
840 1398 80 19 bankens
932 1399 52 17 skuld

234 1427 24 23 pä
274 1426 118 24 depositions-
406 1426 34 18 och
454 1426 172 23 postremissvexlars
641 1427 76 23 räkning
732 1429 45 16 utan
792 1428 86 21 afseende,
896 1428 55 18 ehuru
963 1428 21 18 de

234 1456 48 18 förra
293 1456 40 18 icke
346 1457 30 17 äro
390 1456 110 17 annorlunda
512 1456 28 17 att
552 1461 41 13 anse
606 1457 22 16 än
638 1456 57 18 såsom
705 1456 111 18 sedelvaluta
824 1458 46 16 samt
880 1456 34 19 den
923 1462 61 13 senare

235 1485 56 22 enligt
309 1484 85 24 gällande
410 1484 110 24 stadganden
535 1486 20 16 är
570 1485 6 17 i
588 1484 51 23 fråga
654 1490 28 13 om
696 1485 80 18 bankens
789 1486 114 22 ansvarighet
916 1487 27 17 att
954 1486 30 18 be-

234 1514 70 18 traktas
316 1513 23 24 pä
352 1519 66 12 samma
430 1514 36 18 sätt
478 1519 38 12 som
528 1513 85 19 sedlarne.
