1036 1703
243 165 13 20 2
399 156 80 30 Ständ.
493 164 36 22 Sv.
545 177 26 2 —
587 165 69 27 Prop.
672 165 39 22 N:o
725 165 36 21 49.

216 234 134 20 ensstämmer
364 232 48 21 med
430 231 55 22 hvad
499 231 117 23 Ständerna
632 232 31 21 uti
677 232 118 22 förberörde
810 233 142 28 underdäniga

218 266 87 29 petition
320 266 79 21 uttalat.

282 299 79 22 Likaså
375 300 56 21 finna
445 299 115 22 Ständerna
575 300 35 21 det
623 308 49 13 vara
686 300 48 21 med
749 301 74 21 sakens
838 300 114 22 beskaffen-

216 335 36 21 het
266 333 223 22 öfverensstämmande
504 335 35 23 att,
554 333 67 21 säsom
635 333 8 21 i
657 333 40 21 den
712 333 76 29 nädiga
797 334 155 28 propositionen

215 367 79 29 jemväl
310 372 23 18 är
350 367 115 28 föreslaget,
484 367 139 28 stadgandena
639 367 9 21 i
662 368 14 26 &
689 368 28 21 49
732 367 24 22 af
770 368 91 22 nämnda
875 368 79 21 förord-

216 402 51 28 ning
285 403 54 20 samt
355 401 158 28 bestämmelsen
530 402 9 21 i
554 402 13 26 $
582 402 26 21 57
624 409 33 13 om
671 402 98 21 bränvins
783 402 74 28 rening
871 402 38 22 och
926 402 27 21 al-

217 436 107 21 koholhalt
340 434 100 23 förklaras
457 435 49 31 icke
520 443 50 14 vara
588 436 122 28 tillämpliga
725 436 12 21 &
752 444 29 13 nu
795 436 157 28 ifrågavarande

218 470 94 28 drycker.

283 504 100 21 Deremot
396 502 63 23 hafva
473 503 116 22 Ständerna
601 504 47 21 icke
658 504 79 21 kunnat
747 504 71 22 förena
827 504 32 29 sig
868 512 33 14 om
912 504 42 22 den

218 538 129 28 bestämning
361 537 8 22 i
383 537 40 22 den
437 537 75 29 nädiga
528 538 158 29 propositionen,
702 538 65 29 enligt
785 538 87 22 hvilken
890 538 65 22 förut-

218 572 90 22 nämnda
322 572 151 28 inskränkning
486 572 82 22 komme
583 574 30 20 att
627 573 54 28 gälla
695 572 62 22 äfven
772 572 65 23 viner.
868 573 44 22 Det
922 574 33 20 be-

218 607 47 28 lopp
281 606 82 22 alkohol
377 606 88 22 vinerna
478 606 105 22 innehålla
597 611 22 17 är
634 606 139 23 öfverhufvud
783 607 59 29 ringa
856 607 8 22 i
879 607 75 22 förhäl-

218 641 60 22 lande
297 641 33 22 till
344 641 40 26 det,
400 649 43 14 som
458 641 59 28 ingår
530 641 8 22 i
552 641 26 22 de
592 642 103 28 egentliga
709 641 172 30 spritdryckerna.
912 642 44 21 En-

218 676 38 28 ligt
270 675 81 29 uppgift
365 675 23 21 af
403 675 40 21 den
457 675 83 26 komite,
557 683 44 14 som
619 676 53 22 varit
687 676 7 21 i
709 676 64 22 nåder
787 676 75 22 tillsatt
876 676 32 22 för
923 678 32 20 ut-

218 709 111 22 arbetande
344 709 23 21 af
378 709 76 29 förslag
468 709 8 21 i
490 710 134 21 förevarande
640 715 67 21 ämne,
722 710 59 21 skola
790 710 8 21 i
808 710 91 22 handeln
909 710 46 21 icke

217 744 128 21 förekomma
359 743 60 21 viner
433 743 48 22 med
495 746 65 19 större
576 744 127 22 alkoholhalt
720 748 27 17 än
762 745 26 21 21
799 742 91 31 procent.
913 744 44 22 Det

218 778 58 22 torde
295 777 80 22 derföre
393 778 8 20 i
418 777 83 29 vanliga
521 778 37 22 fall
576 778 18 28 ej
613 786 50 14 vara
676 778 95 22 förenadt
787 778 49 22 med
851 778 106 29 svårighet

219 814 30 20 att
268 811 76 29 afgöra,
358 811 104 22 huruvida
481 820 26 13 en
523 812 33 22 till
570 812 45 22 salu
630 812 68 21 hållen
713 820 50 14 vara
777 817 22 17 är
814 812 37 22 vin
865 813 51 21 eller
930 812 25 29 ej.

218 846 50 22 Med
282 846 96 22 afseende
392 846 51 21 härä
457 846 37 22 och
509 846 25 22 dä
549 846 35 22 det
603 846 117 28 egentligen
734 846 54 22 varit
807 846 147 29 försäljningen

218 880 23 22 af
252 880 89 22 bränvin
354 880 67 21 under
435 888 63 13 namn
512 880 23 22 af
547 888 44 14 rom
606 880 38 22 och
658 880 83 28 konjak,
753 888 44 14 som
811 880 61 29 gifvit
886 880 70 22 anled-

218 914 51 28 ning
282 914 33 22 till
329 914 110 28 klagomål,
455 914 46 21 icke
516 914 90 22 handeln
620 914 48 22 med
683 914 64 26 viner,
763 914 72 22 hvilka
850 915 63 21 redan
924 922 34 22 ge-

218 956 50 14 nom
282 948 36 22 sitt
332 948 43 29 pris
393 948 135 29 undandraga
551 948 31 29 sig
606 948 126 22 allmännare
749 948 141 30 förbrukning,
909 957 49 14 anse

220 982 117 23 Ständerna
351 990 26 14 en
393 982 22 22 så
429 982 175 29 genomgripande
619 982 125 30 förändring,
759 991 44 14 som
817 984 9 20 i
839 984 120 28 propositio-

220 1024 40 13 nen
279 1020 23 17 är
320 1016 127 21 beträffande
463 1016 59 21 viner
537 1016 121 28 föreslagen,
669 1016 46 22 icke
725 1018 49 20 böra
784 1017 99 28 vidtagas,
894 1017 64 22 innan

220 1050 66 28 någon
302 1049 117 22 erfarenhet
433 1050 86 22 vunnits
534 1058 34 13 om
583 1050 47 21 dess
644 1051 131 28 behöflighet.

286 1084 13 21 I
313 1083 83 22 formelt
410 1084 117 21 hänseende
541 1085 49 20 böra
606 1084 117 22 Ständerna
735 1085 105 22 dessutom
849 1086 105 25 anmärka,

218 1119 30 20 att
262 1120 30 19 ett
306 1117 111 28 stadgande
431 1125 34 14 om
480 1118 58 21 viner
553 1117 46 22 icke
617 1118 38 21 har
669 1118 32 21 sin
715 1120 54 20 rätta
783 1119 53 28 plats
850 1119 8 21 i
873 1127 26 13 en
915 1119 39 22 för-

220 1152 88 27 ordning
324 1159 33 14 om
375 1151 142 29 tillverkning,
536 1151 128 29 försäljning,
682 1153 77 28 upplag
777 1153 38 21 och
833 1152 85 29 forsling
936 1153 23 22 af

220 1185 95 22 bränvin.

272 1218 45 23 "På
331 1219 68 28 grund
414 1219 24 21 af
453 1219 35 22 det
503 1219 85 22 anförda
605 1219 22 21 få
642 1219 116 22 Ständerna
773 1219 8 22 i
795 1220 165 29 underdånighet

219 1253 81 20 anmäla
322 1254 29 19 att
373 1252 41 21 den
435 1252 74 28 nådiga
530 1253 153 28 propositionen
703 1253 47 21 icke
769 1254 81 21 kunnat
864 1254 23 21 af
900 1255 59 20 Stän-

218 1286 64 21 derna
296 1285 122 22 oförändrad
433 1287 89 26 antagas,
538 1288 50 19 utan
606 1288 31 19 att
653 1286 116 22 Ständerna
783 1287 33 22 för
830 1287 32 22 sin
877 1287 33 22 del
924 1288 37 21 be-

220 1319 59 23 slutit
298 1319 57 29 gifva
377 1320 6 27 &
397 1320 28 21 55
440 1319 8 22 i
462 1319 74 30 nådiga
556 1319 147 30 förordningen
717 1320 24 22 af
753 1321 40 21 den
807 1322 14 21 9
834 1321 55 22 Juni
905 1322 55 22 1873

219 1354 90 29 följande
324 1354 93 29 lydelse:

559 1389 15 27 $
589 1389 35 22 55.

352 1413 49 30 MU
423 1422 55 21 hvad
500 1423 9 20 i
526 1423 141 27 förestående
684 1425 66 20 måtto
770 1426 27 19 är
810 1425 104 28 stadgadt
929 1433 33 14 om

288 1457 97 21 otillåten
399 1457 137 28 försäljning
559 1457 37 22 och
616 1458 112 28 utdelning
748 1459 29 27 af
788 1459 89 22 bränvin
892 1461 71 26 gäller

286 1491 65 28 äfven
373 1497 33 16 om
428 1491 46 22 alla
495 1492 85 21 sådana
602 1492 147 29 blandningar
772 1493 34 21 till
828 1493 73 28 dryck,
927 1496 36 19 uti
