<?xml version="1.0" encoding="UTF-8"?>
<alto xmlns="http://www.loc.gov/standards/alto/ns-v3#" xmlns:xlink="http://www.w3.org/1999/xlink" xmlns:xsi="http://www.w3.org/2001/XMLSchema-instance" xsi:schemaLocation="http://www.loc.gov/standards/alto/ns-v3# http://www.loc.gov/alto/v3/alto-3-0.xsd">
	<Description>
		<MeasurementUnit>pixel</MeasurementUnit>
		<sourceImageInformation>
			<fileName>/tmp/tess_3h3afdqo_input.PNG</fileName>
		</sourceImageInformation>
		<OCRProcessing ID="OCR_0">
			<ocrProcessingStep>
				<processingSoftware>
					<softwareName>tesseract 5.3.4</softwareName>
				</processingSoftware>
			</ocrProcessingStep>
		</OCRProcessing>
	</Description>
	<Layout>
		<Page WIDTH="1050" HEIGHT="1725" PHYSICAL_IMG_NR="0" ID="page_0">
			<PrintSpace HPOS="0" VPOS="0" WIDTH="1050" HEIGHT="1725">
				<ComposedBlock ID="cblock_0" HPOS="274" VPOS="177" WIDTH="358" HEIGHT="25">
					<TextBlock ID="block_0" HPOS="274" VPOS="177" WIDTH="358" HEIGHT="25">
						<TextLine ID="line_0" HPOS="274" VPOS="177" WIDTH="358" HEIGHT="25">
							<String ID="string_0" HPOS="274" VPOS="177" WIDTH="80" HEIGHT="23" WC="0.90" CONTENT="Ständ."/><SP WIDTH="16" VPOS="177" HPOS="354"/>
							<String ID="string_1" HPOS="370" VPOS="178" WIDTH="53" HEIGHT="23" WC="0.89" CONTENT="Skr."/><SP WIDTH="16" VPOS="178" HPOS="423"/>
							<String ID="string_2" HPOS="439" VPOS="192" WIDTH="27" HEIGHT="2" WC="0.92" CONTENT="—"/><SP WIDTH="14" VPOS="192" HPOS="466"/>
							<String ID="string_3" HPOS="480" VPOS="179" WIDTH="26" HEIGHT="22" WC="0.93" CONTENT="U."/><SP WIDTH="16" VPOS="179" HPOS="506"/>
							<String ID="string_4" HPOS="522" VPOS="180" WIDTH="26" HEIGHT="21" WC="0.92" CONTENT="B."/><SP WIDTH="16" VPOS="180" HPOS="548"/>
							<String ID="string_5" HPOS="564" VPOS="179" WIDTH="68" HEIGHT="23" WC="0.96" CONTENT="XIX."/>
						</TextLine>
					</TextBlock>
				</ComposedBlock>
				<ComposedBlock ID="cblock_1" HPOS="214" VPOS="424" WIDTH="605" HEIGHT="110">
					<TextBlock ID="block_1" HPOS="214" VPOS="424" WIDTH="605" HEIGHT="110">
						<TextLine ID="line_1" HPOS="299" VPOS="424" WIDTH="515" HEIGHT="33">
							<String ID="string_6" HPOS="299" VPOS="424" WIDTH="130" HEIGHT="25" WC="0.93" CONTENT="Finlands"/><SP WIDTH="27" VPOS="424" HPOS="429"/>
							<String ID="string_7" HPOS="456" VPOS="426" WIDTH="134" HEIGHT="24" WC="0.89" CONTENT="Ständers"/><SP WIDTH="30" VPOS="426" HPOS="590"/>
							<String ID="string_8" HPOS="620" VPOS="426" WIDTH="194" HEIGHT="31" WC="0.91" CONTENT="underdäniga"/>
						</TextLine>
						<TextLine ID="line_2" HPOS="215" VPOS="464" WIDTH="604" HEIGHT="34">
							<String ID="string_9" HPOS="215" VPOS="464" WIDTH="169" HEIGHT="32" WC="0.96" CONTENT="skrifvelse,"/><SP WIDTH="19" VPOS="464" HPOS="384"/>
							<String ID="string_10" HPOS="403" VPOS="464" WIDTH="112" HEIGHT="30" WC="0.96" CONTENT="angående"/><SP WIDTH="19" VPOS="464" HPOS="515"/>
							<String ID="string_11" HPOS="534" VPOS="466" WIDTH="86" HEIGHT="30" WC="0.96" CONTENT="förslag"/><SP WIDTH="22" VPOS="466" HPOS="620"/>
							<String ID="string_12" HPOS="642" VPOS="466" WIDTH="32" HEIGHT="24" WC="0.87" CONTENT="till"/><SP WIDTH="24" VPOS="466" HPOS="674"/>
							<String ID="string_13" HPOS="698" VPOS="466" WIDTH="121" HEIGHT="32" WC="0.96" CONTENT="ändringar"/>
						</TextLine>
						<TextLine ID="line_3" HPOS="214" VPOS="504" WIDTH="429" HEIGHT="30">
							<String ID="string_14" HPOS="214" VPOS="504" WIDTH="6" HEIGHT="24" WC="0.95" CONTENT="i"/><SP WIDTH="19" VPOS="504" HPOS="220"/>
							<String ID="string_15" HPOS="239" VPOS="504" WIDTH="145" HEIGHT="30" WC="0.95" CONTENT="reglementet"/><SP WIDTH="19" VPOS="504" HPOS="384"/>
							<String ID="string_16" HPOS="403" VPOS="505" WIDTH="35" HEIGHT="23" WC="0.96" CONTENT="för"/><SP WIDTH="20" VPOS="505" HPOS="438"/>
							<String ID="string_17" HPOS="458" VPOS="505" WIDTH="98" HEIGHT="25" WC="0.96" CONTENT="Finlands"/><SP WIDTH="20" VPOS="505" HPOS="556"/>
							<String ID="string_18" HPOS="576" VPOS="506" WIDTH="67" HEIGHT="24" WC="0.96" CONTENT="Bank."/>
						</TextLine>
					</TextBlock>
				</ComposedBlock>
				<ComposedBlock ID="cblock_2" HPOS="137" VPOS="583" WIDTH="624" HEIGHT="58">
					<TextBlock ID="block_2" HPOS="137" VPOS="583" WIDTH="624" HEIGHT="58">
						<TextLine ID="line_4" HPOS="137" VPOS="583" WIDTH="624" HEIGHT="30">
							<String ID="string_19" HPOS="137" VPOS="583" WIDTH="211" HEIGHT="28" WC="0.92" CONTENT="Stormäktigste,"/><SP WIDTH="20" VPOS="583" HPOS="348"/>
							<String ID="string_20" HPOS="368" VPOS="584" WIDTH="198" HEIGHT="29" WC="0.91" CONTENT="Allernädigste"/><SP WIDTH="15" VPOS="584" HPOS="566"/>
							<String ID="string_21" HPOS="581" VPOS="584" WIDTH="113" HEIGHT="29" WC="0.92" CONTENT="Kejsare"/><SP WIDTH="19" VPOS="584" HPOS="694"/>
							<String ID="string_22" HPOS="713" VPOS="586" WIDTH="48" HEIGHT="21" WC="0.96" CONTENT="och"/>
						</TextLine>
						<TextLine ID="line_5" HPOS="365" VPOS="618" WIDTH="161" HEIGHT="23">
							<String ID="string_23" HPOS="365" VPOS="618" WIDTH="161" HEIGHT="23" WC="0.21" CONTENT=".Storfurste!"/>
						</TextLine>
					</TextBlock>
				</ComposedBlock>
				<ComposedBlock ID="cblock_3" HPOS="78" VPOS="686" WIDTH="742" HEIGHT="859">
					<TextBlock ID="block_3" HPOS="78" VPOS="686" WIDTH="742" HEIGHT="308">
						<TextLine ID="line_6" HPOS="146" VPOS="686" WIDTH="674" HEIGHT="31">
							<String ID="string_24" HPOS="146" VPOS="686" WIDTH="70" HEIGHT="22" WC="0.96" CONTENT="Sedan"/><SP WIDTH="14" VPOS="686" HPOS="216"/>
							<String ID="string_25" HPOS="230" VPOS="687" WIDTH="102" HEIGHT="22" WC="0.93" CONTENT="Finlands"/><SP WIDTH="15" VPOS="687" HPOS="332"/>
							<String ID="string_26" HPOS="347" VPOS="687" WIDTH="99" HEIGHT="23" WC="0.93" CONTENT="Ständers"/><SP WIDTH="14" VPOS="687" HPOS="446"/>
							<String ID="string_27" HPOS="460" VPOS="689" WIDTH="148" HEIGHT="26" WC="0.92" CONTENT="Bankutskott,"/><SP WIDTH="19" VPOS="689" HPOS="608"/>
							<String ID="string_28" HPOS="627" VPOS="688" WIDTH="32" HEIGHT="22" WC="0.93" CONTENT="till"/><SP WIDTH="19" VPOS="688" HPOS="659"/>
							<String ID="string_29" HPOS="678" VPOS="688" WIDTH="99" HEIGHT="29" WC="0.82" CONTENT="ätlydnad"/><SP WIDTH="19" VPOS="688" HPOS="777"/>
							<String ID="string_30" HPOS="796" VPOS="689" WIDTH="24" HEIGHT="22" WC="0.96" CONTENT="af"/>
						</TextLine>
						<TextLine ID="line_7" HPOS="79" VPOS="720" WIDTH="738" HEIGHT="31">
							<String ID="string_31" HPOS="79" VPOS="720" WIDTH="131" HEIGHT="23" WC="0.96" CONTENT="föreskriften"/><SP WIDTH="15" VPOS="720" HPOS="210"/>
							<String ID="string_32" HPOS="225" VPOS="721" WIDTH="7" HEIGHT="22" WC="0.91" CONTENT="i"/><SP WIDTH="16" VPOS="721" HPOS="232"/>
							<String ID="string_33" HPOS="248" VPOS="723" WIDTH="13" HEIGHT="26" WC="0.84" CONTENT="&amp;"/><SP WIDTH="15" VPOS="723" HPOS="261"/>
							<String ID="string_34" HPOS="276" VPOS="723" WIDTH="28" HEIGHT="20" WC="0.96" CONTENT="38"/><SP WIDTH="18" VPOS="723" HPOS="304"/>
							<String ID="string_35" HPOS="322" VPOS="722" WIDTH="23" HEIGHT="22" WC="0.96" CONTENT="af"/><SP WIDTH="19" VPOS="722" HPOS="345"/>
							<String ID="string_36" HPOS="364" VPOS="723" WIDTH="94" HEIGHT="28" WC="0.93" CONTENT="gällande"/><SP WIDTH="20" VPOS="723" HPOS="458"/>
							<String ID="string_37" HPOS="478" VPOS="723" WIDTH="208" HEIGHT="28" WC="0.73" CONTENT="Landtdagsordning"/><SP WIDTH="22" VPOS="723" HPOS="686"/>
							<String ID="string_38" HPOS="708" VPOS="724" WIDTH="38" HEIGHT="21" WC="0.96" CONTENT="och"/><SP WIDTH="23" VPOS="724" HPOS="746"/>
							<String ID="string_39" HPOS="769" VPOS="723" WIDTH="48" HEIGHT="22" WC="0.96" CONTENT="med"/>
						</TextLine>
						<TextLine ID="line_8" HPOS="78" VPOS="755" WIDTH="740" HEIGHT="31">
							<String ID="string_40" HPOS="78" VPOS="755" WIDTH="147" HEIGHT="23" WC="0.85" CONTENT="föranledande"/><SP WIDTH="17" VPOS="755" HPOS="225"/>
							<String ID="string_41" HPOS="242" VPOS="757" WIDTH="24" HEIGHT="21" WC="0.93" CONTENT="af"/><SP WIDTH="12" VPOS="757" HPOS="266"/>
							<String ID="string_42" HPOS="278" VPOS="757" WIDTH="71" HEIGHT="22" WC="0.96" CONTENT="derom"/><SP WIDTH="18" VPOS="757" HPOS="349"/>
							<String ID="string_43" HPOS="367" VPOS="757" WIDTH="47" HEIGHT="22" WC="0.93" CONTENT="utaf"/><SP WIDTH="15" VPOS="757" HPOS="414"/>
							<String ID="string_44" HPOS="429" VPOS="757" WIDTH="126" HEIGHT="22" WC="0.93" CONTENT="Ständernas"/><SP WIDTH="14" VPOS="757" HPOS="555"/>
							<String ID="string_45" HPOS="569" VPOS="757" WIDTH="194" HEIGHT="29" WC="0.92" CONTENT="Bankfullmäktige"/><SP WIDTH="16" VPOS="757" HPOS="763"/>
							<String ID="string_46" HPOS="779" VPOS="759" WIDTH="39" HEIGHT="21" WC="0.96" CONTENT="hos"/>
						</TextLine>
						<TextLine ID="line_9" HPOS="79" VPOS="791" WIDTH="739" HEIGHT="30">
							<String ID="string_47" HPOS="79" VPOS="791" WIDTH="107" HEIGHT="22" WC="0.93" CONTENT="Utskottet"/><SP WIDTH="13" VPOS="791" HPOS="186"/>
							<String ID="string_48" HPOS="199" VPOS="791" WIDTH="59" HEIGHT="28" WC="0.91" CONTENT="gjord"/><SP WIDTH="13" VPOS="791" HPOS="258"/>
							<String ID="string_49" HPOS="271" VPOS="791" WIDTH="157" HEIGHT="29" WC="0.93" CONTENT="framställning,"/><SP WIDTH="16" VPOS="791" HPOS="428"/>
							<String ID="string_50" HPOS="444" VPOS="793" WIDTH="31" HEIGHT="21" WC="0.93" CONTENT="uti"/><SP WIDTH="14" VPOS="793" HPOS="475"/>
							<String ID="string_51" HPOS="489" VPOS="792" WIDTH="87" HEIGHT="29" WC="0.92" CONTENT="afgifvet"/><SP WIDTH="13" VPOS="792" HPOS="576"/>
							<String ID="string_52" HPOS="589" VPOS="792" WIDTH="130" HEIGHT="22" WC="0.93" CONTENT="betänkande"/><SP WIDTH="16" VPOS="792" HPOS="719"/>
							<String ID="string_53" HPOS="735" VPOS="792" WIDTH="83" HEIGHT="22" WC="0.92" CONTENT="föresla-"/>
						</TextLine>
						<TextLine ID="line_10" HPOS="78" VPOS="825" WIDTH="740" HEIGHT="30">
							<String ID="string_54" HPOS="78" VPOS="825" WIDTH="30" HEIGHT="29" WC="0.93" CONTENT="git"/><SP WIDTH="18" VPOS="825" HPOS="108"/>
							<String ID="string_55" HPOS="126" VPOS="825" WIDTH="104" HEIGHT="29" WC="0.89" CONTENT="ätskilliga"/><SP WIDTH="17" VPOS="825" HPOS="230"/>
							<String ID="string_56" HPOS="247" VPOS="826" WIDTH="144" HEIGHT="29" WC="0.95" CONTENT="förändringar"/><SP WIDTH="20" VPOS="826" HPOS="391"/>
							<String ID="string_57" HPOS="411" VPOS="827" WIDTH="7" HEIGHT="21" WC="0.87" CONTENT="i"/><SP WIDTH="15" VPOS="827" HPOS="418"/>
							<String ID="string_58" HPOS="433" VPOS="827" WIDTH="39" HEIGHT="22" WC="0.87" CONTENT="och"/><SP WIDTH="14" VPOS="827" HPOS="472"/>
							<String ID="string_59" HPOS="486" VPOS="827" WIDTH="71" HEIGHT="28" WC="0.87" CONTENT="tillägg"/><SP WIDTH="14" VPOS="827" HPOS="557"/>
							<String ID="string_60" HPOS="571" VPOS="827" WIDTH="32" HEIGHT="22" WC="0.96" CONTENT="till"/><SP WIDTH="15" VPOS="827" HPOS="603"/>
							<String ID="string_61" HPOS="618" VPOS="827" WIDTH="35" HEIGHT="22" WC="0.96" CONTENT="det"/><SP WIDTH="14" VPOS="827" HPOS="653"/>
							<String ID="string_62" HPOS="667" VPOS="827" WIDTH="33" HEIGHT="22" WC="0.96" CONTENT="för"/><SP WIDTH="15" VPOS="827" HPOS="700"/>
							<String ID="string_63" HPOS="715" VPOS="827" WIDTH="103" HEIGHT="22" WC="0.96" CONTENT="Finlands"/>
						</TextLine>
						<TextLine ID="line_11" HPOS="80" VPOS="860" WIDTH="738" HEIGHT="31">
							<String ID="string_64" HPOS="80" VPOS="860" WIDTH="62" HEIGHT="22" WC="0.93" CONTENT="Bank"/><SP WIDTH="21" VPOS="860" HPOS="142"/>
							<String ID="string_65" HPOS="163" VPOS="860" WIDTH="107" HEIGHT="23" WC="0.91" CONTENT="faststälda"/><SP WIDTH="22" VPOS="860" HPOS="270"/>
							<String ID="string_66" HPOS="292" VPOS="861" WIDTH="126" HEIGHT="29" WC="0.96" CONTENT="reglemente"/><SP WIDTH="22" VPOS="861" HPOS="418"/>
							<String ID="string_67" HPOS="440" VPOS="862" WIDTH="38" HEIGHT="22" WC="0.96" CONTENT="och"/><SP WIDTH="19" VPOS="862" HPOS="478"/>
							<String ID="string_68" HPOS="497" VPOS="862" WIDTH="99" HEIGHT="22" WC="0.96" CONTENT="Bankens"/><SP WIDTH="18" VPOS="862" HPOS="596"/>
							<String ID="string_69" HPOS="614" VPOS="870" WIDTH="28" HEIGHT="14" WC="0.96" CONTENT="nu"/><SP WIDTH="18" VPOS="870" HPOS="642"/>
							<String ID="string_70" HPOS="660" VPOS="862" WIDTH="95" HEIGHT="29" WC="0.96" CONTENT="gällande"/><SP WIDTH="15" VPOS="862" HPOS="755"/>
							<String ID="string_71" HPOS="770" VPOS="864" WIDTH="48" HEIGHT="24" WC="0.96" CONTENT="stat,"/>
						</TextLine>
						<TextLine ID="line_12" HPOS="79" VPOS="896" WIDTH="739" HEIGHT="29">
							<String ID="string_72" HPOS="79" VPOS="896" WIDTH="63" HEIGHT="22" WC="0.92" CONTENT="hafva"/><SP WIDTH="15" VPOS="896" HPOS="142"/>
							<String ID="string_73" HPOS="157" VPOS="896" WIDTH="117" HEIGHT="22" WC="0.92" CONTENT="Ständerna"/><SP WIDTH="14" VPOS="896" HPOS="274"/>
							<String ID="string_74" HPOS="288" VPOS="896" WIDTH="33" HEIGHT="22" WC="0.96" CONTENT="till"/><SP WIDTH="14" VPOS="896" HPOS="321"/>
							<String ID="string_75" HPOS="335" VPOS="896" WIDTH="126" HEIGHT="29" WC="0.93" CONTENT="behandling"/><SP WIDTH="14" VPOS="896" HPOS="461"/>
							<String ID="string_76" HPOS="475" VPOS="896" WIDTH="89" HEIGHT="22" WC="0.92" CONTENT="förehaft"/><SP WIDTH="10" VPOS="896" HPOS="564"/>
							<String ID="string_77" HPOS="574" VPOS="897" WIDTH="56" HEIGHT="21" WC="0.93" CONTENT="detta"/><SP WIDTH="10" VPOS="897" HPOS="630"/>
							<String ID="string_78" HPOS="640" VPOS="897" WIDTH="76" HEIGHT="21" WC="0.92" CONTENT="ärende"/><SP WIDTH="10" VPOS="897" HPOS="716"/>
							<String ID="string_79" HPOS="726" VPOS="897" WIDTH="39" HEIGHT="21" WC="0.93" CONTENT="och"/><SP WIDTH="10" VPOS="897" HPOS="765"/>
							<String ID="string_80" HPOS="775" VPOS="896" WIDTH="43" HEIGHT="22" WC="0.92" CONTENT="der-"/>
						</TextLine>
						<TextLine ID="line_13" HPOS="80" VPOS="930" WIDTH="738" HEIGHT="30">
							<String ID="string_81" HPOS="80" VPOS="930" WIDTH="36" HEIGHT="22" WC="0.93" CONTENT="vid"/><SP WIDTH="18" VPOS="930" HPOS="116"/>
							<String ID="string_82" HPOS="134" VPOS="930" WIDTH="70" HEIGHT="23" WC="0.92" CONTENT="funnit"/><SP WIDTH="18" VPOS="930" HPOS="204"/>
							<String ID="string_83" HPOS="222" VPOS="930" WIDTH="204" HEIGHT="23" WC="0.89" CONTENT="nedanomförmälda"/><SP WIDTH="19" VPOS="930" HPOS="426"/>
							<String ID="string_84" HPOS="445" VPOS="931" WIDTH="111" HEIGHT="29" WC="0.94" CONTENT="ändringar"/><SP WIDTH="13" VPOS="931" HPOS="556"/>
							<String ID="string_85" HPOS="569" VPOS="931" WIDTH="8" HEIGHT="21" WC="0.94" CONTENT="i"/><SP WIDTH="15" VPOS="931" HPOS="577"/>
							<String ID="string_86" HPOS="592" VPOS="931" WIDTH="85" HEIGHT="22" WC="0.93" CONTENT="berörda"/><SP WIDTH="14" VPOS="931" HPOS="677"/>
							<String ID="string_87" HPOS="691" VPOS="932" WIDTH="127" HEIGHT="28" WC="0.92" CONTENT="reglemente"/>
						</TextLine>
						<TextLine ID="line_14" HPOS="79" VPOS="965" WIDTH="436" HEIGHT="29">
							<String ID="string_88" HPOS="79" VPOS="966" WIDTH="38" HEIGHT="21" WC="0.95" CONTENT="och"/><SP WIDTH="16" VPOS="966" HPOS="117"/>
							<String ID="string_89" HPOS="133" VPOS="968" WIDTH="41" HEIGHT="20" WC="0.96" CONTENT="stat"/><SP WIDTH="14" VPOS="968" HPOS="174"/>
							<String ID="string_90" HPOS="188" VPOS="974" WIDTH="50" HEIGHT="14" WC="0.96" CONTENT="vara"/><SP WIDTH="14" VPOS="974" HPOS="238"/>
							<String ID="string_91" HPOS="252" VPOS="965" WIDTH="24" HEIGHT="23" WC="0.93" CONTENT="af"/><SP WIDTH="11" VPOS="965" HPOS="276"/>
							<String ID="string_92" HPOS="287" VPOS="965" WIDTH="99" HEIGHT="23" WC="0.92" CONTENT="behofvet"/><SP WIDTH="14" VPOS="965" HPOS="386"/>
							<String ID="string_93" HPOS="400" VPOS="966" WIDTH="115" HEIGHT="28" WC="0.91" CONTENT="päkallade."/>
						</TextLine>
					</TextBlock>
					<TextBlock ID="block_4" HPOS="78" VPOS="1000" WIDTH="741" HEIGHT="545">
						<TextLine ID="line_15" HPOS="146" VPOS="1000" WIDTH="672" HEIGHT="30">
							<String ID="string_94" HPOS="146" VPOS="1000" WIDTH="13" HEIGHT="22" WC="0.92" CONTENT="I"/><SP WIDTH="15" VPOS="1000" HPOS="159"/>
							<String ID="string_95" HPOS="174" VPOS="1001" WIDTH="13" HEIGHT="27" WC="0.79" CONTENT="8"/><SP WIDTH="15" VPOS="1001" HPOS="187"/>
							<String ID="string_96" HPOS="202" VPOS="1002" WIDTH="12" HEIGHT="20" WC="0.89" CONTENT="7"/><SP WIDTH="16" VPOS="1002" HPOS="214"/>
							<String ID="string_97" HPOS="230" VPOS="1006" WIDTH="65" HEIGHT="17" WC="0.71" CONTENT="mom."/><SP WIDTH="13" VPOS="1006" HPOS="295"/>
							<String ID="string_98" HPOS="308" VPOS="1002" WIDTH="13" HEIGHT="20" WC="0.96" CONTENT="2"/><SP WIDTH="14" VPOS="1002" HPOS="321"/>
							<String ID="string_99" HPOS="335" VPOS="1000" WIDTH="24" HEIGHT="22" WC="0.93" CONTENT="af"/><SP WIDTH="16" VPOS="1000" HPOS="359"/>
							<String ID="string_100" HPOS="375" VPOS="1001" WIDTH="141" HEIGHT="29" WC="0.96" CONTENT="reglementet,"/><SP WIDTH="20" VPOS="1001" HPOS="516"/>
							<String ID="string_101" HPOS="536" VPOS="1000" WIDTH="64" HEIGHT="23" WC="0.96" CONTENT="sådan"/><SP WIDTH="19" VPOS="1000" HPOS="600"/>
							<String ID="string_102" HPOS="619" VPOS="1000" WIDTH="45" HEIGHT="22" WC="0.93" CONTENT="dess"/><SP WIDTH="22" VPOS="1000" HPOS="664"/>
							<String ID="string_103" HPOS="686" VPOS="1000" WIDTH="80" HEIGHT="29" WC="0.92" CONTENT="lydelse"/><SP WIDTH="19" VPOS="1000" HPOS="766"/>
							<String ID="string_104" HPOS="785" VPOS="1000" WIDTH="33" HEIGHT="22" WC="0.85" CONTENT="be-"/>
						</TextLine>
						<TextLine ID="line_16" HPOS="79" VPOS="1035" WIDTH="739" HEIGHT="29">
							<String ID="string_105" HPOS="79" VPOS="1037" WIDTH="71" HEIGHT="20" WC="0.92" CONTENT="stämts"/><SP WIDTH="15" VPOS="1037" HPOS="150"/>
							<String ID="string_106" HPOS="165" VPOS="1043" WIDTH="75" HEIGHT="21" WC="0.96" CONTENT="genom"/><SP WIDTH="14" VPOS="1043" HPOS="240"/>
							<String ID="string_107" HPOS="254" VPOS="1035" WIDTH="75" HEIGHT="29" WC="0.96" CONTENT="nådiga"/><SP WIDTH="14" VPOS="1035" HPOS="329"/>
							<String ID="string_108" HPOS="343" VPOS="1035" WIDTH="147" HEIGHT="29" WC="0.96" CONTENT="förordningen"/><SP WIDTH="14" VPOS="1035" HPOS="490"/>
							<String ID="string_109" HPOS="504" VPOS="1036" WIDTH="40" HEIGHT="22" WC="0.96" CONTENT="den"/><SP WIDTH="15" VPOS="1036" HPOS="544"/>
							<String ID="string_110" HPOS="559" VPOS="1036" WIDTH="13" HEIGHT="22" WC="0.96" CONTENT="9"/><SP WIDTH="15" VPOS="1036" HPOS="572"/>
							<String ID="string_111" HPOS="587" VPOS="1035" WIDTH="92" HEIGHT="29" WC="0.96" CONTENT="Augusti"/><SP WIDTH="15" VPOS="1035" HPOS="679"/>
							<String ID="string_112" HPOS="694" VPOS="1036" WIDTH="61" HEIGHT="25" WC="0.93" CONTENT="1877,"/><SP WIDTH="11" VPOS="1036" HPOS="755"/>
							<String ID="string_113" HPOS="766" VPOS="1036" WIDTH="52" HEIGHT="21" WC="0.91" CONTENT="stad-"/>
						</TextLine>
						<TextLine ID="line_17" HPOS="78" VPOS="1070" WIDTH="739" HEIGHT="29">
							<String ID="string_114" HPOS="78" VPOS="1078" WIDTH="42" HEIGHT="21" WC="0.96" CONTENT="gas,"/><SP WIDTH="16" VPOS="1078" HPOS="120"/>
							<String ID="string_115" HPOS="136" VPOS="1072" WIDTH="30" HEIGHT="20" WC="0.93" CONTENT="att"/><SP WIDTH="15" VPOS="1072" HPOS="166"/>
							<String ID="string_116" HPOS="181" VPOS="1070" WIDTH="71" HEIGHT="22" WC="0.90" CONTENT="silfver"/><SP WIDTH="14" VPOS="1070" HPOS="252"/>
							<String ID="string_117" HPOS="266" VPOS="1070" WIDTH="8" HEIGHT="22" WC="0.96" CONTENT="i"/><SP WIDTH="14" VPOS="1070" HPOS="274"/>
							<String ID="string_118" HPOS="288" VPOS="1071" WIDTH="69" HEIGHT="28" WC="0.96" CONTENT="plants"/><SP WIDTH="14" VPOS="1071" HPOS="357"/>
							<String ID="string_119" HPOS="371" VPOS="1071" WIDTH="53" HEIGHT="21" WC="0.96" CONTENT="blott"/><SP WIDTH="16" VPOS="1071" HPOS="424"/>
							<String ID="string_120" HPOS="440" VPOS="1071" WIDTH="120" HEIGHT="26" WC="0.96" CONTENT="tillsvidare,"/><SP WIDTH="15" VPOS="1071" HPOS="560"/>
							<String ID="string_121" HPOS="575" VPOS="1071" WIDTH="39" HEIGHT="21" WC="0.93" CONTENT="och"/><SP WIDTH="14" VPOS="1071" HPOS="614"/>
							<String ID="string_122" HPOS="628" VPOS="1070" WIDTH="103" HEIGHT="22" WC="0.92" CONTENT="intilldess"/><SP WIDTH="15" VPOS="1070" HPOS="731"/>
							<String ID="string_123" HPOS="746" VPOS="1070" WIDTH="71" HEIGHT="22" WC="0.96" CONTENT="derom"/>
						</TextLine>
						<TextLine ID="line_18" HPOS="79" VPOS="1104" WIDTH="739" HEIGHT="30">
							<String ID="string_124" HPOS="79" VPOS="1104" WIDTH="23" HEIGHT="22" WC="0.96" CONTENT="af"/><SP WIDTH="15" VPOS="1104" HPOS="102"/>
							<String ID="string_125" HPOS="117" VPOS="1105" WIDTH="80" HEIGHT="21" WC="0.96" CONTENT="landets"/><SP WIDTH="18" VPOS="1105" HPOS="197"/>
							<String ID="string_126" HPOS="215" VPOS="1104" WIDTH="93" HEIGHT="29" WC="0.96" CONTENT="Styrelse"/><SP WIDTH="18" VPOS="1104" HPOS="308"/>
							<String ID="string_127" HPOS="326" VPOS="1104" WIDTH="28" HEIGHT="29" WC="0.96" CONTENT="på"/><SP WIDTH="18" VPOS="1104" HPOS="354"/>
							<String ID="string_128" HPOS="372" VPOS="1104" WIDTH="151" HEIGHT="30" WC="0.96" CONTENT="framställning"/><SP WIDTH="18" VPOS="1104" HPOS="523"/>
							<String ID="string_129" HPOS="541" VPOS="1104" WIDTH="23" HEIGHT="23" WC="0.93" CONTENT="af"/><SP WIDTH="12" VPOS="1104" HPOS="564"/>
							<String ID="string_130" HPOS="576" VPOS="1104" WIDTH="193" HEIGHT="29" WC="0.92" CONTENT="Bankfullmäktige"/><SP WIDTH="15" VPOS="1104" HPOS="769"/>
							<String ID="string_131" HPOS="784" VPOS="1112" WIDTH="34" HEIGHT="14" WC="0.89" CONTENT="an-"/>
						</TextLine>
						<TextLine ID="line_19" HPOS="79" VPOS="1134" WIDTH="737" HEIGHT="34">
							<String ID="string_132" HPOS="79" VPOS="1139" WIDTH="101" HEIGHT="22" WC="0.91" CONTENT="norlunda"/><SP WIDTH="10" VPOS="1139" HPOS="180"/>
							<String ID="string_133" HPOS="190" VPOS="1134" WIDTH="113" HEIGHT="31" WC="0.96" CONTENT="förordnas,"/><SP WIDTH="11" VPOS="1134" HPOS="303"/>
							<String ID="string_134" HPOS="314" VPOS="1139" WIDTH="34" HEIGHT="22" WC="0.95" CONTENT="må"/><SP WIDTH="15" VPOS="1139" HPOS="348"/>
							<String ID="string_135" HPOS="363" VPOS="1139" WIDTH="66" HEIGHT="22" WC="0.96" CONTENT="såsom"/><SP WIDTH="15" VPOS="1139" HPOS="429"/>
							<String ID="string_136" HPOS="444" VPOS="1140" WIDTH="104" HEIGHT="22" WC="0.96" CONTENT="metallisk"/><SP WIDTH="14" VPOS="1140" HPOS="548"/>
							<String ID="string_137" HPOS="562" VPOS="1139" WIDTH="60" HEIGHT="22" WC="0.96" CONTENT="kassa"/><SP WIDTH="15" VPOS="1139" HPOS="622"/>
							<String ID="string_138" HPOS="637" VPOS="1139" WIDTH="81" HEIGHT="26" WC="0.96" CONTENT="räknas,"/><SP WIDTH="16" VPOS="1139" HPOS="718"/>
							<String ID="string_139" HPOS="734" VPOS="1139" WIDTH="53" HEIGHT="22" WC="0.95" CONTENT="dock"/><SP WIDTH="10" VPOS="1139" HPOS="787"/>
							<String ID="string_140" HPOS="797" VPOS="1138" WIDTH="19" HEIGHT="30" WC="0.96" CONTENT="ej"/>
						</TextLine>
						<TextLine ID="line_20" HPOS="79" VPOS="1173" WIDTH="739" HEIGHT="30">
							<String ID="string_141" HPOS="79" VPOS="1174" WIDTH="33" HEIGHT="22" WC="0.95" CONTENT="till"/><SP WIDTH="13" VPOS="1174" HPOS="112"/>
							<String ID="string_142" HPOS="125" VPOS="1174" WIDTH="63" HEIGHT="28" WC="0.95" CONTENT="högre"/><SP WIDTH="15" VPOS="1174" HPOS="188"/>
							<String ID="string_143" HPOS="203" VPOS="1174" WIDTH="74" HEIGHT="29" WC="0.96" CONTENT="belopp"/><SP WIDTH="15" VPOS="1174" HPOS="277"/>
							<String ID="string_144" HPOS="292" VPOS="1179" WIDTH="26" HEIGHT="17" WC="0.96" CONTENT="än"/><SP WIDTH="15" VPOS="1179" HPOS="318"/>
							<String ID="string_145" HPOS="333" VPOS="1182" WIDTH="26" HEIGHT="13" WC="0.96" CONTENT="en"/><SP WIDTH="14" VPOS="1182" HPOS="359"/>
							<String ID="string_146" HPOS="373" VPOS="1174" WIDTH="99" HEIGHT="22" WC="0.96" CONTENT="femtedel"/><SP WIDTH="16" VPOS="1174" HPOS="472"/>
							<String ID="string_147" HPOS="488" VPOS="1174" WIDTH="23" HEIGHT="22" WC="0.96" CONTENT="af"/><SP WIDTH="11" VPOS="1174" HPOS="511"/>
							<String ID="string_148" HPOS="522" VPOS="1175" WIDTH="81" HEIGHT="21" WC="0.94" CONTENT="kassan."/><SP WIDTH="29" VPOS="1175" HPOS="603"/>
							<String ID="string_149" HPOS="632" VPOS="1174" WIDTH="50" HEIGHT="21" WC="0.96" CONTENT="Men"/><SP WIDTH="15" VPOS="1174" HPOS="682"/>
							<String ID="string_150" HPOS="697" VPOS="1181" WIDTH="34" HEIGHT="14" WC="0.92" CONTENT="om"/><SP WIDTH="14" VPOS="1181" HPOS="731"/>
							<String ID="string_151" HPOS="745" VPOS="1173" WIDTH="73" HEIGHT="23" WC="0.92" CONTENT="silfver"/>
						</TextLine>
						<TextLine ID="line_21" HPOS="80" VPOS="1203" WIDTH="739" HEIGHT="34">
							<String ID="string_152" HPOS="80" VPOS="1203" WIDTH="86" HEIGHT="28" WC="0.96" CONTENT="sålunda"/><SP WIDTH="16" VPOS="1203" HPOS="166"/>
							<String ID="string_153" HPOS="182" VPOS="1209" WIDTH="72" HEIGHT="22" WC="0.96" CONTENT="endast"/><SP WIDTH="14" VPOS="1209" HPOS="254"/>
							<String ID="string_154" HPOS="268" VPOS="1209" WIDTH="67" HEIGHT="21" WC="0.96" CONTENT="under"/><SP WIDTH="14" VPOS="1209" HPOS="335"/>
							<String ID="string_155" HPOS="349" VPOS="1216" WIDTH="26" HEIGHT="14" WC="0.93" CONTENT="en"/><SP WIDTH="15" VPOS="1216" HPOS="375"/>
							<String ID="string_156" HPOS="390" VPOS="1209" WIDTH="136" HEIGHT="28" WC="0.91" CONTENT="öfvergående"/><SP WIDTH="14" VPOS="1209" HPOS="526"/>
							<String ID="string_157" HPOS="540" VPOS="1209" WIDTH="31" HEIGHT="22" WC="0.96" CONTENT="tid"/><SP WIDTH="14" VPOS="1209" HPOS="571"/>
							<String ID="string_158" HPOS="585" VPOS="1208" WIDTH="32" HEIGHT="21" WC="0.96" CONTENT="får"/><SP WIDTH="9" VPOS="1208" HPOS="617"/>
							<String ID="string_159" HPOS="626" VPOS="1208" WIDTH="8" HEIGHT="21" WC="0.96" CONTENT="i"/><SP WIDTH="10" VPOS="1208" HPOS="634"/>
							<String ID="string_160" HPOS="644" VPOS="1208" WIDTH="117" HEIGHT="22" WC="0.93" CONTENT="metalliska"/><SP WIDTH="12" VPOS="1208" HPOS="761"/>
							<String ID="string_161" HPOS="773" VPOS="1208" WIDTH="46" HEIGHT="22" WC="0.93" CONTENT="kas-"/>
						</TextLine>
						<TextLine ID="line_22" HPOS="80" VPOS="1241" WIDTH="738" HEIGHT="30">
							<String ID="string_162" HPOS="80" VPOS="1251" WIDTH="37" HEIGHT="14" WC="0.95" CONTENT="san"/><SP WIDTH="14" VPOS="1251" HPOS="117"/>
							<String ID="string_163" HPOS="131" VPOS="1243" WIDTH="55" HEIGHT="28" WC="0.96" CONTENT="ingå,"/><SP WIDTH="15" VPOS="1243" HPOS="186"/>
							<String ID="string_164" HPOS="201" VPOS="1243" WIDTH="82" HEIGHT="22" WC="0.96" CONTENT="hvilket"/><SP WIDTH="14" VPOS="1243" HPOS="283"/>
							<String ID="string_165" HPOS="297" VPOS="1242" WIDTH="62" HEIGHT="23" WC="0.93" CONTENT="äfven"/><SP WIDTH="16" VPOS="1242" HPOS="359"/>
							<String ID="string_166" HPOS="375" VPOS="1243" WIDTH="116" HEIGHT="22" WC="0.92" CONTENT="Ständerna"/><SP WIDTH="15" VPOS="1243" HPOS="491"/>
							<String ID="string_167" HPOS="506" VPOS="1242" WIDTH="31" HEIGHT="22" WC="0.96" CONTENT="för"/><SP WIDTH="13" VPOS="1242" HPOS="537"/>
							<String ID="string_168" HPOS="550" VPOS="1242" WIDTH="34" HEIGHT="22" WC="0.96" CONTENT="sin"/><SP WIDTH="14" VPOS="1242" HPOS="584"/>
							<String ID="string_169" HPOS="598" VPOS="1242" WIDTH="34" HEIGHT="21" WC="0.96" CONTENT="del"/><SP WIDTH="14" VPOS="1242" HPOS="632"/>
							<String ID="string_170" HPOS="646" VPOS="1242" WIDTH="55" HEIGHT="21" WC="0.96" CONTENT="hålla"/><SP WIDTH="14" VPOS="1242" HPOS="701"/>
							<String ID="string_171" HPOS="715" VPOS="1241" WIDTH="32" HEIGHT="22" WC="0.93" CONTENT="för"/><SP WIDTH="13" VPOS="1241" HPOS="747"/>
							<String ID="string_172" HPOS="760" VPOS="1242" WIDTH="58" HEIGHT="22" WC="0.93" CONTENT="rikti-"/>
						</TextLine>
						<TextLine ID="line_23" HPOS="80" VPOS="1275" WIDTH="737" HEIGHT="32">
							<String ID="string_173" HPOS="80" VPOS="1280" WIDTH="50" HEIGHT="27" WC="0.96" CONTENT="gast,"/><SP WIDTH="11" VPOS="1280" HPOS="130"/>
							<String ID="string_174" HPOS="141" VPOS="1278" WIDTH="42" HEIGHT="21" WC="0.96" CONTENT="kan"/><SP WIDTH="11" VPOS="1278" HPOS="183"/>
							<String ID="string_175" HPOS="194" VPOS="1277" WIDTH="64" HEIGHT="29" WC="0.96" CONTENT="enligt"/><SP WIDTH="11" VPOS="1277" HPOS="258"/>
							<String ID="string_176" HPOS="269" VPOS="1277" WIDTH="40" HEIGHT="22" WC="0.96" CONTENT="den"/><SP WIDTH="10" VPOS="1277" HPOS="309"/>
							<String ID="string_177" HPOS="319" VPOS="1277" WIDTH="121" HEIGHT="22" WC="0.96" CONTENT="nuvarande"/><SP WIDTH="14" VPOS="1277" HPOS="440"/>
							<String ID="string_178" HPOS="454" VPOS="1277" WIDTH="93" HEIGHT="28" WC="0.96" CONTENT="lydelsen"/><SP WIDTH="15" VPOS="1277" HPOS="547"/>
							<String ID="string_179" HPOS="562" VPOS="1276" WIDTH="22" HEIGHT="22" WC="0.96" CONTENT="af"/><SP WIDTH="13" VPOS="1276" HPOS="584"/>
							<String ID="string_180" HPOS="597" VPOS="1277" WIDTH="13" HEIGHT="26" WC="0.91" CONTENT="8"/><SP WIDTH="15" VPOS="1277" HPOS="610"/>
							<String ID="string_181" HPOS="625" VPOS="1277" WIDTH="13" HEIGHT="20" WC="0.96" CONTENT="6"/><SP WIDTH="15" VPOS="1277" HPOS="638"/>
							<String ID="string_182" HPOS="653" VPOS="1276" WIDTH="8" HEIGHT="21" WC="0.96" CONTENT="i"/><SP WIDTH="14" VPOS="1276" HPOS="661"/>
							<String ID="string_183" HPOS="675" VPOS="1275" WIDTH="142" HEIGHT="30" WC="0.96" CONTENT="reglementet,"/>
						</TextLine>
						<TextLine ID="line_24" HPOS="81" VPOS="1310" WIDTH="736" HEIGHT="30">
							<String ID="string_184" HPOS="81" VPOS="1312" WIDTH="68" HEIGHT="22" WC="0.96" CONTENT="denna"/><SP WIDTH="14" VPOS="1312" HPOS="149"/>
							<String ID="string_185" HPOS="163" VPOS="1312" WIDTH="71" HEIGHT="21" WC="0.95" CONTENT="metall"/><SP WIDTH="15" VPOS="1312" HPOS="234"/>
							<String ID="string_186" HPOS="249" VPOS="1311" WIDTH="53" HEIGHT="22" WC="0.95" CONTENT="efter"/><SP WIDTH="13" VPOS="1311" HPOS="302"/>
							<String ID="string_187" HPOS="315" VPOS="1311" WIDTH="91" HEIGHT="22" WC="0.96" CONTENT="nämnda"/><SP WIDTH="14" VPOS="1311" HPOS="406"/>
							<String ID="string_188" HPOS="420" VPOS="1311" WIDTH="40" HEIGHT="22" WC="0.96" CONTENT="tids"/><SP WIDTH="14" VPOS="1311" HPOS="460"/>
							<String ID="string_189" HPOS="474" VPOS="1311" WIDTH="80" HEIGHT="29" WC="0.96" CONTENT="förlopp"/><SP WIDTH="12" VPOS="1311" HPOS="554"/>
							<String ID="string_190" HPOS="566" VPOS="1310" WIDTH="18" HEIGHT="29" WC="0.96" CONTENT="ej"/><SP WIDTH="10" VPOS="1310" HPOS="584"/>
							<String ID="string_191" HPOS="594" VPOS="1311" WIDTH="66" HEIGHT="21" WC="0.96" CONTENT="heller"/><SP WIDTH="10" VPOS="1311" HPOS="660"/>
							<String ID="string_192" HPOS="670" VPOS="1310" WIDTH="71" HEIGHT="22" WC="0.96" CONTENT="vidare"/><SP WIDTH="10" VPOS="1310" HPOS="741"/>
							<String ID="string_193" HPOS="751" VPOS="1310" WIDTH="66" HEIGHT="22" WC="0.96" CONTENT="såsom"/>
						</TextLine>
						<TextLine ID="line_25" HPOS="80" VPOS="1344" WIDTH="738" HEIGHT="27">
							<String ID="string_194" HPOS="80" VPOS="1346" WIDTH="104" HEIGHT="21" WC="0.96" CONTENT="metallisk"/><SP WIDTH="22" VPOS="1346" HPOS="184"/>
							<String ID="string_195" HPOS="206" VPOS="1346" WIDTH="71" HEIGHT="20" WC="0.96" CONTENT="valuta"/><SP WIDTH="20" VPOS="1346" HPOS="277"/>
							<String ID="string_196" HPOS="297" VPOS="1353" WIDTH="65" HEIGHT="13" WC="0.95" CONTENT="anses."/><SP WIDTH="38" VPOS="1353" HPOS="362"/>
							<String ID="string_197" HPOS="400" VPOS="1345" WIDTH="43" HEIGHT="20" WC="0.95" CONTENT="Till"/><SP WIDTH="21" VPOS="1345" HPOS="443"/>
							<String ID="string_198" HPOS="464" VPOS="1353" WIDTH="27" HEIGHT="12" WC="0.96" CONTENT="en"/><SP WIDTH="17" VPOS="1353" HPOS="491"/>
							<String ID="string_199" HPOS="508" VPOS="1345" WIDTH="62" HEIGHT="21" WC="0.96" CONTENT="sådan"/><SP WIDTH="22" VPOS="1345" HPOS="570"/>
							<String ID="string_200" HPOS="592" VPOS="1344" WIDTH="151" HEIGHT="27" WC="0.96" CONTENT="inskränkning"/><SP WIDTH="18" VPOS="1344" HPOS="743"/>
							<String ID="string_201" HPOS="761" VPOS="1345" WIDTH="57" HEIGHT="20" WC="0.96" CONTENT="finna"/>
						</TextLine>
						<TextLine ID="line_26" HPOS="80" VPOS="1377" WIDTH="737" HEIGHT="26">
							<String ID="string_202" HPOS="80" VPOS="1379" WIDTH="117" HEIGHT="22" WC="0.92" CONTENT="Ständerna"/><SP WIDTH="21" VPOS="1379" HPOS="197"/>
							<String ID="string_203" HPOS="218" VPOS="1379" WIDTH="116" HEIGHT="21" WC="0.95" CONTENT="emellertid"/><SP WIDTH="19" VPOS="1379" HPOS="334"/>
							<String ID="string_204" HPOS="353" VPOS="1378" WIDTH="45" HEIGHT="21" WC="0.96" CONTENT="skäl"/><SP WIDTH="19" VPOS="1378" HPOS="398"/>
							<String ID="string_205" HPOS="417" VPOS="1377" WIDTH="46" HEIGHT="22" WC="0.96" CONTENT="icke"/><SP WIDTH="14" VPOS="1377" HPOS="463"/>
							<String ID="string_206" HPOS="477" VPOS="1377" WIDTH="133" HEIGHT="26" WC="0.96" CONTENT="förekomma,"/><SP WIDTH="17" VPOS="1377" HPOS="610"/>
							<String ID="string_207" HPOS="627" VPOS="1377" WIDTH="26" HEIGHT="21" WC="0.93" CONTENT="då"/><SP WIDTH="13" VPOS="1377" HPOS="653"/>
							<String ID="string_208" HPOS="666" VPOS="1377" WIDTH="72" HEIGHT="21" WC="0.92" CONTENT="silfver"/><SP WIDTH="14" VPOS="1377" HPOS="738"/>
							<String ID="string_209" HPOS="752" VPOS="1377" WIDTH="65" HEIGHT="21" WC="0.95" CONTENT="likväl"/>
						</TextLine>
						<TextLine ID="line_27" HPOS="80" VPOS="1409" WIDTH="738" HEIGHT="32">
							<String ID="string_210" HPOS="80" VPOS="1413" WIDTH="153" HEIGHT="28" WC="0.91" CONTENT="otvifvelaktigt"/><SP WIDTH="9" VPOS="1413" HPOS="233"/>
							<String ID="string_211" HPOS="242" VPOS="1413" WIDTH="67" HEIGHT="21" WC="0.96" CONTENT="under"/><SP WIDTH="10" VPOS="1413" HPOS="309"/>
							<String ID="string_212" HPOS="319" VPOS="1412" WIDTH="41" HEIGHT="22" WC="0.96" CONTENT="alla"/><SP WIDTH="14" VPOS="1412" HPOS="360"/>
							<String ID="string_213" HPOS="374" VPOS="1411" WIDTH="142" HEIGHT="22" WC="0.96" CONTENT="förhållanden"/><SP WIDTH="14" VPOS="1411" HPOS="516"/>
							<String ID="string_214" HPOS="530" VPOS="1410" WIDTH="96" HEIGHT="29" WC="0.96" CONTENT="erbjuder"/><SP WIDTH="18" VPOS="1410" HPOS="626"/>
							<String ID="string_215" HPOS="644" VPOS="1418" WIDTH="25" HEIGHT="13" WC="0.96" CONTENT="en"/><SP WIDTH="15" VPOS="1418" HPOS="669"/>
							<String ID="string_216" HPOS="684" VPOS="1410" WIDTH="23" HEIGHT="21" WC="0.96" CONTENT="af"/><SP WIDTH="13" VPOS="1410" HPOS="707"/>
							<String ID="string_217" HPOS="720" VPOS="1410" WIDTH="25" HEIGHT="22" WC="0.96" CONTENT="de"/><SP WIDTH="14" VPOS="1410" HPOS="745"/>
							<String ID="string_218" HPOS="759" VPOS="1409" WIDTH="59" HEIGHT="23" WC="0.96" CONTENT="bästa"/>
						</TextLine>
						<TextLine ID="line_28" HPOS="80" VPOS="1444" WIDTH="738" HEIGHT="29">
							<String ID="string_219" HPOS="80" VPOS="1448" WIDTH="126" HEIGHT="25" WC="0.95" CONTENT="säkerheter,"/><SP WIDTH="22" VPOS="1448" HPOS="206"/>
							<String ID="string_220" HPOS="228" VPOS="1455" WIDTH="44" HEIGHT="14" WC="0.96" CONTENT="som"/><SP WIDTH="22" VPOS="1455" HPOS="272"/>
							<String ID="string_221" HPOS="294" VPOS="1446" WIDTH="32" HEIGHT="22" WC="0.93" CONTENT="för"/><SP WIDTH="21" VPOS="1446" HPOS="326"/>
							<String ID="string_222" HPOS="347" VPOS="1445" WIDTH="181" HEIGHT="23" WC="0.92" CONTENT="sedelemissionen"/><SP WIDTH="18" VPOS="1445" HPOS="528"/>
							<String ID="string_223" HPOS="546" VPOS="1445" WIDTH="72" HEIGHT="22" WC="0.96" CONTENT="kunna"/><SP WIDTH="14" VPOS="1445" HPOS="618"/>
							<String ID="string_224" HPOS="632" VPOS="1445" WIDTH="75" HEIGHT="21" WC="0.88" CONTENT="ställas:"/><SP WIDTH="37" VPOS="1445" HPOS="707"/>
							<String ID="string_225" HPOS="744" VPOS="1444" WIDTH="74" HEIGHT="29" WC="0.84" CONTENT="Enligt"/>
						</TextLine>
						<TextLine ID="line_29" HPOS="80" VPOS="1479" WIDTH="738" HEIGHT="33">
							<String ID="string_226" HPOS="80" VPOS="1483" WIDTH="136" HEIGHT="29" WC="0.96" CONTENT="reglementet"/><SP WIDTH="14" VPOS="1483" HPOS="216"/>
							<String ID="string_227" HPOS="230" VPOS="1481" WIDTH="77" HEIGHT="29" WC="0.95" CONTENT="åligger"/><SP WIDTH="14" VPOS="1481" HPOS="307"/>
							<String ID="string_228" HPOS="321" VPOS="1481" WIDTH="35" HEIGHT="22" WC="0.96" CONTENT="det"/><SP WIDTH="22" VPOS="1481" HPOS="356"/>
							<String ID="string_229" HPOS="378" VPOS="1481" WIDTH="104" HEIGHT="22" WC="0.96" CONTENT="dessutom"/><SP WIDTH="18" VPOS="1481" HPOS="482"/>
							<String ID="string_230" HPOS="500" VPOS="1479" WIDTH="101" HEIGHT="23" WC="0.96" CONTENT="Finlands"/><SP WIDTH="14" VPOS="1479" HPOS="601"/>
							<String ID="string_231" HPOS="615" VPOS="1479" WIDTH="63" HEIGHT="22" WC="0.95" CONTENT="Bank"/><SP WIDTH="23" VPOS="1479" HPOS="678"/>
							<String ID="string_232" HPOS="701" VPOS="1481" WIDTH="30" HEIGHT="20" WC="0.93" CONTENT="att"/><SP WIDTH="20" VPOS="1481" HPOS="731"/>
							<String ID="string_233" HPOS="751" VPOS="1479" WIDTH="67" HEIGHT="22" WC="0.91" CONTENT="drifva"/>
						</TextLine>
						<TextLine ID="line_30" HPOS="80" VPOS="1513" WIDTH="736" HEIGHT="32">
							<String ID="string_234" HPOS="80" VPOS="1518" WIDTH="77" HEIGHT="22" WC="0.96" CONTENT="handel"/><SP WIDTH="21" VPOS="1518" HPOS="157"/>
							<String ID="string_235" HPOS="178" VPOS="1517" WIDTH="48" HEIGHT="22" WC="0.96" CONTENT="med"/><SP WIDTH="19" VPOS="1517" HPOS="226"/>
							<String ID="string_236" HPOS="245" VPOS="1515" WIDTH="155" HEIGHT="30" WC="0.96" CONTENT="ifrågavarande"/><SP WIDTH="22" VPOS="1515" HPOS="400"/>
							<String ID="string_237" HPOS="422" VPOS="1515" WIDTH="80" HEIGHT="27" WC="0.96" CONTENT="metall;"/><SP WIDTH="24" VPOS="1515" HPOS="502"/>
							<String ID="string_238" HPOS="526" VPOS="1515" WIDTH="38" HEIGHT="22" WC="0.93" CONTENT="och"/><SP WIDTH="17" VPOS="1515" HPOS="564"/>
							<String ID="string_239" HPOS="581" VPOS="1513" WIDTH="132" HEIGHT="23" WC="0.91" CONTENT="alldenstund"/><SP WIDTH="14" VPOS="1513" HPOS="713"/>
							<String ID="string_240" HPOS="727" VPOS="1513" WIDTH="89" HEIGHT="22" WC="0.96" CONTENT="Banken"/>
						</TextLine>
					</TextBlock>
				</ComposedBlock>
			</PrintSpace>
		</Page>
	</Layout>
</alto>
