1039 1703
437 155 16 21 L
778 156 12 20 T

67 223 70 21 dande
161 223 91 21 Ständer
270 223 131 27 föreläggas;
418 223 110 22 äfvensom
545 224 126 26 Ständerna,
687 224 133 21 beträffande

67 257 169 21 blindanstalten
251 258 7 20 i
274 257 143 26 Helsingfors,
433 258 7 20 i
456 257 172 27 underdänighet
643 259 81 20 anmält
739 259 32 19 att
787 258 32 25 de,

68 291 69 20 ehuru
152 291 138 21 erkännande
305 293 76 25 nyttan
397 292 40 19 och
451 291 188 26 nödvändigheten
655 291 22 20 af
692 297 81 15 samma
783 297 37 14 an-

67 325 58 26 stalt,
149 325 71 21 funnit
244 327 33 19 att
299 325 48 21 med
371 325 49 21 dess
443 325 88 26 slutliga
549 325 110 21 ordnande
675 325 67 21 borde
757 325 63 21 anstä

67 361 58 19 ännu
148 359 70 27 nägon
241 360 39 25 tid,
300 359 39 21 och
355 360 38 25 att,
409 359 28 21 dä
452 359 36 21 vid
504 359 77 21 sädant
595 359 135 21 förhällande
745 359 75 21 bevill-

67 394 51 26 ning
133 394 34 20 för
183 394 60 20 detta
258 394 99 20 ändamäl
372 394 47 20 icke
435 394 81 25 äskats,
532 394 28 20 all
576 394 74 20 vidare
665 394 62 26 fräga
746 394 74 20 derom

66 428 101 25 förfallit;
184 428 93 21 hvarhos
293 427 121 22 Ständerna
427 428 34 21 för
471 428 71 26 öfrigt,
553 428 50 21 med
613 428 82 26 hänsyn
705 428 34 20 till
749 428 70 20 blind-

67 462 193 26 undervisningens
276 462 7 21 i
299 462 74 21 landet
387 462 74 21 vidare
476 462 129 26 utveckling,
622 462 118 21 framhällit
755 462 65 21 önsk-

66 497 95 26 ligheten
181 496 61 22 deraf
259 498 33 20 att
311 503 26 15 en
352 496 127 27 fullständig
495 496 39 22 och
548 502 112 21 noggrann
676 496 96 21 statistik
789 496 31 21 öf-

67 537 38 15 ver
120 531 74 21 blinda
210 531 69 21 blefve
295 531 113 26 uppgjord.

138 565 51 21 Med
205 565 156 26 godkännande
379 564 23 21 af
416 565 56 20 hvad
488 564 120 21 Ständerna
624 564 91 21 sälunda
730 565 90 21 beslutit

68 600 39 20 och
122 600 7 20 i
146 599 66 27 öfrigt
227 599 124 26 framhällit,
366 598 40 21 har
421 598 60 21 Hans
497 598 122 27 Kejserliga
634 598 109 27 Majestät,
752 599 67 26 jemte

67 633 36 21 det
120 633 157 21 ofvanberörda
292 633 113 21 underhäll
420 633 34 20 för
469 633 168 20 blindanstalten
652 633 6 20 i
669 633 84 26 Kuopio
765 639 54 20 upp-

67 668 66 26 tagits
149 668 33 20 uti
197 668 79 26 nädiga
291 667 145 26 kungörelsen
451 667 23 20 af
488 667 40 21 den
539 668 27 20 24
577 667 90 21 Januari
680 668 53 20 1873
745 667 74 21 ibland

67 702 26 21 de
109 702 81 26 anslag,
207 708 46 14 som
269 701 23 21 af
306 702 120 20 Ständerna
441 701 99 27 beviljats
555 701 35 21 för
605 701 110 27 ätskilliga
730 702 89 20 allmänt

66 736 85 27 nyttiga
166 736 105 26 ändamäl,
287 736 50 20 lätit
351 736 40 20 den
403 737 26 19 13
440 736 212 26 nästderpäföljande
661 736 60 20 Mars
732 736 87 20 utfärda

66 771 130 26 kungörelse
212 770 132 21 omfattande
361 770 25 21 de
396 770 49 21 utaf
455 770 120 21 Ständerna
585 770 7 20 i
603 770 100 21 afseende
715 770 12 21 ä
737 776 82 15 samma

66 805 81 21 anstalt
169 805 123 26 föreslagna
313 807 99 19 närmare
434 805 161 27 bestämningar
613 805 40 21 och
672 804 145 26 föreskrifter;

65 840 114 20 hvarutom
202 840 60 20 Hans
282 840 121 26 Kejserliga
422 840 103 27 Majestät
540 840 7 22 i
562 840 67 23 nåder
643 839 113 24 förordnat
771 839 47 21 icke

66 874 93 20 allenast
181 875 33 20 att
236 874 40 21 den
300 874 23 20 af
345 874 122 22 Ständerna
490 875 120 22 åstundade
625 877 118 21 berättelse
759 877 59 21 öfver

65 908 109 26 sistsagde
189 908 92 21 anstalts
298 908 136 22 verksamhet
449 909 110 22 äfvensom
575 911 122 21 statistiska
707 912 111 26 uppgifter

66 942 110 27 angående
191 943 74 21 blinda
280 943 6 21 i
303 944 72 20 landet
391 944 62 20 skola
468 944 12 21 å
496 945 69 21 denna
579 945 104 27 landtdag
697 946 121 22 Ständerna

65 977 115 26 meddelas,
197 978 51 20 utan
265 978 39 20 ock
319 979 32 19 att
367 978 144 22 kostnaderne
526 979 34 21 för
575 980 242 27 blindundervisningen

65 1011 86 21 komma
173 1013 32 19 att
228 1012 47 20 från
299 1012 38 21 och
360 1013 48 20 med
432 1013 24 20 år
481 1014 52 19 1878
550 1014 107 21 bestridas
673 1014 23 21 af
710 1015 107 20 allmänna

65 1046 131 21 statsmedel.

136 1081 55 20 24:0.
221 1081 62 20 Efter
299 1081 36 20 det
351 1081 125 26 Ständerna,
492 1082 8 20 i
515 1082 116 26 anledning
646 1082 23 21 af
677 1083 80 26 nådiga
766 1089 50 20 pro-

63 1115 129 26 positionen,
209 1115 110 26 angående
334 1115 139 27 tillverkning
489 1116 39 21 och
543 1116 128 27 försäljning
687 1117 22 20 af
723 1117 27 25 öl,
766 1123 50 20 por-

63 1151 34 19 ter
119 1149 40 21 och
181 1150 68 20 andra
267 1150 59 25 jästa
349 1150 96 26 drycker,
461 1151 7 20 i
483 1151 174 26 underdånighet
680 1151 81 21 anmält
783 1153 33 19 att

63 1183 94 26 lagenlig
172 1183 113 26 pluralitet
300 1183 33 21 för
349 1185 31 19 ett
395 1184 161 21 ständerbeslut
571 1185 8 20 i
589 1185 75 26 frågan
675 1185 47 20 icke
733 1185 83 21 kunnat

63 1217 75 21 vinnas
162 1219 55 18 samt
240 1219 33 19 att
295 1218 124 20 densamma
439 1218 90 27 således,
543 1219 86 26 jemlikt
645 1220 26 19 73
687 1219 11 26 $
713 1219 8 20 i
737 1219 79 27 nådiga

62 1251 235 27 landtdagsordningen
313 1252 41 21 den
371 1253 24 19 15
412 1252 61 27 April
491 1254 60 25 1869,
569 1253 40 20 den
623 1253 83 26 gången
717 1253 97 27 förfallit,

61 1285 40 21 har
117 1285 60 21 Hans
197 1286 122 27 Kejserliga
338 1287 103 26 Majestät
457 1287 119 21 tillsvidare
592 1287 49 21 låtit
657 1287 66 21 saken
739 1288 76 21 dervid

61 1320 58 20 bero.

130 1355 55 19 25:0.
215 1354 42 21 Vid
273 1354 142 21 besvarandet
431 1354 22 21 af
466 1355 79 26 nådiga
563 1355 170 26 propositionen,
749 1356 65 25 angå-

60 1387 83 27 gående
159 1388 116 21 anvisande
291 1388 23 21 af
328 1388 68 21 medel
413 1389 32 20 till
456 1389 139 21 bestridande
606 1389 23 20 af
638 1389 176 26 landtdagskost-

60 1422 73 27 nader,
149 1423 65 20 hafva
229 1422 120 21 Ständerna
365 1429 25 14 ur
406 1423 41 21 den
462 1423 212 27 inkomstbevillning
694 1423 120 22 Ständerna

59 1456 35 22 för
117 1457 51 20 åren
191 1458 139 20 1873—1877
347 1457 33 26 sig
395 1457 75 26 åtagit,
487 1458 94 26 anslagit
597 1459 90 25 120,000
702 1458 63 21 mark
779 1458 35 21 till

59 1491 140 22 bestridande
223 1491 22 22 af
267 1492 26 21 de
308 1492 7 20 i
331 1491 58 22 förra
411 1498 63 15 mom.
498 1492 23 21 af
541 1493 26 20 81
592 1492 11 27 $
626 1492 39 21 och
684 1492 7 21 i
710 1493 27 20 82
753 1492 11 27 $
780 1493 34 22 uti
