1045 1703
304 133 27 19 U.
344 133 28 18 B.
384 143 23 3 —
419 134 77 23 Prop.
509 135 43 17 N:o
565 135 43 18 46.
792 138 12 20 7

80 203 106 20 mätaren.
216 202 33 21 De
272 203 74 26 stater,
369 203 72 21 hvilka
456 203 39 22 hos
511 204 33 27 sig
559 204 66 21 infört
640 205 79 20 dubbel
734 205 98 26 myntfot,

80 236 64 21 hafva
158 236 47 21 haft
221 243 26 14 en
262 237 73 21 alltför
351 237 129 22 nedslående
496 238 121 21 erfarenhet
633 238 22 21 af
664 239 125 26 vågstycket
799 241 33 19 att

81 270 58 27 gifva
154 272 32 19 ett
202 271 123 20 ohämmadt
340 271 94 26 spelrum
450 271 22 21 åt
488 272 157 27 verkningarna
659 273 24 20 af
696 273 41 20 den
754 273 78 20 ekono-

78 304 72 21 miska
165 305 42 26 lag,
224 305 67 26 enligt
305 305 86 21 hvilken
407 307 32 19 ett
454 306 71 21 bättre
540 308 60 25 mynt
614 306 49 20 med
673 306 159 27 nödvändighet

81 339 161 25 undantränges
258 339 22 21 af
294 341 32 19 ett
341 341 76 24 sämre,
433 339 33 21 för
482 341 32 19 att
523 340 108 20 Finland
623 335 13 34 i
642 340 60 20 detta
712 340 120 21 hänseende

80 372 70 22 skulle
166 372 72 22 kunna
252 373 67 21 tänka
333 373 28 27 på
376 375 33 19 att
424 374 55 20 inslå
494 380 82 15 samma
590 374 62 21 bana.

153 407 10 21 I
178 407 103 21 händelse
296 408 73 20 landet
384 408 96 20 besluter
496 408 32 27 sig
543 408 33 22 för
592 410 32 19 att
639 410 78 25 antaga
732 408 51 27 guld
799 408 32 21 så-

79 448 49 14 som
144 442 54 20 enda
213 442 154 26 värdemätare,
383 442 40 21 har
438 449 25 14 en
479 442 156 27 öfvervägande
650 443 110 26 pluralitet
775 443 58 21 inom

81 475 107 21 utskottet
204 477 71 19 ansett
290 476 105 26 rådligast
410 482 52 15 vara
477 478 38 25 att,
532 476 70 22 såsom
618 477 6 20 i
640 477 41 21 den
695 476 78 27 nådiga
783 482 49 22 pro-

78 510 124 26 positionen
224 510 98 25 föreslås,
342 510 48 21 med
410 510 159 26 öfvergifvande
585 510 22 21 af
621 510 79 21 tanken
715 510 28 27 på
758 517 25 15 en
798 510 34 21 för

78 545 51 20 vårt
150 545 51 20 land
224 545 133 26 egendomlig
380 545 93 26 myntfot
495 545 85 21 ansluta
595 545 33 26 sig
643 545 33 20 till
692 545 66 26 något
772 545 59 21 förut

81 579 117 20 bestående
218 579 39 20 och
276 579 32 20 till
325 579 46 20 sina
386 579 176 26 hufvudgrunder
577 579 89 20 allmänt
680 579 68 20 kändt
762 581 68 24 mynt-

81 615 86 24 system.
198 613 32 20 De
253 613 52 26 skäl,
326 619 45 15 som
387 613 7 20 i
409 613 79 26 nådiga
502 613 162 27 propositionen
680 613 39 21 och
734 613 97 27 myntko-

80 646 76 22 miténs
179 647 66 21 motiv
260 647 7 20 i
284 647 59 21 detta
366 647 55 27 syfte
445 647 88 26 anförts,
552 647 28 21 ha
599 647 61 21 äfven
676 647 23 21 af
713 647 117 22 utskottets

80 681 70 21 flertal
173 681 109 21 befunnits
301 687 42 21 nog
362 681 113 26 bindande,
491 681 33 21 för
540 683 32 19 att
588 687 25 15 en
628 682 125 26 ytterligare
768 681 63 21 moti-

83 716 74 26 vering
172 716 64 20 häraf
250 716 69 20 skulle
335 722 51 14 vara
401 716 24 20 af
438 716 100 21 behofvet
552 715 107 27 påkallad.
685 716 45 20 Och
744 716 39 20 har
798 716 34 20 ut-

82 750 82 21 skottet
176 750 79 27 jemväl
271 750 48 21 med
334 750 155 26 godkännande
504 750 7 20 i
526 750 122 21 hufvudsak
663 750 23 20 af
696 750 56 20 hvad
762 752 69 24 mynt-

79 784 96 22 komitön
198 784 33 21 till
254 784 49 21 stöd
318 784 35 21 för
368 784 36 21 det
419 784 99 26 afejorda
532 784 115 26 företräde,
663 790 46 14 som
723 784 37 21 vid
774 784 57 21 valet

77 819 81 21 mellan
174 819 26 21 de
216 820 59 20 stora
291 818 128 28 europeiska
434 820 167 26 myntsystemen
618 820 86 25 ansetts)
718 818 54 22 böra
786 818 43 21 till-

80 854 85 20 komma
188 854 36 20 det
246 853 88 21 franska
352 853 221 27 guldfrancsystemet,
590 852 70 22 funnit
675 853 60 21 detta
750 854 79 26 system

80 888 54 20 böra
149 888 23 20 af
186 888 115 20 ständerna
317 887 33 21 för
366 888 63 20 deras
445 888 34 20 del
495 889 96 25 antagas.

151 922 170 21 Vidkommande
345 921 66 21 sedan
427 921 26 21 de
469 921 70 21 skilda
554 920 146 27 stadgandena
715 921 7 21 i
738 921 40 21 den
793 920 37 21 nä-

79 956 52 27 diga
152 956 173 27 propositionens
344 955 69 22 första
431 957 94 19 moment
540 955 52 21 eller
607 955 62 26 lagen
685 961 34 15 om
736 954 93 22 Storfur-

81 990 122 22 stendömet
225 990 102 21 Finlands
343 992 65 25 mynt,
424 990 28 21 ha
467 990 76 21 endast
557 990 7 20 i
580 989 100 21 afseende
696 990 12 20 å
723 989 23 28 $$
763 990 11 20 3
791 989 39 21 och

81 1026 25 21 13
123 1025 57 21 olika
195 1025 110 26 meningar
320 1025 57 21 inom
392 1024 107 21 utskottet
514 1025 57 26 gjort
590 1023 32 28 sig
637 1024 74 21 hörda.
737 1024 42 21 Det
789 1024 39 20 har

80 1059 106 27 nemligen
206 1059 131 21 beträffande
356 1059 11 27 $
383 1060 12 20 3
411 1059 97 26 uttalats,
524 1060 32 19 att
570 1058 101 21 behofvet
686 1058 23 21 af
723 1060 31 19 ett
769 1058 60 26 guld-

79 1095 60 26 mynt
162 1093 23 22 af
206 1093 59 27 lägre
287 1093 60 21 valör
369 1095 28 19 än
422 1094 25 20 10
466 1092 145 27 markstycket
633 1099 51 14 vore
707 1093 24 20 sä
744 1092 84 27 mycket

81 1129 75 25 större,
173 1133 47 16 som
235 1128 37 20 det
286 1128 123 26 derigenom
424 1127 122 26 antagligen
560 1127 70 20 bletve
641 1133 25 14 en
677 1126 110 27 möjlighet
797 1128 33 19 att

81 1162 68 22 under
163 1162 93 21 nämnda
271 1167 82 16 summa
372 1161 117 21 inskränka
504 1161 167 27 silfvermyntets
687 1161 39 21 och
742 1161 89 27 specielt

80 1197 42 20 den
137 1196 65 27 ryska
217 1196 87 21 rubelns
319 1196 133 26 gängbarhet
467 1196 7 20 i
490 1196 78 25 landet,
584 1196 52 20 utan
651 1195 125 26 gensägelse
789 1195 41 21 den

80 1230 123 26 föreslagna
218 1230 169 26 reformplanens
403 1231 99 25 svagaste
517 1229 75 27 punkt.

149 1264 113 26 Förslaget
276 1266 33 18 att
327 1264 7 20 i
354 1264 59 21 detta
428 1263 54 27 syfte
501 1264 7 20 i
524 1264 33 26 8:n
572 1262 70 22 införa
657 1270 27 13 en
706 1262 125 27 förändring

80 1299 40 20 har
141 1298 66 21 likväl
230 1298 46 21 icke
295 1298 82 21 kunnat
395 1298 63 21 vinna
473 1297 103 21 flertalets
591 1297 57 21 inom
663 1297 107 21 utskottet
791 1302 39 16 un-

80 1333 94 25 derstöd,
191 1332 150 26 förnämligast
355 1332 28 26 pä
398 1332 41 20 den
454 1332 75 25 grund,
546 1333 32 19 att
592 1332 40 20 den
643 1331 71 26 afsigt,
726 1337 45 14 som
781 1331 50 20 här-

80 1366 85 26 igenom
187 1366 100 26 möjligen
310 1365 120 21 medelbart
444 1365 71 20 kunde
530 1364 90 27 uppnäs,
635 1364 5 20 i
658 1365 42 20 alla
715 1364 116 21 afseenden

80 1400 72 21 bättre
174 1399 74 21 vinnes
271 1405 76 21 genom
370 1400 32 19 att
420 1399 35 20 vid
471 1399 40 20 den
526 1398 78 27 nädiga
618 1398 162 27 propositionen
795 1403 34 16 n:o

79 1435 28 21 47
124 1434 94 27 anknyta
233 1435 31 20 ett
279 1433 169 27 bemyndigande
464 1433 34 21 för
512 1432 126 27 regeringen
654 1434 32 19 att
700 1432 28 27 pä
739 1427 90 26 admini-

147 1473 141 24 Myntutskottets
301 1473 105 18 betänkande
418 1478 27 12 n:o
458 1473 15 18 1.
