1031 1706
213 158 28 23 38

704 228 76 23 Litt.
798 227 30 24 C.

179 301 218 31 Förteckning
419 302 60 24 öfver
498 303 25 23 de
542 303 78 29 tillägg
640 302 39 23 och
694 302 149 30 förändringar
858 302 7 24 i
881 302 52 24 1877

237 336 34 25 års
291 334 126 32 utgiftsstat,
436 337 86 23 hvarom
543 337 120 29 Kejserliga
681 338 91 23 Senaten
787 337 66 23 under
868 337 66 24 denne

237 372 42 28 dag
293 372 113 23 hemställt.

794 467 59 31 Mark.
904 477 18 17 Pp.

316 515 135 27 Allmänna
470 515 152 28 Statsmedel,

286 563 114 24 Första
417 563 236 24 Hufvudtiteln.

355 606 122 30 Kejserliga
493 607 95 24 Senaten.

197 654 53 23 Civil
266 654 165 27 Expeditionen,
447 655 32 20 ett
493 653 250 28 renskrifningsanslag
731 649 15 37 .
832 657 96 31 1,000—

197 689 105 22 Senatens
317 689 153 26 vaktmästare,
486 689 34 20 för
536 689 23 20 år
576 690 64 21 1877:

225 724 160 27 dyrtidstillägg
404 723 12 22 å
437 724 39 21 100
492 723 62 22 mark
568 723 34 22 för

239 765 26 15 en
281 758 58 27 hvar,
356 759 52 20 eller
423 758 35 21 för
472 759 25 20 21
525 774 5 5 .
561 773 5 5 .
597 773 4 5 .
632 759 69 26 2,100:
717 771 29 2 —

224 793 115 27 tillökning
354 793 7 20 i
371 793 150 27 hyresmedlen
531 793 34 21 för
576 793 26 20 de

239 828 152 26 vaktmästare,
412 833 46 15 som
473 827 47 22 icke
535 827 64 21 hafva

238 869 48 15 rum
309 863 7 21 i
338 863 94 20 kronans
455 862 47 26 hus,
526 862 13 21 å
560 863 42 20 200

238 897 61 22 mark
314 897 53 22 eller
377 897 34 21 för
421 897 143 21 tillsammans
577 898 25 20 16
632 897 69 25 3,200:
718 909 26 3 —
830 905 98 25 5,300
912 894 18 40 —

293 978 103 24 Andra
414 977 235 25 Hufvudtiteln.

219 1022 112 25 Allmänna
345 1022 183 24 Revisionsrätten
544 1022 38 23 och
598 1021 123 25 Revisions-

416 1056 104 24 kontoret.

195 1103 167 28 Dyrtidstillägg
385 1102 34 22 för
438 1109 25 15 en
478 1103 122 21 Revisions-

223 1138 167 22 kommissarie.
422 1154 4 5 .
456 1154 5 5 .
492 1154 3 4 .
526 1154 4 4 .
561 1153 4 5 .
596 1153 5 5 .
653 1138 48 20 800:
717 1150 28 2 —

195 1173 51 21 Dito
271 1172 34 21 för
327 1172 13 21 4
362 1172 78 22 Förste
458 1172 116 30 Revisorer
589 1171 13 21 ä

225 1208 41 20 600
289 1206 67 21 mark.
386 1222 4 4 .
421 1222 5 5 .
456 1222 5 4 .
491 1222 5 4 .
526 1222 5 4 .
562 1222 4 4 .
596 1221 5 5 .
632 1206 113 26 2,400:
726 1194 22 43 —

196 1241 51 20 Dito
270 1240 34 20 för
327 1241 12 19 6
362 1240 74 21 Andre
459 1240 44 20 dito
528 1240 12 20 &
558 1241 42 19 450

224 1274 62 21 mark
315 1288 5 4 .
350 1288 5 6 .
385 1290 5 4 so
420 1289 5 5 so
456 1289 4 5 ss
490 1288 5 5 so
526 1289 4 5 +»
631 1274 114 25 2,700:
727 1270 21 35 —
830 1280 99 25 5,900/—

286 1354 114 32 Fjerde
420 1354 233 25 Hufvudtiteln.

396 1399 148 23 Landsstaten.

196 1447 82 26 Bidrag
300 1446 33 21 till
356 1445 113 22 aflönande
492 1446 22 21 af
535 1446 120 27 brofogden
677 1446 8 21 i
709 1446 37 21 det

225 1481 199 21 länsmansdistrikt
453 1481 58 20 inom
540 1480 133 22 Tavastehus
703 1480 41 26 län,

628 1517 119 36 Transport
818 1522 111 26 12,200/—
