1048 1706
248 174 28 19 50
556 171 56 21 XIX.

219 240 43 22 Juli
278 246 82 16 samma
377 238 26 24 år
421 239 32 22 till
471 239 60 22 Hans
549 238 119 29 Kejserliga
686 238 102 28 Majestät
806 237 110 23 hemställt
935 244 35 15 om

218 275 145 22 förordnande
378 274 34 22 för
426 274 67 22 förste
507 275 138 21 kamreraren
658 273 8 21 i
680 273 85 22 banken
780 280 41 14 von
836 272 88 22 Hausen
939 274 33 20 att

218 310 69 22 under
306 310 41 21 den
365 308 136 22 återstående
517 308 123 28 ledigheten
658 306 81 24 förestå
753 308 31 21 ett
797 306 174 22 bankdirektörs-

220 344 88 26 embete,
323 343 50 22 med
387 343 116 27 anledning
516 342 78 22 hvaraf
606 341 74 28 nådigt
694 341 146 22 förordnande
850 341 70 21 under
931 341 41 21 den

221 380 24 20 11
265 379 8 21 i
290 377 67 29 sagde
375 376 79 22 månad
471 377 34 21 för
523 384 42 14 von
579 376 87 22 Hausen
680 376 133 22 utfärdades.
845 375 130 22 Sedermera

218 412 118 28 beviljades
351 411 183 22 Bankdirektören
548 411 74 22 Florin
636 411 68 21 under
715 410 25 22 år
752 412 55 19 1874
818 410 94 27 ledighet
923 409 49 22 från

220 447 40 22 den
277 447 25 20 15
319 445 50 22 Juni
384 445 33 22 till
430 447 10 20 1
454 445 132 28 September,
597 445 68 22 under
676 445 85 22 hvilken
772 445 32 21 tid
814 444 158 22 Ombudsman-

219 488 42 15 nen
275 481 8 20 i
297 480 86 21 banken
397 479 56 22 Emil
469 479 131 28 Strömberg,
614 478 30 29 pä
659 479 73 22 derom
746 479 24 22 af
777 479 197 28 Bankfullmäktige

220 516 41 21 den
280 516 12 19 2
311 514 60 22 Mars
389 521 82 15 samma
489 513 25 22 är
528 514 64 28 gjord
606 513 164 28 framställning,
785 513 141 22 förordnades
940 515 33 20 att

219 551 8 20 i
244 548 196 23 Bankdirektionen
461 549 113 21 vikariera.
607 547 70 23 Sedan
696 547 185 23 Bankdirektören
899 548 74 21 Florin

221 584 108 22 dessutom
343 583 69 22 under
426 583 75 22 hösten
516 582 107 29 sistsagda
638 581 24 23 är
672 582 74 22 tidtals
758 582 55 22 varit
824 582 25 22 af
858 582 116 28 sjuklighet

220 618 93 23 hindrad
328 619 33 20 att
375 618 119 27 tjenstgöra
509 617 39 22 och
564 617 33 22 för
612 616 68 23 sädan
691 617 64 22 orsak
766 617 39 21 hos
816 617 60 22 Hans
887 617 87 28 Kejser-

219 653 45 28 liga
278 652 102 27 Majestät
395 651 90 22 anhällit
499 659 35 14 om
549 651 40 22 och
602 651 43 23 fätt
660 658 37 15 sex
711 650 115 23 mänaders
840 651 133 28 tjenstledig-

220 687 36 21 het
274 685 49 22 frän
341 686 78 27 början
437 685 24 22 af
477 685 25 22 är
522 687 61 26 1875,
602 685 107 28 föreslogo
728 685 195 28 Banktullmäktige
941 685 33 21 uti

220 719 135 29 underdänig
369 720 110 21 skrifvelse
494 719 42 22 den
551 721 25 20 31
592 720 118 21 December
727 720 55 21 1874
797 719 33 22 till
844 719 81 22 vikarie
940 719 34 21 för

220 756 80 21 honom
315 754 189 22 Ombudsmannen
519 754 132 28 Strömberg,
666 754 85 22 hvilken
766 755 40 21 ock
820 754 26 22 af
854 753 121 28 Kejserliga

222 790 93 21 Senaten
330 788 71 23 dertill
416 788 128 23 förordnats.
574 787 34 23 Då
622 788 186 23 Bankdirektören
822 788 73 22 Florin
909 788 66 21 likväl

222 825 24 22 af
258 823 135 22 fortfarande
407 823 115 28 sjuklighet
533 823 115 22 hindrades
656 824 32 20 att
698 823 74 22 vidare
782 823 64 21 träda
856 823 8 20 i
876 822 99 29 utöfning

222 859 25 22 af
259 859 37 21 sitt
311 857 89 26 embete,
416 857 40 22 och
470 857 57 28 förty
542 857 89 22 ansökte
646 864 34 15 om
695 857 75 22 afsked
784 856 49 23 frän
849 857 125 26 detsamma,

222 893 86 28 gjordes
331 893 22 21 at
374 891 194 29 Bankfullmäktige
589 891 40 22 hos
650 891 59 22 Hans
731 891 121 28 Kejserliga
873 891 102 28 Majestät

222 926 135 28 underdänig
375 925 158 28 framställning
552 933 35 14 om
601 925 145 22 förordnande
761 925 35 22 för
811 925 164 22 Bankkommis-

223 962 71 20 sarien
308 961 8 20 i
330 959 147 29 Björneborg,
486 960 100 22 Friherre
600 960 54 20 Axel
669 959 79 22 Gustaf
761 959 86 22 Samuel
861 966 41 14 von
916 959 60 21 Troil

223 997 32 20 att
269 993 81 23 förestä
365 995 31 20 ett
411 993 189 22 direktörsembete
613 994 8 20 i
636 993 85 22 banken
732 993 33 21 till
776 993 48 22 dess
836 993 140 22 ordförande-

222 1029 149 27 befattningen
393 1028 110 21 derstädes
524 1028 72 21 kunde
617 1027 67 22 varda
706 1027 128 27 äterbesatt;
854 1028 40 21 och
913 1028 63 21 vardt

224 1064 70 21 denna
308 1062 158 28 framställning
481 1062 23 22 af
517 1062 119 28 Kejserliga
652 1061 92 23 Senaten
757 1062 94 26 hifallen,
860 1062 68 26 jemte
940 1062 37 22 det

222 1096 196 23 PBankdirektionen
437 1096 67 21 tilläts
522 1097 32 20 att
571 1096 7 21 i
596 1096 174 22 förekommande
788 1096 38 21 fall
841 1096 68 21 under
924 1096 51 26 Juli,

223 1131 91 29 Augusti
333 1130 40 22 och
393 1130 125 28 September
536 1129 102 23 månader
656 1131 33 27 sig
706 1130 34 21 till
757 1130 85 21 biträde
856 1130 122 28 adjungera

224 1165 188 22 Ombudsmannen
430 1165 57 21 Emil
506 1164 125 28 Strömberg
648 1165 40 21 och
704 1164 151 22 Sekreteraren
869 1165 8 20 i
891 1164 85 22 banken

223 1200 53 22 Erik
290 1200 84 26 August
389 1198 71 22 Johan
474 1198 90 22 Wallén.

292 1232 127 22 Sedermera
437 1233 40 21 har
495 1232 60 22 Hans
573 1232 121 28 Kejserliga
710 1232 102 27 Majestät
826 1232 41 22 den
883 1234 27 19 30
925 1232 51 21 Juni

226 1268 54 20 1875
298 1266 8 21 i
324 1265 67 22 näder
409 1266 88 27 beviljat
514 1266 183 22 Bankdirektören
714 1265 75 21 Florin
808 1265 35 22 det
861 1266 25 21 af
897 1266 79 21 honom

225 1300 91 22 ansökta
327 1299 74 22 afsked
411 1300 48 21 med
474 1300 90 28 pension
579 1302 61 24 samt,
656 1300 40 21 den
708 1301 26 19 17
746 1299 118 22 December
877 1300 55 21 1875
942 1300 35 21 till

225 1334 130 23 ordförande
369 1334 8 22 i
391 1334 195 22 Bankdirektionen
600 1335 8 21 i
622 1334 67 22 näder
704 1335 99 21 utnämnt
814 1334 162 22 Bankkommis-

224 1370 71 22 sarien
310 1369 101 22 Friherre
425 1376 41 15 von
480 1369 64 22 Troil.

292 1404 125 22 Emellertid
432 1404 56 22 hade
505 1404 184 22 Bankdirektören
707 1404 51 22 Otto
776 1404 104 23 Reinhold
898 1404 79 22 Frenc-

224 1439 44 22 kell
282 1439 41 22 den
339 1440 26 20 20
376 1439 90 28 Augusti
479 1440 54 20 1875
545 1439 25 22 af
578 1439 60 22 Hans
649 1438 120 29 Kejserliga
780 1439 101 28 Majestät
890 1439 8 21 i
909 1438 69 23 näder

225 1475 110 21 utnämnts
350 1475 32 20 att
396 1472 49 23 frän
455 1473 41 22 den
509 1474 9 20 1
535 1473 91 23 Januari
638 1475 54 20 1876
704 1480 52 16 vara
768 1469 159 27 Öfverdirektör
941 1473 35 22 vid

225 1508 103 23 Finlands
343 1507 141 28 Statskontor,
499 1508 49 23 med
563 1508 114 29 anledning
691 1508 79 23 hvaraf
782 1509 30 22 ett
828 1508 148 22 direktörsem-
