1053 1709
388 334 177 24 Reservationer.

176 400 57 22 Ense
255 400 49 22 med
325 400 118 22 Utskottets
467 401 66 21 flertal
549 401 68 22 deruti
636 404 30 19 att
684 402 166 23 Presteståndets

105 434 109 22 skrifvelse
237 434 105 29 angående
366 434 75 28 förslag
462 434 32 22 till
516 435 156 29 kansliordning
687 436 31 22 för
733 436 117 23 Ständerna

104 468 47 22 icke
173 468 37 21 bör
231 468 32 22 till
285 468 68 28 någon
374 468 71 28 åtgärd
467 468 46 22 från
533 469 127 22 Ständernas
676 470 43 21 sida
735 470 114 27 föranleda,

104 510 60 14 anser
174 502 36 28 jag
225 502 43 28 mig
282 503 50 21 böra
346 503 81 20 anmäla
443 504 30 20 att
485 502 36 29 jag
535 503 46 21 icke
597 503 56 21 delar
665 504 118 22 Utskottets
796 504 53 29 åsigt

104 536 7 21 i
126 536 97 22 afseende
239 536 12 21 å
266 536 41 21 den
321 536 124 26 erfarenhet,
462 544 43 13 som
520 537 67 21 under
601 536 140 23 innevarande
750 539 99 28 landtdag

103 570 87 22 vunnits
208 570 87 21 rörande
317 570 138 22 kostnaderna
472 570 31 22 för
518 571 97 21 ståndens
630 571 96 23 kanslier.
763 572 34 22 Af
809 573 40 21 den

103 604 129 28 jemförande
247 604 70 22 tablån
333 604 58 22 öfver
407 605 90 21 nämnda
511 606 112 21 kostnader
637 606 91 28 framgår
742 608 30 20 att
782 607 25 21 de
818 606 32 22 för

103 638 186 30 Borgareståndets
309 639 68 21 kansli
399 644 34 16 äro
455 640 56 27 lägre
530 644 26 17 än
575 640 32 21 för
621 640 71 28 hvarje
708 640 23 22 af
743 640 24 22 de
783 641 65 28 öfriga

104 673 104 26 ståndens,
230 673 83 21 hvilket
333 674 73 20 härrör
427 672 60 22 deraf
506 676 30 19 att
557 674 89 21 nämnda
666 674 65 22 Stånd
753 675 48 21 med
816 675 32 21 sin

103 707 164 29 kanslipersonal
289 707 70 22 träffat
381 707 34 21 det
434 707 55 25 aftal,
509 709 30 20 att
554 708 141 28 renskrifning
710 709 21 21 af
745 709 102 28 utgående

103 742 152 28 expeditioner,
271 742 36 20 der
322 740 63 23 sådan
400 741 155 28 ifrågakomme,
571 742 67 21 skulle
654 742 53 22 efter
720 742 89 28 räkning
819 751 29 13 er-

103 778 72 24 sättas;
188 776 38 21 och
236 776 69 21 denna
315 775 114 28 ersättning
439 776 58 22 torde
505 776 33 21 för
546 776 47 22 hela
603 776 166 28 landtdagstiden
779 776 69 29 uppgå

102 810 33 21 till
150 810 54 21 circa
219 810 41 21 300
275 810 60 21 mark
351 809 50 22 eller
415 810 28 20 50
457 810 60 21 mark
531 810 8 20 i
553 810 109 22 månaden.

174 844 65 22 Hvad
261 844 45 21 äter
328 843 130 22 vidkommer
475 844 116 29 uppdraget
605 844 32 22 till
652 844 194 28 Bankfullmäktige

102 880 31 20 att
155 878 106 28 öfvertaga
283 877 168 23 Statsutskottets
467 878 108 28 äliggande
590 878 7 21 i
612 878 97 22 afseende
724 878 12 22 &
750 878 98 29 pröfning

102 913 39 21 och
156 912 139 28 utanordning
310 912 23 21 af
346 912 76 22 sädana
437 912 91 28 utgifter,
544 920 44 14 som
604 913 64 28 enligt
683 914 27 20 82
725 914 13 25 &
752 913 7 21 i
769 913 77 21 Landt-

103 947 163 29 dagsordningen
288 947 50 21 böra
352 946 49 22 med
416 946 104 22 allmänna
534 946 69 22 medel
617 946 106 26 bestridas,
740 954 60 15 anser.
811 946 37 28 jag

102 982 58 21 detta
176 981 17 29 ej
210 981 81 22 mindre
310 980 65 22 sakna
390 981 45 21 stöd
451 981 22 21 af
485 981 242 28 Landtdagsordningen,
743 986 26 16 än
785 981 62 21 äfven

102 1024 50 14 vara
174 1016 107 28 olämpligt
303 1015 50 25 deri,
374 1017 31 20 att
426 1015 180 22 ständer-utskotts
628 1015 76 28 förslag
717 1016 84 21 komme
816 1016 30 20 att

101 1050 24 22 af
137 1049 194 28 Bankfullmäktige
346 1049 88 28 pröfvas.
470 1049 133 22 Beträffande
618 1050 97 28 slutligen
731 1049 34 21 det
781 1049 65 28 öfriga

100 1084 116 28 uppdraget
237 1084 33 21 till
290 1083 201 28 Bankfullmäktige,
514 1091 62 21 synes
598 1083 43 29 mig
662 1084 55 21 detta
734 1083 47 21 icke
796 1084 49 20 böra

99 1118 81 28 grunda
201 1117 31 28 sig
251 1118 27 28 på
298 1119 30 19 ett
349 1117 156 25 ständerbeslut,
529 1120 50 19 utan
601 1117 52 21 hade
671 1117 35 28 jag
724 1117 66 21 hellre
805 1119 41 19 sett

100 1154 31 20 att
146 1152 35 21 det
195 1151 40 22 fått
249 1152 49 21 bero
313 1150 26 29 på
354 1151 95 29 frivilligt
464 1151 101 29 åtagande
580 1150 45 22 från
640 1150 205 28 Bankfullmäktiges

100 1186 50 26 sida,
174 1185 52 23 efter
241 1186 71 21 derom
327 1185 23 21 af
363 1185 159 22 Statsutskottet
537 1186 32 21 till
584 1185 47 21 dem
646 1185 58 28 gjord
718 1184 104 29 förfrågan
837 1184 7 21 i

101 1222 75 20 ämnet.

585 1248 89 20 Joachim
691 1248 83 20 Kurtén.

171 1288 77 22 Häruti
264 1288 72 21 förena
350 1288 31 28 sig

261 1328 20 19 F.
297 1328 22 19 K.
336 1327 85 25 Nybom.
479 1327 57 20 Gust.
551 1324 22 23 A.
590 1326 111 21 Lindblom.

172 1383 14 20 I
210 1382 147 22 ofvanstäende
378 1381 127 21 reservation
527 1381 23 22 sä
564 1381 45 21 vidt
630 1381 40 21 den
685 1385 57 17 rörer
757 1381 24 21 de
797 1380 51 22 före-

100 1417 71 28 slagna
187 1416 120 30 uppdragen
322 1416 21 22 åt
359 1415 192 29 Bankfullmäktige
566 1415 82 21 förenar
663 1415 31 28 sig
767 1438 4 3 N

587 1450 50 27 Aug.
652 1450 121 20 Schauman.

171 1491 147 19 Statsutskottets
331 1490 111 20 betänkande
453 1490 36 19 N:o
502 1491 27 17 14.
