1048 1709
247 158 12 19 2
568 152 56 23 XIX.

220 217 91 23 förestås
330 218 39 21 och
387 217 110 26 förvaltas,
517 217 67 21 under
603 216 206 22 Bankdirektionens
827 216 106 25 inseende,
949 216 23 20 af

220 260 26 15 en
261 252 207 22 Bankkommissarie
487 251 48 22 med
553 250 84 22 biträde
652 250 23 22 af
688 258 26 14 en
729 251 75 21 kassör
822 250 40 22 och
877 257 26 14 en
919 250 51 21 kon-

222 287 155 26 torsskrifvare,
393 286 68 22 denne
476 285 28 28 pä
519 287 61 20 extra
595 287 43 20 stat
654 298 23 3 —
696 298 27 3 —
739 292 19 15 0.
774 293 17 14 s.
806 293 18 14 v.

566 355 11 26 8
594 355 33 20 91.

290 423 154 22 Ledamöterne
454 423 7 20 i
471 423 110 21 kontorets
597 423 169 26 diskontkomitö,
777 423 71 21 hvilka
858 423 53 21 böra
921 429 52 15 vara

222 457 28 28 pä
265 459 60 20 orten
341 457 90 26 bosatte,
442 457 48 21 med
501 455 229 24 affärsförhällandena
744 457 109 21 derstädes
864 457 109 28 förtrogne

223 494 55 20 samt
296 492 34 21 för
348 491 115 22 redbarhet
481 492 70 21 kände
569 493 56 24 män,
644 491 65 26 skola,
725 490 29 29 pä
768 491 81 28 förslag
865 491 23 22 af
901 491 72 22 veder-

223 527 95 21 börande
333 526 208 21 Bankkommissarie
556 526 40 21 och
612 525 54 22 efter
680 525 86 22 samräd
781 526 48 21 med
843 525 130 22 Bankdirek-

223 561 78 26 tionen,
317 563 58 19 utses
393 561 40 21 och
449 561 146 21 tillförordnas
610 560 24 21 af
647 560 194 28 Bankfullmäktige
855 560 34 21 för
905 562 30 20 ett
950 559 24 22 är

223 596 8 21 i
245 595 82 22 sender.
358 594 31 22 Pä
403 602 82 14 samma
500 594 56 29 gäng
572 595 39 21 och
623 595 49 21 med
681 595 138 28 iakttagande
830 595 23 21 af
863 595 112 21 enahanda

223 630 160 27 bestämningar
398 631 47 20 utse
460 629 194 28 Bankfullmäktige
667 629 79 28 jemväl
761 629 43 22 lika
819 628 78 29 många
911 637 62 20 supp-

225 665 82 22 leanter
322 664 33 22 för
370 664 151 22 ledamöterne.

570 762 12 28 8
598 762 33 20 94.

294 802 41 22 Vid
355 802 25 21 de
398 802 7 21 i
423 801 178 28 nästföregäende
616 802 11 27 &
643 802 141 22 omförmälda
803 803 173 21 sammanträden

225 837 125 28 föredragas
369 837 107 22 ärendena
491 836 24 22 af
528 836 227 27 Bankkommissarien,
771 837 84 22 hvilken
874 837 102 28 derjemte

225 873 7 20 i
251 879 26 15 en
295 872 91 22 särskild
405 871 125 22 minnesbok
544 871 7 21 i
566 871 86 22 korthet
670 872 116 21 antecknar
805 872 25 21 de
849 872 128 22 förevordna

225 907 109 22 ärendena
345 906 67 28 jemte
428 906 25 21 de
464 906 7 21 i
482 905 47 22 dem
545 905 81 22 fattade
641 905 102 22 besluten.
773 907 73 27 Yppas
858 907 118 28 skiljaktig-

225 942 37 21 het
276 941 7 21 i
298 941 138 28 meningarne
451 941 119 21 bestämma
584 940 62 22 flesta
660 942 98 21 rösterna
772 941 97 22 beslutet.
895 937 31 26 Är
939 941 37 22 nå-

227 983 41 20 gon
288 976 24 21 af
329 975 188 22 diskontkomiténs
536 975 118 22 ledamöter
672 976 23 21 af
709 976 36 27 jäf
761 976 52 22 eller
827 983 71 15 annan
914 977 63 22 orsak

226 1010 92 22 hindrad
333 1012 32 19 att
379 1011 7 20 i
401 1010 100 21 ärendets
519 1009 100 29 pröfning
638 1010 92 28 deltaga,
746 1011 51 21 eller
812 1011 34 21 för
860 1010 71 29 någon
946 1011 31 22 tid

226 1043 89 23 urstånd
331 1046 32 20 att
378 1045 32 20 sin
425 1044 120 28 befattning
562 1044 79 27 utöfva,
658 1045 53 21 skall
726 1044 123 29 någondera
864 1046 113 27 supplean-

226 1080 35 20 ten
276 1078 97 27 inkallas,
389 1079 34 21 för
437 1080 32 20 att
484 1079 46 21 säte
546 1079 39 21 och
600 1080 92 21 stämma
706 1080 7 20 i
729 1079 93 22 komitén
837 1080 80 28 intaga.
947 1076 30 26 Är

227 1113 75 21 endast
321 1120 26 14 en
364 1113 95 21 ledamot
477 1113 51 21 eller
544 1113 114 27 suppleant
672 1114 7 20 i
693 1113 85 22 tillfälle
793 1116 32 19 att
837 1115 67 26 jemte
919 1115 58 22 kom-

225 1147 112 22 missarien
360 1147 86 28 deltaga
463 1147 8 21 i
488 1147 101 28 pröfning
607 1147 24 22 af
646 1147 85 27 ärende,
754 1148 43 21 kan
819 1148 118 23 detsamma
955 1150 24 21 af

227 1181 60 22 desse
306 1181 93 28 afgöras,
414 1181 7 21 i
436 1181 38 22 fall
489 1181 26 22 de
530 1183 38 20 äro
584 1189 34 14 om
632 1181 93 22 beslutet
739 1182 33 21 till
787 1182 43 22 alla
846 1183 59 22 delar
920 1190 55 15 ense.

226 1215 50 22 Men
291 1217 78 20 stanna
384 1215 26 22 de
424 1215 7 21 i
447 1215 57 22 olika
518 1215 117 28 meningar,
652 1216 51 22 eller
718 1217 38 21 äro
771 1217 97 28 samtlige
883 1217 92 22 ledamö-

226 1252 33 19 ter
275 1250 40 21 och
333 1250 138 26 suppleanter
487 1250 81 27 jäfvige
587 1250 52 21 eller
654 1250 50 27 eljes
719 1251 111 26 hindrade,
846 1252 55 20 skall
915 1253 61 20 ären-

227 1283 36 22 det
278 1283 24 22 af
315 1283 161 21 kommissarien
493 1283 141 22 öfverlemnas
649 1283 33 21 till
696 1283 206 24 Bankdirektionens
917 1285 59 29 afgö-

226 1317 67 22 rande
320 1330 13 3 —
358 1328 19 4 —
399 1328 20 4 —
440 1329 21 3 —
481 1329 23 3 —
519 1318 29 27 (0.
564 1324 16 14 s.
596 1324 18 15 v.
633 1316 70 23 såsom
718 1318 73 28 förut).

563 1381 11 28 g
593 1382 46 20 129.

293 1420 88 22 Banken
397 1421 25 21 är
437 1420 82 22 befriad
538 1420 48 22 från
602 1421 146 29 skyldigheten
764 1424 32 20 att
811 1423 88 29 erlägga
913 1423 62 24 vade-

225 1455 119 28 penningar
367 1455 38 21 och
429 1456 195 28 revisionsskilling.
654 1457 25 27 Ej
699 1458 66 21 heller
784 1457 35 22 mä
837 1458 138 24 kommunala

225 1489 109 30 utskylder
349 1489 84 22 banken
449 1489 93 28 påföras.
