1048 1709
358 169 25 18 U.
399 169 30 18 B.
445 178 26 5 —
487 169 70 19 XIX.
788 168 13 20 7

86 236 37 19 äro
139 235 37 20 det
191 234 33 21 för
239 234 134 27 mångfalder
388 235 70 26 deraf;
474 235 24 21 så
505 236 63 20 torde
576 236 68 26 sagda
650 235 77 27 belopp
740 235 88 25 194,851

85 268 61 21 mark
169 268 26 20 43
217 269 65 26 penni
304 269 53 20 böra
377 269 101 26 afdragas
492 268 58 21 ifrån
565 270 27 20 de
607 269 13 20 å
635 270 39 20 sid.
690 271 12 18 5
718 271 111 24 upptagna

86 303 156 26 odisponerade
264 303 151 26 vinstmedlen,
437 309 46 14 som
505 303 34 21 till
561 303 52 27 följe
634 303 64 21 häraf
713 303 116 26 rätteligen

86 336 70 21 skulle
170 337 79 25 utgöra
263 337 111 26 3,500,243
389 337 62 21 mark
465 337 27 21 79
507 337 72 27 penni.

540 394 26 21 J.
581 395 31 20 A.
627 394 136 27 Lindelöf.

154 490 96 21 Emedan
265 490 113 21 Utskottet
393 492 72 20 ansett
480 491 33 26 sig
528 490 103 27 skyldigt,
647 492 32 19 att
686 491 35 20 till
729 491 102 21 Ständer-

87 531 28 14 na
130 525 99 21 meddela
243 525 102 26 beloppet
359 524 24 21 af
395 525 105 22 Finlands
514 525 70 21 banks
600 525 156 26 odisponerade
764 525 67 21 vinst-

87 559 70 21 medel
180 559 34 20 fär
235 560 86 20 senaste
343 559 42 21 fem
401 559 35 21 års
451 559 81 27 period,
548 559 40 21 och
604 559 27 21 dä
646 559 57 21 inom
718 559 113 21 Utskottet

88 593 23 22 af
124 594 44 26 mig
182 593 81 28 yrkats,
279 595 39 25 att,
339 594 2 20 i
357 595 154 26 sammanhang
534 595 95 26 dermed,
644 595 31 20 ett
690 594 141 21 meddelande

88 628 33 21 till
138 628 121 21 Ständerna
273 628 68 22 borde
357 635 39 20 ega
411 635 47 15 rum
473 629 62 21 äfven
556 635 34 14 om
606 629 41 21 den
663 628 122 26 framdeles,
800 628 31 21 in-

88 663 34 20 till
138 664 63 19 nästa
216 662 111 27 landtdag,
342 663 49 21 med
407 663 96 27 antaglig
519 663 108 26 säkerhet,
642 663 125 26 päräknade
783 662 49 21 ärli-

89 703 27 20 ga
131 697 63 21 andel
210 697 23 21 af
252 697 144 21 bankvinsten
419 703 46 15 som
489 697 22 21 af
526 697 122 22 Ständerna
662 697 69 22 under
745 697 87 21 inneva-

88 731 67 21 rande
177 731 106 27 landtdag
303 731 73 22 kunde
399 731 133 27 disponeras,
554 737 49 15 men
626 732 60 21 detta
701 731 97 27 yrkande
813 731 18 26 ej

88 765 77 21 vunnit
180 765 123 22 Utskottets
319 765 68 27 bifall,
403 765 24 21 sä
442 766 39 21 har
493 766 39 26 jag
547 767 73 20 ansett
633 765 44 26 mig
691 765 54 22 böra
753 765 80 21 förkla-

88 805 30 20 ra,
134 801 33 20 att
179 800 38 27 jag
232 800 47 21 icke
295 800 92 21 allenast
402 802 72 19 ansett
488 800 114 21 Utskottet
616 805 52 16 vara
682 799 104 27 befogadt
801 800 32 20 att

89 833 72 23 häruti
177 834 77 27 bringa
268 834 117 27 utredning
401 835 52 20 utan
468 834 70 27 äfven,
553 836 33 20 att
602 835 36 20 det
644 834 56 21 varit
708 833 125 22 Utskottets

90 868 129 27 ovilkorliga
241 869 124 26 skyldighet
387 870 32 20 att
441 869 111 26 sjelfmant
566 870 53 25 göra
635 869 118 21 detsamma
767 868 66 21 innan

90 902 122 21 Ständerna
225 903 102 27 möjligen
343 903 77 27 ålägga
435 903 113 22 Utskottet
562 904 34 20 att
610 903 131 21 härutinnan
756 901 77 28 fallgö-

90 939 53 24 göra
158 936 33 22 sin
206 937 130 27 skyldighet.

500 985 31 21 A.
551 985 35 21 W.
601 985 163 26 Lagerborg.

190 1492 126 43 Helsingfors,
326 1496 86 29 Theodor
425 1506 117 19 Sederholms
555 1493 122 42 boktryckeri,
691 1503 48 32 1877.
