1700 1859
330 1366 7 75 n

715 212 61 36 XIX.
1069 218 26 20 59

378 283 282 22 extrakontorsskrifvarene
674 284 121 22 utanordna
810 284 94 22 arvoden
922 292 35 13 om
976 286 62 24 2,400
1057 285 68 25 mark,

374 318 67 27 jemte
460 318 36 20 det
510 317 141 21 Direktionen
665 318 135 21 meddelades
815 320 32 19 att
861 318 93 22 arvoden
969 318 156 28 öfverstigande

377 352 94 21 nämnda
486 351 77 27 belopp
579 351 76 26 kunde,
671 352 7 20 i
693 352 102 21 händelse
810 351 81 22 sädana
903 352 136 21 erfordrades
1049 352 34 21 för
1094 354 32 18 att

377 386 34 21 vid
430 386 84 21 banken
529 386 58 20 fästa
602 385 139 22 användbara
757 386 39 20 och
813 386 86 27 dugliga
913 392 109 21 personer,
1037 385 29 27 pä
1081 387 44 20 sär-

377 420 56 21 skild
450 420 159 27 framställning
623 419 95 27 beviljas.
749 420 124 21 Sedermera
888 420 64 21 hafva
966 419 159 22 Bankfullmäk-

377 454 43 28 tige
435 454 69 21 under
519 454 40 21 den
575 456 12 19 2
603 454 117 22 December
737 456 53 19 1876
806 454 29 28 pä
846 454 205 22 Bankdirektionens
1062 454 64 22 fram-

377 488 101 28 ställning
493 488 88 27 beviljat
595 488 113 22 enahanda
724 488 157 28 dyrtidstillägg
895 488 34 22 för
944 488 143 22 innevarande
1103 488 24 22 är

378 524 65 24 1877;
459 530 48 14 men
522 524 53 19 enär
589 522 202 28 Bankfullmäktige,
806 522 29 28 pä
845 523 90 21 anförda
945 523 54 25 skäl,
1014 523 70 21 funnit
1095 524 32 26 sig

376 557 47 21 icke
437 556 55 22 böra
506 557 58 22 förut
579 557 86 27 vidtaga
680 556 77 28 ätgärd
771 557 34 22 till
819 558 68 21 andra
902 559 27 19 än
945 557 26 21 de
986 559 54 20 mest
1054 558 7 20 i
1077 559 49 26 ögo-

376 598 42 14 nen
436 590 96 22 fallande
547 590 212 22 missförhällandens
774 592 145 27 afhjelpande,
937 591 65 22 hafva
1016 592 111 21 Bankfull-

376 626 94 27 mäktige
488 627 70 20 ansett
578 626 35 21 det
628 626 34 20 för
677 626 32 21 sin
724 626 55 28 pligt
793 628 32 19 att
840 626 110 22 vördsamt
965 626 57 21 fästa
1036 626 91 22 bankut-

378 660 89 22 skottets
488 660 106 21 särskilda
611 660 191 27 uppmärksamhet
820 660 29 28 pä
865 661 69 21 denna
948 659 62 29 fräga
1025 662 56 20 samt
1095 663 32 19 att

377 695 7 20 i
400 693 77 23 sädant
492 694 100 22 afseende
607 696 99 26 uppgöra
720 694 100 28 bifogade
831 695 81 27 förslag
923 695 33 21 till
967 702 28 20 ny
1006 694 68 22 sädan
1085 697 43 19 stat

377 728 34 22 för
422 729 102 21 Finlands
539 728 68 27 Bank,
622 736 53 18 som,
690 728 67 28 enligt
767 729 40 21 den
818 729 139 28 öfvertygelse
967 729 160 21 Bankfullmäk-

377 764 44 26 tige
436 763 56 21 varit
507 764 7 20 i
526 763 85 22 tillfälle
623 765 32 19 att
668 764 7 20 i
687 763 75 28 frågan
775 763 58 21 bilda
848 764 38 27 sig,
902 771 50 14 vore
967 764 49 20 med
1030 763 99 28 billighet

378 798 40 20 och
435 797 94 21 bankens
545 804 52 20 egen
613 797 69 21 fördel
698 798 237 21 öfverensstämmande.
958 798 40 20 Till
1009 798 55 20 hvad
1075 798 7 20 i
1093 798 36 21 det

378 830 130 28 föregående
526 832 7 20 i
552 832 73 20 ämnet
643 832 82 21 anförts
740 832 64 21 hafva
818 832 195 27 Bankfullmäktige
1028 834 53 19 trott
1096 832 33 27 sig

378 866 40 21 här
430 866 55 21 böra
496 865 99 28 tillägga:
607 867 32 19 att
648 865 160 23 Ordförandens
819 866 40 21 och
871 866 157 22 ledamöternes
1039 866 8 21 i
1058 866 71 21 Bank-

379 900 133 21 direktionen
527 900 175 27 aflöningsvilkor
717 900 24 21 af
751 900 40 21 den
803 900 115 27 anledning
930 900 122 27 föreslagits
1063 900 66 27 högre

377 936 28 20 än
425 935 26 22 de
469 935 49 21 med
536 935 48 21 dem
603 935 7 20 i
629 935 204 28 samhällsställning
850 935 7 21 i
876 935 65 27 öfrigt
960 935 108 22 likställde
1087 942 42 14 em-

377 970 109 21 betsmäns
501 969 35 21 vid
550 969 84 21 landets
650 969 170 22 administrativa
835 970 140 25 embetsverk,
991 971 32 20 att
1037 969 93 21 Bankdi-

378 1004 135 21 rektörernes
528 1004 142 25 verksamhet,
686 1010 45 14 som
746 1003 178 29 hufvudsakligen
939 1002 68 22 måste
1022 1002 27 28 gå
1063 1006 25 18 ut
1102 1002 29 28 på

379 1040 32 19 att
429 1038 7 20 i
455 1038 121 28 möjligaste
594 1037 68 22 måtto
681 1036 13 22 å
713 1045 41 14 ena
769 1038 62 21 sidan
845 1038 80 21 bereda
941 1038 85 21 banken
1040 1038 90 20 tillstän-

379 1072 35 28 dig
433 1073 56 20 vinst
505 1072 24 21 af
543 1072 80 21 enhvar
639 1072 24 21 af
676 1072 26 21 de
717 1072 58 21 olika
790 1079 105 20 grenarne
909 1072 8 21 i
933 1072 47 20 dess
995 1071 80 21 rörelse
1090 1071 40 22 och

378 1106 29 28 på
422 1106 69 21 andra
506 1106 61 21 sidan
583 1106 93 21 undvika
691 1106 102 21 förluster
807 1106 34 21 för
855 1106 94 26 Banken,
965 1104 83 23 således
1063 1106 67 20 förut-

378 1142 68 20 sätter
465 1140 128 26 erfarenhet,
615 1140 90 28 insigter
724 1141 40 20 och
784 1139 213 28 omdömesförmåga,
1020 1146 46 15 som
1085 1139 46 21 icke

377 1176 39 20 äro
434 1174 25 22 så
474 1174 89 22 alldeles
582 1174 95 28 vanliga;
697 1176 32 19 att
744 1175 89 27 tjenster
847 1174 35 21 vid
897 1174 158 27 penningeverk
1070 1174 7 20 i
1092 1173 39 22 all-

378 1209 88 21 mänhet
485 1208 108 28 sjelffallet
611 1208 68 22 måste
697 1216 52 14 vara
767 1208 72 22 bättre
854 1208 108 26 aflönade;
985 1208 40 21 och
1041 1209 32 19 att
1087 1207 44 28 pri-

378 1244 148 21 vatbankerna
544 1243 72 21 aflöna
635 1243 46 21 sina
700 1242 119 22 direktörer
837 1242 50 22 med
901 1242 86 27 belopp,
1002 1249 46 14 som
1063 1242 68 21 öfver-

378 1278 57 27 stiga
450 1277 26 21 de
492 1278 23 21 af
527 1276 196 28 Bankfullmäktige
738 1284 30 13 nu
783 1276 128 28 föreslagna.
933 1276 60 22 Enär
1008 1276 36 22 det
1057 1276 74 21 vidare

378 1311 68 22 måste
465 1318 62 15 anses
546 1311 79 27 skäligt
643 1311 40 21 och
699 1311 24 21 af
736 1311 173 21 verksamhetens
923 1310 8 21 i
945 1310 86 22 banken
1046 1312 34 19 art
1095 1310 36 22 be-

378 1346 91 28 tingadt,
489 1348 33 19 att
536 1346 152 21 Direktörerne
703 1345 86 21 komma
803 1345 7 21 i
825 1344 126 28 ätnjutande
966 1345 24 20 af
1003 1344 70 28 nägon
1088 1344 42 22 tids

359 1385 2 2 *
378 1380 95 28 ledighet
495 1379 83 28 årligen
600 1378 48 23 från
671 1379 26 22 de
720 1379 130 28 sysslanden,
869 1386 46 14 som
933 1379 52 27 eljes
1005 1378 60 22 hällä
1083 1378 47 22 dem

378 1415 75 26 hvarje
472 1414 41 27 dag
532 1414 86 20 bundne
637 1414 35 20 vid
691 1414 38 20 sitt
744 1414 139 24 embetsverk,
902 1415 56 18 samt
973 1412 35 21 det
1023 1413 108 21 dessutom

379 1448 62 21 torde
456 1455 26 14 ur
497 1446 79 28 mänga
591 1447 132 28 synpunkter
737 1454 53 14 vara
804 1447 109 27 gagneligt
927 1448 32 19 att
971 1446 61 21 äfven
1043 1447 87 27 tjenste-

380 1483 91 21 männen
490 1482 8 20 i
513 1481 83 22 banken
612 1481 41 22 och
667 1481 36 21 vid
717 1481 105 21 kontoren
836 1481 7 21 i
853 1480 128 22 landsorten
997 1479 82 23 erhälla
1093 1479 37 23 nä-

380 1524 42 22 gon
436 1518 87 21 kortare
538 1516 43 22 tids
595 1516 95 28 ledighet
705 1518 52 19 utan
772 1517 32 20 att
819 1515 91 22 behöfva
925 1514 116 22 vidkännas
1057 1514 74 22 alltför

380 1554 60 20 stora
462 1551 149 29 uppoffringar
636 1552 34 20 för
691 1551 103 28 tjenstens
816 1550 137 22 bestridande
975 1550 68 22 under
1065 1550 64 27 tiden,
