1048 1706
408 145 61 36 XIX.
756 150 26 20 43

65 216 107 22 särskilda
193 216 199 28 byggnadsförslag,
414 218 64 21 hafva
495 217 199 27 Bankfullmäktige,
718 217 52 21 efter
786 217 26 21 de

64 249 125 29 omgångar,
208 258 46 14 som
273 252 124 20 omnämnas
415 251 8 21 i
437 251 205 27 Bankfullmäktiges
657 251 107 27 protokoll
778 250 34 22 för

66 284 40 22 den
126 286 26 20 14
171 284 40 22 och
230 285 25 20 21
276 284 125 28 September
419 287 56 19 samt
495 285 40 21 den
554 286 11 20 5
582 284 94 22 Oktober
690 286 67 20 utsett
772 284 39 22 och

65 318 67 22 kallat
145 318 161 22 undertecknad
321 318 64 28 Hjelt,
400 318 204 22 Bankdirektionens
616 318 135 22 Ordförande
766 318 46 22 Fri-

64 353 63 21 herre
146 360 41 14 von
206 353 64 26 Troil,
290 348 186 26 Öfverdirektören
491 353 73 21 Reinh.
580 352 118 26 Frenckell,
714 348 97 26 Öfverar-

64 386 95 22 kitekten
176 386 24 21 L.
218 386 17 21 I.
254 386 117 28 Lindqvist,
391 389 55 20 samt
464 387 149 21 Arkitekterne
628 387 23 20 F.
667 388 24 20 A.
708 387 104 28 Sjöström

64 421 40 21 och
123 421 23 21 F.
166 420 25 22 G.
207 421 25 20 A.
247 420 63 26 Dahl,
327 421 40 21 den
382 421 131 22 sistnämnde
528 420 47 22 från
591 420 129 26 Stockholm,
735 421 33 20 till
782 420 29 22 le-

64 455 98 22 damöter
180 455 8 21 i
206 455 40 21 den
262 455 51 28 jury
333 454 22 22 ät
369 455 84 22 hvilken
468 455 143 22 bedömandet
626 455 24 21 af
662 455 149 22 inkommande

62 489 195 29 byggnadsförslag
269 489 86 29 jemlikt
369 489 35 22 det
419 489 113 22 utfärdade
547 491 145 26 programmet
702 489 67 22 borde
780 489 30 22 öf-

62 524 125 21 verlemnas.
216 524 73 28 Enligt
307 523 57 22 hvad
383 524 34 21 för
434 523 195 28 Bankfullmäktige
648 524 39 21 den
704 525 26 19 24
746 523 64 22 Okto-

63 557 38 22 ber
118 559 54 20 1876
188 559 98 26 anmälts,
302 558 57 22 hade
371 558 70 28 juryn,
457 565 45 15 som
520 557 27 22 dä
562 558 86 21 slutfört
658 559 37 20 sitt
705 557 105 29 uppdrag,

63 592 125 22 tillerkändt
206 593 111 22 Professor
335 593 23 21 L.
377 593 119 21 Bohnstedt
510 593 7 21 i
537 593 71 21 Gotha
623 592 36 22 det
673 592 68 21 första
756 595 55 19 samt

62 627 126 22 Arkitekten
210 627 23 22 F.
256 627 25 22 O.
300 627 122 22 Lindström
440 627 7 21 i
466 627 123 22 Stockholm
606 627 34 22 det
656 627 67 21 andra
737 628 73 27 priset,

62 669 48 14 men
132 661 64 22 likväl
218 662 70 21 funnit
310 661 115 28 anledning
443 662 133 21 förekomma
594 661 32 21 till
645 661 165 28 anmärkningar

62 698 45 19 mot
125 695 62 22 äfven
207 697 67 24 dessa,
293 697 7 20 i
320 696 105 22 anseende
444 696 86 21 hvartill
549 696 25 21 de
590 696 132 27 prisbelönta
736 697 74 20 ritnin-

62 737 68 20 garna
152 729 33 22 till
206 731 195 21 Bankdirektionen
423 730 149 22 öfverlemnats
595 729 35 23 för
648 729 123 22 erhällande
789 729 24 22 af

62 763 111 23 utlåtande
192 772 35 14 om
242 765 26 21 de
282 765 152 27 förändringar
449 765 7 20 i
472 765 41 21 den
527 764 48 22 med
590 764 68 22 första
672 764 66 27 priset
752 763 58 22 belö-

62 799 56 21 nade
135 799 115 28 ritningen,
269 806 46 15 som
334 806 50 15 vore
402 799 79 28 nödiga
496 799 73 21 förrän
585 799 40 21 den
640 799 70 21 kunde
725 799 33 22 för
773 800 37 20 än-

63 832 93 23 damälet
174 833 115 26 användas,
306 834 67 27 jemte
392 833 35 22 det
441 833 195 28 Bankfullmäktige
652 833 32 21 för
699 833 111 22 Professor

62 867 118 22 Bohnstedt
202 868 105 21 förklarat
325 868 33 28 sig
377 868 67 21 önska
461 868 99 28 begagna
578 868 32 27 sig
629 867 25 22 af
669 868 53 21 hans
738 867 72 22 anbud

60 904 34 19 att
111 902 8 21 i
134 902 41 21 den
191 902 24 22 af
228 903 78 20 honom
321 902 122 28 uppgjorda
458 903 107 26 ritningen
584 902 70 21 införa
673 901 81 22 sädana
772 903 36 20 än-

62 936 94 28 dringar.

130 970 10 22 I
155 971 101 21 afvaktan
270 970 29 28 pä
313 971 207 22 Bankdirektionens
530 970 100 28 yttrande
641 970 40 21 har
692 970 117 22 emellertid

62 1006 48 20 med
129 1006 72 21 vidare
216 1005 76 27 ätgärd
308 1005 14 21 &
336 1005 205 27 Bankfullmäktiges
556 1005 46 21 sida
617 1004 32 22 till
664 1004 145 28 byggnadsar-

61 1040 69 21 betets
150 1038 133 29 pähörjande
302 1039 41 22 fått
361 1038 68 28 anstå,
448 1038 65 28 något
532 1039 86 21 hvartill
633 1038 79 28 jemväl
727 1041 30 19 ett
772 1046 36 14 an-

62 1076 38 19 nat
113 1073 135 23 förhällande
264 1074 60 28 gifvit
340 1074 121 27 anledning.

130 1109 28 20 Af
176 1108 99 28 samtliga
293 1108 34 21 till
345 1108 67 22 täflan
426 1108 122 22 inlemnade
563 1107 192 29 byggnadsförslag
770 1108 40 21 har

62 1142 76 22 endast
160 1144 30 20 ett
212 1142 55 22 enda
288 1142 117 28 uppgifvits
426 1149 52 15 vara
500 1142 24 20 af
544 1142 40 22 den
606 1142 152 25 beskaffenhet,
778 1143 32 20 att

62 1176 128 28 byggnaden
205 1176 67 22 skulle
288 1177 88 25 kunnat,
391 1176 49 22 med
454 1176 86 28 ledning
556 1176 24 22 af
592 1176 123 25 detsamma,
734 1175 76 27 uppfö-

62 1218 35 14 ras
115 1211 34 21 för
168 1211 40 21 den
227 1212 23 20 af
267 1210 122 22 Ständerna
407 1210 24 22 är
451 1212 53 19 1872
524 1210 71 22 dertill
610 1210 104 27 anslagna
727 1217 83 14 summa

63 1245 24 21 af
103 1245 97 27 omkring
220 1246 90 24 500,000
331 1245 70 26 mark;
423 1244 125 22 utförandet
565 1244 23 22 af
606 1244 35 21 det
656 1244 85 27 förslag,
764 1250 45 16 som

62 1279 97 22 belönats
178 1279 49 21 med
245 1279 68 21 första
332 1280 73 26 priset,
420 1279 40 21 har
475 1279 95 21 deremot
585 1280 80 20 ansetts
682 1278 70 21 tarfva
766 1285 44 15 om-

62 1314 62 27 kring
144 1314 90 25 130,000
249 1313 61 21 mark
326 1313 83 21 utöfver
423 1313 94 21 nämnda
531 1312 85 28 belopp.
645 1312 42 22 Det
700 1312 62 21 torde
776 1311 34 23 sä-

62 1347 65 26 ledes,
147 1347 40 21 och
206 1354 34 14 om
260 1346 36 22 det
314 1346 103 28 derjemte
436 1348 60 25 tages
514 1346 7 20 i
536 1346 141 21 betraktande
692 1347 32 19 att
738 1346 71 26 prisen

62 1380 30 28 pä
109 1380 98 22 material
226 1380 40 22 och
285 1380 132 22 arbetslöner
435 1380 70 21 under
523 1380 41 20 den
583 1379 53 21 efter
654 1378 25 22 är
698 1380 54 20 1872
768 1379 42 21 för-

63 1415 69 22 flutna
150 1415 58 22 tiden
226 1415 105 29 betydligt
351 1416 98 27 stegrats,
468 1415 72 21 kunna
558 1420 62 16 anses
637 1414 96 28 omöjligt
748 1413 22 22 få
784 1421 25 15 en

63 1449 67 22 sådan
149 1449 106 29 byggnad,
278 1457 45 14 som
343 1449 24 22 af
380 1449 119 22 Ständerna
514 1449 80 26 afsetts,
617 1448 94 27 uppförd
726 1448 34 22 för
774 1448 36 22 det

64 1485 72 22 derför
152 1485 104 28 anslagna
270 1484 90 28 belopp;
377 1484 39 22 och
431 1483 64 23 hafva
510 1483 193 28 Bankfullmäktige
714 1483 48 22 med
773 1489 36 16 an-
