1045 1703
245 154 28 19 26
547 153 81 21 XVIII

216 220 73 20 hvilka
307 221 47 20 ledt
372 221 33 20 till
425 220 93 28 följande
534 220 23 21 af
570 221 141 21 Direktionen
726 221 34 21 för
774 220 88 26 bolaget
878 220 89 21 skriftli-

214 260 42 21 gen
271 254 76 27 gjorda
362 254 78 27 anbud,
455 255 115 27 nemligen:

290 290 31 20 1:o
345 290 32 20 att
399 289 33 21 till
455 289 70 21 finska
548 289 131 21 statsverket
701 290 69 21 skulle
790 288 141 22 öfverlemnas
947 288 19 28 ej

216 326 82 21 mindre
314 324 98 26 samtlige
428 324 70 21 aktier
512 324 7 20 i
535 323 76 27 Hangö
625 324 232 27 jernvägsaktiebolag,
870 323 48 21 med
928 330 38 14 un-

217 360 79 26 dantag
312 359 22 21 af
347 360 33 19 tre
396 358 94 27 stycken,
506 357 72 22 hvilka
593 357 28 27 på
637 357 80 22 okändt
733 359 43 20 sätt
791 357 130 27 förkommit,
940 359 27 20 än

216 394 39 21 ock
271 393 99 26 samtlige
386 393 22 20 af
421 393 88 26 bolaget
523 392 83 27 utgifne
621 392 148 27 obligationer,
786 393 59 20 utom
862 393 25 20 de
902 392 7 21 i
932 394 33 19 ut-

216 429 73 21 landet
310 427 102 24 försålda,
431 427 7 20 i
456 427 66 20 värde
545 427 126 26 uppgående
694 427 34 21 till
749 427 104 21 nominelt
875 427 90 25 575,949

216 463 59 21 Thl:r
290 464 12 19 4
318 461 104 28 groschen
438 463 10 19 7
465 461 100 26 pfennige
584 461 35 20 P:r
639 461 42 26 C:t;
701 461 86 26 tillfölje
805 461 78 21 hvaraf
899 461 68 21 nomi-

216 498 48 21 nela
287 497 75 21 värdet
376 497 13 20 &
405 497 25 20 de
453 495 148 26 obligationer,
625 501 45 15 som
693 495 33 21 till
748 495 69 21 finska
836 495 132 22 statsverket

215 531 67 22 borde
298 530 148 25 öfverlemnas,
464 530 100 26 utgjorde
583 530 112 25 4,864,050
711 529 58 21 Thl:r
784 531 27 20 25
827 529 104 27 groschen
953 531 13 19 3

215 566 100 26 pfennige
330 565 36 20 P:r
382 565 38 20 C:t.

287 601 33 20 2:0
341 601 32 19 att
391 599 33 20 till
440 598 130 21 statsverket
586 599 56 20 emot
657 599 31 20 ett
703 598 45 27 pris
764 597 23 22 af
801 599 113 25 8,400,000
929 597 38 22 fin-

217 635 39 20 ska
271 633 60 22 mark
348 635 54 19 samt
417 632 48 21 fritt
480 632 47 21 frän
542 632 73 26 hvarje
630 633 112 26 gravation
758 633 70 20 skulle
844 631 68 22 afstäs
927 632 39 21 och

215 668 115 22 öfverlätas
354 667 76 26 Hangö
451 667 96 26 jernväg,
570 667 48 20 med
634 667 38 20 allt
687 667 56 20 hvad
758 667 72 21 dertill
845 667 70 25 hörer,
932 667 33 20 sä-

216 709 45 15 som
281 702 66 26 rörlig
363 701 102 25 materiel,
483 700 129 28 byggnader,
629 701 126 21 verkstäder
776 701 66 26 jemte
857 701 109 21 maskiner

217 737 38 21 och
270 736 80 27 nödiga
364 735 130 21 inventarier
510 735 22 21 af
544 735 55 21 hvad
614 736 47 25 slag
671 735 39 21 och
722 735 147 21 beskaffenhet
879 736 25 20 de
916 741 51 15 vara

215 771 41 26 må,
273 770 80 22 sådana
368 770 26 20 de
409 770 33 20 till
458 770 58 20 antal
532 769 39 21 och
586 769 60 21 skick
662 769 27 21 då
704 769 131 21 förefunnos.

287 806 33 20 3:0
336 806 33 19 att
384 804 23 20 af
420 804 141 20 nästnämnde
577 809 82 15 summa
692 820 4 4 .
727 820 4 4 .
762 820 4 4 .
797 804 119 26 8,400,000;
933 815 27 4 —

244 839 66 21 borde
326 838 35 22 vid
376 838 76 26 köpets
468 837 122 21 afslutande
606 838 98 26 erläggas
727 854 5 4 .
763 854 4 4 .
797 838 119 26 4,340,000:
932 849 28 3 —

244 880 112 20 hvaremot
371 878 123 21 äterstoden
514 894 4 4 .
550 894 4 4 .
585 894 4 4 .
691 894 4 4 <
726 894 4 4 +
762 894 4 4 +
797 878 120 26 4,060,000:
933 890 27 2 —

215 913 70 21 skulle
299 912 83 22 betalas
402 912 57 21 inom
479 912 107 26 förloppet
601 894 23 38 af
637 894 47 44 fyra
700 911 23 21 år
738 912 7 20 i
758 912 73 26 jemna
846 914 58 19 rater
919 912 49 21 med

215 948 111 26 1,015,000
345 946 62 21 mark
426 946 73 26 hvarje
515 946 22 20 af
555 945 50 21 åren
622 946 61 26 1876,
701 947 60 25 1877,
779 947 54 19 1878
849 946 40 22 och
906 947 60 25 1879,

215 984 52 19 utan
278 983 32 19 att
320 980 64 22 likväl
397 982 61 19 ränta
469 980 13 20 å
496 980 26 21 de
533 980 93 27 oguldna
641 982 87 19 raterna
742 980 160 27 ifrågakomme,
912 983 56 19 samt

283 1017 33 19 4:0
333 1016 32 19 att
384 1014 42 21 alla
441 1015 7 20 i
463 1014 98 26 bolagets
581 1020 38 20 ego
636 1014 111 27 befintliga
762 1014 97 21 förråder
875 1014 56 27 finge
946 1015 23 20 af

213 1049 132 22 statsverket
365 1048 121 27 öfvertagas
507 1047 54 22 efter
577 1048 36 20 det
628 1048 51 27 pris,
695 1048 86 21 hvartill
799 1048 25 21 de
840 1055 52 14 voro
907 1049 7 20 i
932 1049 35 21 bo-

214 1085 69 26 lagets
299 1083 79 21 böcker
394 1083 116 26 upptagna.

285 1117 41 21 Till
342 1116 119 21 utrönande
478 1116 23 21 af
515 1116 40 21 den
572 1115 101 28 inkomst,
690 1123 46 14 som
751 1117 23 20 af
788 1116 76 27 Hangö
877 1117 91 28 jernväg

213 1159 52 15 vore
280 1153 32 20 att
327 1151 103 27 påräkna,
446 1151 54 20 hade
516 1150 92 21 Senaten
625 1151 120 21 emellertid
760 1152 118 26 uppdragit
893 1147 74 26 Öfver-

213 1186 124 22 direktören
352 1185 7 21 i
379 1181 171 30 Öfverstyrelsen
570 1184 32 21 för
620 1186 50 25 väg-
687 1185 39 20 och
745 1185 222 21 vattenkommunika-

213 1221 98 21 tionerna
330 1219 39 21 och
388 1219 79 21 Chefen
483 1219 34 21 för
536 1219 196 27 statsjernvägarne
751 1221 38 25 att,
806 1220 55 21 efter
878 1220 8 20 i
908 1220 59 21 detta

214 1254 101 21 afseende
334 1253 122 20 inhemtade
476 1252 142 25 erforderliga
637 1253 162 26 upplysningar,
819 1254 74 20 härom
908 1254 58 20 med-

215 1288 48 20 dela
273 1286 117 26 utlåtande,
402 1286 51 20 derå
464 1286 98 20 bemälde
578 1281 163 25 Öfverdirektör
752 1287 39 20 och
806 1287 160 26 Jernvägschef,

215 1322 31 21 uti
262 1320 89 28 afgifvet
366 1320 134 22 betänkande
516 1320 7 20 i
538 1321 77 25 ämnet,
632 1320 93 22 anmälte
741 1322 31 20 att
787 1321 121 21 inkomsten
919 1322 48 21 från

214 1357 70 20 banan
306 1355 108 21 derintills
433 1354 33 21 väl
487 1354 47 21 icke
549 1354 56 21 varit
622 1355 117 26 tillräcklig
761 1358 33 19 att
811 1356 91 21 betäcka
924 1358 43 19 tra-

213 1390 151 22 fikkostnaden
379 1389 33 21 för
428 1389 129 26 densamma,
568 1395 48 15 men
632 1391 32 19 att
679 1390 59 21 detta
754 1390 214 22 otillfredsställande

215 1425 134 22 förhållande
368 1424 68 21 måste
455 1424 33 21 till
504 1425 46 20 stor
566 1423 32 22 del
615 1424 128 22 tillskrifvas
758 1425 82 21 banans
857 1425 111 22 ofullstän-

216 1460 51 25 diga
281 1459 61 21 skick
360 1459 36 20 vid
414 1459 49 20 dess
480 1459 130 26 upplåtande
629 1459 33 20 för
681 1459 78 21 allmän
778 1459 64 21 trafik
865 1461 39 20 och
919 1460 49 21 sak-

214 1494 72 21 naden
301 1494 23 20 af
341 1493 215 26 upplagsmagasiner
574 1493 36 20 vid
628 1493 82 21 banans
729 1494 112 27 ändpunkt
859 1495 7 20 i
884 1494 84 27 Hangö,
