1050 1709
342 113 22 22 U.
382 113 22 22 B.
424 124 22 4 —
464 113 135 21 1II—-XVIIL
792 115 25 19 47

94 177 62 27 sluta,
172 178 42 20 kan
230 178 37 21 det
282 178 55 21 dock
352 178 47 21 icke
415 178 81 21 lemnas
513 178 123 26 obeaktadt,
654 180 32 20 att
702 179 37 21 det
753 178 34 22 för
802 179 45 21 lan-

93 212 47 21 dets
163 212 72 21 kredit
256 218 51 15 vore
329 213 79 25 bättre,
428 219 34 15 om
482 212 54 22 slika
554 212 114 22 konflikter
689 213 90 21 alldeles
799 213 49 21 icke

91 246 82 21 kunnat
188 246 135 26 uppkomma.

160 280 42 21 För
216 282 33 19 att
271 280 123 21 underlätta
416 280 167 22 trasitotrafiken
605 281 77 21 mellan
701 281 88 27 Sverige
806 281 41 21 och

90 314 76 27 Hangö
190 316 56 19 samt
261 314 121 27 dymedelst
394 314 78 27 jemväl
488 314 101 22 förskaffa
605 321 26 15 en
645 314 91 22 förökad
751 315 95 21 inkomst

90 348 22 21 ät
127 348 202 28 Hangö—Hyvinge
345 348 41 22 och
401 348 177 22 Riihimäki—S:t
585 348 132 28 Petersburg
723 349 121 27 jernvägar,

89 382 39 21 har
151 382 116 28 Styrelsen,
285 383 71 21 säsom
376 382 119 23 relationen
516 383 140 27 omförmäler,
672 384 22 20 ät
711 385 31 19 ett
759 383 33 21 för
806 384 39 21 be-

88 416 66 22 rörda
176 416 167 22 transitotrafiks
366 417 139 22 bedrifvande
520 418 82 21 bildadt
618 418 122 27 aktiebolag
755 418 89 27 beviljat

90 458 26 15 en
139 451 53 27 ärlig
212 452 129 21 subvention
361 451 22 21 af
396 453 78 25 45,000
490 452 60 22 mark
565 452 7 22 i
589 454 25 20 10
631 453 34 21 ärs
680 453 39 26 tid,
736 452 22 22 af
770 452 74 22 hvilka

88 488 63 24 9,000
174 486 61 22 mark
256 486 87 28 päföras
359 486 75 28 Hangö
449 487 94 27 jernväg.
573 487 111 21 Huruvida
700 487 37 22 det
753 486 89 23 afsedda

88 521 123 21 ändamälet
226 528 77 20 genom
318 522 70 21 denna
402 522 127 21 subvention
545 522 55 22 skall
615 522 72 21 kunna
702 522 90 27 uppnäs,
804 528 38 15 an-

88 561 34 16 ser
138 556 55 21 dock
208 556 114 21 Utskottet
337 558 57 19 ännu
408 556 33 21 för
456 556 64 28 tidigt
534 558 33 20 att
582 557 96 21 bedöma.

155 660 169 22 Statsutskottet
345 660 70 22 mäste
434 661 28 26 pä
478 661 67 27 grund
560 660 23 22 af
595 660 245 28 Landtdagsordningen

84 694 54 21 fatta
161 694 39 22 sitt
222 694 113 27 äliggande
357 695 49 21 med
430 695 100 22 afseende
553 695 13 21 ä
584 694 188 22 finansrelationen
787 695 54 21 eller

84 728 111 28 uppgiften
216 728 59 22 öfver
290 729 142 21 statsverkets
448 730 98 21 tillständ
564 730 96 26 sälunda,
677 731 32 19 att
724 730 116 21 Utskottet

83 762 40 22 bör
137 763 50 22 med
202 763 90 28 tillhjelp
309 763 22 21 af
344 764 230 27 statsräkenskaperna
590 764 53 21 söka
651 764 45 21 dels
705 764 71 21 lemna
783 771 55 20 upp-

82 798 89 27 lysande
194 797 142 28 förklaringar
358 798 40 22 och
418 798 222 28 sammanställningar
656 799 32 21 till
703 798 88 28 ledning
805 798 34 22 för

82 832 144 21 bedömandet
249 832 23 21 af
292 833 67 27 sagde
380 832 102 22 relations
506 833 94 22 innehäll
622 832 147 28 öfverhufvud,
790 833 46 21 dels

81 866 57 22 fästa
155 867 218 27 uppmärksamheten
388 867 35 21 vid
438 868 80 20 sädana
534 867 189 27 omständigheter,
740 874 45 14 som
802 868 35 20 vid

82 908 25 15 en
122 903 98 20 närmare
236 902 130 26 granskning
381 901 23 21 af
415 902 154 27 handlingarne
584 901 96 22 befinnas
689 901 93 28 förtjena
790 904 46 19 sär-

82 936 65 22 skildt
161 936 122 22 beaktande
298 936 7 21 i
319 936 61 26 fräga
393 942 35 15 om
438 936 152 22 statsmedlens
602 936 135 27 användning
747 936 32 21 till
789 936 46 22 lan-

81 971 47 21 dets
144 977 56 21 gagn
216 970 40 22 och
270 970 70 22 bästa.

148 1005 30 21 Pä
194 1007 44 19 sätt
253 1004 22 22 af
289 1005 108 26 ätskilliga
412 1005 76 21 ställen
498 1006 7 20 i
516 1005 146 22 betänkandet
671 1006 62 20 torde
744 1005 89 26 framgä,

79 1040 39 20 har
136 1040 112 21 Utskottet
268 1039 47 21 haft
333 1040 47 20 icke
396 1040 24 20 sä
435 1039 61 27 ringa
511 1040 132 26 svårigheter
658 1041 32 19 att
705 1040 107 26 bekämpa
826 1040 8 20 i

79 1074 52 28 följd
150 1074 22 22 af
186 1074 37 22 det
238 1076 45 20 sätt
297 1074 81 27 hvarpä
394 1076 83 19 statens
492 1074 148 27 räkenskaper
654 1074 107 21 härintills
778 1074 55 22 varit

79 1108 116 28 uppstälda
210 1109 40 21 och
265 1109 64 21 hvars
345 1108 119 22 förnämsta
478 1109 54 21 brist
548 1111 28 23 är,
594 1110 32 20 att
636 1115 27 15 en
674 1109 81 21 ordnad
763 1108 69 22 öfver-

79 1144 43 27 sigt
138 1144 58 22 öfver
211 1143 221 27 statshushällningen
447 1144 7 20 i
470 1144 50 21 dess
535 1143 74 22 helhet
624 1143 89 21 saknas:

146 1179 40 25 Nu,
210 1179 28 21 dä
260 1180 81 20 statens
357 1178 227 26 räkenskapsväsende
598 1178 96 21 befinner
709 1178 33 26 sig
756 1178 29 26 pä
800 1178 30 21 öf-

78 1214 92 26 vergäng
192 1212 32 22 till
248 1219 26 15 en
296 1219 27 21 ny
345 1212 97 27 ordning,
458 1212 66 22 borde
547 1213 36 21 det
598 1214 57 19 ännu
670 1218 45 15 mer
731 1214 26 19 än
772 1212 59 21 förut

77 1248 72 20 kunna
163 1254 52 14 vara
231 1247 22 21 af
266 1253 56 21 gagn
337 1248 33 20 att
379 1247 107 21 bristerna
493 1246 128 27 framhällas,
632 1246 198 27 oegentligheterna

76 1282 205 27 uppmärksammas,
297 1281 142 27 antydningar
458 1281 81 21 lemnas
555 1281 22 21 ät
592 1281 81 21 hvilket
687 1280 44 22 håll
747 1283 82 19 omtan-

76 1316 43 22 ken
134 1316 66 22 borde
216 1316 67 21 riktas
298 1316 35 21 vid
348 1316 117 21 reformens
480 1315 172 27 genomförande.

144 1350 63 21 Hvad
222 1350 113 21 Utskottet
350 1350 8 20 i
374 1349 60 21 detta
448 1349 122 22 hänseende
582 1349 70 21 anfört
658 1349 68 21 borde
735 1349 91 25 således,

77 1384 71 22 såsom
170 1384 119 27 utgörande
311 1384 7 20 i
338 1383 33 21 sin
392 1389 50 15 mon
460 1389 26 15 en
500 1382 130 22 medverkan
645 1382 31 21 till
691 1382 136 22 statsräken-

77 1420 116 27 skapernas
209 1418 154 26 förbättrande,
379 1418 48 21 icke
443 1418 67 21 sakna
525 1417 110 28 betydelse
650 1417 32 21 för
690 1418 55 26 dem,
754 1417 74 22 hvilka

145 1461 134 17 Statsutskottets
291 1460 106 17 betänkande
409 1460 35 16 N:o
458 1458 26 18 11.
