1050 1703
328 258 120 28 Transport
484 260 117 26 3,500,000:
617 272 29 3 —
659 261 175 33 |33,374,809126

160 315 67 26 enligt
252 315 87 26 bilagan
361 315 41 21 litt.
426 315 22 22 C.

159 354 30 15 nu
202 348 112 22 hemställt
339 364 5 5 .
374 364 5 5 .
410 364 5 4 .
444 365 5 5 .
514 350 84 26 33,921:
614 351 34 20 80.
801 362 2 33 |

102 376 100 28 Återstår
218 383 33 21 till
266 383 130 27 disposition
416 399 1 5 .
444 398 6 6 .
500 384 99 26 299038:
616 385 32 20 66.
801 396 2 62 |

361 429 87 21 Summa
478 431 119 25 3,832,960:
614 431 44 26 46.
651 425 9 36 |

562 476 87 21 Summa
657 464 2 40 |
670 465 162 39 33,374,809]26

84 571 109 27 tydligare
203 571 78 27 belopp
293 571 119 27 öfverstiga
422 572 56 21 hvad
492 578 52 20 som,
552 572 8 20 i
568 572 106 21 anseende
683 572 33 21 till
725 572 40 21 den
777 574 57 24 stag-

84 605 92 21 Finland
192 605 45 21 stär
251 605 8 21 i
274 604 91 28 lifligare
380 606 240 26 handelsförbindelser,
634 612 29 14 nu
674 612 51 21 eger
734 612 54 20 rum,
799 612 37 15 an-

86 640 113 26 7,500,000
214 639 67 27 mark,
298 640 70 20 skulle
382 640 126 27 härigenom
522 640 80 27 uppstå
618 647 25 14 en
658 640 127 27 ytterligare
795 640 43 21 till-

84 673 96 27 anspråk
202 673 34 21 för
257 674 140 21 bestridande
413 669 30 37 af
443 674 97 28 sädana
559 674 34 21 för
608 675 41 20 den
665 674 108 21 allmänna
788 674 50 21 hus-

84 707 106 27 förslaget
206 707 38 22 och
260 707 154 22 ofvanstäende
430 707 73 28 kalkyl
519 708 18 27 ej
552 708 57 27 ingå,
626 715 47 14 men
688 708 74 21 hvilka
776 708 60 21 Hans

86 741 109 22 användas
210 741 34 21 till
259 741 162 28 afbetalningar
436 742 19 27 ej
471 742 83 21 mindre
570 742 12 21 å
598 742 26 21 de
641 743 113 26 2,400,000
769 742 67 26 mark,

84 776 34 21 för
136 775 114 28 byggande
267 775 24 22 af
303 776 180 22 Riihimäki—S:t
497 777 133 26 Petersburg
642 777 97 26 jernväg,
755 779 27 18 än
798 777 40 20 ock

84 811 78 20 deradt
179 811 112 26 1,530,000
306 811 68 21 mark.

85 953 45 27 liga
145 953 93 22 Senaten
253 952 34 22 för
301 953 98 26 Finland,
416 953 41 21 den
474 954 25 20 13
515 953 61 27 April
594 953 60 21 1877.

569 1084 79 23 Frith.
665 1083 98 23 Flodin.
