1042 1709
383 146 25 19 U.
421 148 28 17 B.
462 148 64 17 XIX.
765 146 25 20 13

153 208 69 22 Bland
237 209 26 21 de
277 208 23 22 af
313 209 131 28 fullmäktige
457 210 99 27 vidtagna
564 208 39 22 och
618 209 7 21 i
639 208 129 28 berättelsen
776 215 44 14 om-

95 243 106 21 förmälda
216 243 99 28 åtgärder
330 250 63 14 anser
407 244 32 27 sig
454 244 108 21 Utskottet
575 243 53 21 böra
642 242 85 22 vidröra
740 242 26 21 de
780 242 40 22 hos

95 277 59 21 Hans
171 277 119 28 Kejserliga
297 277 100 27 Majestät
411 278 76 28 gjorda
495 276 209 28 framställningarna
718 283 34 14 om
767 283 53 20 upp-

93 310 105 22 hätfvande
227 312 23 20 af
279 311 40 21 den
348 318 75 20 genom
446 312 26 20 28
490 312 11 27 &
516 312 6 20 i
538 311 78 27 nådiga
637 310 137 28 reglementet
787 310 34 20 för

94 345 133 27 myntverket
241 346 7 20 i
263 345 90 21 Finland
377 346 23 20 af
419 346 40 20 den
477 346 9 20 1
502 346 56 20 Mars
578 345 53 21 1865
646 344 83 21 banken
744 344 77 27 älagda

92 379 131 27 förpligtelse
248 381 32 19 att
297 379 35 21 för
347 379 78 26 silfver,
446 386 46 14 som
507 380 23 20 af
549 378 96 22 enskilda
666 384 102 21 personer
788 378 33 20 till

92 414 135 27 myntverket
248 413 110 26 inlemnas,
381 413 81 28 utgifva
484 413 98 28 pregladt
600 415 65 25 mynt.
696 412 73 22 Under
783 420 38 12 un-

92 448 90 26 däntags
194 447 148 22 förhållanden
358 448 39 22 och
412 448 69 21 såsom
499 455 25 14 en
540 447 142 22 förberedelse
702 447 34 21 för
753 447 68 21 öfver-

92 482 81 28 gängen
188 482 34 21 till
237 481 149 29 guldmyntfot,
408 482 85 22 hvilken
513 489 75 21 genom
604 480 78 22 silfrets
697 482 124 27 fortgäende

91 516 84 28 prisfall
192 516 135 22 försvärades
340 518 40 20 och
391 516 141 23 invecklades,
548 516 54 22 hade
617 516 33 21 väl
666 524 24 14 en
706 516 58 28 dylik
778 518 42 26 sty-

88 550 82 22 relsens
185 551 157 21 mellankomst,
357 551 137 28 hvarigenom
513 552 83 21 banken
611 551 88 21 försatts
713 550 7 21 i
735 550 85 22 tillfälle

90 587 33 19 att
137 585 50 28 höja
202 586 40 20 den
258 585 69 22 finska
342 586 172 20 silfvermarkens
529 586 63 21 värde
603 585 59 21 öfver
676 585 48 21 dess
738 584 82 22 metall-

89 618 51 28 pris,
148 619 82 21 kunnat
243 626 62 14 anses
320 619 89 26 tillåten,
428 627 48 13 men
491 619 125 22 tvifvelsmål
632 618 64 22 hafva
710 618 64 22 likväl
789 619 31 21 in-

88 660 35 14 om
142 653 111 22 Utskottet
268 653 71 22 blifvit
356 653 95 22 uttalade
470 654 78 26 derom,
568 653 106 21 huruvida
692 653 127 27 tidpunkten

88 689 57 19 ännu
160 688 55 21 varit
234 688 49 21 inne
303 688 34 21 för
355 688 162 27 ifrågavarande
537 687 163 28 framställning.
730 688 29 27 Ty
774 687 45 21 ifall

88 721 72 21 dervid
180 722 55 20 fästs
249 722 76 26 nådigt
342 721 105 26 afseende,
467 729 49 14 men
535 722 95 21 deremot
645 722 39 20 den
700 720 119 22 åstundade

86 756 152 27 förändringen
256 756 33 21 till
313 756 144 28 guldmyntfot
478 757 54 21 mött
557 756 160 27 oöfverstigliga
736 755 82 26 hinder,

87 790 69 21 skulle
171 790 82 22 landets
268 790 152 28 myntväsende
435 791 64 21 hafva
513 791 81 21 inträdt
607 792 28 26 på
650 798 26 14 en
687 790 70 28 vådlig
772 791 46 26 väg,

86 824 78 22 hvaraf
176 824 47 22 icke
238 825 62 27 ringa
313 824 158 28 förvecklingar
486 825 80 21 kunnat
581 826 85 26 uppstå.

143 853 18 27 Å
182 859 38 21 sid.
240 860 27 20 24
289 859 64 21 hafva
372 859 141 28 Fullmäktige
534 859 110 28 redogjort
660 860 34 20 för
712 858 106 28 åtgärder,

87 900 46 14 som
148 893 70 22 blifvit
233 894 101 26 vidtagna
348 894 7 20 i
370 893 113 27 anledning
499 894 24 20 af
534 894 36 21 det
584 894 48 21 utaf
644 893 102 21 Finlands
761 893 57 21 bank

86 928 40 21 och
140 928 140 21 bankirhuset
294 927 27 21 M.
338 928 24 20 A.
379 934 40 15 von
433 928 125 21 Rothschild
570 928 17 21 &
600 928 70 21 Söhne
685 926 133 22 förmedlade

86 961 90 21 statslån
207 961 33 21 till
269 961 112 28 byggande
410 962 23 21 af
449 955 57 27 Åbo-
521 962 151 21 Tammerfors-
686 960 132 22 Tavastehus

82 996 95 27 jernväg.
206 996 31 20 På
259 997 44 20 sätt
320 996 111 21 Utskottet
445 996 64 21 redan
525 997 46 20 haft
584 996 86 22 tillfälle
685 998 32 19 att
731 995 85 21 medde-

85 1029 26 26 la,
128 1030 39 21 har
181 1030 92 21 berörda
288 1030 111 27 operation
414 1030 76 22 beredt
503 1031 83 21 banken
602 1038 26 14 en
642 1030 47 22 icke
708 1030 108 28 obetydlig

84 1065 62 25 vinst,
167 1064 116 28 hvarjemte
307 1064 60 21 äfven
388 1064 26 22 de
433 1065 84 27 utgifna
533 1064 220 28 låneobligationerna
767 1063 48 21 med

84 1098 77 22 lätthet
180 1099 82 21 kunnat
279 1099 100 27 försäljas
395 1100 6 20 i
417 1101 47 26 eget
484 1100 56 20 land.
570 1099 34 21 Då
624 1099 36 21 det
675 1098 140 22 öfverhufvud

84 1133 41 21 kan
140 1134 90 27 antagas
244 1135 33 19 att
295 1133 72 28 dylika
384 1133 157 29 värdepappers
560 1134 95 27 börspris
670 1134 62 20 äfven
747 1134 13 20 å
775 1133 41 21 den

84 1167 114 22 utländska
212 1168 131 21 marknaden
358 1168 7 20 i
379 1168 90 21 främsta
486 1170 92 20 rummet
594 1168 64 21 beror
672 1168 24 20 af
709 1168 61 20 deras
786 1168 29 20 ef-

84 1202 108 27 terfrågan
207 1203 7 20 i
229 1202 128 24 hemlandet,
372 1203 39 20 har
425 1202 111 21 Utskottet
545 1204 71 20 ansett
623 1202 41 20 den
679 1202 24 20 af
716 1208 25 14 en
749 1201 66 21 bank-

84 1236 81 22 revisor
179 1236 34 21 vid
231 1237 53 21 1875
301 1238 34 19 års
351 1236 91 22 revision
461 1236 75 28 gjorda
552 1235 146 28 anmärkning,
714 1237 32 19 att
760 1235 54 21 finsk

83 1273 46 19 text
143 1271 92 21 hvarken
253 1271 41 21 fått
309 1270 74 28 inflyta
397 1271 7 21 i
419 1270 170 28 obligationerna
606 1270 40 21 och
661 1270 18 27 ej
695 1269 67 21 heller
777 1270 37 20 ku-

82 1312 121 20 pongernas
217 1304 84 22 valörer
312 1305 70 21 blifvit
395 1305 88 27 angifna
497 1306 27 26 på
538 1304 66 28 sagda
619 1304 71 26 språk,
705 1303 47 21 icke
767 1303 47 21 sak-

82 1346 28 13 na
120 1339 50 27 vigt.
200 1338 110 21 Utskottet
324 1338 49 20 ville
388 1339 83 19 derföre
482 1338 112 20 framhålla
610 1337 147 26 önskligheten
768 1336 45 20 der-

82 1372 23 21 af
118 1373 32 20 att
164 1372 105 20 förbehäll
284 1372 75 20 härom
375 1371 114 21 framdeles
502 1372 66 20 mätte
576 1372 63 26 göras
655 1370 34 20 vid
704 1369 109 27 läne-ope-

81 1406 94 22 rationer
197 1413 45 14 som
264 1406 34 21 för
321 1405 139 22 statsverkets
478 1405 90 28 räkning
589 1404 116 21 förmedlas
728 1403 24 21 af
765 1403 48 21 Fin-

81 1440 61 23 lands
157 1440 62 22 bank.

124 1516 153 19 Bankutskottets
291 1515 108 19 Berättelse.
