1048 1709
235 170 12 20 8
421 168 29 22 U.
465 168 28 22 B.
509 180 27 3 —
552 168 74 27 Prop.
642 167 45 22 N:o
702 167 36 22 45.

275 232 31 20 På
321 231 53 27 skäl,
390 238 45 14 som
451 230 109 22 Utskottet
576 230 70 22 anfört
660 230 35 21 vid
717 230 6 20 3
739 236 62 14 mom.
817 228 23 22 af
855 230 9 20 1
882 228 18 28 $,
916 228 39 21 har

208 266 109 21 Utskottet
331 268 70 19 ansett
417 266 61 21 ordet
484 265 82 27 patrull
576 266 52 20 böra
638 265 100 26 tilläggas
749 264 63 21 äfven
821 264 8 20 i
839 264 13 21 2
863 263 18 27 $,
891 263 64 21 hvars

208 300 99 26 innehåll,
324 306 46 15 som
391 302 118 19 motsvaras
525 300 23 20 af
561 299 127 27 stadgandet
702 300 7 20 i
724 298 77 27 Kongl.
819 298 86 21 Brefvet
916 297 41 21 den

209 336 26 20 21
258 334 119 22 December
396 334 61 26 1802,
475 334 78 27 jemväl
572 334 33 21 för
624 333 64 27 öfrigt
706 333 61 21 torde
786 332 53 21 böra
857 332 74 21 ställas
949 331 8 21 i

210 369 220 21 öfverensstämmelse
445 369 49 21 med
508 369 13 20 3
536 375 63 15 mom.
614 368 8 20 i
638 369 11 20 1
666 368 17 27 8.

278 403 51 21 Med
350 403 143 21 fasthållande
515 402 23 22 af
556 403 40 21 den
615 403 7 20 i
640 401 204 27 militärstrafflagen
862 400 95 21 uttalade

210 438 148 26 grundsatsen,
381 439 32 19 att
430 438 104 26 krigsrätt
552 438 38 20 har
608 438 32 20 att
658 436 62 21 döma
739 436 91 21 allenast
849 441 33 15 om
901 435 58 21 brott

210 472 24 21 af
251 472 54 26 dem,
321 478 45 15 som
381 472 53 21 höra
448 472 33 21 till
496 472 135 26 krigsstaten,
648 473 24 19 är
685 472 14 20 3
714 471 11 27 $
741 470 76 22 afsedd
832 471 31 20 att
878 470 81 21 ersätta

212 507 25 20 17
253 506 12 28 $
281 507 28 21 14
323 506 48 27 kap.
382 506 37 21 Kr.
431 506 45 22 Art.
487 508 55 19 samt
552 506 116 21 innefattar
677 505 63 22 äfven
750 505 89 27 ändring
850 504 23 22 af
881 504 77 27 Kongl.

211 541 160 26 Förordningen
386 541 41 21 den
442 541 13 21 6
469 540 59 22 Mars
544 541 62 21 1751.

279 576 33 20 De
330 576 7 20 i
355 576 14 20 4
388 575 11 27 $
420 575 125 21 omnämnda
564 575 58 21 brott
636 574 63 22 hafva
713 574 58 21 förut
785 573 94 22 straffats
893 573 68 26 enligt

212 610 12 20 8
234 610 11 26 &
254 609 11 21 6
274 609 48 27 kap.
330 610 37 20 Kr.
376 610 52 26 Art.,
437 610 87 21 hvarest
530 609 99 22 lifsstraff
634 609 55 21 varit
697 609 100 27 stadgadt
804 608 33 21 för
845 608 115 21 desamma.

280 644 11 21 I
305 645 13 19 5
333 644 11 27 &
359 644 115 26 ätergifver
484 644 68 21 första
562 644 111 26 meningen
683 643 117 21 innehållet
810 642 23 22 af
841 643 13 21 9
866 642 11 28 &
888 642 13 21 6
912 642 48 26 kap.

212 678 37 21 Kr.
272 679 53 25 Art.,
348 678 111 22 hvaremot
480 678 67 21 andra
565 678 112 26 meningen
695 680 24 18 är
737 677 76 21 afsedd
831 678 32 20 att
881 678 80 20 ersätta

212 713 77 27 Kongl.
305 713 161 27 Förordningen
481 714 20 20 d.
518 714 11 20 7
546 713 94 21 Oktober
656 712 61 26 1805,
732 712 64 21 hvars
811 711 151 27 tillämplighet

213 747 34 21 väl
265 747 70 21 blifvit
350 748 7 20 i
372 747 61 27 fråga
447 749 43 19 satt
503 748 8 20 i
526 747 114 26 anledning
655 747 23 21 af
691 746 146 27 stadgandet
828 741 13 37 i
853 746 26 22 15
894 745 67 27 punk-

213 783 36 19 ten
267 781 24 22 af
307 782 77 26 Kongl.
399 782 154 26 Förklaringen
569 782 40 21 den
624 782 28 20 23
666 782 58 21 Mars
740 781 61 26 1807,
816 782 52 20 utan
883 782 32 20 att
929 780 33 21 sä-

214 816 51 22 dant
279 816 65 22 likväl
359 816 86 22 hindrat
460 817 143 21 domstolarne
618 818 32 20 att
663 816 97 27 tillämpa
775 816 129 21 densamma.
929 814 34 22 Dä

214 851 127 27 stadgandet
359 851 8 21 i
385 851 13 21 2
417 851 112 27 meningen
547 851 23 21 af
586 851 114 26 förslagets
719 850 14 22 5
749 850 11 28 $
775 851 7 20 i
798 849 76 28 sjelfva
888 849 75 21 verket

214 886 88 20 innebär
317 886 91 21 allenast
423 888 30 18 ett
468 886 75 26 tillägg
559 886 45 21 dels
620 886 33 20 till
670 886 25 20 16
711 885 11 27 8
737 885 8 21 i
759 884 59 27 Kejs.
834 884 128 21 Förordnin-

215 926 40 20 gen
273 926 34 15 om
326 920 129 21 misshandel
475 920 23 21 af
511 920 41 20 den
567 920 27 21 26
609 920 120 20 November
745 919 54 21 1866
814 918 40 22 och
869 918 46 20 dels
929 918 34 20 till

215 954 13 20 9
247 954 11 27 8
277 954 7 20 i
302 954 59 26 Kejs.
381 954 160 26 Förordningen
559 960 33 15 om
612 954 156 25 ärekränkning
778 952 28 22 af
819 958 81 15 samma
915 952 47 26 dag,

215 994 63 15 anser
292 988 110 21 Utskottet
416 988 92 21 berörda
523 988 117 27 stadgande
655 988 70 20 kunna
740 986 125 28 tillstyrkas.

283 1022 99 21 Likasom
397 1022 8 21 i
420 1022 13 20 3
448 1028 62 15 mom.
526 1022 23 21 af
564 1024 10 19 1
592 1022 11 27 &
619 1022 39 21 och
672 1022 7 20 i
694 1022 13 21 2
723 1022 12 27 &
750 1022 39 20 har
803 1021 111 21 Utskottet
927 1026 36 16 an-

216 1058 41 19 sett
276 1056 61 21 ordet
352 1056 81 27 patrull
448 1056 52 21 böra
515 1056 100 27 tilläggas
630 1056 62 21 äfven
706 1056 8 21 i
729 1056 13 21 6
758 1056 18 27 &,
791 1056 64 20 hvars
869 1054 94 22 innehåll

216 1091 95 21 ansluter
333 1091 32 26 sig
387 1091 46 21 dels
455 1091 33 21 till
510 1092 25 20 12
554 1091 12 27 &
582 1091 39 21 och
636 1091 45 21 dels
700 1091 25 20 14
740 1090 11 28 $
767 1090 7 21 i
789 1090 13 20 6
817 1090 48 26 kap.
889 1089 23 21 af
925 1089 37 21 Kr.

216 1125 45 21 Art.
277 1126 55 20 samt
347 1127 38 24 gör
400 1125 90 27 ändring
504 1125 8 21 i
526 1125 139 22 förenämnda
679 1124 118 27 stadgande
811 1124 32 21 uti
857 1124 26 21 15
897 1124 66 26 punk-

215 1160 36 20 ten
267 1158 23 22 af
303 1159 77 27 Kongl.
395 1160 154 26 Förklaringen
566 1160 40 21 den
621 1160 27 20 23
663 1159 58 21 Mars
737 1158 61 22 1807.

285 1193 86 21 Straffet
389 1194 34 20 för
441 1194 47 26 den,
507 1200 45 15 som
572 1194 116 21 öfverfallit
705 1195 54 25 post,
779 1193 51 21 vakt
853 1193 52 21 eller
927 1199 37 21 pa-

216 1228 104 26 trull,har
335 1228 66 26 enligt
416 1228 27 21 12
459 1228 11 27 &
486 1228 13 21 6
513 1228 49 27 kap.
577 1228 37 21 Kr.
623 1228 45 21 Art.
679 1228 56 21 varit
744 1228 77 26 högsta
831 1227 134 27 kroppsplikt

216 1262 46 25 och,
278 1268 34 14 om
327 1262 80 20 brottet
417 1262 102 20 föröfvats
531 1262 17 20 "i
558 1262 57 25 fält",
634 1261 119 21 dödsstraff.
779 1262 33 20 Då
830 1261 84 21 orden
903 1256 12 35 i
923 1260 42 26 fält

216 1295 71 21 blifvit
304 1296 4 19 i
329 1296 4 20 I
351 1301 62 15 mom.
429 1295 23 21 af
460 1295 114 26 förslagets
584 1296 13 20 6
608 1295 12 27 &
630 1295 105 26 ätergifna
745 1296 49 20 med
805 1295 65 21 orden
879 1294 10 20 4
898 1294 67 27 krigs-

217 1329 31 21 tid
262 1330 39 20 och
316 1330 69 21 denna
399 1329 124 27 förändring
533 1329 69 22 skulle
613 1330 48 21 leda
670 1330 34 20 till
715 1331 30 20 ett
755 1329 73 22 alltför
838 1329 58 21 svårt
906 1328 61 22 straff

217 1365 7 21 i
243 1364 80 22 sådana
341 1364 44 27 fall,
405 1364 26 21 då
449 1364 81 22 brottet
548 1365 7 21 i
573 1364 91 27 krigstid
682 1364 65 28 begås
763 1364 138 22 annorstädes
916 1365 49 21 än
953 1360 16 36 i

217 1400 45 27 fält,
278 1400 39 21 har
331 1399 111 22 Utskottet
456 1401 52 19 trott
523 1400 33 26 sig
571 1400 52 21 böra
638 1399 111 22 återställa
759 1399 65 22 orden
834 1399 9 21 i
851 1398 48 28 fält,
911 1401 54 20 samt

218 1435 7 21 i
244 1435 113 27 anledning
377 1434 61 22 deraf
455 1435 86 26 vidtaga
559 1434 62 22 äfven
636 1435 66 21 andra
723 1434 64 22 häraf
806 1434 106 22 beroende
929 1436 36 20 än-

218 1470 87 26 dringar
319 1469 24 21 af
356 1470 13 20 6
384 1470 17 26 &.

285 1510 123 21 Lagutskottets
420 1510 103 17 betänkande
536 1510 36 16 N:a
584 1510 27 16 18.
