1045 1709
246 157 92 35 wo
439 171 28 18 U.
479 171 34 17 B.
525 181 23 3 —
561 171 77 22 Prop.
651 172 43 18 N:o
708 172 42 18 46.

214 240 107 21 intressen
332 240 61 21 deraf
407 240 47 21 icke
470 241 134 21 omedelbart
619 240 95 22 beröras.
745 240 43 22 Det
806 241 61 21 torde
883 240 85 22 derföre

214 274 34 22 för
259 275 118 21 reformens
389 275 94 26 lyckliga
494 276 39 21 och
545 281 63 16 snara
619 276 167 26 genomförande
796 282 52 15 vara
859 276 36 21 det
905 276 63 21 önsk-

213 309 78 27 ligaste
306 311 33 19 att
349 309 123 21 densamma
487 310 23 21 af
520 310 115 21 ständerna
648 310 69 21 blefve
732 312 92 25 antagen
834 312 53 19 utan
897 311 71 26 nägon

214 344 91 26 ändring
320 344 23 20 af
357 344 26 20 de
398 344 167 27 bestämningar,
582 351 45 14 som
644 345 23 20 af
676 345 60 20 Hans
747 345 103 26 Majestät
861 345 105 26 Kejsaren

215 378 39 21 och
270 378 134 21 Storfursten
426 385 25 14 ur
474 379 25 20 de
520 378 57 21 olika
593 379 133 27 synpunkter
741 379 75 26 frägan
831 379 34 21 för
881 379 35 21 det
932 385 35 21 ge-

214 418 131 15 mensamma
361 413 221 21 statsöfverhufvudet
597 413 42 20 kan
654 415 46 24 äga,
717 413 71 21 blifvit
803 413 119 27 godkända.

286 447 34 20 Dä
339 453 29 14 nu
387 447 113 26 reformen,
524 447 61 21 äfven
602 453 33 15 om
651 448 49 21 dess
716 449 108 20 närmaste
838 448 130 27 verkningar

215 481 85 21 komma
315 483 32 19 att
362 481 7 21 i
384 481 71 26 nägon
477 481 49 22 män
550 482 65 27 ojemt
633 482 78 21 beröra
726 488 26 15 en
768 482 34 21 del
817 482 149 27 privatintres-

215 522 38 15 sen
276 517 55 19 samt
349 517 53 24 göra
418 515 145 27 borgenärens
579 516 102 27 ställning
697 516 168 27 fördelaktigare
881 519 25 18 än
922 517 46 26 gäl-

215 551 111 24 denärens,
345 550 67 21 likväl
431 556 75 20 genom
523 551 40 20 den
579 551 76 26 stadga
665 551 7 20 i
682 551 170 27 myntväsendet,
864 557 45 15 som
920 551 48 22 der-

215 585 84 26 igenom
322 591 88 19 vunnes,
434 585 159 26 otvifvelaktigt
616 585 69 21 skulle
700 585 107 21 förbättra
821 586 97 21 vilkoren
934 585 33 22 för

216 619 53 21 allas
292 619 121 26 förkofran;
438 619 32 26 dä,
486 619 49 21 med
551 619 99 21 afscende
666 620 13 20 &
694 620 26 21 de
736 619 154 27 förhällanden,
906 620 62 21 hvar-

215 653 68 21 under
298 653 107 20 reformen
420 653 105 26 vidtages,
540 653 47 21 icke
598 654 70 26 nägon
678 654 217 27 konverteringskurs
906 655 62 20 torde

215 687 73 21 kunna
302 687 128 27 uppställas,
451 693 45 15 som
517 687 33 22 för
565 688 80 21 enhvar
660 688 50 21 fullt
726 688 69 21 skulle
810 688 159 21 tillfredsställa

215 722 117 21 rättvisans
347 721 131 27 fordringar;
495 722 27 21 dä
538 722 37 21 det
589 722 106 21 mähända
710 723 19 26 ej
746 723 69 20 skulle
832 723 65 20 blifva
915 723 53 27 möj-

214 757 40 26 ligt
270 758 31 19 att
316 756 34 21 för
365 756 71 27 någon
451 763 69 14 annan
536 757 233 26 konverteringsgrund
783 759 27 19 än
821 757 41 21 den
873 764 28 14 nu
911 757 57 22 före-

216 791 76 27 slagna
313 791 64 21 vinna
400 793 69 18 större
492 791 136 26 enhällighet,
646 791 23 21 sä
684 791 64 21 hafva
763 791 23 21 af
801 792 62 21 dessa
879 792 88 21 orsaker

215 826 63 21 äfven
293 826 26 21 de
334 826 138 21 medlemmar
488 826 23 21 af
524 826 113 26 utskottet,
648 825 73 22 hvilka
736 827 7 20 i
759 827 82 26 princip
857 827 47 21 icke
914 827 53 21 kun-

215 863 38 19 nat
268 861 114 27 godkänna
398 861 40 20 den
453 861 78 27 nädiga
546 861 174 27 propositionens
735 861 161 27 bestämningar
906 862 7 21 i
924 868 46 15 om-

214 896 106 21 förmälda
339 895 38 28 del!
392 895 50 21 lätit
457 896 46 21 sina
518 895 172 27 betänkligheter
704 896 92 21 förfalla.
827 896 45 21 Och
888 897 81 21 allden-

216 931 65 20 stund
302 930 109 21 utskottet
433 930 18 26 ej
475 931 67 20 heller
564 930 46 21 haft
625 931 66 26 något
706 932 32 19 att
753 931 101 26 påminna
869 933 57 19 emot
941 931 26 21 de

215 965 108 20 särskilda
338 965 147 26 stadgandena
500 965 7 20 i
518 965 158 26 förordningen,
688 965 84 20 hvilkas
783 965 66 21 motiv
859 965 8 21 i
877 965 91 21 hufvud-

216 999 38 21 sak
277 998 115 21 återfinnas
416 999 7 20 i
448 999 167 26 myntkomiténs
637 999 142 26 betänkande,
803 999 32 21 får
860 999 109 22 utskottet

215 1033 111 21 vördsamt
334 1033 86 26 föreslå,

420 1103 32 18 att
467 1101 118 20 ständerna
602 1101 47 20 ville
660 1101 106 27 förklara
777 1101 34 20 det
821 1101 26 21 de
857 1104 53 18 utån
928 1104 42 19 än-

352 1136 65 27 dring
436 1136 86 27 antagit
544 1135 71 21 andra
637 1139 110 17 momentet
770 1136 30 26 af
821 1136 41 21 den
887 1137 81 27 nådiga

348 1170 169 27 propositionen,
525 1169 152 28 innefattande
682 1170 91 27 förslag
784 1171 35 20 till
825 1170 144 29 ,förordning

351 1204 94 21 rörande
467 1204 118 28 öfvergång
608 1205 35 20 till
663 1204 149 27 guldmyntfot
834 1205 9 20 i
866 1205 104 27 Storfur-

351 1239 115 20 stendömet
481 1238 114 21 Finland”.

286 1376 11 21 I
319 1375 62 27 fråga
404 1381 34 15 om
460 1375 41 20 den
521 1374 82 27 åtgärd,
620 1381 45 14 som
680 1375 115 26 rätteligen
810 1375 67 22 borde
892 1376 28 27 på
935 1378 33 19 ut-

217 1411 82 22 skottet
314 1410 114 22 ankomma
442 1409 49 22 med
507 1409 114 28 anledning
636 1409 24 22 af
673 1409 246 29 författningsförslaget
933 1417 34 15 n:o

218 1448 19 26 3,
260 1446 92 22 rörande
375 1445 108 21 särskilda
505 1445 115 27 ändringar
638 1445 8 21 i
661 1445 140 27 reglementet
816 1445 34 22 för
864 1446 104 22 Finlands

215 1481 57 21 bank
288 1480 23 21 af
324 1480 40 22 den
380 1481 27 20 26
423 1480 45 20 Juli
485 1480 60 25 1875,
569 1479 27 21 ha
614 1480 58 20 inom
687 1480 108 21 utskottet
810 1480 57 21 olika
886 1481 81 21 menin-

282 1520 143 22 Myntutskottets
438 1519 105 17 betänkande
555 1524 28 12 n:o
596 1520 14 16 1.
