1045 1711
365 145 24 18 U.
401 145 29 17 B.
442 146 65 17 XIX.
752 144 25 19 15

81 205 131 22 filialkontor
233 206 66 21 vållat
316 206 76 22 hinder
412 207 35 22 för
461 206 148 28 emottagande
624 206 24 21 af
664 205 142 28 insättningar

80 239 32 20 till
131 240 65 27 högre
217 240 85 27 belopp,
321 241 67 20 ehuru
402 241 77 21 sådant
493 241 7 20 i
514 240 113 27 anledning
641 240 24 21 af
677 239 127 28 stadgandet

83 273 7 20 i
105 274 26 19 36
147 274 10 27 &
172 274 24 20 af
208 273 197 28 bankreglementet
419 275 61 21 torde
496 275 53 20 höra
563 275 33 20 till
609 273 96 21 bankens
719 273 85 27 uppgif-

81 308 38 19 ter.
148 307 31 21 Då
188 307 178 28 insättningarna
379 307 9 21 i
402 307 26 22 de
442 308 61 21 flesta
517 307 38 21 fall
567 308 36 20 ske
618 307 31 21 uti
661 307 94 21 bankens
770 314 35 20 eg-

80 348 29 13 na
123 341 77 26 sedlar,
215 341 89 22 innebär
319 342 62 20 äfven
398 342 138 21 förvarandet
549 342 24 21 af
586 341 108 21 desamma
706 341 35 21 för
754 340 53 22 ban-

80 375 40 21 ken
137 382 25 14 en
176 375 84 21 mindre
273 376 45 21 risk
334 377 28 19 än
376 376 34 21 för
426 376 40 21 den
481 376 96 21 enskilda
591 375 169 22 innehafvaren.-

138 410 11 21 I
164 410 114 28 anledning
307 410 24 21 af
342 410 56 21 hvad
413 411 11 27 &
440 411 24 20 31
490 410 25 21 af
526 410 152 27 Fullmäktiges
693 409 115 22 berättelse

79 444 124 26 innehåller,
217 444 40 22 har
272 444 110 22 Utskottet
395 444 55 28 tagit
465 444 119 22 kännedom
600 452 35 13 om
650 444 25 21 de
691 444 24 21 af
727 444 79 21 reviso-

83 485 63 15 rerna
159 478 126 22 framstälda
300 478 165 28 anmärkningar
479 478 108 22 äfvensom
601 478 207 21 Bankdirektionens

83 511 144 29 förklaringar
256 513 58 21 öfver
332 513 62 21 dessa
414 515 55 19 samt
486 512 152 28 Fullmäktiges
657 512 8 21 i
679 512 54 28 följd
746 512 65 21 häraf

81 546 101 28 vidtagna
199 547 106 27 åtgärder,
323 548 52 20 utan
404 549 32 19 att
450 547 111 21 Utskottet
576 546 71 21 funnit
662 546 47 21 skäl
723 546 34 21 till
771 547 37 20 nå-

83 587 41 20 gon
143 581 85 21 erinran
246 581 73 21 dervid
336 580 138 22 förekomma.
518 581 33 20 Då
567 579 117 22 emellertid
699 579 112 22 Bankfull-

81 615 93 27 mäktige
189 614 66 29 enligt
268 615 34 21 för
316 615 59 21 tiden
386 615 98 28 gällande
496 614 132 28 stadganden
642 614 47 21 icke
704 614 56 21 varit
776 614 36 21 be-

81 649 106 27 rättigade
215 651 33 19 att
275 649 79 28 bevilja
374 649 196 21 Bankdirektionen
588 648 103 28 decharge
709 648 35 21 för
758 649 51 20 åren

84 684 60 24 1872,
161 683 53 21 1873
230 683 40 22 och
288 683 53 21 1874
357 685 56 19 samt
427 683 139 22 Direktionen
581 682 82 21 således
686 683 57 20 ännu
765 681 47 22 icke

84 717 112 27 formligen
219 717 115 22 förklarats
355 717 26 21 fri
397 717 46 21 från
459 718 72 21 vidare
547 717 135 28 ansvarighet
696 717 34 20 för
745 716 66 28 sagda

83 752 30 25 år,
142 751 33 21 får
198 751 110 22 Utskottet
335 751 129 22 härmedelst
489 751 108 22 vördsamt
624 750 120 27 hemställa,
774 751 38 20 hu-

83 785 76 22 ruvida
187 786 47 21 icke
262 785 143 28 Fullmäktige
420 786 71 21 kunde
519 785 81 22 erhålla
618 786 7 20 i
640 785 98 28 uppdrag
752 787 32 19 att
799 786 13 20 å

83 819 130 22 Ständernas
227 821 81 26 vägnar
322 821 23 20 åt
374 820 140 21 Direktionen
541 820 34 21 för
590 820 78 21 dennes
681 819 132 26 förvaltning

83 854 24 20 af
119 854 100 21 Finlands
234 854 57 21 bank
306 854 68 21 under
387 855 51 20 åren
455 855 60 25 1872,
533 855 53 20 1873
601 854 40 21 och
658 854 52 20 1874
726 853 84 21 medde-

85 888 22 21 la
121 888 40 20 den
177 888 159 26 ansvarsfrihet,
350 888 86 21 hvartill
451 888 139 21 Direktionen
605 889 24 19 är
643 887 130 28 berättigad.

143 1031 135 22 Beträffande
289 1032 58 21 såväl
358 1032 26 21 de
398 1033 24 21 af
435 1032 141 28 Fullmäktige
591 1031 122 28 föreslagna
727 1031 86 21 ändrin-

87 1074 38 20 gar
139 1066 7 21 i
160 1066 78 27 nådiga
252 1066 139 28 reglementet
405 1067 34 22 för
453 1067 102 22 Finlands
571 1066 56 22 bank
643 1066 23 21 af
679 1066 40 22 den
735 1067 25 20 26
769 1066 45 21 Juli

89 1101 53 22 1875
157 1108 46 14 som
218 1100 40 21 ock
273 1101 26 20 de
316 1101 59 21 inom
394 1102 106 21 utskottet
528 1101 75 29 gjorda
631 1101 111 21 enahanda
769 1101 44 21 för-

89 1135 46 27 slag
149 1135 96 21 kommer
259 1135 111 21 Utskottet
391 1138 33 19 att
437 1137 34 20 till
485 1136 119 21 Ständerna
619 1135 79 27 afgifva
713 1135 102 21 särskildt

88 1169 140 22 betänkande.

144 1203 33 20 Då
190 1202 168 22 Bankutskottet
375 1203 66 21 redan
469 1203 59 21 förut
546 1203 46 21 haft
605 1202 86 22 tillfälle
720 1202 97 22 meddela

89 1236 119 21 Ständerna
221 1236 145 22 resultaterna
380 1237 24 21 af
416 1236 95 22 bankens
525 1236 134 22 verksamhet
671 1236 39 22 och
725 1236 40 21 den
780 1236 36 22 be-

89 1270 81 28 tydliga
185 1270 116 27 förkofran,
331 1278 46 14 som
391 1270 85 22 banken
490 1270 68 22 under
573 1270 243 28 granskningsperioden

89 1305 82 25 vunnit,
186 1304 34 22 får
233 1305 111 21 Utskottet
358 1305 76 22 endast
461 1306 109 20 vördsamt
586 1305 85 21 anmäla
701 1307 32 19 att
746 1304 71 22 Bank-

90 1338 134 27 fullmäktige
237 1338 67 27 enligt
318 1338 121 21 Utskottets
453 1338 54 20 fulla
515 1339 140 27 öfvertygelse
669 1338 48 20 med
732 1345 85 19 omsorg

91 1372 40 20 och
145 1371 33 21 nit
206 1371 84 21 utöfvat
305 1371 61 21 deras
395 1371 80 27 vigtiga
493 1372 40 20 och
556 1370 142 22 ansvarsfulla
711 1371 105 27 uppdrag,

88 1406 67 27 jemte
169 1404 36 22 det
220 1405 25 21 de
264 1404 93 29 lyckliga
374 1404 144 23 resultaterna
532 1405 25 21 af
568 1405 96 21 bankens
678 1404 82 22 rörelse
774 1404 44 22 för-

91 1439 77 22 anleda
195 1439 111 22 Utskottet
333 1441 33 20 att
393 1439 49 22 med
463 1439 134 22 erkännande
611 1438 114 23 framhålla
753 1439 63 21 äfven

92 1473 207 22 Bankdirektionens
313 1474 76 22 härom
402 1473 87 29 inlagda
502 1473 129 28 förtjenster.

137 1513 153 19 Bankutskottets
302 1513 107 19 Berättelse.
