1048 1711
462 163 29 24 U.
502 163 28 23 B.
828 161 13 22 9

120 227 147 27 reglementet,
288 234 45 15 som
348 228 68 21 måste
432 233 62 16 anses
509 227 34 21 för
557 233 27 14 en
599 226 24 21 af
637 226 27 21 de
679 225 115 27 vigtigaste
808 225 62 21 hörn-

120 264 73 19 stenar
208 262 120 21 Ständerna
342 262 58 21 velat
414 262 64 26 lägga
492 261 35 22 för
542 261 41 21 den
597 260 63 27 bank,
673 260 22 21 åt
704 259 86 22 hvilken
804 265 67 21 ,uwpp-

119 295 151 21 rätthållandet
295 296 26 26 af
343 296 74 27 stadga
439 295 37 21 och
497 294 96 23 säkerhet
611 294 10 22 i
635 294 81 22 landets
726 293 143 28 penningevä-

119 330 63 22 sende
197 331 26 20 är
238 330 144 26 anförtrodd.*

187 364 43 22 Det
247 366 25 20 är
291 365 34 21 för
340 365 43 27 mig
400 364 161 27 otvifvelaktigt
575 366 32 20 att
625 364 63 22 dessa
703 364 52 26 högt
768 362 104 23 betrodde

119 400 49 20 män
183 399 78 26 kunna,
277 400 24 21 sä
315 400 63 26 länge
389 400 12 27 $
413 400 13 21 6
441 400 7 20 i
460 399 97 22 bankens
568 399 131 26 reglemente
710 398 97 27 gvarstär
817 397 56 22 oför-

118 434 89 27 ändrad,
223 434 24 21 af
261 434 209 27 omständigheterna
485 434 101 21 försättas
601 434 8 21 i
623 434 32 21 ett
666 433 93 28 pinsamt
769 433 102 21 samvets-

118 467 65 28 tväng
201 468 37 22 vid
253 469 58 21 valet
326 469 92 21 emellan
433 469 32 21 att
479 469 68 21 under
562 469 31 21 ett
607 467 67 28 gifvet
688 468 137 21 tidsmoment
835 473 36 15 an-

118 502 74 27 tingen
210 503 47 22 icke
275 503 78 27 kunna,
371 504 28 27 pä
418 504 43 21 sätt
480 503 27 22 de
527 503 100 26 önskade,
646 502 115 28 tillgodose
775 501 96 22 bankens

118 537 87 27 angifna,
226 538 84 27 uppgift
328 539 32 20 att
381 555 8 9 ,
393 538 100 27 befordra
511 537 36 22 och
561 537 121 22 underlätta
692 537 179 27 peningeomsäti-

117 572 79 27 ningen
214 572 9 20 i
237 572 81 22 landet"
336 572 53 22 eller
404 572 80 28 nödgas
495 572 96 28 tillgripa
601 572 41 21 den
653 572 47 22 dem
710 571 161 22 tillkommande

118 608 45 20 rätt
177 608 32 20 att
222 607 4 21 i
237 607 130 22 Ständernas
378 614 64 14 namn
456 607 40 21 hos
506 607 60 21 Hans
576 606 122 28 Kejserliga
708 606 102 28 Majestät
819 607 53 26 göra

117 642 100 21 anmälan
236 648 34 15 om
288 642 101 22 behofvet
408 642 24 21 af
448 642 89 26 ändring
556 642 8 22 i
583 641 95 22 bankens
697 641 24 21 af
734 641 84 27 Regent
832 641 39 22 och

118 675 93 23 Ständer
225 676 123 22 fastställda
363 676 137 27 reglemente.

185 710 76 22 Denna
283 712 43 20 rätt
348 710 40 22 och
407 710 148 28 skyldigheten
574 710 34 22 för
629 710 195 27 Bankfullmäktige
840 712 32 20 att

118 744 35 22 vid
169 744 66 22 behof
249 747 50 25 taga
314 744 50 22 dess
379 744 115 22 utöfvande
509 745 28 27 på
552 745 38 21 sitt
605 751 83 21 ansvar,
704 744 62 22 äfven
781 746 39 20 när
835 745 37 21 det

116 779 70 27 gäller
196 779 236 27 fundamentallagarne
442 780 34 21 för
485 780 96 21 bankens
591 779 97 27 bestånd,
700 780 68 21 måste
778 780 92 26 qvarstå,

117 814 40 22 och
176 814 87 27 gvarstä
280 815 52 21 utan
350 816 72 25 gräns,
441 816 22 26 ty
482 814 149 22 förhållanden
645 814 73 22 kunna
733 814 85 22 inträffa
833 814 39 22 der

116 855 27 15 en
158 848 83 27 verklig
257 848 108 22 calamitet
379 849 105 26 inträdde,
501 856 34 14 om
551 850 68 20 denna
634 850 44 19 rätt
691 855 51 15 vore
752 848 118 26 inskränkt,

116 889 49 16 men
185 883 120 21 Ständerna
327 883 52 22 böra
398 883 58 28 sörja
474 883 34 22 för
527 885 32 20 att
576 883 186 28 nödvändigheten
780 883 24 22 af
821 884 49 21 dess

118 917 139 28 tillgripande
272 917 66 22 måtte
353 918 8 21 i
376 918 121 27 möjligaste
512 925 49 14 mon
577 917 117 28 aflägsnas,
706 919 122 26 derigenom
840 919 32 20 att

116 952 121 22 Ständerna
255 952 69 27 alltid,
351 952 85 21 såsnart
457 953 65 21 behof
540 952 62 22 deraf
618 953 43 21 kan
678 953 100 26 förutses,
794 953 76 27 sjelfva

117 986 74 22 skrida
208 987 34 20 till
261 986 80 27 nödiga
361 987 101 26 åtgärder
479 987 34 22 för
532 987 153 27 reglementets
699 987 115 28 tidsenliga
828 987 43 22 för-

117 1021 188 26 fullständigande.

185 1055 30 22 Af
228 1055 137 22 förestående
380 1056 48 21 skäl
444 1056 39 21 och
497 1057 50 21 med
561 1056 131 23 hänvisande
706 1057 34 21 till
754 1057 41 22 den
809 1063 62 21 argu-

118 1090 125 27 mentering,
270 1096 46 16 som
335 1090 8 21 i
365 1090 146 28 fullmägtiges
533 1091 114 22 skrifvelse
668 1091 148 28 förekommer,
838 1091 34 22 får

117 1125 39 27 jag
171 1125 64 21 alltså
249 1125 110 21 vördsamt
373 1125 89 21 föreslå:

324 1160 31 20 att
370 1158 80 22 landets
464 1159 113 28 höglofliga
596 1159 92 23 Ständer
702 1159 108 28 behagade,
826 1161 47 21 med

288 1193 137 27 förkastande
444 1194 25 26 af
486 1194 34 22 det
537 1194 90 26 formela
644 1195 9 21 i
669 1194 117 22 uttskottets
800 1195 72 22 betän-

290 1228 73 28 kande,
382 1228 36 27 för
440 1228 34 23 sin
489 1228 32 22 del
536 1228 78 22 besluta
629 1228 32 23 till
675 1230 69 21 sädan
758 1230 93 28 ändring
865 1230 9 21 i

288 1262 133 28 reglementet
435 1262 37 27 för
488 1263 105 22 Finlands
607 1263 54 23 bank
676 1266 30 19 att
719 1264 33 22 till
762 1265 16 28 $
790 1266 14 20 6
812 1264 60 28 foga-

290 1297 36 22 des
341 1299 27 19 ett
382 1298 26 20 sä
425 1297 88 27 lydande
527 1298 65 27 tredje
606 1300 100 20 moment:

327 1333 10 10 «
342 1332 155 25 Ofvanstäende
509 1332 73 27 belopp
594 1332 25 26 af
625 1332 59 28 tjugu
694 1333 104 21 millioner
804 1334 67 26 mark,

289 1365 100 21 hvarmed
404 1365 92 22 bankens
509 1366 123 27 utelöpande
641 1366 70 22 sedlar
720 1366 26 26 få
761 1367 111 27 öfverstiga

289 1400 47 21 dess
355 1398 116 24 metalliska
488 1400 76 27 valuta,
583 1401 37 21 mä
640 1401 36 27 för
690 1408 26 14 en
736 1401 136 28 öfvergäende

290 1435 37 26 tid,
351 1434 68 22 derest
441 1434 197 29 Bankfullmäktige
660 1436 59 27 finna
733 1436 72 28 nödigt
826 1437 48 22 med

294 1469 159 29 framställning
471 1470 75 22 härom
564 1470 31 22 till
612 1470 62 24 Hans
689 1471 119 30 Kejserliga
822 1471 51 23 Ma-

194 1511 137 19 Bankutskottets
343 1511 103 18 betänkande
457 1511 34 18 N:o
506 1511 14 20 7,
