1045 1709
234 162 26 20 12
418 161 28 22 U.
462 162 27 22 B.
505 174 27 3 —
547 162 73 28 Prop.
636 162 45 21 N:o
696 162 36 22 45.

204 224 39 21 har
258 224 120 21 Utskottets
393 224 110 26 pluralitet
518 226 69 20 ansett
602 225 35 20 det
652 224 108 27 tvetydiga
775 224 61 21 ordet
853 225 37 20 må
900 225 52 21 böra

205 260 90 20 ersättas
311 264 76 21 genom
402 259 61 21 ordet
477 258 58 22 skall.

272 316 38 21 Ett
327 316 57 20 inom
402 315 110 22 Utskottet
529 315 122 23 framstäldt
668 316 101 26 yrkande,
787 317 32 19 att
833 316 34 21 till
883 309 68 28 denna
972 309 4 2 -

205 351 10 27 8
231 350 66 22 borde
312 350 60 27 fogas
388 351 30 21 ett
433 351 75 26 tillägg
523 357 33 15 om
572 350 120 28 skyldighet
707 350 33 21 för
757 350 152 27 krigsdomstol
920 352 32 20 att

203 386 33 21 till
251 386 79 21 allmän
346 386 90 21 domstol
452 385 130 22 öfverlemna
596 385 126 27 afgörandet
736 385 23 21 af
775 384 79 23 sådana
863 384 37 22 vid
910 385 40 21 den

203 420 58 21 förra
279 420 119 21 domstolen
408 420 120 26 anhängiga
538 420 48 26 mål,
597 426 46 15 som
653 420 67 26 enligt
737 419 152 27 författningen
898 419 54 21 böra

203 455 95 21 afdömas
317 454 23 21 af
357 454 78 22 allmän
454 454 98 26 domstol,
571 454 39 22 har
628 454 120 22 Utskottets
766 454 111 26 pluralitet
891 454 59 20 dere-

203 491 44 20 mot
262 489 74 27 afböjt,
352 489 27 21 då
394 491 30 19 ett
439 489 76 21 sådant
529 488 75 27 tillägg
620 495 61 21 synes
699 494 51 16 vara
761 488 122 27 obehöfligt,
900 490 52 20 enär

203 524 28 22 20
250 525 11 27 8
280 524 84 21 "komme
379 526 31 19 att
425 524 23 20 af
468 524 134 27 Regeringen
625 523 183 27 förfullständigas
823 529 77 21 genom
915 522 36 22 be-

203 559 105 26 stämning
327 564 33 15 om
378 558 65 26 tiden,
463 558 27 20 dä
509 559 40 21 den
567 564 40 21 nya
626 557 153 27 författningen
797 558 56 20 skall
867 557 62 22 träda
944 558 7 20 i

203 594 99 26 gällande
322 593 62 26 kraft,
401 595 55 19 samt
472 593 10 21 1
500 593 11 27 &
526 592 124 27 innehäller,
667 594 31 20 att
713 592 72 27 dylika
800 592 42 22 mäl
858 592 93 22 derefter

203 629 61 21 skola
279 628 96 21 afdömas
391 628 22 21 af
428 628 77 21 allmän
522 628 96 21 domstol.

270 686 32 21 Ur
319 686 119 22 motiverna
457 686 34 20 till
507 685 183 27 komitförslaget
704 685 61 21 torde
783 686 52 20 böra
850 685 102 22 särskildt

203 721 130 27 framhällas,
353 722 31 20 att
402 721 37 20 det
457 720 3 20 i
476 720 12 21 8
505 720 11 27 $
532 721 12 20 5
560 720 47 26 kap.
623 720 24 21 af
659 720 38 21 Kr.
713 720 46 21 Art.
774 720 105 26 ingäende
893 720 58 21 stad-

203 756 80 27 gandet
298 761 34 15 om
347 754 66 26 straff,
428 754 66 22 bland
508 756 70 24 annat,
595 754 32 21 för
642 754 42 22 lots
700 754 53 22 eller
767 754 122 28 fyrbetjent,
905 760 46 16 som

203 790 69 27 gifver
290 789 83 21 fienden
392 789 112 27 anvisning
523 789 52 21 att
565 784 14 37 i
592 789 102 26 skärgärd
713 789 98 27 intränga
830 788 39 21 och
884 789 68 21 skada

203 827 58 25 göra,
278 824 18 26 ej
312 823 119 27 ätergifvits
446 829 78 21 genom
539 823 69 26 nägon
623 822 110 22 föreskrift
747 824 6 20 i
770 823 180 27 författningsför-

203 861 75 25 slaget,
298 859 22 21 af
338 859 46 21 skäl
402 859 33 20 att
450 865 25 15 en
491 858 65 21 sädan
572 857 101 27 handling
687 858 90 21 innebär
791 858 105 21 förräderi
911 858 40 21 och

202 894 112 22 hemfaller
332 894 68 20 under
415 892 107 22 allmänna
537 892 73 27 lagens
625 893 160 27 bestämningar
800 893 81 25 derom;
897 892 53 21 hvil-

201 929 38 21 ket
257 928 48 22 med
324 928 85 26 hänsigt
428 928 32 20 till
481 928 10 20 1
508 927 12 27 $
536 927 14 21 4
570 927 48 27 kap.
634 926 232 28 Missgerningsbalken
888 927 62 21 torde

200 964 53 20 böra
268 962 129 27 godkännas.

270 1020 81 22 Genom
366 1020 110 26 ingressen
491 1020 32 20 till
540 1018 127 28 Strafflagen
681 1019 35 21 för
730 1019 69 21 finska
812 1020 106 21 militären
929 1019 23 21 af

204 1056 40 21 den
259 1055 13 21 9
288 1054 60 27 April
364 1053 54 21 1877
436 1056 36 18 äro
484 1053 54 21 1798
550 1054 34 20 ärs
594 1054 155 26 Krigsartiklar
759 1054 66 20 redan
835 1054 115 26 upphäfda,

201 1090 40 21 och
259 1090 73 20 derom
350 1088 62 26 ingär
430 1094 25 15 en
471 1088 83 26 uppgift
571 1088 7 21 i
595 1088 110 26 ingressen
720 1088 33 21 till
768 1094 29 14 nu
815 1088 8 21 i
841 1088 61 27 fräga
914 1094 35 15 va-

202 1124 65 21 rande
283 1122 223 27 författningsförslag.
536 1122 51 22 Men
602 1122 27 21 dä
643 1122 116 22 innehållet
769 1122 24 21 af
801 1122 77 27 Kongl.
889 1122 60 22 Bref-

202 1160 35 19 vet
253 1158 40 21 den
308 1158 25 20 21
349 1157 119 21 December
484 1156 54 22 1802
549 1156 108 27 angäende
668 1156 170 28 underställning
849 1157 23 21 af
881 1157 68 27 krigs-

201 1194 55 20 rätts
274 1192 70 26 utslag
363 1192 66 20 redan
448 1190 71 22 blifvit
534 1192 66 20 ersatt
615 1197 75 20 genom
706 1192 32 20 ett
752 1191 117 27 stadgande
885 1191 7 21 i
906 1192 43 21 278

201 1227 12 27 8
228 1226 23 22 af
267 1226 92 21 nämnda
378 1224 102 27 Strafflag
500 1227 54 19 samt
571 1225 34 21 för
623 1224 65 28 öfrigt
705 1225 83 22 komme
811 1227 32 19 att
857 1227 92 20 ersättas

201 1266 76 20 genom
299 1260 14 20 2
335 1259 11 26 &
369 1259 31 20 uti
420 1259 40 20 den
479 1264 40 21 nya
539 1258 161 26 Ständerlagen,
719 1260 55 19 samt
792 1258 118 21 innehället
927 1259 23 21 af

201 1294 76 26 Kongl.
297 1292 161 27 Förordningen
476 1292 41 21 den
536 1293 11 20 7
564 1292 95 22 Oktober
676 1292 55 22 1805
746 1292 71 22 blefve
832 1294 67 20 ersatt
913 1299 36 21 ge-

200 1335 49 15 nom
265 1328 13 21 5
293 1327 11 28 $
320 1328 7 20 i
342 1327 41 22 den
398 1333 41 21 nya
458 1326 159 28 författningen,
633 1328 117 26 hvarjemte
765 1328 77 27 Kongl.
857 1328 92 21 Förord-

200 1364 78 26 ningen
297 1362 41 22 den
356 1362 13 22 6
387 1361 60 22 Mars
468 1362 52 22 1751
542 1362 38 22 och
597 1362 26 22 15
637 1362 95 28 punkten
746 1362 7 22 i
768 1363 77 27 Kongl.
860 1363 89 22 Förkla-

200 1400 75 26 ringen
294 1398 40 21 den
352 1398 28 21 23
398 1396 59 22 Mars
478 1397 54 21 1807
547 1397 84 22 komme
647 1399 31 19 att
692 1398 78 22 ändras
785 1404 78 21 genom
881 1399 13 21 3
910 1399 39 21 och

200 1434 13 21 6
230 1433 25 28 $$
269 1433 7 21 i
288 1438 80 16 samma
379 1432 134 27 Ständerlag,
524 1432 61 21 torde
594 1432 79 27 jemväl
684 1432 59 22 detta
753 1432 134 23 förhållande
896 1434 53 22 böra

199 1468 97 27 angifvas
311 1468 31 20 uti
357 1467 111 26 ingressen
484 1467 32 21 till
533 1467 131 21 sistnämnda
679 1467 41 26 lag.

267 1508 123 20 Lagutskoitets
401 1507 104 17 betänkande
517 1507 34 16 N:o
564 1507 27 16 16.
