1048 1706
355 158 28 18 U.
396 159 31 17 B.
438 152 70 25 XIX.
755 160 12 19 3

70 219 81 21 relsens
167 219 163 21 underlättande
352 219 35 21 vid
401 220 105 21 kontoren
528 220 137 20 tvifvelsutan
686 220 67 20 redan
768 227 30 13 nu

70 253 55 21 läter
140 253 76 27 skönja
230 253 32 27 sig
276 254 7 20 i
298 253 41 21 den
354 254 40 20 sist
408 254 104 27 uppgifna
527 253 213 27 utläningssumman,
759 254 40 21 och

69 286 61 22 torde
146 288 30 19 ett
190 287 73 21 vidare
277 287 125 27 fortgäende
414 288 7 19 i
433 287 69 21 denna
510 288 93 26 riktning
614 286 62 22 äfven
691 287 34 21 för
735 288 64 21 fram-

69 320 58 20 tiden
142 320 74 21 kunna
229 321 101 21 förutses.
359 320 41 21 Vid
422 321 77 21 sädant
520 320 135 22 förhällande
669 321 131 22 framställer

70 354 32 28 sig
123 354 33 22 till
178 354 132 22 besvarande
331 355 82 27 frägan,
429 355 56 21 huru
500 354 60 28 längt
574 362 26 14 en
614 355 149 28 utsträckning
778 356 25 21 af

70 389 40 21 den
131 388 113 22 inländska
266 389 96 21 diskont-
384 389 41 21 och
447 389 145 21 länerörelsen
614 389 43 21 kan
675 396 62 14 anses
751 389 49 22 med

70 422 95 22 bankens
180 423 84 27 uppgift
279 424 40 21 och
334 423 99 21 ändamäl
448 423 237 21 öfverensstämmande.
710 424 43 21 Det
761 424 40 21 har

70 457 57 21 inom
142 457 111 21 Utskottet
266 457 96 25 uttalats,
378 459 33 19 att
432 457 102 21 Finlands
557 457 58 21 bank
629 457 48 20 med
693 457 48 22 dess
755 457 46 22 vid-

71 491 95 21 sträckta
188 491 227 28 sedelutgifningsrätt,
437 491 187 28 ständergarantin
646 491 40 21 och
706 491 49 22 dess
770 492 31 21 öf-

71 526 112 27 verlägsna
203 533 97 14 resurser
322 525 34 22 för
380 526 133 21 närvarande
536 527 53 20 utan
607 525 108 28 svärighet
732 526 69 21 skulle

71 560 73 21 kunna
157 561 86 20 hämma
264 560 143 27 uppkomsten
428 560 24 21 af
467 560 73 28 hvarje
558 560 90 28 lifligare
662 560 140 23 bankrörelse

71 595 34 20 vid
122 595 60 20 sidan
198 595 24 20 af
235 594 47 21 dess
299 601 59 20 egen,
373 596 55 19 samt
443 596 32 19 att
498 601 25 14 en
539 594 58 29 dylik
615 601 77 20 genom
709 594 93 22 exklusi-

72 636 26 14 va
112 629 122 28 privilegier
248 628 127 22 framkallad
391 629 161 21 centralisation
569 629 58 21 inom
642 629 161 22 bankväsendet

71 663 34 22 för
120 671 26 14 en
162 663 55 22 sund
233 663 124 22 ekonomisk
372 663 121 28 utveckling
508 670 50 14 vore
573 663 24 21 af
610 665 31 19 ett
654 663 45 22 lika
714 663 91 28 menligt

72 698 116 28 inflytande
204 705 46 14 som
264 698 58 21 inom
336 698 74 27 hvarje
425 705 71 14 annan
510 698 82 27 näring.
608 697 46 21 Och
664 697 61 22 äfven
739 705 26 13 ur
776 704 26 14 en

72 740 71 15 annan
158 732 108 29 synpunkt
280 732 40 21 har
335 732 35 21 det
385 732 136 26 framhållits,
536 734 32 19 att
585 731 84 22 landets
684 731 120 22 förnämsta

72 766 194 28 penningeinstitut
280 766 40 21 bör
334 766 35 21 vid
384 766 39 21 den
439 766 114 21 inländska
568 766 125 28 utlåningen
707 766 97 27 iakttaga

72 801 136 28 försigtighet
230 801 39 20 och
292 800 121 21 varsamhet
433 801 79 27 jemväl
534 800 68 21 under
623 800 62 26 tider,
706 800 28 21 då
747 800 57 28 goda

75 834 91 21 skördar
181 835 39 20 och
235 834 92 28 lyckliga
341 834 157 27 konjunkturer
513 834 41 21 öka
569 835 40 20 den
624 834 135 27 spekulativa
773 833 32 22 fö-

74 869 177 28 retagsamheten,
275 869 28 27 på
326 868 36 21 det
382 870 32 19 att
434 869 54 26 icke,
503 870 39 19 när
557 869 122 21 sedermera
693 875 26 14 en
734 868 71 22 stock-

73 903 51 28 ning
138 903 105 25 inträffar,
260 903 70 21 denna
344 903 80 20 anstalt
438 903 78 22 liksom
528 903 68 21 andra
607 902 135 27 kapitalister
752 902 52 22 blef-

74 944 24 14 ve
112 939 93 25 tvungen
230 938 32 20 att
285 936 91 28 indraga
398 937 39 21 och
452 938 97 26 uppsäga
563 938 53 20 utan
631 936 43 21 fast
688 936 67 22 hellre
769 943 35 21 ge-

75 979 49 15 nom
143 971 99 27 belåning
257 971 24 21 af
294 970 96 28 fullgoda
411 971 124 21 säkerheter
549 970 72 22 kunde
635 970 111 22 utsträcka
758 970 47 20 kre-

75 1007 63 21 diten.

130 1040 41 20 Vid
195 1039 157 27 granskningen
375 1038 23 21 af
418 1038 39 21 den
474 1039 5 20 i
495 1038 50 22 Tab.
561 1038 32 21 III
608 1038 23 21 af
650 1037 155 27 Fullmäktiges

75 1074 115 22 berättelse
204 1073 125 21 meddelade
352 1072 102 28 öfversigt
468 1073 24 20 af
504 1072 95 21 bankens
622 1072 102 26 ställning
737 1071 70 21 under

76 1108 57 22 olika
147 1107 99 28 perioder
266 1107 39 21 har
320 1106 110 21 Utskottet
452 1106 82 21 således
549 1105 48 21 med
618 1105 189 21 tillfredsställelse

76 1142 78 25 funnit,
170 1143 32 19 att
214 1140 228 28 bankförvaltningens
463 1140 58 21 inom
539 1139 163 28 ifrågavarande
715 1139 91 21 rörelse-

77 1183 52 20 gren
143 1176 112 26 iakttagna
269 1174 125 22 förfarande
408 1174 200 20 öfverensstämmer
621 1172 49 22 med
685 1172 122 22 nästanför-

78 1210 27 21 da
118 1210 67 20 redan
200 1210 23 20 af
236 1208 168 22 Bankutskottet
423 1207 33 21 vid
473 1208 53 20 1872
541 1208 34 20 års
593 1207 102 28 landtdag
709 1206 98 24 uttalade

77 1244 145 28 grundsatser.
251 1243 48 21 Den
313 1242 178 28 kapitalstyrelse,
506 1242 112 20 hvaröfver
633 1241 102 21 Finlands
749 1240 59 22 bank

78 1278 6 20 i
100 1278 39 22 och
154 1278 35 20 för
204 1277 40 21 den
259 1276 114 22 inländska
387 1276 58 21 låne-
460 1276 40 21 och
516 1274 190 22 diskont-rörelsen
721 1274 35 22 vid
770 1282 37 20 pe-

77 1312 86 21 riodens
178 1312 80 26 utgång
273 1311 52 27 egde
339 1312 33 20 att
385 1310 91 28 förfoga,
492 1309 111 28 utgjordes
617 1308 28 22 af:

132 1344 97 22 bankens
244 1343 122 28 grundfond
382 1360 4 3 .
416 1359 4 4 .
450 1360 4 4 .
486 1359 4 4 .
520 1358 5 4 .
554 1342 119 26 6,000,000,

178 1393 8 10 a
242 1376 125 22 reservfond
386 1392 1 4 .
418 1392 2 5 .
451 1393 4 3 .
486 1392 4 4 .
521 1392 5 4 .
555 1376 118 25 9,000,000.

180 1428 8 10 »
218 1410 62 22 andel
294 1411 8 21 i
318 1411 53 21 1859
386 1411 34 21 års
436 1410 91 22 statslän
555 1410 118 26 4,080,000,

137 1445 160 28 Odisponerade
311 1444 126 22 vinstmedel
452 1461 4 4 .
487 1460 4 5 .
522 1460 5 4 .
556 1444 117 25 3,695,095.

492 1485 48 28 Fmyp
552 1483 125 26 22,175,095

127 1525 153 18 Bankutskottets
292 1525 108 18 Berättelse.
