1042 1703
84 487 194 35 Stormäktigste,
300 488 182 34 Allernådigste
504 488 100 34 Kejsare
627 488 43 27 och
689 488 142 28 Storfurste!

153 696 35 21 Då
209 695 29 28 på
255 696 70 27 grund
343 695 23 22 af
379 696 82 21 Eders
476 696 152 27 Kejserliga
642 696 137 27 Majestäts
795 697 36 21 nå-

84 729 50 28 diga
155 730 135 27 proposition
312 730 33 21 till
368 730 84 21 landets
474 731 51 21 åren
546 731 139 21 1863—1864
703 731 130 21 församlade

84 763 97 28 Ständer,
203 764 103 22 Finlands
324 764 212 27 Hypoteksförening
550 765 111 27 hugnades
676 765 49 21 med
741 766 92 25 statsga-

83 799 57 21 ranti
158 799 34 21 för
212 799 36 21 det
262 799 42 26 lån,
320 805 47 15 som
380 799 126 27 föreningen
521 799 8 21 i
544 799 97 22 utlandet
656 801 82 25 upptog
752 799 34 22 för
801 800 32 20 att

84 833 72 21 kunna
171 833 132 26 tillbörligen
318 833 114 27 tillgodose
446 833 182 27 jordbrukarenes
644 833 66 22 behof
723 833 23 22 af
754 833 78 26 kredit,

84 867 69 22 måste
168 867 70 22 denna
252 867 164 27 betydelsefulla
431 867 76 27 åtgärd
522 867 48 22 från
585 869 82 20 statens
683 868 54 26 sida,
747 867 87 22 hvilken

84 901 80 22 skedde
180 902 68 21 under
261 901 156 27 förutsättning
432 903 32 20 att
479 902 147 27 lånegarantin
641 902 46 21 icke
697 908 38 15 var
745 902 90 21 förenad

85 935 49 22 med
148 935 71 27 någon
234 936 52 26 risk,
302 936 78 27 ålägga
394 936 125 27 föreningen
533 936 148 27 förpligtelsen
697 938 32 19 att
744 937 7 21 i
765 936 69 27 möjli-

85 971 61 26 gaste
160 970 69 21 måtto
245 971 53 20 söka
312 972 110 20 motsvara
432 971 36 20 det
478 971 130 26 förtroende,
619 977 46 15 som
676 971 89 21 sålunda
775 971 59 21 kom-

85 1004 40 21 mit
139 1004 69 21 henne
222 1005 34 20 till
272 1005 40 20 del.

157 1037 43 22 Det
222 1038 39 21 har
282 1038 48 22 icke
344 1034 84 32 lyckats
443 1038 126 28 föreningen
585 1040 32 20 att
631 1038 8 21 i
655 1038 32 22 sin
703 1038 132 22 omfattande

86 1072 191 27 utlåningsrörelse
299 1072 73 28 undgå
393 1072 109 22 förluster.
541 1072 101 22 Tvärtom
666 1072 64 22 hafva
755 1072 80 22 sådana

86 1107 94 21 drabbat
193 1106 125 28 föreningen
334 1107 33 21 till
382 1106 84 28 ganska
480 1107 107 27 ansenligt
601 1106 85 27 belopp.
703 1106 132 27 Ställningen

86 1141 41 21 den
146 1142 26 20 31
192 1140 118 22 December
327 1141 53 21 1876
395 1141 89 26 utvisar,
500 1141 67 27 enligt
581 1140 156 27 underdånigst
750 1140 87 27 bilagde

87 1176 159 26 årsberättelse,
262 1177 32 19 ett
309 1174 71 22 deficit
390 1175 23 21 af
421 1175 47 27 Fn
480 1176 99 26 634,300:
587 1176 27 20 96
625 1175 40 21 och
675 1176 69 20 denna
755 1180 82 16 summa

87 1210 56 21 skall
157 1210 59 21 inom
230 1210 50 21 kort
295 1210 109 21 sannolikt
419 1216 51 15 vara
484 1210 91 26 ungefär
589 1209 135 21 fördubblad.
754 1209 11 21 I
779 1209 57 21 hvad

86 1250 50 16 mon
146 1244 78 27 felsteg
233 1244 51 22 eller
295 1244 91 27 misstag
397 1244 37 21 vid
444 1244 149 21 bedrifvandet
604 1242 23 22 af
637 1243 136 27 föreningens
784 1242 53 22 affär

87 1279 83 21 kunnat
177 1284 52 16 vara
236 1278 158 22 medverkande
401 1278 34 21 till
444 1278 58 22 detta
510 1277 129 22 nedslående
648 1278 101 25 resultat,
762 1277 73 21 derom

87 1313 63 21 torde
172 1313 36 21 det
222 1312 47 22 icke
284 1313 120 21 tillkomma
418 1312 126 26 föreningen
559 1313 32 20 att
607 1311 49 27 sjelf
669 1311 52 21 fälla
735 1310 101 22 domslut.

87 1346 51 21 Med
153 1346 82 21 visshet
248 1346 44 21 kan
307 1345 55 22 dock
375 1345 81 27 påstås,
472 1347 33 19 att
518 1345 131 21 förlusterna
659 1344 179 25 hufvudsakligen

87 1380 79 21 vållats
181 1385 76 22 genom
272 1380 27 21 de
314 1379 63 22 svåra
392 1379 135 26 missväxter,
543 1385 46 14 som
603 1377 28 28 på
648 1378 54 21 1860
717 1377 54 22 talet
780 1377 58 20 hem-

89 1415 62 22 sökte
166 1415 74 21 landet
254 1415 40 21 och
308 1413 124 29 isynnerhet
446 1414 7 21 i
469 1414 26 21 de
510 1413 98 27 nordliga
623 1412 63 22 länen
700 1412 77 27 bragte
790 1411 49 22 ruin

90 1449 60 24 öfver
168 1449 52 23 flera
236 1449 112 22 hundrade
363 1448 23 23 af
398 1448 137 27 föreningens
551 1447 105 27 delegarc.
686 1447 11 21 I
712 1445 73 28 hvarje
800 1445 38 23 fall
