1053 1703
247 129 12 20 2
448 126 76 23 +U.:B.
542 137 23 4 —
582 121 134 26 II-—XVII

218 192 153 27 femärsperiod
388 191 65 27 jemte
473 191 67 26 öfriga
558 190 33 22 till
610 190 66 21 saken
699 190 95 22 hörande
814 190 153 27 räkenskaper,

219 227 45 20 dels
280 226 103 22 särskildt
398 226 102 26 granskat
513 225 28 27 pä
555 225 57 22 hvad
623 227 44 19 sätt
677 225 27 21 de
713 225 36 22 vid
758 225 129 26 föregående
896 224 71 22 landt-

219 261 66 26 dagar
299 260 106 27 beviljade
420 259 69 22 medel
503 259 70 22 blifvit
588 259 102 22 använda.

318 317 30 22 A.
378 316 139 23 Allmänna
531 317 71 22 stats-
618 316 46 22 och
678 315 185 24 militiemedel.

285 364 33 20 Då
334 370 26 14 en
375 362 78 22 reform
468 362 23 22 af
508 364 83 20 statens
610 362 228 28 räkenskapsväsende
853 362 64 27 länge
931 368 36 15 va-

216 398 28 21 rit
259 398 91 27 pätänkt
370 398 46 25 och,
436 398 56 21 hvad
506 397 102 22 beträffar
627 397 240 27 landträkenskaperna,
888 396 79 28 jemväl

216 432 109 28 päbjudits
342 433 32 20 att
388 432 88 26 vidtaga
489 431 46 22 från
552 432 40 21 och
607 431 49 21 med
670 431 143 22 innevarande
829 431 30 27 är,
874 431 40 21 har
928 431 40 21 Ut-

218 466 82 22 skottet
319 468 71 20 ansett
410 466 33 26 sig
463 466 76 21 endast
557 466 7 21 i
582 466 138 26 förbigäende
735 466 53 21 böra
802 466 85 27 päpeka
901 465 68 27 nägra

218 500 159 27 önskningsmäl
396 500 11 21 i
422 500 99 22 afseende
541 500 12 21 å
571 499 117 23 reformens
706 499 73 22 vidare
795 499 172 28 genomförande.

216 535 50 27 Icke
280 534 70 27 heller
364 534 40 22 har
418 534 113 23 Utskottet
549 534 70 22 funnit
636 530 75 40 nödigt
725 530 44 40 att:
773 541 96 25 upprepa
884 534 42 22 alla
941 535 28 21 de

216 569 150 29 påminnelser,
390 575 46 15 som
457 569 36 21 vid
514 568 128 28 föregående
661 568 127 28 landtdagar
808 568 68 22 blifvit
893 569 76 27 gjorda

204 599 3 3 "
217 603 51 22 mot
279 597 156 34 dispositionen
454 604 7 21 i
480 599 58 26 vissa
556 603 37 22 fall
612 603 22 22 af
652 605 82 20 statens
746 603 78 22 medel.
855 603 114 22 Utskottet

216 639 43 21 kan
278 637 84 23 derföre
382 638 8 21 i
409 638 101 22 afseende
529 639 13 20 å
560 638 226 27 kapitalräkningarna
803 638 117 22 inskränka
936 638 33 27 sig

216 673 32 21 till
262 673 68 26 några
345 673 22 21 få
382 673 169 26 anmärkningar.

284 706 75 22 Under
373 707 67 26 första
454 706 167 22 inkomsttiteln:
638 706 88 22 Skatter
742 706 22 22 af
774 706 50 28 jord
840 706 39 22 och
894 707 74 27 lägen-

216 741 62 21 heter
294 741 12 20 å
321 741 81 26 landet,
419 743 106 25 upptagas
541 743 65 19 stats-
617 741 40 21 och
666 740 167 23 militieverkens
849 740 119 22 inkomster

217 775 147 26 tillsammans,
381 777 51 19 utan
449 775 112 26 åtskilnad,
576 775 111 21 hvaremot
701 774 165 23 militiefondens
881 774 89 28 utgifter

216 809 48 21 icke
280 810 36 20 äro
332 811 111 25 upptagna
457 810 7 20 i
479 809 230 27 kapitalräkningarna.
739 802 43 28 Det
791 815 50 15 vore
852 809 119 22 önskvärdt

217 845 38 25 att,
278 843 36 21 vid
336 843 105 21 reformen
460 843 23 22 af
499 843 243 27 räkenskapsväsendet,
763 843 68 22 sådan
851 844 119 26 anordning

217 877 102 22 träffades
337 879 33 19 att
382 878 66 26 jemte
464 878 37 21 det
515 877 56 22 båda
585 878 103 21 fonderna
697 876 135 28 fullständigt
843 878 125 22 observeras

216 912 8 22 i
238 912 209 27 kapitalräkningen,
464 912 69 21 denna
547 912 70 21 tillika
633 912 98 22 lemnade
750 912 127 28 upplysning
892 919 35 15 om
942 912 27 22 de

218 946 77 27 belopp
311 946 7 21 i
334 946 66 21 debet
416 946 39 22 och
469 946 78 25 kredit,
564 952 46 16 som
624 946 47 21 icke
686 946 53 22 höra
754 947 32 21 till
797 948 65 20 stats-
873 949 52 19 utan
935 946 33 22 till

218 980 159 26 militiefonden,
398 981 29 26 på
446 982 45 20 sätt
509 987 30 15 nu
557 981 41 21 ock
617 986 51 21 eger
686 987 47 15 rum
752 981 8 21 i
780 980 26 22 de
829 981 142 22 summariska

219 1014 143 27 räkningarna
379 1014 40 21 och
435 1014 168 28 statsförslagen.

287 1049 79 21 Likaså
384 1048 61 23 faller
463 1049 36 22 det
519 1049 7 21 i
541 1051 89 26 ögonen,
646 1050 33 21 att
694 1049 108 27 åtskilliga
820 1049 24 22 af
856 1050 27 21 de
902 1050 68 22 under

221 1083 69 22 denna
304 1083 49 22 titel
368 1085 111 26 upptagna
494 1084 173 21 statsinkomster
681 1084 47 22 icke
739 1086 37 19 äro
787 1084 98 22 skatter
876 1079 14 37 i
895 1087 74 24 egent-

219 1119 30 27 lig
263 1119 91 26 mening.
384 1118 171 27 Kungsgärdars,
571 1118 117 22 boställens
704 1118 40 22 och
757 1118 67 23 andra
833 1119 136 27 lägenheters

222 1155 56 20 samt
292 1153 139 21 fiskevattens
443 1152 103 23 arrenden
561 1155 37 20 äro
613 1152 47 22 icke
675 1153 89 26 skatter,
780 1155 53 20 utan
847 1155 78 26 utgöra
938 1153 31 22 af-

219 1188 101 27 kastning
335 1186 23 22 af
370 1189 83 20 statens
467 1186 58 23 fasta
540 1187 109 28 egendom,
666 1187 40 22 och
724 1187 110 22 enahanda
853 1189 24 20 är
890 1188 78 27 jemväl

219 1221 61 23 fallet
300 1221 50 22 med
369 1221 144 22 inkomsterna
533 1221 46 22 frän
597 1221 151 28 kronoparker.
779 1222 43 21 Det
840 1227 51 17 vore
910 1229 59 15 mera

220 1255 106 26 sakenligt
346 1257 32 19 att
399 1255 69 21 denna
488 1255 108 21 ätskilnad
610 1255 70 22 blefve
694 1255 112 27 iakttagen
820 1256 35 21 vid
871 1256 41 21 den
927 1263 42 20 nya

220 1289 174 28 uppställningen
408 1288 23 22 af
444 1289 234 26 statsräkenskaperna.

270 1333 2 2 +
289 1322 95 24 Särskild
403 1323 189 28 uppmärksamhet
610 1322 102 30 förtjenar
732 1323 41 23 den
787 1324 121 28 betydande
925 1324 45 22 till-

219 1360 50 21 växt
287 1358 146 22 inkomsterna
452 1357 47 22 frän
518 1358 172 27 kronoparkerna
709 1358 69 23 under
796 1360 68 21 denna
878 1359 89 23 femärs-

219 1392 76 30 period
313 1392 80 22 vunnit.
423 1392 55 22 Frän
497 1393 53 21 Fmk
571 1395 95 25 186,221:
678 1393 34 27 50,
728 1399 46 16 som
790 1393 26 23 de
831 1394 98 28 utgjorde
944 1395 25 21 är

221 1429 61 26 1869,
297 1427 64 22 hafva
376 1427 26 22 de
417 1427 23 22 är
456 1429 53 20 1873
524 1428 93 27 uppgätt
630 1428 33 21 till
672 1428 53 22 Fmk
735 1430 98 26 834,841:
845 1430 33 21 05.
901 1429 67 22 Detta

290 1469 134 17 Statsutskottets
435 1469 107 17 betänkande
553 1469 36 17 N:o
602 1469 27 17 11.
