1042 1698
436 146 69 22 XVIL
790 149 27 20 23

529 214 119 27 Transport
663 216 133 25 36,531,591:
814 217 32 20 15.

94 246 26 26 d)
130 247 43 20 Det
187 253 76 20 genom
273 247 103 21 Finlands
387 248 58 21 bank
455 249 39 20 och
504 248 142 21 bankirhuset

151 281 30 20 M.
197 281 24 20 A.
238 287 41 14 von
294 281 127 21 Rothschild
436 282 17 20 &
469 282 70 21 Söhne
554 282 25 21 är
590 283 54 20 1874

152 314 106 21 afslutade
272 315 138 27 jernvägslän
423 316 13 20 &
448 316 125 26 16,200,000
583 317 62 20 mark

150 349 59 26 tyskt
224 349 105 27 riksmynt
344 349 12 21 å
371 349 41 26 4!/>
423 349 26 28 %,
467 350 77 21 hvaraf
552 350 93 21 återstår

154 383 125 26 15,925,800
294 383 63 26 tyska
370 383 114 27 riksmark,
495 385 151 21 motsvarande
663 386 132 25 19,747,992:
811 397 27 4 —

94 419 22 23 e)
131 417 42 21 Det
188 417 7 20 i
211 417 107 26 Ryssland
337 418 24 20 år
381 419 54 23 1859
454 420 110 25 upptagna
581 419 36 20 lån
632 419 13 20 å

152 452 113 25 4,000,000
283 452 61 21 rubel
360 452 13 21 å
391 454 12 19 4
419 452 26 29 %,
462 453 76 20 hvaraf
552 453 12 20 å
580 455 64 18 stats-

152 485 87 22 verkets
262 486 69 26 andel,
348 487 113 26 2,500,000
476 487 66 26 rubel,
564 487 82 21 återstå

155 521 111 25 1,710,000
281 521 68 26 rubel,
369 522 169 20 motsvarande.
568 538 5 4 .
604 538 5 4 .
640 538 5 4 .
676 523 119 24 6,840,000:
810 533 29 3 —

559 567 87 21 Summa
661 568 134 26 63,119,583:
813 569 31 20 15.

166 622 207 27 Räntebetalningen
399 623 39 21 och
463 624 158 26 amorteringen
647 624 22 21 af
690 625 154 25 statsskulden,

95 657 86 21 hvilken
199 656 36 21 vid
251 657 124 26 jemförelse
390 657 23 21 af
427 658 133 21 densammas
577 658 77 27 belopp
670 658 41 21 den
728 660 9 18 1
754 659 91 21 Januari

96 692 54 20 1872
167 691 39 20 och
222 696 80 15 samma
321 691 41 26 dag
380 692 52 20 1877
449 692 90 21 sålunda
553 692 7 21 i
576 692 54 27 följd
645 692 23 21 af
680 694 110 25 upptagna
804 698 41 21 nya

94 725 36 21 lån
150 725 62 21 ökats
230 725 48 21 med
296 725 67 26 något
381 725 59 21 öfver
457 724 54 28 18'/,
526 726 98 26 miljoner
639 726 67 26 mark,
723 726 64 21 hafva
802 726 42 21 för-

95 759 81 27 siggått
198 759 6 20 i
220 758 89 27 behörig
325 759 91 27 ordning
432 760 39 20 och
486 760 72 20 härtill
574 760 141 26 erforderliga
729 760 69 21 medel
809 760 36 21 be-

95 793 76 21 stridts
187 799 26 14 ur
227 792 163 22 nedannämnda
404 793 82 21 fonder:

166 827 57 21 Från
245 826 248 28 amortissementsfonden
509 840 26 3 —
551 828 82 27 kapital
656 828 39 21 och
713 830 63 19 ränta
791 828 13 20 å
820 828 26 21 de

95 862 34 21 till
144 862 41 20 den
200 861 111 22 inhemska
327 862 147 21 statsskulden
491 862 95 21 hörande
601 863 245 26 statskassa-obligatio-

95 902 67 15 nerna
178 895 12 21 ä
206 895 39 26 3%
262 895 19 29 96
297 897 56 19 samt
375 897 62 20 ränta
459 896 40 21 och
521 897 131 26 amortering
670 897 33 20 för
719 897 36 20 det
770 903 76 20 genom

95 930 154 21 bankirfirman
265 930 28 21 M.
310 930 25 20 A.
351 936 41 15 von
407 930 100 21 Rotshild
522 930 17 22 &
555 930 70 22 Söhne
636 931 24 21 är
672 932 53 20 1862
737 932 110 25 upptagna

95 964 43 26 lån,
154 964 33 21 för
203 964 72 21 hvilka
289 964 36 20 lån
340 964 264 22 amortissementsfonden
618 966 64 25 utgör
698 965 106 21 säkerhet.

168 998 57 20 Från
248 998 40 21 den
311 1004 76 20 genom
408 998 79 27 nådiga
505 999 143 27 kungörelsen
666 999 40 21 den
722 1000 12 20 2
751 999 96 21 Oktober

98 1033 54 20 1873
175 1032 86 21 bildade
284 1031 262 29 kommunikationsfonden
561 1044 27 4 —
606 1034 53 20 1865
682 1033 35 21 års
736 1032 111 22 inhemska

93 1066 139 28 jernvägslån
251 1068 56 19 samt
326 1066 149 22 annuiteterna
494 1067 13 20 å
525 1068 25 20 de
566 1067 145 27 jernvägslån,
735 1073 45 14 som
798 1066 49 21 blif-

96 1101 32 21 vit
147 1102 109 25 upptagna
275 1100 24 20 år
319 1101 54 20 1868
392 1106 77 21 genom
484 1100 153 22 bankirfirman
652 1107 41 15 von
709 1101 105 25 Erlanger
830 1100 17 21 &

98 1134 70 22 Söhne
184 1135 56 20 samt
255 1134 24 20 år
297 1135 52 20 1874
365 1140 77 20 genom
457 1134 101 21 Finlands
574 1134 58 21 bank
644 1134 40 21 och
694 1134 154 21 bankirfirman

98 1168 29 22 M.
144 1168 24 21 A.
184 1174 41 15 von
240 1168 127 20 Rothschild
383 1168 16 20 &
415 1168 76 21 Söhne.

170 1200 60 22 Från
252 1202 130 21 statsmedlen
398 1214 27 3 —
441 1204 62 19 ränta
526 1202 38 21 och
587 1202 131 26 amortering
740 1202 34 21 för
790 1202 36 21 det
841 1202 7 20 i

98 1236 164 27 Kejsaredömet
277 1236 24 21 är
318 1237 53 20 1859
387 1238 110 25 upptagna
509 1236 58 21 länet
578 1238 55 19 samt
643 1236 82 27 kapital
736 1236 38 21 och
786 1237 63 19 ränta

98 1272 14 20 &
128 1272 53 20 1869
198 1270 35 22 ärs
249 1270 112 21 inhemska
373 1270 144 27 jernvägslän.

170 1305 56 21 Frän
241 1304 337 28 donationsfonden
442 1300 15 36 —
469 1304 108 28 utlottade
594 1304 143 27 obligationer
752 1305 39 20 och
807 1304 43 21 för-

98 1339 67 21 fallna
186 1339 112 26 kuponger
319 1339 12 20 å
351 1338 26 21 de
399 1338 34 21 för
456 1338 81 21 inlösen
561 1338 23 21 af
605 1338 169 27 donationsgods
797 1344 53 21 upp-

99 1375 66 25 tagna
175 1373 112 20 inhemska
297 1373 42 20 län.
