1045 1703
296 130 28 19 U.
336 130 28 18 B.
376 141 23 2 —
411 131 77 23 Frop.
503 131 43 19 N:o
560 132 41 18 46.
772 135 24 19 11

76 199 88 26 dringar
175 199 135 28 uppkommit
320 200 68 21 under
400 201 40 20 den
451 200 135 28 föregäende,
597 201 24 21 af
629 207 26 16 en
666 202 76 21 relativ
751 202 77 26 stadga

71 233 9 21 i
96 233 150 22 silfvervärdet
261 234 109 21 utmärkta
385 235 109 26 perioden.

148 267 65 22 Emot
229 268 40 21 den
284 268 7 21 i
306 268 79 26 nädiga
400 269 163 26 propositionen
578 269 122 27 föreslagna
715 265 113 25 konverte-

76 302 131 26 ringsgrund
229 302 40 21 har
291 303 47 20 äter
360 303 83 20 anförts
459 305 32 18 att
507 303 123 21 densamma
649 303 94 21 hvarken
759 303 46 21 stär
820 303 7 21 i

77 335 222 21 öfverensstämmelse
321 336 49 20 med
393 337 40 20 den
457 337 156 26 allmängiltiga
631 337 83 26 princip
731 343 45 15 som
792 337 7 20 i
815 338 11 20 9

77 370 48 26 kap.
150 371 12 19 3
185 369 11 28 $
220 370 27 21 H.
270 370 25 20 B.
317 370 81 21 uttalas
422 370 38 21 och
479 370 89 22 innebär
587 372 32 20 att
634 371 35 21 vid
684 371 57 21 brist
755 371 23 21 af
792 371 36 21 det

76 404 114 27 myntslag,
206 404 67 22 hvarä
288 410 25 15 en
330 404 206 28 skuldförskrifning
550 405 67 27 lyder,
634 406 122 21 densamma
772 405 54 22 skall

76 439 7 20 i
99 440 66 20 annat
180 438 132 28 tillgängligt
326 441 60 25 mynt
400 439 84 21 betalas
500 439 69 22 ”efter
584 440 37 27 thy
637 446 44 15 som
698 440 36 21 det
744 441 83 20 utlänte

75 473 13 21 &
99 473 170 28 förfallodagen
287 473 64 27 högst
366 474 87 26 gäller",
472 476 54 20 samt
542 474 18 27 ej
576 474 67 22 heller
659 474 168 22 tillfredsställer

74 508 42 20 den
131 508 108 26 naturliga
255 508 135 26 billighetens
410 508 53 21 kraf.
494 508 11 21 I
520 508 134 22 sistnämnda
669 508 100 22 afseende
788 508 39 22 har

75 542 130 21 framhållits
220 542 103 21 hurusom
337 548 57 20 man,
410 542 62 21 äfven
488 549 33 15 om
537 542 41 21 den
596 543 127 26 visserligen
745 542 83 22 hårfina

75 576 86 21 skilnad
184 582 46 15 som
249 576 7 21 i
271 576 181 26 metallqvantitet
467 578 51 24 äger
533 582 47 15 rum
597 576 80 22 mellan
694 576 134 28 silfvermyn-

76 612 35 19 ten
131 610 61 21 mark
211 610 39 20 och
265 610 60 21 franc
340 610 82 21 lemnas
437 612 52 19 utan
505 611 106 26 afseende,
628 610 75 27 måste,
719 611 72 21 såsom
807 611 23 21 af

73 644 169 27 myntkomitens
258 645 43 21 tab.
322 646 10 19 1
352 645 150 27 ådagalägges,
518 646 27 26 gå
564 645 81 26 ganska
661 645 60 26 långt
736 646 92 20 tillbaka

75 679 7 20 i
98 679 58 20 tiden
172 678 34 21 för
221 680 32 19 att
269 678 104 22 återfinna
389 678 139 22 förrberörda
543 679 164 26 värderelation,
728 679 100 21 hvarföre

77 719 25 15 en
118 713 109 27 gäldenär,
245 719 45 15 som
304 713 8 20 i
328 719 76 15 senare
420 713 31 21 tid
467 713 39 21 och
522 714 6 20 i
545 713 115 27 synnerhet
675 713 55 21 efter
745 713 36 21 det
797 713 30 21 af-

78 748 87 21 ståndet
183 747 90 22 emellan
293 747 85 28 guldets
395 748 39 20 och
450 747 80 22 silfrets
546 748 65 21 värde
627 750 27 19 än
669 748 74 21 vidare
758 748 70 21 utvid-

76 784 48 25 gats
141 781 86 22 undfått
243 788 25 15 en
284 781 159 27 försträckning
459 782 53 21 eller
527 781 141 22 öfverhufvud
679 782 81 21 inträdt
778 782 7 21 i
797 784 31 19 ett

73 816 194 27 gäldförhållande,
283 816 84 21 komme
389 817 33 20 att
442 817 66 26 enligt
527 817 66 20 sådan
608 816 70 27 grund
694 817 87 26 erlägga
797 818 32 19 ett

77 853 70 19 större
158 851 162 26 guldgvantum,
328 850 7 21 i
344 850 53 27 följd
405 851 62 20 deraf
474 852 32 19 ett
516 851 66 26 högre
594 850 159 26 förmögenhets
762 851 66 21 värde

77 885 148 26 öfverhufvud,
245 886 27 19 än
290 885 42 20 han
349 885 36 20 vid
400 885 89 26 gäldens
505 885 116 26 uppkomst
637 885 52 20 eller
705 885 122 21 sedermera

76 919 83 21 kunnat
181 919 34 20 för
238 919 36 21 det
297 919 12 20 &
327 919 62 21 mark
408 919 7 20 i
431 919 73 21 silfver
520 918 91 27 lydande
626 919 103 26 beloppet
743 919 85 27 förfoga

76 953 66 21 öfver.
173 953 10 20 I
199 953 52 27 följd
267 953 63 21 häraf
343 953 39 20 och
398 955 51 19 enär
464 953 99 26 priserna
578 953 13 21 &
606 953 168 26 tjenstbarheter
789 953 40 21 och

76 994 71 20 varor,
163 987 153 22 företrädesvis
332 987 35 21 väl
383 987 26 22 de
424 987 122 26 utländska,
562 993 48 16 men
626 987 62 22 äfven
704 987 26 21 de
745 987 83 22 inländ-

77 1022 46 26 ska,
146 1022 47 21 icke
215 1021 83 21 kunnat
320 1021 72 27 undgä
411 1023 32 19 att
461 1022 23 20 af
501 1022 69 20 denna
586 1021 80 21 silfrets
683 1021 145 27 depreciation

76 1059 51 24 taga
142 1056 92 26 intryck,
249 1056 105 21 innebure
370 1055 94 27 änsagde
480 1056 164 26 konverterings
655 1056 70 26 grund
726 1051 12 36 i
753 1055 76 27 sjelfva

77 1091 75 21 verket
175 1092 32 20 att
229 1090 107 22 reformen
355 1090 97 27 vidtoges
472 1091 48 20 med
535 1089 141 28 uppoffrande
693 1090 22 21 af
729 1090 100 26 gäldenä-

76 1132 50 14 rens
145 1125 136 27 tillständiga
299 1126 44 20 rätt
363 1125 40 20 och
417 1124 34 21 till
467 1125 84 26 oskälig
566 1124 57 21 vinst
638 1124 34 20 för
688 1125 141 26 borgenären.

145 1160 66 20 Emot
226 1159 83 27 äsigten
325 1160 33 20 att
376 1159 25 20 de
416 1158 139 27 gäldenärers
574 1158 108 27 ställning,
699 1158 80 27 hvilka,
795 1158 30 21 ef-

75 1196 36 19 ter
129 1194 37 20 det
185 1193 160 21 silfvervärdets
365 1192 123 27 ostadighet
503 1194 40 20 och
558 1193 73 21 förfall
646 1192 58 27 gjort
719 1192 33 26 sig
770 1198 60 15 mera

77 1228 104 26 känbara,
197 1228 71 26 ingätt
290 1227 48 21 sina
360 1222 149 31 förbindelser,
534 1227 69 21 skulle
621 1227 28 27 pä
667 1227 69 26 grund
751 1226 24 21 af
788 1226 41 22 den

77 1262 108 27 egenskap
202 1262 23 20 af
239 1262 108 26 äfventyrs
363 1261 53 21 aftal
432 1267 46 15 som
494 1261 195 21 skuldkontrakten
704 1261 123 26 derigenom

77 1296 88 29 erhällit
186 1296 83 21 mindre
285 1295 93 27 förtjena
393 1297 33 19 att
444 1296 50 20 med
508 1296 84 26 hänsyn
607 1295 33 21 till
655 1294 175 27 konverterings-

76 1331 99 26 grunden
191 1333 62 23 tagas
268 1330 7 20 i
290 1329 142 21 betraktande
448 1332 27 18 än
491 1330 26 20 de
532 1330 65 24 äldre,
612 1330 39 20 har
661 1330 47 19 äter
719 1329 111 20 anmärkts

77 1365 34 20 att
137 1363 70 26 nägon
234 1363 84 21 hällbar
340 1363 69 26 grund
432 1362 33 21 för
488 1364 32 19 ett
542 1362 70 27 dylikt
635 1362 143 26 särskiljande
801 1362 30 21 el-

79 1398 32 21 ler
132 1397 37 22 för
186 1399 33 20 att
235 1397 77 27 älägga
328 1397 40 20 den
384 1402 40 16 ena
439 1396 157 21 kontrahenten
611 1395 68 22 hellre
694 1397 27 20 än
737 1395 41 22 den
794 1401 38 16 an-

146 1471 142 24 Myntutskottets
300 1471 106 18 betänkande
418 1470 33 17 N:o
464 1471 16 16 1.
