<?xml version="1.0" encoding="UTF-8"?>
<alto xmlns="http://www.loc.gov/standards/alto/ns-v3#" xmlns:xlink="http://www.w3.org/1999/xlink" xmlns:xsi="http://www.w3.org/2001/XMLSchema-instance" xsi:schemaLocation="http://www.loc.gov/standards/alto/ns-v3# http://www.loc.gov/alto/v3/alto-3-0.xsd">
	<Description>
		<MeasurementUnit>pixel</MeasurementUnit>
		<sourceImageInformation>
			<fileName>/tmp/tess_lu_0yra1_input.PNG</fileName>
		</sourceImageInformation>
		<OCRProcessing ID="OCR_0">
			<ocrProcessingStep>
				<processingSoftware>
					<softwareName>tesseract 5.3.4</softwareName>
				</processingSoftware>
			</ocrProcessingStep>
		</OCRProcessing>
	</Description>
	<Layout>
		<Page WIDTH="1048" HEIGHT="1703" PHYSICAL_IMG_NR="0" ID="page_0">
			<PrintSpace HPOS="0" VPOS="0" WIDTH="1048" HEIGHT="1703">
				<ComposedBlock ID="cblock_0" HPOS="398" VPOS="152" WIDTH="406" HEIGHT="24">
					<TextBlock ID="block_0" HPOS="398" VPOS="152" WIDTH="406" HEIGHT="24">
						<TextLine ID="line_0" HPOS="398" VPOS="152" WIDTH="406" HEIGHT="24">
							<String ID="string_0" HPOS="398" VPOS="153" WIDTH="56" HEIGHT="22" WC="0.91" CONTENT="N:ö"/><SP WIDTH="17" VPOS="153" HPOS="454"/>
							<String ID="string_1" HPOS="471" VPOS="152" WIDTH="51" HEIGHT="24" WC="0.96" CONTENT="46."/><SP WIDTH="270" VPOS="152" HPOS="522"/>
							<String ID="string_2" HPOS="792" VPOS="155" WIDTH="12" HEIGHT="21" WC="0.96" CONTENT="3"/>
						</TextLine>
					</TextBlock>
				</ComposedBlock>
				<ComposedBlock ID="cblock_1" HPOS="74" VPOS="221" WIDTH="788" HEIGHT="1297">
					<TextBlock ID="block_1" HPOS="74" VPOS="221" WIDTH="759" HEIGHT="56">
						<TextLine ID="line_1" HPOS="74" VPOS="221" WIDTH="759" HEIGHT="28">
							<String ID="string_3" HPOS="74" VPOS="222" WIDTH="58" HEIGHT="21" WC="0.95" CONTENT="dock"/><SP WIDTH="14" VPOS="222" HPOS="132"/>
							<String ID="string_4" HPOS="146" VPOS="221" WIDTH="74" HEIGHT="26" WC="0.93" CONTENT="borde,"/><SP WIDTH="17" VPOS="221" HPOS="220"/>
							<String ID="string_5" HPOS="237" VPOS="222" WIDTH="73" HEIGHT="21" WC="0.91" CONTENT="derest"/><SP WIDTH="15" VPOS="222" HPOS="310"/>
							<String ID="string_6" HPOS="325" VPOS="221" WIDTH="70" HEIGHT="22" WC="0.95" CONTENT="denna"/><SP WIDTH="14" VPOS="221" HPOS="395"/>
							<String ID="string_7" HPOS="409" VPOS="222" WIDTH="77" HEIGHT="26" WC="0.96" CONTENT="åtgärd"/><SP WIDTH="15" VPOS="222" HPOS="486"/>
							<String ID="string_8" HPOS="501" VPOS="223" WIDTH="23" HEIGHT="20" WC="0.96" CONTENT="af"/><SP WIDTH="14" VPOS="223" HPOS="524"/>
							<String ID="string_9" HPOS="538" VPOS="222" WIDTH="92" HEIGHT="21" WC="0.93" CONTENT="Senaten"/><SP WIDTH="13" VPOS="222" HPOS="630"/>
							<String ID="string_10" HPOS="643" VPOS="223" WIDTH="104" HEIGHT="26" WC="0.90" CONTENT="vidtoges,"/><SP WIDTH="11" VPOS="223" HPOS="747"/>
							<String ID="string_11" HPOS="758" VPOS="223" WIDTH="75" HEIGHT="21" WC="0.96" CONTENT="derom"/>
						</TextLine>
						<TextLine ID="line_2" HPOS="76" VPOS="255" WIDTH="293" HEIGHT="22">
							<String ID="string_12" HPOS="76" VPOS="256" WIDTH="40" HEIGHT="21" WC="0.93" CONTENT="hos"/><SP WIDTH="16" VPOS="256" HPOS="116"/>
							<String ID="string_13" HPOS="132" VPOS="255" WIDTH="121" HEIGHT="22" WC="0.90" CONTENT="Ständerna"/><SP WIDTH="15" VPOS="255" HPOS="253"/>
							<String ID="string_14" HPOS="268" VPOS="256" WIDTH="101" HEIGHT="21" WC="0.90" CONTENT="anmälas:"/>
						</TextLine>
					</TextBlock>
					<TextBlock ID="block_2" HPOS="76" VPOS="290" WIDTH="772" HEIGHT="336">
						<TextLine ID="line_3" HPOS="148" VPOS="290" WIDTH="684" HEIGHT="27">
							<String ID="string_15" HPOS="148" VPOS="290" WIDTH="43" HEIGHT="21" WC="0.96" CONTENT="Vid"/><SP WIDTH="15" VPOS="290" HPOS="191"/>
							<String ID="string_16" HPOS="206" VPOS="290" WIDTH="172" HEIGHT="21" WC="0.96" CONTENT="bestämmandet"/><SP WIDTH="15" VPOS="290" HPOS="378"/>
							<String ID="string_17" HPOS="393" VPOS="290" WIDTH="24" HEIGHT="21" WC="0.95" CONTENT="af"/><SP WIDTH="16" VPOS="290" HPOS="417"/>
							<String ID="string_18" HPOS="433" VPOS="290" WIDTH="36" HEIGHT="21" WC="0.93" CONTENT="det"/><SP WIDTH="15" VPOS="290" HPOS="469"/>
							<String ID="string_19" HPOS="484" VPOS="291" WIDTH="200" HEIGHT="26" WC="0.91" CONTENT="guldmyntsystem,"/><SP WIDTH="16" VPOS="291" HPOS="684"/>
							<String ID="string_20" HPOS="700" VPOS="297" WIDTH="46" HEIGHT="14" WC="0.96" CONTENT="som"/><SP WIDTH="14" VPOS="297" HPOS="746"/>
							<String ID="string_21" HPOS="760" VPOS="291" WIDTH="7" HEIGHT="20" WC="0.93" CONTENT="i"/><SP WIDTH="16" VPOS="291" HPOS="767"/>
							<String ID="string_22" HPOS="783" VPOS="290" WIDTH="49" HEIGHT="21" WC="0.91" CONTENT="Fin-"/>
						</TextLine>
						<TextLine ID="line_4" HPOS="76" VPOS="323" WIDTH="756" HEIGHT="27">
							<String ID="string_23" HPOS="76" VPOS="324" WIDTH="52" HEIGHT="20" WC="0.96" CONTENT="land"/><SP WIDTH="22" VPOS="324" HPOS="128"/>
							<String ID="string_24" HPOS="150" VPOS="323" WIDTH="68" HEIGHT="21" WC="0.96" CONTENT="borde"/><SP WIDTH="22" VPOS="323" HPOS="218"/>
							<String ID="string_25" HPOS="240" VPOS="323" WIDTH="88" HEIGHT="26" WC="0.95" CONTENT="införas,"/><SP WIDTH="24" VPOS="323" HPOS="328"/>
							<String ID="string_26" HPOS="352" VPOS="323" WIDTH="39" HEIGHT="21" WC="0.96" CONTENT="har"/><SP WIDTH="22" VPOS="323" HPOS="391"/>
							<String ID="string_27" HPOS="413" VPOS="323" WIDTH="37" HEIGHT="21" WC="0.96" CONTENT="det"/><SP WIDTH="21" VPOS="323" HPOS="450"/>
							<String ID="string_28" HPOS="471" VPOS="324" WIDTH="95" HEIGHT="26" WC="0.96" CONTENT="franska,"/><SP WIDTH="20" VPOS="324" HPOS="566"/>
							<String ID="string_29" HPOS="586" VPOS="324" WIDTH="83" HEIGHT="21" WC="0.96" CONTENT="hvilket"/><SP WIDTH="14" VPOS="324" HPOS="669"/>
							<String ID="string_30" HPOS="683" VPOS="325" WIDTH="67" HEIGHT="20" WC="0.96" CONTENT="redan"/><SP WIDTH="14" VPOS="325" HPOS="750"/>
							<String ID="string_31" HPOS="764" VPOS="324" WIDTH="68" HEIGHT="22" WC="0.95" CONTENT="finnes"/>
						</TextLine>
						<TextLine ID="line_5" HPOS="77" VPOS="357" WIDTH="755" HEIGHT="28">
							<String ID="string_32" HPOS="77" VPOS="358" WIDTH="100" HEIGHT="26" WC="0.96" CONTENT="gällande"/><SP WIDTH="22" VPOS="358" HPOS="177"/>
							<String ID="string_33" HPOS="199" VPOS="357" WIDTH="8" HEIGHT="21" WC="0.96" CONTENT="i"/><SP WIDTH="21" VPOS="357" HPOS="207"/>
							<String ID="string_34" HPOS="228" VPOS="357" WIDTH="53" HEIGHT="21" WC="0.96" CONTENT="flere"/><SP WIDTH="18" VPOS="357" HPOS="281"/>
							<String ID="string_35" HPOS="299" VPOS="357" WIDTH="82" HEIGHT="27" WC="0.96" CONTENT="länder,"/><SP WIDTH="16" VPOS="357" HPOS="381"/>
							<String ID="string_36" HPOS="397" VPOS="359" WIDTH="83" HEIGHT="19" WC="0.95" CONTENT="ansetts"/><SP WIDTH="23" VPOS="359" HPOS="480"/>
							<String ID="string_37" HPOS="503" VPOS="358" WIDTH="90" HEIGHT="21" WC="0.95" CONTENT="framför"/><SP WIDTH="15" VPOS="358" HPOS="593"/>
							<String ID="string_38" HPOS="608" VPOS="358" WIDTH="26" HEIGHT="20" WC="0.96" CONTENT="de"/><SP WIDTH="15" VPOS="358" HPOS="634"/>
							<String ID="string_39" HPOS="649" VPOS="358" WIDTH="7" HEIGHT="20" WC="0.96" CONTENT="i"/><SP WIDTH="15" VPOS="358" HPOS="656"/>
							<String ID="string_40" HPOS="671" VPOS="358" WIDTH="110" HEIGHT="27" WC="0.93" CONTENT="åtskilliga"/><SP WIDTH="15" VPOS="358" HPOS="781"/>
							<String ID="string_41" HPOS="796" VPOS="365" WIDTH="36" HEIGHT="15" WC="0.93" CONTENT="an-"/>
						</TextLine>
						<TextLine ID="line_6" HPOS="76" VPOS="392" WIDTH="758" HEIGHT="26">
							<String ID="string_42" HPOS="76" VPOS="392" WIDTH="42" HEIGHT="21" WC="0.95" CONTENT="dra"/><SP WIDTH="22" VPOS="392" HPOS="118"/>
							<String ID="string_43" HPOS="140" VPOS="393" WIDTH="68" HEIGHT="20" WC="0.96" CONTENT="stater"/><SP WIDTH="22" VPOS="393" HPOS="208"/>
							<String ID="string_44" HPOS="230" VPOS="393" WIDTH="101" HEIGHT="25" WC="0.95" CONTENT="antagna,"/><SP WIDTH="15" VPOS="393" HPOS="331"/>
							<String ID="string_45" HPOS="346" VPOS="392" WIDTH="50" HEIGHT="21" WC="0.96" CONTENT="bäst"/><SP WIDTH="15" VPOS="392" HPOS="396"/>
							<String ID="string_46" HPOS="411" VPOS="398" WIDTH="55" HEIGHT="20" WC="0.95" CONTENT="egna"/><SP WIDTH="15" VPOS="398" HPOS="466"/>
							<String ID="string_47" HPOS="481" VPOS="392" WIDTH="34" HEIGHT="26" WC="0.96" CONTENT="sig"/><SP WIDTH="15" VPOS="392" HPOS="515"/>
							<String ID="string_48" HPOS="530" VPOS="392" WIDTH="34" HEIGHT="22" WC="0.96" CONTENT="för"/><SP WIDTH="14" VPOS="392" HPOS="564"/>
							<String ID="string_49" HPOS="578" VPOS="392" WIDTH="98" HEIGHT="26" WC="0.96" CONTENT="Finland,"/><SP WIDTH="16" VPOS="392" HPOS="676"/>
							<String ID="string_50" HPOS="692" VPOS="393" WIDTH="89" HEIGHT="21" WC="0.96" CONTENT="emedan"/><SP WIDTH="16" VPOS="393" HPOS="781"/>
							<String ID="string_51" HPOS="797" VPOS="393" WIDTH="37" HEIGHT="21" WC="0.96" CONTENT="det"/>
						</TextLine>
						<TextLine ID="line_7" HPOS="77" VPOS="426" WIDTH="756" HEIGHT="28">
							<String ID="string_52" HPOS="77" VPOS="426" WIDTH="89" HEIGHT="22" WC="0.95" CONTENT="franska"/><SP WIDTH="16" VPOS="426" HPOS="166"/>
							<String ID="string_53" HPOS="182" VPOS="428" WIDTH="103" HEIGHT="25" WC="0.96" CONTENT="systemet"/><SP WIDTH="15" VPOS="428" HPOS="285"/>
							<String ID="string_54" HPOS="300" VPOS="428" WIDTH="97" HEIGHT="20" WC="0.96" CONTENT="närmast"/><SP WIDTH="18" VPOS="428" HPOS="397"/>
							<String ID="string_55" HPOS="415" VPOS="426" WIDTH="97" HEIGHT="22" WC="0.96" CONTENT="ansluter"/><SP WIDTH="18" VPOS="426" HPOS="512"/>
							<String ID="string_56" HPOS="530" VPOS="426" WIDTH="34" HEIGHT="27" WC="0.96" CONTENT="sig"/><SP WIDTH="15" VPOS="426" HPOS="564"/>
							<String ID="string_57" HPOS="579" VPOS="427" WIDTH="34" HEIGHT="21" WC="0.96" CONTENT="till"/><SP WIDTH="15" VPOS="427" HPOS="613"/>
							<String ID="string_58" HPOS="628" VPOS="427" WIDTH="84" HEIGHT="21" WC="0.96" CONTENT="landets"/><SP WIDTH="16" VPOS="427" HPOS="712"/>
							<String ID="string_59" HPOS="728" VPOS="427" WIDTH="40" HEIGHT="21" WC="0.90" CONTENT="och"/><SP WIDTH="14" VPOS="427" HPOS="768"/>
							<String ID="string_60" HPOS="782" VPOS="427" WIDTH="51" HEIGHT="27" WC="0.90" CONTENT="Kej-"/>
						</TextLine>
						<TextLine ID="line_8" HPOS="76" VPOS="460" WIDTH="772" HEIGHT="29">
							<String ID="string_61" HPOS="76" VPOS="461" WIDTH="136" HEIGHT="21" WC="0.92" CONTENT="saredömets"/><SP WIDTH="21" VPOS="461" HPOS="212"/>
							<String ID="string_62" HPOS="233" VPOS="467" WIDTH="30" HEIGHT="15" WC="0.96" CONTENT="nu"/><SP WIDTH="23" VPOS="467" HPOS="263"/>
							<String ID="string_63" HPOS="286" VPOS="460" WIDTH="96" HEIGHT="22" WC="0.94" CONTENT="rådande"/><SP WIDTH="15" VPOS="460" HPOS="382"/>
							<String ID="string_64" HPOS="397" VPOS="461" WIDTH="108" HEIGHT="21" WC="0.93" CONTENT="likartade"/><SP WIDTH="13" VPOS="461" HPOS="505"/>
							<String ID="string_65" HPOS="518" VPOS="461" WIDTH="160" HEIGHT="27" WC="0.92" CONTENT="myntväsende,"/><SP WIDTH="17" VPOS="461" HPOS="678"/>
							<String ID="string_66" HPOS="695" VPOS="461" WIDTH="153" HEIGHT="28" WC="0.64" CONTENT="hvarigenom"/>
						</TextLine>
						<TextLine ID="line_9" HPOS="78" VPOS="495" WIDTH="755" HEIGHT="27">
							<String ID="string_67" HPOS="78" VPOS="495" WIDTH="144" HEIGHT="27" WC="0.90" CONTENT="öfvergången"/><SP WIDTH="23" VPOS="495" HPOS="222"/>
							<String ID="string_68" HPOS="245" VPOS="495" WIDTH="34" HEIGHT="21" WC="0.96" CONTENT="till"/><SP WIDTH="19" VPOS="495" HPOS="279"/>
							<String ID="string_69" HPOS="298" VPOS="495" WIDTH="41" HEIGHT="21" WC="0.96" CONTENT="den"/><SP WIDTH="15" VPOS="495" HPOS="339"/>
							<String ID="string_70" HPOS="354" VPOS="502" WIDTH="42" HEIGHT="20" WC="0.93" CONTENT="nya"/><SP WIDTH="14" VPOS="502" HPOS="396"/>
							<String ID="string_71" HPOS="410" VPOS="495" WIDTH="121" HEIGHT="27" WC="0.92" CONTENT="myntfoten"/><SP WIDTH="15" VPOS="495" HPOS="531"/>
							<String ID="string_72" HPOS="546" VPOS="496" WIDTH="42" HEIGHT="20" WC="0.96" CONTENT="kan"/><SP WIDTH="16" VPOS="496" HPOS="588"/>
							<String ID="string_73" HPOS="604" VPOS="498" WIDTH="52" HEIGHT="19" WC="0.93" CONTENT="utan"/><SP WIDTH="15" VPOS="498" HPOS="656"/>
							<String ID="string_74" HPOS="671" VPOS="496" WIDTH="162" HEIGHT="26" WC="0.90" CONTENT="anmärknings-"/>
						</TextLine>
						<TextLine ID="line_10" HPOS="76" VPOS="530" WIDTH="758" HEIGHT="28">
							<String ID="string_75" HPOS="76" VPOS="530" WIDTH="69" HEIGHT="21" WC="0.96" CONTENT="värda"/><SP WIDTH="15" VPOS="530" HPOS="145"/>
							<String ID="string_76" HPOS="160" VPOS="530" WIDTH="138" HEIGHT="26" WC="0.96" CONTENT="olägenheter"/><SP WIDTH="15" VPOS="530" HPOS="298"/>
							<String ID="string_77" HPOS="313" VPOS="530" WIDTH="136" HEIGHT="27" WC="0.96" CONTENT="verkställas,"/><SP WIDTH="16" VPOS="530" HPOS="449"/>
							<String ID="string_78" HPOS="465" VPOS="530" WIDTH="28" HEIGHT="27" WC="0.96" CONTENT="på"/><SP WIDTH="15" VPOS="530" HPOS="493"/>
							<String ID="string_79" HPOS="508" VPOS="536" WIDTH="82" HEIGHT="16" WC="0.96" CONTENT="samma"/><SP WIDTH="14" VPOS="536" HPOS="590"/>
							<String ID="string_80" HPOS="604" VPOS="530" WIDTH="57" HEIGHT="27" WC="0.93" CONTENT="gång"/><SP WIDTH="14" VPOS="530" HPOS="661"/>
							<String ID="string_81" HPOS="675" VPOS="532" WIDTH="69" HEIGHT="26" WC="0.91" CONTENT="mynt-"/><SP WIDTH="9" VPOS="532" HPOS="744"/>
							<String ID="string_82" HPOS="753" VPOS="531" WIDTH="39" HEIGHT="21" WC="0.93" CONTENT="och"/><SP WIDTH="11" VPOS="531" HPOS="792"/>
							<String ID="string_83" HPOS="803" VPOS="531" WIDTH="31" HEIGHT="21" WC="0.93" CONTENT="af-"/>
						</TextLine>
						<TextLine ID="line_11" HPOS="77" VPOS="564" WIDTH="757" HEIGHT="28">
							<String ID="string_84" HPOS="77" VPOS="564" WIDTH="219" HEIGHT="21" WC="0.91" CONTENT="färsförbindelserna"/><SP WIDTH="15" VPOS="564" HPOS="296"/>
							<String ID="string_85" HPOS="311" VPOS="564" WIDTH="91" HEIGHT="21" WC="0.74" CONTENT="emellan"/><SP WIDTH="15" VPOS="564" HPOS="402"/>
							<String ID="string_86" HPOS="417" VPOS="564" WIDTH="107" HEIGHT="28" WC="0.96" CONTENT="Ryssland"/><SP WIDTH="16" VPOS="564" HPOS="524"/>
							<String ID="string_87" HPOS="540" VPOS="564" WIDTH="39" HEIGHT="22" WC="0.96" CONTENT="och"/><SP WIDTH="15" VPOS="564" HPOS="579"/>
							<String ID="string_88" HPOS="594" VPOS="564" WIDTH="92" HEIGHT="22" WC="0.96" CONTENT="Finland"/><SP WIDTH="10" VPOS="564" HPOS="686"/>
							<String ID="string_89" HPOS="696" VPOS="564" WIDTH="62" HEIGHT="22" WC="0.93" CONTENT="deraf"/><SP WIDTH="10" VPOS="564" HPOS="758"/>
							<String ID="string_90" HPOS="768" VPOS="567" WIDTH="66" HEIGHT="19" WC="0.91" CONTENT="emot-"/>
						</TextLine>
						<TextLine ID="line_12" HPOS="78" VPOS="598" WIDTH="391" HEIGHT="28">
							<String ID="string_91" HPOS="78" VPOS="600" WIDTH="51" HEIGHT="26" WC="0.95" CONTENT="taga"/><SP WIDTH="15" VPOS="600" HPOS="129"/>
							<String ID="string_92" HPOS="144" VPOS="599" WIDTH="50" HEIGHT="26" WC="0.96" CONTENT="föga"/><SP WIDTH="16" VPOS="599" HPOS="194"/>
							<String ID="string_93" HPOS="210" VPOS="598" WIDTH="51" HEIGHT="22" WC="0.96" CONTENT="eller"/><SP WIDTH="15" VPOS="598" HPOS="261"/>
							<String ID="string_94" HPOS="276" VPOS="599" WIDTH="65" HEIGHT="27" WC="0.93" CONTENT="ingen"/><SP WIDTH="15" VPOS="599" HPOS="341"/>
							<String ID="string_95" HPOS="356" VPOS="599" WIDTH="113" HEIGHT="27" WC="0.91" CONTENT="rubbning."/>
						</TextLine>
					</TextBlock>
					<TextBlock ID="block_3" HPOS="78" VPOS="632" WIDTH="784" HEIGHT="886">
						<TextLine ID="line_13" HPOS="151" VPOS="632" WIDTH="683" HEIGHT="28">
							<String ID="string_96" HPOS="151" VPOS="633" WIDTH="46" HEIGHT="21" WC="0.96" CONTENT="När"/><SP WIDTH="15" VPOS="633" HPOS="197"/>
							<String ID="string_97" HPOS="212" VPOS="639" WIDTH="26" HEIGHT="15" WC="0.93" CONTENT="en"/><SP WIDTH="14" VPOS="639" HPOS="238"/>
							<String ID="string_98" HPOS="252" VPOS="632" WIDTH="187" HEIGHT="28" WC="0.92" CONTENT="myntförändring"/><SP WIDTH="16" VPOS="632" HPOS="439"/>
							<String ID="string_99" HPOS="455" VPOS="635" WIDTH="24" HEIGHT="19" WC="0.96" CONTENT="är"/><SP WIDTH="15" VPOS="635" HPOS="479"/>
							<String ID="string_100" HPOS="494" VPOS="634" WIDTH="34" HEIGHT="20" WC="0.96" CONTENT="för"/><SP WIDTH="15" VPOS="634" HPOS="528"/>
							<String ID="string_101" HPOS="543" VPOS="634" WIDTH="113" HEIGHT="20" WC="0.96" CONTENT="nationens"/><SP WIDTH="15" VPOS="634" HPOS="656"/>
							<String ID="string_102" HPOS="671" VPOS="634" WIDTH="49" HEIGHT="21" WC="0.96" CONTENT="hela"/><SP WIDTH="16" VPOS="634" HPOS="720"/>
							<String ID="string_103" HPOS="736" VPOS="634" WIDTH="98" HEIGHT="21" WC="0.96" CONTENT="ekonomi"/>
						</TextLine>
						<TextLine ID="line_14" HPOS="79" VPOS="667" WIDTH="756" HEIGHT="28">
							<String ID="string_104" HPOS="79" VPOS="667" WIDTH="126" HEIGHT="26" WC="0.95" CONTENT="oundviklig"/><SP WIDTH="23" VPOS="667" HPOS="205"/>
							<String ID="string_105" HPOS="228" VPOS="668" WIDTH="39" HEIGHT="20" WC="0.96" CONTENT="och"/><SP WIDTH="23" VPOS="668" HPOS="267"/>
							<String ID="string_106" HPOS="290" VPOS="669" WIDTH="71" HEIGHT="19" WC="0.96" CONTENT="staten"/><SP WIDTH="18" VPOS="669" HPOS="361"/>
							<String ID="string_107" HPOS="379" VPOS="667" WIDTH="69" HEIGHT="21" WC="0.96" CONTENT="finner"/><SP WIDTH="15" VPOS="667" HPOS="448"/>
							<String ID="string_108" HPOS="463" VPOS="668" WIDTH="33" HEIGHT="26" WC="0.96" CONTENT="sig"/><SP WIDTH="15" VPOS="668" HPOS="496"/>
							<String ID="string_109" HPOS="511" VPOS="668" WIDTH="79" HEIGHT="21" WC="0.95" CONTENT="försatt"/><SP WIDTH="18" VPOS="668" HPOS="590"/>
							<String ID="string_110" HPOS="608" VPOS="668" WIDTH="4" HEIGHT="20" WC="0.96" CONTENT="i"/><SP WIDTH="15" VPOS="668" HPOS="612"/>
							<String ID="string_111" HPOS="627" VPOS="668" WIDTH="160" HEIGHT="27" WC="0.95" CONTENT="nödvändighet"/><SP WIDTH="15" VPOS="668" HPOS="787"/>
							<String ID="string_112" HPOS="802" VPOS="670" WIDTH="33" HEIGHT="19" WC="0.95" CONTENT="att"/>
						</TextLine>
						<TextLine ID="line_15" HPOS="79" VPOS="701" WIDTH="757" HEIGHT="28">
							<String ID="string_113" HPOS="79" VPOS="701" WIDTH="88" HEIGHT="26" WC="0.96" CONTENT="vidtaga"/><SP WIDTH="18" VPOS="701" HPOS="167"/>
							<String ID="string_114" HPOS="185" VPOS="707" WIDTH="27" HEIGHT="16" WC="0.96" CONTENT="en"/><SP WIDTH="20" VPOS="707" HPOS="212"/>
							<String ID="string_115" HPOS="232" VPOS="701" WIDTH="73" HEIGHT="26" WC="0.93" CONTENT="sådan,"/><SP WIDTH="20" VPOS="701" HPOS="305"/>
							<String ID="string_116" HPOS="325" VPOS="701" WIDTH="87" HEIGHT="21" WC="0.92" CONTENT="kräfver"/><SP WIDTH="16" VPOS="701" HPOS="412"/>
							<String ID="string_117" HPOS="428" VPOS="702" WIDTH="114" HEIGHT="21" WC="0.96" CONTENT="omtanken"/><SP WIDTH="16" VPOS="702" HPOS="542"/>
							<String ID="string_118" HPOS="558" VPOS="703" WIDTH="32" HEIGHT="20" WC="0.92" CONTENT="att"/><SP WIDTH="15" VPOS="703" HPOS="590"/>
							<String ID="string_119" HPOS="605" VPOS="702" WIDTH="134" HEIGHT="27" WC="0.92" CONTENT="undanrödja"/><SP WIDTH="15" VPOS="702" HPOS="739"/>
							<String ID="string_120" HPOS="754" VPOS="702" WIDTH="82" HEIGHT="27" WC="0.95" CONTENT="otaliga"/>
						</TextLine>
						<TextLine ID="line_16" HPOS="80" VPOS="736" WIDTH="756" HEIGHT="27">
							<String ID="string_121" HPOS="80" VPOS="736" WIDTH="141" HEIGHT="27" WC="0.96" CONTENT="anledningar"/><SP WIDTH="15" VPOS="736" HPOS="221"/>
							<String ID="string_122" HPOS="236" VPOS="737" WIDTH="33" HEIGHT="20" WC="0.95" CONTENT="till"/><SP WIDTH="16" VPOS="737" HPOS="269"/>
							<String ID="string_123" HPOS="285" VPOS="736" WIDTH="77" HEIGHT="21" WC="0.95" CONTENT="tvister"/><SP WIDTH="16" VPOS="736" HPOS="362"/>
							<String ID="string_124" HPOS="378" VPOS="737" WIDTH="40" HEIGHT="20" WC="0.96" CONTENT="och"/><SP WIDTH="14" VPOS="737" HPOS="418"/>
							<String ID="string_125" HPOS="432" VPOS="736" WIDTH="159" HEIGHT="27" WC="0.93" CONTENT="förvecklingar"/><SP WIDTH="15" VPOS="736" HPOS="591"/>
							<String ID="string_126" HPOS="606" VPOS="736" WIDTH="139" HEIGHT="27" WC="0.91" CONTENT="oeftergifligt"/><SP WIDTH="10" VPOS="736" HPOS="745"/>
							<String ID="string_127" HPOS="755" VPOS="738" WIDTH="33" HEIGHT="20" WC="0.96" CONTENT="att"/><SP WIDTH="11" VPOS="738" HPOS="788"/>
							<String ID="string_128" HPOS="799" VPOS="737" WIDTH="37" HEIGHT="21" WC="0.95" CONTENT="det"/>
						</TextLine>
						<TextLine ID="line_17" HPOS="79" VPOS="770" WIDTH="757" HEIGHT="28">
							<String ID="string_129" HPOS="79" VPOS="770" WIDTH="48" HEIGHT="21" WC="0.93" CONTENT="icke"/><SP WIDTH="22" VPOS="770" HPOS="127"/>
							<String ID="string_130" HPOS="149" VPOS="771" WIDTH="81" HEIGHT="20" WC="0.92" CONTENT="lemnas"/><SP WIDTH="23" VPOS="771" HPOS="230"/>
							<String ID="string_131" HPOS="253" VPOS="770" WIDTH="108" HEIGHT="21" WC="0.95" CONTENT="beroende"/><SP WIDTH="22" VPOS="770" HPOS="361"/>
							<String ID="string_132" HPOS="383" VPOS="770" WIDTH="24" HEIGHT="21" WC="0.92" CONTENT="af"/><SP WIDTH="13" VPOS="770" HPOS="407"/>
							<String ID="string_133" HPOS="420" VPOS="770" WIDTH="160" HEIGHT="27" WC="0.91" CONTENT="tillfälligheten"/><SP WIDTH="15" VPOS="770" HPOS="580"/>
							<String ID="string_134" HPOS="595" VPOS="771" WIDTH="40" HEIGHT="21" WC="0.93" CONTENT="och"/><SP WIDTH="14" VPOS="771" HPOS="635"/>
							<String ID="string_135" HPOS="649" VPOS="771" WIDTH="117" HEIGHT="27" WC="0.92" CONTENT="godtycket"/><SP WIDTH="14" VPOS="771" HPOS="766"/>
							<String ID="string_136" HPOS="780" VPOS="771" WIDTH="56" HEIGHT="21" WC="0.96" CONTENT="huru"/>
						</TextLine>
						<TextLine ID="line_18" HPOS="78" VPOS="804" WIDTH="758" HEIGHT="28">
							<String ID="string_137" HPOS="78" VPOS="805" WIDTH="68" HEIGHT="26" WC="0.96" CONTENT="äldre,"/><SP WIDTH="16" VPOS="805" HPOS="146"/>
							<String ID="string_138" HPOS="162" VPOS="805" WIDTH="47" HEIGHT="21" WC="0.96" CONTENT="före"/><SP WIDTH="16" VPOS="805" HPOS="209"/>
							<String ID="string_139" HPOS="225" VPOS="805" WIDTH="41" HEIGHT="21" WC="0.96" CONTENT="den"/><SP WIDTH="14" VPOS="805" HPOS="266"/>
							<String ID="string_140" HPOS="280" VPOS="804" WIDTH="86" HEIGHT="22" WC="0.96" CONTENT="införda"/><SP WIDTH="18" VPOS="804" HPOS="366"/>
							<String ID="string_141" HPOS="384" VPOS="805" WIDTH="152" HEIGHT="26" WC="0.96" CONTENT="förändringen"/><SP WIDTH="19" VPOS="805" HPOS="536"/>
							<String ID="string_142" HPOS="555" VPOS="805" WIDTH="123" HEIGHT="27" WC="0.96" CONTENT="uppkomna"/><SP WIDTH="14" VPOS="805" HPOS="678"/>
							<String ID="string_143" HPOS="692" VPOS="805" WIDTH="144" HEIGHT="22" WC="0.96" CONTENT="förbindelser"/>
						</TextLine>
						<TextLine ID="line_19" HPOS="79" VPOS="839" WIDTH="756" HEIGHT="30">
							<String ID="string_144" HPOS="79" VPOS="839" WIDTH="41" HEIGHT="22" WC="0.92" CONTENT="och"/><SP WIDTH="22" VPOS="839" HPOS="120"/>
							<String ID="string_145" HPOS="142" VPOS="839" WIDTH="271" HEIGHT="27" WC="0.89" CONTENT="betalningsskyldigheter"/><SP WIDTH="22" VPOS="839" HPOS="413"/>
							<String ID="string_146" HPOS="435" VPOS="839" WIDTH="62" HEIGHT="22" WC="0.96" CONTENT="skola"/><SP WIDTH="22" VPOS="839" HPOS="497"/>
							<String ID="string_147" HPOS="519" VPOS="840" WIDTH="7" HEIGHT="21" WC="0.96" CONTENT="i"/><SP WIDTH="23" VPOS="840" HPOS="526"/>
							<String ID="string_148" HPOS="549" VPOS="840" WIDTH="36" HEIGHT="21" WC="0.96" CONTENT="det"/><SP WIDTH="15" VPOS="840" HPOS="585"/>
							<String ID="string_149" HPOS="600" VPOS="846" WIDTH="42" HEIGHT="21" WC="0.96" CONTENT="nya"/><SP WIDTH="14" VPOS="846" HPOS="642"/>
							<String ID="string_150" HPOS="656" VPOS="842" WIDTH="82" HEIGHT="25" WC="0.93" CONTENT="myntet"/><SP WIDTH="15" VPOS="842" HPOS="738"/>
							<String ID="string_151" HPOS="753" VPOS="840" WIDTH="82" HEIGHT="29" WC="0.93" CONTENT="gäldas,"/>
						</TextLine>
						<TextLine ID="line_20" HPOS="80" VPOS="873" WIDTH="755" HEIGHT="22">
							<String ID="string_152" HPOS="80" VPOS="874" WIDTH="101" HEIGHT="21" WC="0.91" CONTENT="hvarföre"/><SP WIDTH="22" VPOS="874" HPOS="181"/>
							<String ID="string_153" HPOS="203" VPOS="873" WIDTH="137" HEIGHT="22" WC="0.96" CONTENT="föreskrifter"/><SP WIDTH="15" VPOS="873" HPOS="340"/>
							<String ID="string_154" HPOS="355" VPOS="874" WIDTH="7" HEIGHT="20" WC="0.96" CONTENT="i"/><SP WIDTH="16" VPOS="874" HPOS="362"/>
							<String ID="string_155" HPOS="378" VPOS="873" WIDTH="60" HEIGHT="21" WC="0.96" CONTENT="detta"/><SP WIDTH="18" VPOS="873" HPOS="438"/>
							<String ID="string_156" HPOS="456" VPOS="874" WIDTH="101" HEIGHT="21" WC="0.96" CONTENT="afseende"/><SP WIDTH="15" VPOS="874" HPOS="557"/>
							<String ID="string_157" HPOS="572" VPOS="873" WIDTH="47" HEIGHT="22" WC="0.96" CONTENT="icke"/><SP WIDTH="15" VPOS="873" HPOS="619"/>
							<String ID="string_158" HPOS="634" VPOS="874" WIDTH="72" HEIGHT="21" WC="0.93" CONTENT="kunna"/><SP WIDTH="15" VPOS="874" HPOS="706"/>
							<String ID="string_159" HPOS="721" VPOS="875" WIDTH="114" HEIGHT="20" WC="0.91" CONTENT="undvaras."/>
						</TextLine>
						<TextLine ID="line_21" HPOS="82" VPOS="907" WIDTH="755" HEIGHT="28">
							<String ID="string_160" HPOS="82" VPOS="908" WIDTH="112" HEIGHT="27" WC="0.88" CONTENT="Sjelffallet"/><SP WIDTH="16" VPOS="908" HPOS="194"/>
							<String ID="string_161" HPOS="210" VPOS="910" WIDTH="24" HEIGHT="19" WC="0.96" CONTENT="är"/><SP WIDTH="14" VPOS="910" HPOS="234"/>
							<String ID="string_162" HPOS="248" VPOS="910" WIDTH="33" HEIGHT="19" WC="0.96" CONTENT="att"/><SP WIDTH="15" VPOS="910" HPOS="281"/>
							<String ID="string_163" HPOS="296" VPOS="908" WIDTH="64" HEIGHT="21" WC="0.96" CONTENT="dessa"/><SP WIDTH="15" VPOS="908" HPOS="360"/>
							<String ID="string_164" HPOS="375" VPOS="907" WIDTH="136" HEIGHT="22" WC="0.96" CONTENT="föreskrifter"/><SP WIDTH="15" VPOS="907" HPOS="511"/>
							<String ID="string_165" HPOS="526" VPOS="908" WIDTH="53" HEIGHT="21" WC="0.93" CONTENT="böra"/><SP WIDTH="15" VPOS="908" HPOS="579"/>
							<String ID="string_166" HPOS="594" VPOS="908" WIDTH="58" HEIGHT="21" WC="0.92" CONTENT="hvila"/><SP WIDTH="15" VPOS="908" HPOS="652"/>
							<String ID="string_167" HPOS="667" VPOS="908" WIDTH="28" HEIGHT="27" WC="0.96" CONTENT="på"/><SP WIDTH="15" VPOS="908" HPOS="695"/>
							<String ID="string_168" HPOS="710" VPOS="909" WIDTH="41" HEIGHT="20" WC="0.96" CONTENT="den"/><SP WIDTH="16" VPOS="909" HPOS="751"/>
							<String ID="string_169" HPOS="767" VPOS="909" WIDTH="70" HEIGHT="26" WC="0.96" CONTENT="grund"/>
						</TextLine>
						<TextLine ID="line_22" HPOS="82" VPOS="942" WIDTH="755" HEIGHT="27">
							<String ID="string_170" HPOS="82" VPOS="944" WIDTH="32" HEIGHT="20" WC="0.93" CONTENT="att"/><SP WIDTH="22" VPOS="944" HPOS="114"/>
							<String ID="string_171" HPOS="136" VPOS="942" WIDTH="96" HEIGHT="22" WC="0.91" CONTENT="hvarken"/><SP WIDTH="22" VPOS="942" HPOS="232"/>
							<String ID="string_172" HPOS="254" VPOS="943" WIDTH="107" HEIGHT="26" WC="0.92" CONTENT="borgenär"/><SP WIDTH="22" VPOS="943" HPOS="361"/>
							<String ID="string_173" HPOS="383" VPOS="943" WIDTH="53" HEIGHT="20" WC="0.93" CONTENT="eller"/><SP WIDTH="19" VPOS="943" HPOS="436"/>
							<String ID="string_174" HPOS="455" VPOS="943" WIDTH="102" HEIGHT="26" WC="0.92" CONTENT="gäldenär"/><SP WIDTH="15" VPOS="943" HPOS="557"/>
							<String ID="string_175" HPOS="572" VPOS="942" WIDTH="67" HEIGHT="21" WC="0.93" CONTENT="blifva"/><SP WIDTH="15" VPOS="942" HPOS="639"/>
							<String ID="string_176" HPOS="654" VPOS="943" WIDTH="75" HEIGHT="21" WC="0.92" CONTENT="dervid"/><SP WIDTH="15" VPOS="943" HPOS="729"/>
							<String ID="string_177" HPOS="744" VPOS="943" WIDTH="93" HEIGHT="22" WC="0.96" CONTENT="lidande."/>
						</TextLine>
						<TextLine ID="line_23" HPOS="82" VPOS="976" WIDTH="755" HEIGHT="28">
							<String ID="string_178" HPOS="82" VPOS="977" WIDTH="35" HEIGHT="22" WC="0.96" CONTENT="Då"/><SP WIDTH="21" VPOS="977" HPOS="117"/>
							<String ID="string_179" HPOS="138" VPOS="977" WIDTH="120" HEIGHT="21" WC="0.96" CONTENT="emellertid"/><SP WIDTH="22" VPOS="977" HPOS="258"/>
							<String ID="string_180" HPOS="280" VPOS="983" WIDTH="26" HEIGHT="15" WC="0.95" CONTENT="en"/><SP WIDTH="24" VPOS="983" HPOS="306"/>
							<String ID="string_181" HPOS="330" VPOS="977" WIDTH="79" HEIGHT="21" WC="0.95" CONTENT="allmän"/><SP WIDTH="22" VPOS="977" HPOS="409"/>
							<String ID="string_182" HPOS="431" VPOS="977" WIDTH="40" HEIGHT="21" WC="0.96" CONTENT="och"/><SP WIDTH="18" VPOS="977" HPOS="471"/>
							<String ID="string_183" HPOS="489" VPOS="977" WIDTH="77" HEIGHT="26" WC="0.95" CONTENT="tillika,"/><SP WIDTH="24" VPOS="977" HPOS="566"/>
							<String ID="string_184" HPOS="590" VPOS="976" WIDTH="6" HEIGHT="21" WC="0.96" CONTENT="i"/><SP WIDTH="24" VPOS="976" HPOS="596"/>
							<String ID="string_185" HPOS="620" VPOS="977" WIDTH="100" HEIGHT="21" WC="0.93" CONTENT="afseende"/><SP WIDTH="16" VPOS="977" HPOS="720"/>
							<String ID="string_186" HPOS="736" VPOS="977" WIDTH="12" HEIGHT="20" WC="0.91" CONTENT="å"/><SP WIDTH="15" VPOS="977" HPOS="748"/>
							<String ID="string_187" HPOS="763" VPOS="977" WIDTH="74" HEIGHT="27" WC="0.96" CONTENT="hvarje"/>
						</TextLine>
						<TextLine ID="line_24" HPOS="82" VPOS="1011" WIDTH="756" HEIGHT="26">
							<String ID="string_188" HPOS="82" VPOS="1011" WIDTH="96" HEIGHT="22" WC="0.96" CONTENT="särskild"/><SP WIDTH="14" VPOS="1011" HPOS="178"/>
							<String ID="string_189" HPOS="192" VPOS="1011" WIDTH="133" HEIGHT="21" WC="0.96" CONTENT="förbindelse"/><SP WIDTH="15" VPOS="1011" HPOS="325"/>
							<String ID="string_190" HPOS="340" VPOS="1011" WIDTH="49" HEIGHT="21" WC="0.96" CONTENT="fullt"/><SP WIDTH="19" VPOS="1011" HPOS="389"/>
							<String ID="string_191" HPOS="408" VPOS="1011" WIDTH="77" HEIGHT="21" WC="0.96" CONTENT="rättvis"/><SP WIDTH="18" VPOS="1011" HPOS="485"/>
							<String ID="string_192" HPOS="503" VPOS="1011" WIDTH="71" HEIGHT="26" WC="0.96" CONTENT="grund"/><SP WIDTH="18" VPOS="1011" HPOS="574"/>
							<String ID="string_193" HPOS="592" VPOS="1011" WIDTH="33" HEIGHT="21" WC="0.93" CONTENT="för"/><SP WIDTH="17" VPOS="1011" HPOS="625"/>
							<String ID="string_194" HPOS="642" VPOS="1011" WIDTH="133" HEIGHT="26" WC="0.92" CONTENT="omföringen"/><SP WIDTH="15" VPOS="1011" HPOS="775"/>
							<String ID="string_195" HPOS="790" VPOS="1011" WIDTH="48" HEIGHT="21" WC="0.96" CONTENT="icke"/>
						</TextLine>
						<TextLine ID="line_25" HPOS="81" VPOS="1045" WIDTH="757" HEIGHT="27">
							<String ID="string_196" HPOS="81" VPOS="1046" WIDTH="45" HEIGHT="21" WC="0.92" CONTENT="kan"/><SP WIDTH="14" VPOS="1046" HPOS="126"/>
							<String ID="string_197" HPOS="140" VPOS="1046" WIDTH="100" HEIGHT="26" WC="0.91" CONTENT="utfinnas,"/><SP WIDTH="16" VPOS="1046" HPOS="240"/>
							<String ID="string_198" HPOS="256" VPOS="1045" WIDTH="109" HEIGHT="22" WC="0.91" CONTENT="nödsakas"/><SP WIDTH="15" VPOS="1045" HPOS="365"/>
							<String ID="string_199" HPOS="380" VPOS="1045" WIDTH="137" HEIGHT="27" WC="0.96" CONTENT="lagstiftaren"/><SP WIDTH="16" VPOS="1045" HPOS="517"/>
							<String ID="string_200" HPOS="533" VPOS="1047" WIDTH="32" HEIGHT="19" WC="0.96" CONTENT="att"/><SP WIDTH="15" VPOS="1047" HPOS="565"/>
							<String ID="string_201" HPOS="580" VPOS="1045" WIDTH="117" HEIGHT="21" WC="0.96" CONTENT="inskränka"/><SP WIDTH="15" VPOS="1045" HPOS="697"/>
							<String ID="string_202" HPOS="712" VPOS="1046" WIDTH="33" HEIGHT="26" WC="0.96" CONTENT="sig"/><SP WIDTH="15" VPOS="1046" HPOS="745"/>
							<String ID="string_203" HPOS="760" VPOS="1046" WIDTH="34" HEIGHT="21" WC="0.93" CONTENT="till"/><SP WIDTH="10" VPOS="1046" HPOS="794"/>
							<String ID="string_204" HPOS="804" VPOS="1046" WIDTH="34" HEIGHT="21" WC="0.92" CONTENT="så-"/>
						</TextLine>
						<TextLine ID="line_26" HPOS="82" VPOS="1079" WIDTH="780" HEIGHT="28">
							<String ID="string_205" HPOS="82" VPOS="1081" WIDTH="56" HEIGHT="21" WC="0.95" CONTENT="dana"/><SP WIDTH="16" VPOS="1081" HPOS="138"/>
							<String ID="string_206" HPOS="154" VPOS="1080" WIDTH="142" HEIGHT="27" WC="0.95" CONTENT="föreskrifter,"/><SP WIDTH="16" VPOS="1080" HPOS="296"/>
							<String ID="string_207" HPOS="312" VPOS="1080" WIDTH="73" HEIGHT="21" WC="0.96" CONTENT="hvilka"/><SP WIDTH="15" VPOS="1080" HPOS="385"/>
							<String ID="string_208" HPOS="400" VPOS="1080" WIDTH="97" HEIGHT="27" WC="0.96" CONTENT="uppfylla"/><SP WIDTH="15" VPOS="1080" HPOS="497"/>
							<String ID="string_209" HPOS="512" VPOS="1080" WIDTH="117" HEIGHT="21" WC="0.93" CONTENT="rättvisans"/><SP WIDTH="16" VPOS="1080" HPOS="629"/>
							<String ID="string_210" HPOS="645" VPOS="1079" WIDTH="50" HEIGHT="22" WC="0.92" CONTENT="kraf"/><SP WIDTH="13" VPOS="1079" HPOS="695"/>
							<String ID="string_211" HPOS="708" VPOS="1080" WIDTH="130" HEIGHT="21" WC="0.18" CONTENT="åtminstone"/><SP WIDTH="19" VPOS="1080" HPOS="838"/>
							<String ID="string_212" HPOS="857" VPOS="1086" WIDTH="5" HEIGHT="5" WC="0.91" CONTENT="*"/>
						</TextLine>
						<TextLine ID="line_27" HPOS="82" VPOS="1114" WIDTH="756" HEIGHT="27">
							<String ID="string_213" HPOS="82" VPOS="1116" WIDTH="8" HEIGHT="20" WC="0.93" CONTENT="i"/><SP WIDTH="15" VPOS="1116" HPOS="90"/>
							<String ID="string_214" HPOS="105" VPOS="1115" WIDTH="88" HEIGHT="26" WC="0.91" CONTENT="hänsigt"/><SP WIDTH="15" VPOS="1115" HPOS="193"/>
							<String ID="string_215" HPOS="208" VPOS="1115" WIDTH="33" HEIGHT="21" WC="0.95" CONTENT="till"/><SP WIDTH="16" VPOS="1115" HPOS="241"/>
							<String ID="string_216" HPOS="257" VPOS="1115" WIDTH="26" HEIGHT="21" WC="0.95" CONTENT="de"/><SP WIDTH="15" VPOS="1115" HPOS="283"/>
							<String ID="string_217" HPOS="298" VPOS="1114" WIDTH="63" HEIGHT="22" WC="0.93" CONTENT="flesta"/><SP WIDTH="14" VPOS="1114" HPOS="361"/>
							<String ID="string_218" HPOS="375" VPOS="1114" WIDTH="177" HEIGHT="26" WC="0.91" CONTENT="förbindelserne,"/><SP WIDTH="16" VPOS="1114" HPOS="552"/>
							<String ID="string_219" HPOS="568" VPOS="1114" WIDTH="160" HEIGHT="21" WC="0.96" CONTENT="tillfredsställa"/><SP WIDTH="17" VPOS="1114" HPOS="728"/>
							<String ID="string_220" HPOS="745" VPOS="1114" WIDTH="26" HEIGHT="21" WC="0.93" CONTENT="de"/><SP WIDTH="13" VPOS="1114" HPOS="771"/>
							<String ID="string_221" HPOS="784" VPOS="1116" WIDTH="54" HEIGHT="20" WC="0.92" CONTENT="rätt-"/>
						</TextLine>
						<TextLine ID="line_28" HPOS="80" VPOS="1148" WIDTH="759" HEIGHT="28">
							<String ID="string_222" HPOS="80" VPOS="1150" WIDTH="85" HEIGHT="26" WC="0.86" CONTENT="mätiga"/><SP WIDTH="15" VPOS="1150" HPOS="165"/>
							<String ID="string_223" HPOS="180" VPOS="1149" WIDTH="121" HEIGHT="27" WC="0.96" CONTENT="anspråken"/><SP WIDTH="15" VPOS="1149" HPOS="301"/>
							<String ID="string_224" HPOS="316" VPOS="1149" WIDTH="29" HEIGHT="27" WC="0.96" CONTENT="på"/><SP WIDTH="15" VPOS="1149" HPOS="345"/>
							<String ID="string_225" HPOS="360" VPOS="1149" WIDTH="99" HEIGHT="21" WC="0.96" CONTENT="enkelhet"/><SP WIDTH="16" VPOS="1149" HPOS="459"/>
							<String ID="string_226" HPOS="475" VPOS="1149" WIDTH="40" HEIGHT="21" WC="0.96" CONTENT="och"/><SP WIDTH="14" VPOS="1149" HPOS="515"/>
							<String ID="string_227" HPOS="529" VPOS="1149" WIDTH="53" HEIGHT="21" WC="0.96" CONTENT="reda"/><SP WIDTH="15" VPOS="1149" HPOS="582"/>
							<String ID="string_228" HPOS="597" VPOS="1150" WIDTH="56" HEIGHT="19" WC="0.96" CONTENT="samt"/><SP WIDTH="11" VPOS="1150" HPOS="653"/>
							<String ID="string_229" HPOS="664" VPOS="1150" WIDTH="52" HEIGHT="25" WC="0.93" CONTENT="göra"/><SP WIDTH="10" VPOS="1150" HPOS="716"/>
							<String ID="string_230" HPOS="726" VPOS="1148" WIDTH="113" HEIGHT="27" WC="0.92" CONTENT="öfvergån-"/>
						</TextLine>
						<TextLine ID="line_29" HPOS="82" VPOS="1183" WIDTH="757" HEIGHT="27">
							<String ID="string_231" HPOS="82" VPOS="1190" WIDTH="42" HEIGHT="20" WC="0.96" CONTENT="gen"/><SP WIDTH="22" VPOS="1190" HPOS="124"/>
							<String ID="string_232" HPOS="146" VPOS="1184" WIDTH="72" HEIGHT="26" WC="0.96" CONTENT="hastig"/><SP WIDTH="23" VPOS="1184" HPOS="218"/>
							<String ID="string_233" HPOS="241" VPOS="1184" WIDTH="39" HEIGHT="20" WC="0.96" CONTENT="och"/><SP WIDTH="22" VPOS="1184" HPOS="280"/>
							<String ID="string_234" HPOS="302" VPOS="1183" WIDTH="67" HEIGHT="21" WC="0.96" CONTENT="minst"/><SP WIDTH="22" VPOS="1183" HPOS="369"/>
							<String ID="string_235" HPOS="391" VPOS="1183" WIDTH="107" HEIGHT="21" WC="0.96" CONTENT="märkbar."/><SP WIDTH="31" VPOS="1183" HPOS="498"/>
							<String ID="string_236" HPOS="529" VPOS="1184" WIDTH="11" HEIGHT="20" WC="0.96" CONTENT="I"/><SP WIDTH="23" VPOS="1184" HPOS="540"/>
							<String ID="string_237" HPOS="563" VPOS="1183" WIDTH="141" HEIGHT="21" WC="0.95" CONTENT="betraktande"/><SP WIDTH="24" VPOS="1183" HPOS="704"/>
							<String ID="string_238" HPOS="728" VPOS="1183" WIDTH="62" HEIGHT="21" WC="0.96" CONTENT="deraf"/><SP WIDTH="16" VPOS="1183" HPOS="790"/>
							<String ID="string_239" HPOS="806" VPOS="1184" WIDTH="33" HEIGHT="20" WC="0.96" CONTENT="att"/>
						</TextLine>
						<TextLine ID="line_30" HPOS="82" VPOS="1216" WIDTH="756" HEIGHT="28">
							<String ID="string_240" HPOS="82" VPOS="1218" WIDTH="214" HEIGHT="21" WC="0.92" CONTENT="värdeförhällandet"/><SP WIDTH="23" VPOS="1218" HPOS="296"/>
							<String ID="string_241" HPOS="319" VPOS="1217" WIDTH="90" HEIGHT="21" WC="0.96" CONTENT="emellan"/><SP WIDTH="22" VPOS="1217" HPOS="409"/>
							<String ID="string_242" HPOS="431" VPOS="1217" WIDTH="52" HEIGHT="27" WC="0.96" CONTENT="guld"/><SP WIDTH="23" VPOS="1217" HPOS="483"/>
							<String ID="string_243" HPOS="506" VPOS="1218" WIDTH="39" HEIGHT="20" WC="0.93" CONTENT="och"/><SP WIDTH="23" VPOS="1218" HPOS="545"/>
							<String ID="string_244" HPOS="568" VPOS="1216" WIDTH="74" HEIGHT="22" WC="0.91" CONTENT="silfver"/><SP WIDTH="20" VPOS="1216" HPOS="642"/>
							<String ID="string_245" HPOS="662" VPOS="1216" WIDTH="22" HEIGHT="22" WC="0.96" CONTENT="af"/><SP WIDTH="19" VPOS="1216" HPOS="684"/>
							<String ID="string_246" HPOS="703" VPOS="1218" WIDTH="9" HEIGHT="20" WC="0.96" CONTENT="1"/><SP WIDTH="21" VPOS="1218" HPOS="712"/>
							<String ID="string_247" HPOS="733" VPOS="1217" WIDTH="33" HEIGHT="21" WC="0.96" CONTENT="till"/><SP WIDTH="18" VPOS="1217" HPOS="766"/>
							<String ID="string_248" HPOS="784" VPOS="1216" WIDTH="54" HEIGHT="26" WC="0.96" CONTENT="15%"/>
						</TextLine>
						<TextLine ID="line_31" HPOS="84" VPOS="1251" WIDTH="756" HEIGHT="27">
							<String ID="string_249" HPOS="84" VPOS="1252" WIDTH="69" HEIGHT="21" WC="0.95" CONTENT="under"/><SP WIDTH="23" VPOS="1252" HPOS="153"/>
							<String ID="string_250" HPOS="176" VPOS="1258" WIDTH="26" HEIGHT="15" WC="0.95" CONTENT="en"/><SP WIDTH="23" VPOS="1258" HPOS="202"/>
							<String ID="string_251" HPOS="225" VPOS="1252" WIDTH="74" HEIGHT="26" WC="0.96" CONTENT="längre"/><SP WIDTH="22" VPOS="1252" HPOS="299"/>
							<String ID="string_252" HPOS="321" VPOS="1252" WIDTH="32" HEIGHT="20" WC="0.96" CONTENT="tid"/><SP WIDTH="23" VPOS="1252" HPOS="353"/>
							<String ID="string_253" HPOS="376" VPOS="1252" WIDTH="57" HEIGHT="20" WC="0.93" CONTENT="varit"/><SP WIDTH="22" VPOS="1252" HPOS="433"/>
							<String ID="string_254" HPOS="455" VPOS="1251" WIDTH="101" HEIGHT="27" WC="0.91" CONTENT="rädande,"/><SP WIDTH="24" VPOS="1251" HPOS="556"/>
							<String ID="string_255" HPOS="580" VPOS="1252" WIDTH="32" HEIGHT="20" WC="0.96" CONTENT="att"/><SP WIDTH="16" VPOS="1252" HPOS="612"/>
							<String ID="string_256" HPOS="628" VPOS="1258" WIDTH="26" HEIGHT="14" WC="0.93" CONTENT="en"/><SP WIDTH="15" VPOS="1258" HPOS="654"/>
							<String ID="string_257" HPOS="669" VPOS="1251" WIDTH="109" HEIGHT="27" WC="0.92" CONTENT="rubbning"/><SP WIDTH="14" VPOS="1251" HPOS="778"/>
							<String ID="string_258" HPOS="792" VPOS="1251" WIDTH="48" HEIGHT="21" WC="0.91" CONTENT="häri"/>
						</TextLine>
						<TextLine ID="line_32" HPOS="84" VPOS="1284" WIDTH="756" HEIGHT="27">
							<String ID="string_259" HPOS="84" VPOS="1286" WIDTH="57" HEIGHT="21" WC="0.96" CONTENT="först"/><SP WIDTH="14" VPOS="1286" HPOS="141"/>
							<String ID="string_260" HPOS="155" VPOS="1286" WIDTH="68" HEIGHT="21" WC="0.96" CONTENT="under"/><SP WIDTH="17" VPOS="1286" HPOS="223"/>
							<String ID="string_261" HPOS="240" VPOS="1286" WIDTH="26" HEIGHT="20" WC="0.93" CONTENT="de"/><SP WIDTH="16" VPOS="1286" HPOS="266"/>
							<String ID="string_262" HPOS="282" VPOS="1287" WIDTH="85" HEIGHT="20" WC="0.96" CONTENT="senaste"/><SP WIDTH="16" VPOS="1287" HPOS="367"/>
							<String ID="string_263" HPOS="383" VPOS="1286" WIDTH="51" HEIGHT="20" WC="0.93" CONTENT="åren"/><SP WIDTH="14" VPOS="1286" HPOS="434"/>
							<String ID="string_264" HPOS="448" VPOS="1285" WIDTH="87" HEIGHT="26" WC="0.93" CONTENT="inträdt,"/><SP WIDTH="13" VPOS="1285" HPOS="535"/>
							<String ID="string_265" HPOS="548" VPOS="1286" WIDTH="56" HEIGHT="20" WC="0.96" CONTENT="samt"/><SP WIDTH="10" VPOS="1286" HPOS="604"/>
							<String ID="string_266" HPOS="614" VPOS="1286" WIDTH="32" HEIGHT="19" WC="0.96" CONTENT="att"/><SP WIDTH="11" VPOS="1286" HPOS="646"/>
							<String ID="string_267" HPOS="657" VPOS="1285" WIDTH="40" HEIGHT="21" WC="0.93" CONTENT="den"/><SP WIDTH="9" VPOS="1285" HPOS="697"/>
							<String ID="string_268" HPOS="706" VPOS="1284" WIDTH="134" HEIGHT="27" WC="0.83" CONTENT="jemförelse-"/>
						</TextLine>
						<TextLine ID="line_33" HPOS="84" VPOS="1319" WIDTH="756" HEIGHT="27">
							<String ID="string_269" HPOS="84" VPOS="1321" WIDTH="32" HEIGHT="21" WC="0.93" CONTENT="vis"/><SP WIDTH="22" VPOS="1321" HPOS="116"/>
							<String ID="string_270" HPOS="138" VPOS="1320" WIDTH="64" HEIGHT="21" WC="0.91" CONTENT="korta"/><SP WIDTH="22" VPOS="1320" HPOS="202"/>
							<String ID="string_271" HPOS="224" VPOS="1320" WIDTH="37" HEIGHT="26" WC="0.93" CONTENT="tid,"/><SP WIDTH="24" VPOS="1320" HPOS="261"/>
							<String ID="string_272" HPOS="285" VPOS="1319" WIDTH="122" HEIGHT="22" WC="0.92" CONTENT="hvarunder"/><SP WIDTH="18" VPOS="1319" HPOS="407"/>
							<String ID="string_273" HPOS="425" VPOS="1320" WIDTH="93" HEIGHT="20" WC="0.88" CONTENT="nämnda"/><SP WIDTH="18" VPOS="1320" HPOS="518"/>
							<String ID="string_274" HPOS="536" VPOS="1319" WIDTH="108" HEIGHT="26" WC="0.91" CONTENT="rubbning"/><SP WIDTH="18" VPOS="1319" HPOS="644"/>
							<String ID="string_275" HPOS="662" VPOS="1320" WIDTH="36" HEIGHT="25" WC="0.91" CONTENT="ägt"/><SP WIDTH="15" VPOS="1320" HPOS="698"/>
							<String ID="string_276" HPOS="713" VPOS="1325" WIDTH="54" HEIGHT="19" WC="0.96" CONTENT="rum,"/><SP WIDTH="17" VPOS="1325" HPOS="767"/>
							<String ID="string_277" HPOS="784" VPOS="1321" WIDTH="56" HEIGHT="18" WC="0.96" CONTENT="ännu"/>
						</TextLine>
						<TextLine ID="line_34" HPOS="84" VPOS="1351" WIDTH="758" HEIGHT="29">
							<String ID="string_278" HPOS="84" VPOS="1354" WIDTH="48" HEIGHT="21" WC="0.92" CONTENT="icke"/><SP WIDTH="22" VPOS="1354" HPOS="132"/>
							<String ID="string_279" HPOS="154" VPOS="1354" WIDTH="8" HEIGHT="20" WC="0.93" CONTENT="i"/><SP WIDTH="22" VPOS="1354" HPOS="162"/>
							<String ID="string_280" HPOS="184" VPOS="1354" WIDTH="70" HEIGHT="26" WC="0.93" CONTENT="nägon"/><SP WIDTH="23" VPOS="1354" HPOS="254"/>
							<String ID="string_281" HPOS="277" VPOS="1353" WIDTH="207" HEIGHT="26" WC="0.91" CONTENT="anmärkningsvärd"/><SP WIDTH="23" VPOS="1353" HPOS="484"/>
							<String ID="string_282" HPOS="507" VPOS="1353" WIDTH="54" HEIGHT="26" WC="0.93" CONTENT="grad"/><SP WIDTH="22" VPOS="1353" HPOS="561"/>
							<String ID="string_283" HPOS="583" VPOS="1352" WIDTH="84" HEIGHT="21" WC="0.91" CONTENT="utöfvat"/><SP WIDTH="14" VPOS="1352" HPOS="667"/>
							<String ID="string_284" HPOS="681" VPOS="1351" WIDTH="117" HEIGHT="27" WC="0.93" CONTENT="inflytande"/><SP WIDTH="15" VPOS="1351" HPOS="798"/>
							<String ID="string_285" HPOS="813" VPOS="1352" WIDTH="29" HEIGHT="26" WC="0.95" CONTENT="pä"/>
						</TextLine>
						<TextLine ID="line_35" HPOS="84" VPOS="1385" WIDTH="758" HEIGHT="30">
							<String ID="string_286" HPOS="84" VPOS="1388" WIDTH="100" HEIGHT="27" WC="0.95" CONTENT="priserna"/><SP WIDTH="14" VPOS="1388" HPOS="184"/>
							<String ID="string_287" HPOS="198" VPOS="1387" WIDTH="35" HEIGHT="21" WC="0.93" CONTENT="för"/><SP WIDTH="15" VPOS="1387" HPOS="233"/>
							<String ID="string_288" HPOS="248" VPOS="1387" WIDTH="155" HEIGHT="27" WC="0.92" CONTENT="fastigheterne"/><SP WIDTH="15" VPOS="1387" HPOS="403"/>
							<String ID="string_289" HPOS="418" VPOS="1387" WIDTH="8" HEIGHT="20" WC="0.96" CONTENT="i"/><SP WIDTH="15" VPOS="1387" HPOS="426"/>
							<String ID="string_290" HPOS="441" VPOS="1387" WIDTH="74" HEIGHT="20" WC="0.96" CONTENT="landet"/><SP WIDTH="15" VPOS="1387" HPOS="515"/>
							<String ID="string_291" HPOS="530" VPOS="1387" WIDTH="39" HEIGHT="20" WC="0.96" CONTENT="och"/><SP WIDTH="16" VPOS="1387" HPOS="569"/>
							<String ID="string_292" HPOS="585" VPOS="1386" WIDTH="26" HEIGHT="21" WC="0.93" CONTENT="de"/><SP WIDTH="15" VPOS="1386" HPOS="611"/>
							<String ID="string_293" HPOS="626" VPOS="1385" WIDTH="112" HEIGHT="22" WC="0.92" CONTENT="inhemska"/><SP WIDTH="11" VPOS="1385" HPOS="738"/>
							<String ID="string_294" HPOS="749" VPOS="1392" WIDTH="93" HEIGHT="15" WC="0.93" CONTENT="varorna"/>
						</TextLine>
						<TextLine ID="line_36" HPOS="85" VPOS="1421" WIDTH="758" HEIGHT="28">
							<String ID="string_295" HPOS="85" VPOS="1423" WIDTH="7" HEIGHT="21" WC="0.92" CONTENT="i"/><SP WIDTH="23" VPOS="1423" HPOS="92"/>
							<String ID="string_296" HPOS="115" VPOS="1423" WIDTH="123" HEIGHT="26" WC="0.92" CONTENT="allmänhet,"/><SP WIDTH="24" VPOS="1423" HPOS="238"/>
							<String ID="string_297" HPOS="262" VPOS="1428" WIDTH="63" HEIGHT="21" WC="0.92" CONTENT="synes"/><SP WIDTH="20" VPOS="1428" HPOS="325"/>
							<String ID="string_298" HPOS="345" VPOS="1421" WIDTH="139" HEIGHT="22" WC="0.92" CONTENT="omförmälde"/><SP WIDTH="18" VPOS="1421" HPOS="484"/>
							<String ID="string_299" HPOS="502" VPOS="1421" WIDTH="201" HEIGHT="22" WC="0.92" CONTENT="värdeförhällande"/><SP WIDTH="15" VPOS="1421" HPOS="703"/>
							<String ID="string_300" HPOS="718" VPOS="1421" WIDTH="125" HEIGHT="27" WC="0.92" CONTENT="lämpligast"/>
						</TextLine>
						<TextLine ID="line_37" HPOS="83" VPOS="1455" WIDTH="759" HEIGHT="30">
							<String ID="string_301" HPOS="83" VPOS="1463" WIDTH="57" HEIGHT="22" WC="0.96" CONTENT="egna"/><SP WIDTH="24" VPOS="1463" HPOS="140"/>
							<String ID="string_302" HPOS="164" VPOS="1458" WIDTH="32" HEIGHT="26" WC="0.95" CONTENT="sig"/><SP WIDTH="23" VPOS="1458" HPOS="196"/>
							<String ID="string_303" HPOS="219" VPOS="1458" WIDTH="32" HEIGHT="21" WC="0.93" CONTENT="att"/><SP WIDTH="22" VPOS="1458" HPOS="251"/>
							<String ID="string_304" HPOS="273" VPOS="1457" WIDTH="76" HEIGHT="27" WC="0.93" CONTENT="läggas"/><SP WIDTH="22" VPOS="1457" HPOS="349"/>
							<String ID="string_305" HPOS="371" VPOS="1457" WIDTH="34" HEIGHT="20" WC="0.95" CONTENT="till"/><SP WIDTH="16" VPOS="1457" HPOS="405"/>
							<String ID="string_306" HPOS="421" VPOS="1457" WIDTH="70" HEIGHT="26" WC="0.96" CONTENT="grund"/><SP WIDTH="14" VPOS="1457" HPOS="491"/>
							<String ID="string_307" HPOS="505" VPOS="1457" WIDTH="35" HEIGHT="20" WC="0.93" CONTENT="för"/><SP WIDTH="15" VPOS="1457" HPOS="540"/>
							<String ID="string_308" HPOS="555" VPOS="1455" WIDTH="117" HEIGHT="22" WC="0.92" CONTENT="infriandet"/><SP WIDTH="15" VPOS="1455" HPOS="672"/>
							<String ID="string_309" HPOS="687" VPOS="1455" WIDTH="23" HEIGHT="22" WC="0.96" CONTENT="af"/><SP WIDTH="14" VPOS="1455" HPOS="710"/>
							<String ID="string_310" HPOS="724" VPOS="1456" WIDTH="43" HEIGHT="21" WC="0.93" CONTENT="alla"/><SP WIDTH="15" VPOS="1456" HPOS="767"/>
							<String ID="string_311" HPOS="782" VPOS="1455" WIDTH="60" HEIGHT="22" WC="0.91" CONTENT="äldre"/>
						</TextLine>
						<TextLine ID="line_38" HPOS="84" VPOS="1490" WIDTH="760" HEIGHT="28">
							<String ID="string_312" HPOS="84" VPOS="1492" WIDTH="146" HEIGHT="23" WC="0.88" CONTENT="förbindelser"/><SP WIDTH="16" VPOS="1492" HPOS="230"/>
							<String ID="string_313" HPOS="246" VPOS="1492" WIDTH="39" HEIGHT="22" WC="0.96" CONTENT="och"/><SP WIDTH="15" VPOS="1492" HPOS="285"/>
							<String ID="string_314" HPOS="300" VPOS="1493" WIDTH="96" HEIGHT="20" WC="0.92" CONTENT="närmast"/><SP WIDTH="15" VPOS="1493" HPOS="396"/>
							<String ID="string_315" HPOS="411" VPOS="1491" WIDTH="96" HEIGHT="27" WC="0.92" CONTENT="utjemna"/><SP WIDTH="19" VPOS="1491" HPOS="507"/>
							<String ID="string_316" HPOS="526" VPOS="1490" WIDTH="202" HEIGHT="28" WC="0.92" CONTENT="fordringsägarens"/><SP WIDTH="15" VPOS="1490" HPOS="728"/>
							<String ID="string_317" HPOS="743" VPOS="1490" WIDTH="40" HEIGHT="22" WC="0.93" CONTENT="och"/><SP WIDTH="15" VPOS="1490" HPOS="783"/>
							<String ID="string_318" HPOS="798" VPOS="1490" WIDTH="46" HEIGHT="27" WC="0.93" CONTENT="gäl-"/>
						</TextLine>
					</TextBlock>
				</ComposedBlock>
			</PrintSpace>
		</Page>
	</Layout>
</alto>
