1017 1709
296 146 25 19 U.
333 147 28 17 B.
375 156 20 4 —
407 147 78 23 Prop.
497 147 43 18 N:o
552 148 37 18 48.
766 147 12 20 5

84 213 63 22 verka
161 214 134 22 förlamande
308 215 28 27 på
350 214 144 28 Föreningens
508 215 133 21 verksamhet
655 215 40 21 och
705 215 49 21 dess
766 216 43 22 för-

88 248 63 27 måga
168 249 32 20 att
213 248 148 28 reorganisera
376 249 38 27 sig,
428 256 62 14 anser
498 249 109 21 Utskottet
614 249 32 27 sig
657 249 53 21 böra
717 249 93 27 förorda,

84 283 32 19 att
141 282 132 27 Föreningen
296 283 66 20 måtte
379 283 89 26 beviljas
484 283 126 21 räntefrihet
624 283 13 20 å
652 283 47 21 dess
714 282 36 22 lån
762 283 48 21 från

84 315 100 22 Finlands
200 316 61 21 Bank
275 316 56 21 intill
345 317 107 27 utgången
468 317 23 20 af
503 317 24 20 år
544 317 52 21 1882
612 319 54 19 samt
681 319 32 20 att
720 317 89 22 inbetal-

83 350 105 27 ningarna
209 351 14 20 å
242 357 82 15 samma
343 351 43 26 lån,
403 351 73 22 hvilka
492 352 48 20 från
556 351 40 22 och
610 351 48 21 med
675 351 54 21 1880
743 352 66 21 borde

82 384 86 28 vidtaga
183 384 48 22 med
246 385 76 26 60,000
337 385 60 21 mark
412 393 34 13 om
461 387 51 24 året,
530 386 66 21 måtte
610 385 22 21 få
644 385 33 21 till
691 392 80 15 samma
780 386 31 21 tid

86 419 67 21 anstå.
192 419 46 22 Den
262 419 92 28 lindring
371 420 133 28 Föreningen
518 420 124 27 härigenom
657 419 94 27 beredes,
767 421 23 20 är
804 421 6 20 i

84 453 75 28 sjelfva
174 454 79 25 verket,
268 454 68 21 under
351 454 154 28 förutsättning
519 456 32 19 att
564 455 58 20 lånet
631 455 34 20 vid
671 455 63 21 nästa
741 455 69 21 landt-

84 488 41 28 dag
147 487 118 27 afskrifves,
280 488 150 29 likbetydande
444 489 48 21 med
506 489 69 21 länets
590 488 177 23 efterskänkande
781 497 29 14 nu

84 524 81 26 genast.

139 557 30 21 På
191 557 69 28 grund
283 557 24 21 af
324 557 35 21 det
373 557 91 22 anförda
477 557 33 22 får
526 557 162 22 Statsutskottet
703 558 108 22 vördsamt

81 590 88 23 föreslå:

274 646 30 19 att
333 643 114 21 Ständerna
464 644 8 20 i
486 645 33 19 sitt
532 643 137 27 underdåniga
683 649 49 16 svar
746 646 13 19 å
773 645 38 20 den

214 678 73 25 nådiga
300 677 148 26 propositionen
463 677 45 21 ville
522 677 35 21 hos
574 677 56 21 Hans
643 677 113 27 Kejserliga
767 678 43 21 Ma-

211 713 65 25 jestät
299 712 87 24 anmäla,
406 713 30 18 att
448 711 24 21 de
484 712 40 20 icke
540 713 66 19 ansett
619 712 30 25 sig
662 711 68 22 kunna
743 713 68 20 skrida

216 746 28 21 till
263 745 87 26 definitiv
369 745 120 27 afskrifning
502 745 22 26 af
538 745 227 27 Hypoteksföreningens
777 746 34 21 län

212 781 48 20 från
278 779 93 22 Finlands
385 779 57 21 Bank
456 780 63 20 innan
534 779 214 26 Hypoteksföreningen
766 781 47 26 sjelf

214 816 13 19 Ad
251 815 30 20 sin
299 813 45 21 sida
361 813 83 26 vidtagit
460 813 95 26 åtgärder
570 814 20 25 ej
605 813 76 20 mindre
696 814 30 20 titl
739 813 72 27 aflägs-

215 847 65 22 nande
294 847 23 27 af
331 847 23 21 de
368 847 73 21 brister
455 848 7 20 i
477 847 135 26 Föreningens
625 848 137 25 organisation
776 847 36 21 och

212 882 129 27 förvaltning,
357 887 43 16 som
414 884 53 19 varit
480 881 144 22 medverkande
636 883 82 20 orsaker
729 882 28 21 till
763 883 48 20 För-

215 917 95 25 eningens
323 915 129 27 brydsamma
465 916 100 25 ställning,
580 917 28 19 än
622 916 35 20 ock
672 915 28 21 till
707 915 44 21 dess
759 915 53 21 med-

213 950 96 20 lemmars
323 945 7 37 =
337 949 157 22 säkerställande
521 950 34 26 för
579 949 37 21 den
629 949 54 27 fara,
698 955 43 15 som
755 949 58 20 hotar

214 984 44 21 dem
275 989 72 21 genom
361 984 58 20 deras
434 984 106 27 skyldighet
554 985 48 20 att
595 980 11 35 i
617 985 65 20 större
694 985 119 24 proportion

215 1020 27 19 än
257 1018 69 21 andra
340 1017 51 22 bära
405 1018 23 21 de
443 1018 55 21 lidna
510 1017 128 28 förlusterna,
647 1019 58 25 samt,
711 1019 62 25 jemte
780 1017 31 20 be-

215 1052 87 27 viljande
325 1052 25 26 af
367 1053 87 20 anstånd
473 1052 44 21 med
533 1051 175 27 inbetalningarna
723 1053 13 18 å
750 1051 62 26 sagda

215 1086 34 20 lån
264 1086 36 20 och
315 1086 119 26 räntefrihet
447 1087 49 20 derå
511 1086 50 21 intill
574 1086 99 25 utgången
681 1085 23 26 af
713 1086 24 20 år
747 1085 65 26 1882,

215 1119 144 27 uuderdånigst
386 1120 86 27 anhälla,
495 1121 32 20 det
541 1119 75 22 täcktes
631 1119 54 20 Hans
701 1119 113 26 Kejserliga

216 1153 103 27 Majestät,
345 1153 50 26 efter
412 1154 33 21 det
459 1154 215 27 Hypoteksföreningen
688 1152 45 21 med
746 1152 68 21 utred-

216 1188 49 26 ning
281 1189 6 19 i
302 1189 71 25 antydt
384 1187 96 26 afseeude
494 1187 28 22 till
530 1188 56 20 Hans
596 1187 113 26 Kejserliga
717 1186 100 26 Majestät

216 1221 108 26 inkommit,
347 1221 30 21 till
396 1221 238 21 nästsammanträdande
649 1220 89 21 Ständer
753 1219 61 27 aflåta

216 1261 26 20 ny
257 1256 124 26 proposition
395 1256 7 19 i
416 1255 90 22 ärendet.

142 1339 141 27 Helsingfors,
300 1339 40 20 den
355 1340 13 19 5
383 1339 117 21 December
516 1340 60 20 1877.

155 1526 150 18 Statsutskottets
318 1525 115 18 betänkande
446 1524 33 18 N:o
494 1525 25 17 15.
