1053 1709
217 114 27 19 24
440 112 21 23 U.
480 112 21 22 B.
518 123 26 3 —
560 110 138 23 1II-XVLIL

188 177 83 21 kunnat
290 177 100 27 slutligen
407 177 127 26 krediteras,
550 178 53 20 utan
619 177 38 21 der
671 177 57 21 blott
743 179 36 19 äro
797 176 141 22 observerade

188 212 71 20 såsom
274 211 143 27 oligviderade
432 211 100 21 förskott.
554 211 70 21 Dessa
638 212 81 25 poster,
734 211 104 21 särskildt
847 212 91 26 upptag-

188 252 28 15 na
230 246 8 21 i
252 245 79 27 nädiga
345 246 161 26 propositionen
520 245 40 22 N:o
577 247 34 25 30,
627 247 48 20 äro:

189 304 153 22 ofvanberörda
357 304 87 27 utgifter
459 303 33 22 för
507 303 152 22 seminarierna

216 338 7 22 i
242 338 85 22 Ekenäs
348 339 39 21 och
412 338 122 28 Nykarleby
566 356 4 4 .
600 356 4 3 .
637 356 3 4 .
672 356 4 4 co
743 354 4 5 0.0
778 356 4 3 .
813 340 83 25 78,475:
913 340 26 20 22

186 373 233 27 landtdagskostnader
435 373 174 28 (handlingarnas
625 372 121 28 tryckning)
778 390 4 4 .
814 375 82 25 15,389:
914 375 26 19 72

187 408 33 22 för
239 408 100 28 fyrbäkar
371 426 4 4 .
408 424 2 4 <
442 426 4 3 so
478 425 4 4 so
514 426 3 3 so
549 426 4 4 so
585 426 3 3 so
621 426 3 3 so
764 426 3 4 L
799 410 97 25 231,822:
913 410 27 20 48

199 460 10 10 »
234 442 109 28 fängelser
371 460 4 4 .
407 460 4 3 +
442 460 4 4 .
478 460 4 3 a
515 461 3 3 =
550 461 4 3 a
586 460 3 3 »
621 460 3 4 wo
657 460 4 4 a
693 460 3 3 a
728 460 4 4 x
764 460 4 4 a,
800 444 97 25 504,291:
914 445 26 19 53

747 483 36 21 S:a
799 484 97 25 829,979:
914 485 25 19 15

254 541 73 27 Enligt
344 542 53 20 1875
414 541 34 21 ärs
464 541 141 22 summariska
619 541 90 27 räkning
720 541 57 27 stiga
784 540 120 23 förskotten
914 541 28 27 pä

190 577 53 20 1876
260 576 34 22 års
310 574 88 28 utgifter
413 575 40 22 och
470 576 152 22 "oredovisade
637 575 106 22 förskott"
753 576 34 21 till
798 577 98 25 882,963:
908 578 33 19 35.

189 610 33 22 En
245 610 34 22 del
303 610 22 22 af
340 610 129 22 hithörande
489 612 74 26 poster
581 610 39 22 har
639 610 84 22 säledes
738 610 7 22 i
761 610 119 23 relationen
895 610 48 22 icke

190 645 117 27 upptagits.

290 686 31 21 Pä
337 686 68 26 grund
420 686 22 21 af
456 686 36 21 det
508 686 88 21 anförda
610 685 117 22 resulterar
743 686 118 22 emellertid
877 686 66 26 enligt

188 720 124 22 Utskottets
334 720 29 27 pä
381 720 108 22 böckerna
512 720 110 27 grundade
642 720 119 27 beräkning
780 727 26 15 en
825 720 118 27 disponibel

188 755 124 27 behållning
331 754 74 22 ultimo
421 754 118 22 December
556 756 53 20 1875
626 756 45 20 stor
687 756 120 25 2,406,315:
824 756 26 20 70
869 755 7 21 i
892 755 52 21 stäl-

188 790 31 21 let
233 789 33 22 för
282 789 40 21 den
337 789 8 21 i
359 789 119 21 relationen
492 789 138 27 kalkylerade
646 791 45 19 stor
706 790 121 25 2,476,141:
842 791 33 19 48.

257 829 136 22 Beträffande
409 829 74 28 frågan
500 830 40 26 ,pä
555 829 57 21 hvad
628 831 44 19 sätt
687 830 26 21 de
729 830 35 21 vid
780 831 86 20 senaste
874 829 70 21 landt-

189 866 41 26 dag
249 864 33 22 för
296 865 59 21 vissa
371 864 98 22 ändamål
483 864 106 28 beviljade
606 864 73 27 anslag
699 863 69 23 blifvit
784 864 110 22 använda"
911 864 32 26 (L.

189 899 97 29 0.836),
298 899 61 22 torde
375 899 113 21 Utskottet
502 899 53 21 böra
569 898 76 28 bringa
656 899 7 21 i
674 899 99 28 erinring,
785 900 32 21 att
826 900 118 21 Ständerna

189 936 23 21 är
235 936 59 25 1872,
312 935 29 27 pä
362 933 88 23 anförda
470 934 53 26 skäl,
538 933 123 23 förbehällit
677 935 32 20 att
723 934 48 22 icke
789 934 87 26 hälften,
893 936 52 20 utan

190 972 61 25 7,000
267 970 61 21 mark
343 969 80 21 mindre
434 971 27 19 än
473 968 80 22 hälften
562 969 23 21 af
592 968 169 28 Skolstyrelsens
770 970 49 25 stat,
830 969 69 21 skulle
907 970 38 26 pä-

187 1004 58 22 föras
260 1003 218 27 bevillningsmedlen.
501 1004 96 22 Berörda
612 1006 43 20 stat
663 1004 93 28 uppgick
767 1004 67 26 enligt
843 1004 102 28 Kejserli-

189 1046 27 20 ga
227 1038 151 27 förordningen
391 1038 40 21 den
440 1040 27 20 24
474 1038 120 22 November
603 1040 53 20 1869
665 1039 32 21 till
706 1040 76 24 45,600
791 1039 66 21 mark.
873 1038 11 22 I
894 1039 51 21 stäl-

189 1074 30 21 let
231 1072 33 22 för
278 1072 82 22 hälften
372 1072 67 26 häraf,
454 1074 77 24 22,800
545 1074 66 25 mark,
623 1073 68 22 skulle
703 1073 84 22 säledes
799 1072 45 22 frän
856 1072 23 22 är
890 1074 53 20 1873

188 1108 56 21 blott
260 1107 76 27 15,800
351 1107 60 21 mark
426 1107 50 21 bort
492 1106 108 22 bestridas
610 1108 49 20 med
668 1107 203 27 bevillningsmedel.
896 1107 49 21 Men

189 1142 109 22 böckerna
305 1142 70 20 utvisa
382 1140 33 22 för
424 1142 54 20 1873
488 1141 39 21 och
536 1143 54 19 1874
599 1147 56 21 resp.
671 1142 48 26 ar
727 1143 77 23 22,650
813 1141 39 21 och
861 1142 84 25 21,166:

191 1178 33 19 50.
242 1176 81 21 Genom
336 1175 120 27 Kejserliga
468 1174 142 28 kungörelsen
624 1175 41 22 den
679 1177 25 19 12
713 1176 92 26 Augusti
814 1177 54 20 1874
875 1175 70 22 förän-

191 1210 78 22 drades
286 1206 181 30 Öfverstyrelsens
484 1210 150 26 organisation,
651 1210 40 21 och
707 1210 80 22 ökades
799 1210 49 22 dess
861 1211 45 20 stat
913 1210 33 21 till

191 1246 83 24 70,100,
289 1244 98 21 hvarföre
401 1244 66 25 enligt
475 1244 111 20 enahanda
594 1244 199 26 beräkningsgrund
801 1245 77 24 28,050
886 1244 60 20 mark

190 1278 66 21 borde
271 1277 102 22 betäckas
389 1276 22 22 af
424 1277 142 27 bevillningen
581 1277 68 27 (prop.
665 1278 41 20 N:o
722 1279 25 19 31
764 1284 21 21 p.
801 1279 13 19 4
829 1283 62 15 mom.
907 1276 38 28 b.).

190 1312 50 22 Men
256 1313 54 21 1875
327 1312 34 21 ärs
377 1311 141 22 summariska
532 1312 90 27 räkning
637 1314 107 26 upptager
758 1312 65 28 utgift
835 1312 33 22 för
880 1312 66 23 ända-

191 1347 66 21 målet
272 1346 47 27 ye
338 1348 83 24 30,403:
444 1348 32 19 85.
507 1346 73 28 Enligt
594 1347 125 21 Utskottets
735 1347 66 21 tanke
815 1347 84 21 borde
886 1342 12 36 i
912 1347 33 21 sä-

192 1381 55 21 dana
268 1380 38 22 fall
329 1381 37 21 der
387 1380 115 22 bestämda
520 1381 111 27 ärsanslag
647 1384 36 18 äro
699 1382 29 27 pä
748 1381 197 28 bevillningsmedel

191 1416 109 25 anvisade,
315 1415 66 21 dessa
396 1415 74 27 anslag
484 1415 48 22 icke
548 1415 149 23 öfverskridas.

260 1454 135 18 Statsutskottets
407 1456 107 16 betänkande
527 1456 35 17 N:o
575 1456 27 17 11.
