1059 1703
323 155 24 20 U.
362 155 23 20 B.
401 166 26 4 —
442 156 60 24 Prop.
518 155 38 21 N:o
571 157 34 19 49.
674 172 3 2 N
797 155 13 19 a

192 206 71 18 sådana
278 206 123 26 blandningar
416 207 27 19 till
457 207 61 26 dryck,
533 210 26 16 uti
573 208 61 18 hvilka
649 208 79 18 bränvin
750 207 27 19 till
798 210 38 16 nä-

190 246 37 18 gon
241 238 127 27 hufvudsaklig
383 240 29 18 del
425 242 60 24 ingår,
508 240 94 24 äfvensom
622 244 6 15 i
642 240 86 25 afseende
746 244 11 16 å
778 242 60 18 andra

190 272 71 20 brända
276 273 44 18 eller
336 270 110 22 distillerade
461 277 31 16 in-
507 274 44 18 eller
566 274 96 19 utländska
677 276 105 22 spritvaror
804 274 32 18 och

192 306 81 24 drycker,
298 306 59 19 hvilka
380 310 34 16 äro
430 307 74 19 dermed
523 307 49 26 lillag
593 307 57 19 likväl
666 310 44 16 utan
732 308 103 23 annanade,

189 339 133 26 inskränkning
336 342 6 16 i
356 340 103 19 handlande
474 341 98 18 tillerkänd
590 343 36 16 rätt
641 344 25 15 att
684 340 80 26 försälja
786 344 50 16 näst-

190 374 81 18 nämnda
286 376 104 22 spritvaror
406 374 33 19 och
462 374 147 25 tillblandningar
631 374 59 24 deraf,
713 378 23 15 än
752 378 26 15 ali
799 374 35 26 fem

190 406 72 20 kannor
276 411 23 14 är
314 408 30 19 det
358 409 65 18 minsta
437 410 55 23 parti,
508 414 38 13 som
561 407 25 24 af
595 408 66 24 hvarje
675 408 38 25 slag
728 407 32 25 får
770 407 65 26 förytt-

189 446 31 12 ras
234 441 32 18 och
281 441 79 26 utgifvas
373 443 19 17 åt
404 441 87 26 köparen,
506 441 71 19 hvilken
591 441 38 19 icke
644 443 29 17 må
686 441 67 19 tillåtas
762 445 25 16 att
802 444 33 16 nå-

186 477 30 22 got
232 473 57 24 deraf
300 477 11 16 &
326 475 59 18 stället
398 475 74 24 förtära
488 475 43 19 eller
546 475 66 18 utdela.

221 507 94 20 Likaledes
329 508 47 19 skall
392 508 49 19 hvad
456 514 28 13 om
502 507 128 20 minuthandel
648 509 40 18 med
709 507 79 20 bränvin
811 512 23 15 är

186 541 88 25 sladgadt,
290 542 142 25 undantagande
452 540 142 25 föreskrifterna
616 544 6 16 i
636 545 13 18 $
662 541 26 18 49
706 541 32 19 och
754 541 80 19 bestäm-

187 574 65 20 melsen
265 577 6 17 i
283 578 15 19 $
310 576 27 18 57
352 581 28 13 om
395 574 105 20 bränvinets
522 577 63 23 rening
608 575 32 18 och
659 575 68 24 styrka,
741 575 49 25 gälla
806 575 28 24 äf-

188 614 33 13 ven
236 609 31 22 för
282 609 47 24 dylik
343 609 67 19 handel
423 611 7 16 i
442 609 42 18 stad
498 609 40 18 med
550 608 123 24 förenämnda
687 608 60 19 andra
762 608 72 19 brända

188 641 44 19 eller
246 641 110 20 distillerade
370 644 32 17 in-
418 642 43 19 eller
482 641 95 20 utländska
600 644 104 23 spritvaror
730 642 31 18 och
780 641 58 24 deraf

187 675 83 25 tillagade
286 675 82 25 drycker,
391 675 45 21 dock
451 678 25 16 att
490 675 77 19 idkande
582 675 25 23 af
624 681 62 12 annan
709 675 67 19 handel
796 675 38 19 icke

186 711 53 22 utgör
253 708 65 19 hinder
340 708 31 24 för
393 708 93 19 vinnande
510 708 24 24 af
545 708 85 26 rättighet
650 707 27 19 till
700 708 135 26 minutförsälj-

186 744 44 23 ning
246 741 24 24 af
280 742 52 18 dessa
356 748 64 13 varor.
463 742 27 18 Pä
506 742 60 18 landet
587 744 29 16 må
638 742 58 18 sådan
712 742 124 19 minuthandel

187 775 38 19 icke
240 781 32 20 ega
288 782 46 12 rum.

220 813 132 28 Helsingfors
369 813 40 21 den
426 814 12 20 3
453 814 118 20 December
586 813 60 20 1877.

494 860 89 20 Fredrik
596 859 96 26 Pipping.

154 904 37 20 Uti
207 904 133 20 förestående
356 905 127 19 reservation
500 904 70 20 förena
588 905 31 25 sig
638 904 178 22 undertecknade:

182 950 20 20 N.
224 950 20 20 0.
259 950 159 20 Nordenskiöld.
598 950 54 20 John
666 950 64 20 Julin.

350 995 77 21 Gustaf
439 996 135 20 Silfversvan.

368 1333 174 23 Tavastehus,

258 1365 24 19 A.
299 1365 34 20 W.
350 1365 117 26 Lindgrens
482 1365 91 26 tryckeri
590 1363 60 21 1877.

180 1416 194 20 Fkonomi-utskottets
389 1415 112 21 betänkande
517 1416 35 20 N:o
568 1417 32 18 16.
