1048 1709
254 161 27 21 12
500 160 29 24 U.
544 161 28 23 B.
588 173 26 4 —
628 160 71 23 XIX.

226 224 81 21 randen
321 223 67 21 redan
403 223 71 21 blifvit
489 224 88 26 uttalad,
593 223 91 21 föreslår
698 222 112 22 Utskottet
824 223 22 21 åt
861 223 27 21 de
899 224 77 20 tvenne

224 258 154 26 ledamöterne,
401 258 48 21 med
469 258 161 22 bortlemnande
649 257 23 22 af
688 257 212 28 taffelpenningarna,
920 256 57 23 8000

224 292 62 21 mark
304 292 7 21 i
329 292 36 21 lön
385 291 39 22 och
442 292 64 26 2,500
524 292 61 21 mark
603 292 8 21 i
629 291 141 27 hyresmedel.
807 291 169 22 Vidkommande

225 327 65 21 sedan
306 326 37 21 det
361 326 46 26 fall,
425 327 33 20 att
477 326 157 22 direktörernes
653 325 102 28 ställning
770 325 69 22 skulle
859 325 7 21 i
882 325 95 28 enlighet

224 361 49 22 med
290 361 123 21 Utskottets
431 360 81 28 förslag
531 360 117 27 förändras,
668 360 72 22 kunna
755 360 40 21 och
809 360 54 21 böra
878 359 98 23 bemälde

224 395 159 22 funktionärers
407 395 119 22 lönevilkor
546 395 69 22 under
636 395 70 21 denna
728 395 153 26 förutsättning
901 394 75 22 ställas

224 430 106 27 betydligt
339 430 74 27 högre,
425 430 100 21 eftersom
536 429 62 22 äfven
608 429 130 28 rättigheten
748 429 34 22 till
792 429 89 27 pension
891 429 85 22 komme

223 466 32 20 att
272 464 109 21 bortfalla.
411 464 38 21 Uti
466 464 84 21 landets
565 466 77 19 tvenne
657 464 152 27 privatbanker
823 463 70 27 hafva,
910 463 67 27 enligt

223 498 112 22 Utskottet
356 498 126 22 meddelade
501 498 114 27 uppgifter,
633 497 217 23 underdirektörerne
869 498 56 21 ända
942 498 34 21 till

223 534 86 20 senaste
326 533 57 21 tider
402 532 89 22 aflönats
510 533 49 21 med
580 533 78 25 12,000
672 532 61 21 mark
748 538 35 16 om
798 532 52 27 året,
867 532 39 22 och
922 531 55 22 först

223 567 86 28 nyligen
327 569 38 19 äro
384 567 63 22 dessa
465 567 61 22 löner
543 567 7 21 i
569 567 41 22 den
626 573 40 16 ena
684 567 25 21 af
724 567 94 21 nämnda
834 566 143 27 inrättningar

223 601 100 28 förhöjda
336 601 35 21 till
386 601 77 27 14,000
478 601 61 22 mark
554 601 88 28 årligen.
673 601 50 22 Som
738 601 120 21 emellertid
868 600 108 27 klagomål

222 635 47 22 icke
285 635 104 27 försports
406 635 99 22 deröfver
519 637 32 20 att
566 635 142 27 otillräckliga
723 635 118 27 aflöningar
854 635 123 21 förorsakat

223 670 54 21 brist
298 669 29 27 på
348 670 137 27 kompetente
508 670 94 21 sökande
620 670 33 21 till
672 669 147 27 ifrågakomna
837 670 82 27 platser
936 669 40 22 och

223 705 52 20 enär
293 704 148 21 direktörerne
459 704 36 21 vid
512 704 179 27 privatbankerna
708 704 8 21 i
731 703 53 28 följd
800 704 23 21 af
836 705 42 20 den
892 704 83 21 mindre

223 738 207 27 tjenstepersonalen
454 738 80 27 jemväl
554 741 37 19 äro
610 740 112 25 strängare
745 739 125 26 sysselsatte
892 740 27 19 än
940 738 37 21 vid

224 773 146 26 statsbanken,
385 774 46 20 tror
445 773 111 21 Utskottet
571 775 33 19 att
618 773 104 28 skicklige
738 773 39 21 och
792 773 100 27 lämplige
902 778 74 22 perso-

222 813 39 16 ner
275 809 52 20 utan
343 808 108 26 svårighet
467 807 61 22 skola
542 808 34 21 till
590 808 118 21 ledamöter
723 807 7 21 i
741 807 193 22 bankdirektionen
944 813 33 15 er-

223 842 69 22 hållas
308 843 58 21 emot
380 844 32 19 ett
426 842 65 27 årligt
505 842 79 22 arvode
598 842 24 21 af
636 842 77 25 14,000
723 842 67 22 mark.
814 842 43 21 För
868 842 65 27 öfrigt
943 841 34 22 får

222 876 113 22 Utskottet
349 876 57 21 fästa
420 877 190 26 uppmärksamhet
624 877 74 21 dervid
714 877 32 21 att
760 883 76 20 genom
851 876 11 28 $
873 876 28 22 55
911 882 65 16 mom.

224 917 16 15 c.
256 911 7 21 i
278 910 201 27 bankreglementet
492 911 169 28 bemyndigande
676 911 91 22 lemnats
782 911 146 27 Fullmäktige
944 913 32 19 att

222 945 39 22 hos
282 945 117 27 kejserliga
418 945 93 22 Senaten
529 945 114 22 hemställa
658 945 80 27 jemväl
758 952 34 15 om
809 945 126 22 tilldelande
955 945 23 22 af

222 980 113 26 personela
357 979 142 23 lönetillskott
517 980 23 21 ät
557 980 96 21 bankens
672 980 91 21 embets-
782 980 40 21 och
839 979 136 28 tjenstemän,

223 1014 39 22 och
285 1020 63 21 synes
370 1014 69 21 denna
457 1016 65 25 utväg
540 1015 20 26 ej
579 1014 69 22 heller
667 1015 102 27 olämplig
788 1016 32 20 att
837 1014 36 21 vid
891 1014 85 22 banken

222 1048 57 22 fästa
302 1049 53 21 eller
377 1049 112 26 gvarhälla
511 1049 121 22 direktörer
649 1049 24 21 af
689 1055 61 16 mera
767 1049 146 22 framstäende
933 1049 43 21 för-

222 1083 70 27 måga.

290 1117 98 22 Emedan
403 1117 67 22 förste
485 1117 115 22 kassörens
614 1117 97 27 göromål
726 1117 40 22 och
781 1118 37 21 det
832 1117 78 23 honom
921 1118 54 27 ålig-

222 1152 70 27 gande
314 1158 78 15 ansvar
414 1158 77 21 genom
509 1152 121 21 inrättande
648 1152 24 21 af
689 1153 41 21 den
748 1152 24 22 af
788 1152 112 23 Utskottet
919 1153 57 21 före-

222 1187 76 27 slagna
316 1186 296 28 öfverkassörsbefattningen
629 1187 85 22 komme
733 1189 32 20 att
779 1187 8 21 i
801 1187 106 28 väsentlig
922 1187 53 28 grad

222 1221 95 22 minskas
340 1221 39 21 och
398 1221 109 22 desamma
525 1221 34 21 för
576 1221 66 28 öfrigt
660 1222 62 21 äfven
740 1221 72 22 blefve
830 1223 77 20 nästan
926 1228 50 15 ena-

221 1256 72 20 handa
310 1255 50 20 med
379 1256 66 20 andre
463 1256 120 25 kassörens,
603 1256 70 20 skulle
692 1256 41 20 den
752 1256 120 26 betydande
887 1256 88 26 olikhet,

222 1295 46 15 som
283 1289 108 21 härintills
406 1288 128 22 förefunnits
550 1290 92 20 emellan
656 1290 99 21 bemälde
766 1289 140 27 tjenstemäns
917 1290 59 21 löne-

220 1323 77 26 vilkor,
316 1322 48 23 icke
381 1323 75 21 vidare
473 1322 65 22 hafva
555 1322 71 28 någon
644 1323 62 28 giltig
724 1323 76 28 grund,
817 1323 101 23 hvarföre
934 1324 42 21 den

221 1358 159 21 förstnämndes
398 1357 93 28 aflöning
509 1357 24 22 af
550 1357 111 23 Utskottet
679 1358 91 22 lemnats
789 1358 137 27 oförändrad,
942 1358 33 22 så-

221 1393 42 21 dan
282 1392 124 22 densamma
427 1392 68 22 finnes
514 1394 109 26 upptagen
641 1392 8 22 i
668 1393 55 21 1875
742 1393 35 21 års
796 1395 49 25 stat,
864 1393 112 22 hvaremot

222 1427 66 22 andre
306 1427 115 22 kassörens
440 1427 36 22 lön
494 1427 92 28 förhöjts
606 1428 34 21 till
656 1428 66 26 4,600
740 1428 62 22 mark
820 1428 39 22 och
874 1428 101 22 missräk-

221 1462 209 27 ningspenningarne
440 1462 34 22 till
484 1462 64 26 2,400
557 1462 69 22 mark.
644 1456 30 28 Åt
682 1462 172 28 vexelkassören,
865 1463 36 22 vid
911 1463 64 21 hvars

290 1502 139 18 Bankutskottets
441 1502 105 18 betänkande
557 1502 35 18 N:o
604 1504 16 15 4.
