1045 1703
231 139 25 20 10
426 137 26 18 U.
464 137 29 17 B.
505 147 22 2 —
539 137 79 23 Prop.
631 138 43 16 N:o
687 137 43 18 46.

200 206 62 21 mark
278 206 52 21 eller
345 206 131 26 fjerdedelen
495 205 23 21 af
536 212 25 15 en
577 206 135 22 silfverrubel
728 207 56 19 samt
800 212 25 14 en
841 205 113 27 guldfranc

201 240 71 26 någon
288 240 101 20 exaktare
404 239 159 21 värderelation
578 242 26 18 än
621 240 40 20 den
671 239 164 27 ifrågavarande
845 239 110 27 praktiskt

202 274 48 21 icke
265 275 48 25 togs
328 274 8 20 i
351 273 125 27 beräkning,
492 273 7 21 i
514 273 54 27 följd
582 274 77 20 hvaraf
672 273 34 21 för
725 274 68 26 sagda
811 273 143 22 förbindelser

201 308 71 27 någon
288 308 116 21 rättvisare
419 308 217 27 konverteringskurs
652 308 47 21 icke
714 308 72 21 kunde
802 308 126 27 uppställas.
944 308 11 21 I

202 343 61 26 fråga
279 343 46 20 åter
340 348 34 15 om
393 349 66 20 yngre
478 342 143 21 förbindelser
641 343 38 20 och
696 342 95 21 särdeles
807 343 86 26 sådana,
910 348 45 15 som

202 377 58 21 inom
276 377 25 20 de
316 378 78 19 tvenne
410 377 85 20 senaste
514 376 51 21 åren
581 376 140 27 uppkommit,
738 383 51 14 vore
805 377 36 20 det
856 377 33 20 väl
906 376 49 22 obe-

203 411 96 26 stridligt
322 412 32 19 att
377 411 66 26 sagde
465 411 52 20 kurs
538 411 84 20 komme
637 412 32 19 att
685 410 80 22 tillföra
780 411 134 27 borgenären
930 417 26 15 en

203 447 70 20 större
295 445 159 26 guldqvantitet
477 447 26 18 än
527 445 101 26 beloppet
643 445 7 20 i
667 445 135 21 silfvermark
824 445 36 21 vid
875 445 80 21 förbin-

202 480 86 21 delsens
303 479 117 26 uppkomst
436 479 39 21 och
490 479 57 21 intill
562 479 133 21 närvarande
711 479 32 21 tid
759 479 82 21 kunnat
852 479 12 21 å
874 479 82 21 verlds-

203 514 131 21 marknaden
357 513 92 26 betinga,
474 519 48 16 men
545 513 89 21 emedan
650 513 80 21 silfrets
748 513 146 27 depreciation
910 513 46 22 icke

203 548 7 21 i
225 548 118 21 nämnvärd
358 547 49 21 mån
422 547 55 21 hade
490 547 99 22 inverkat
598 547 28 27 på
636 548 101 21 markens
748 548 141 27 köpförmåga
899 548 57 21 inom

203 583 80 25 landet,
298 582 86 21 hvilken
400 581 70 22 såvidt
486 582 23 21 af
523 582 202 27 fastighetsvärden,
741 582 134 22 arbetslöner
889 589 28 14 m.
928 589 27 15 m.

204 617 41 20 kan
262 617 74 25 slutas,
352 616 105 21 förblifvit
473 616 118 26 enahanda,
608 622 45 15 som
668 617 69 21 under
752 617 41 21 den
809 617 31 20 tid
856 617 99 21 värdere-

203 651 94 21 lationen
322 652 80 21 1:15.5
422 651 134 26 upprätthöll
576 651 38 26 sig,
631 651 84 21 komme
731 651 148 21 anskaffandet
894 651 23 21 af
931 657 26 16 en

205 692 82 14 summa
302 686 7 20 i
325 684 113 28 guldmark
453 684 47 21 icke
516 687 32 19 att
563 685 64 21 kosta
643 685 39 20 den
698 685 109 26 gäldenär,
823 691 46 15 som
885 692 25 14 ur
925 685 31 21 in-

203 720 90 21 hemska
314 716 164 24 förvärfskällor
497 719 39 21 och
551 719 7 21 i
574 724 69 20 varor,
663 719 72 21 hvilka
751 720 47 20 icke
813 721 38 19 äro
867 719 90 21 föremål

204 754 33 20 för
260 756 82 24 export,
361 753 99 21 hemtade
476 753 47 21 sina
538 753 122 27 tillgångar,
678 755 69 19 större
763 753 147 28 uppoffringar
930 756 27 18 än

205 794 80 15 samma
308 794 82 15 summa
405 788 7 20 i
427 794 28 14 nu
474 788 100 26 gällande
590 787 142 22 silfvermark.
762 788 51 21 Med
829 790 129 25 exportören

204 829 51 15 vore
278 822 144 22 förhållandet
444 822 34 21 väl
500 822 33 21 till
557 828 26 15 en
603 822 44 21 viss
664 822 53 26 grad
733 824 31 20 ett
780 825 71 25 annat,
868 823 89 21 emedan

203 857 43 21 han
269 857 114 26 onekligen
398 856 84 21 komme
498 858 32 19 att
545 863 76 20 genom
638 862 16 15 s.
670 857 20 21 k.
707 857 20 21 al
742 858 48 26 pari
805 857 152 27 konvertering

204 892 68 21 blifva
286 892 80 20 försatt
380 892 7 20 i
403 891 181 27 ofördelaktigare
600 892 53 26 läge.
684 892 83 20 Härvid
782 898 51 15 vore
849 892 65 21 likväl
926 894 32 18 att

205 927 72 21 erinra
299 927 37 21 det
354 926 101 21 Finlands
472 926 56 20 bank
544 932 76 20 genom
636 927 26 21 de
677 926 76 27 priser,
770 927 33 21 till
818 927 73 21 hvilka
906 926 52 22 ban-

205 962 41 21 ken
269 968 26 14 en
318 963 70 19 större
406 960 34 22 del
457 960 23 21 af
494 961 40 21 den
549 961 82 27 period,
647 961 121 21 hvarunder
785 962 81 21 silfrets
882 961 75 27 depre-

205 996 79 22 ciation
299 997 37 25 ägt
351 1002 53 19 rum,
420 996 7 20 i
443 995 73 21 landet
531 995 73 27 utbytt
617 995 123 27 fordringar
750 996 6 20 i
767 996 52 26 guld
830 997 45 20 mot
885 995 73 22 silfver

205 1031 53 21 eller
273 1031 99 24 tvärtom,
388 1029 122 21 förhindrat
524 1029 159 26 verkningarna
698 1029 23 20 af
735 1029 70 21 denna
819 1029 139 22 värdeförän-

207 1065 62 26 dring
292 1065 32 19 att
346 1063 62 21 äfven
424 1063 6 21 i
446 1063 62 26 fråga
531 1069 34 15 om
588 1063 115 21 utländska
717 1063 124 27 varupriser
857 1066 52 25 göra
925 1063 33 27 sig

205 1099 102 25 känbara,
332 1096 54 23 samt
410 1099 32 19 att
457 1098 41 20 den
517 1098 63 25 vinst,
596 1104 46 15 som
658 1098 55 21 efter
728 1098 36 20 det
779 1098 95 26 marken,
891 1099 67 26 enligt

205 1133 96 21 bankens
323 1132 130 26 noteringar,
470 1131 56 27 tagit
546 1134 69 19 större
631 1132 94 27 känning
741 1131 22 21 af
777 1132 179 27 depreciationen,

204 1168 35 20 för
261 1168 129 25 exportören
412 1166 105 26 uppstått,
540 1166 24 21 af
584 1166 78 21 honom
678 1166 142 21 öfverhufvud
835 1167 72 20 blifvit
921 1167 37 21 be-

206 1201 88 21 traktad
313 1201 71 20 såsom
400 1200 94 27 tillfällig
510 1200 38 22 och
565 1200 88 21 stående
668 1202 60 19 utom
743 1200 54 21 hans
813 1200 144 28 affärskalkyl,

206 1235 99 21 hvarföre
320 1236 140 24 exportörens
477 1236 92 20 intresse
584 1234 75 21 härvid
675 1235 72 20 kunde
762 1234 81 21 lemnas
859 1234 45 21 helt
919 1235 39 21 och

206 1270 66 20 hållet
295 1270 51 19 utan
369 1268 107 21 afseende.
508 1268 106 26 Slutligen
633 1268 39 20 har
687 1275 49 14 man
752 1268 61 21 äfven
829 1268 58 21 velat
901 1268 57 21 inom

206 1303 106 20 utskottet
327 1304 53 24 göra
395 1302 105 26 gällande,
517 1304 33 18 att
565 1302 25 20 de
607 1302 212 26 skuldförbindelser,
839 1302 73 21 hvilka
927 1302 31 20 in-

203 1337 60 26 gåtts
287 1337 65 21 sedan
374 1336 129 21 vacklandet
524 1337 7 20 i
551 1336 150 21 silfvervärdet
723 1336 72 21 blifvit
817 1336 139 27 betydligare,

206 1377 51 15 vore
281 1373 31 19 ett
335 1371 57 26 slags
416 1370 213 26 hasardkontrakter,
645 1370 33 21 för
694 1371 82 20 hvilkas
793 1370 78 27 följder
885 1371 73 26 gälde-

206 1407 91 20 närerne
312 1405 70 21 kunde
395 1405 68 27 skylla
472 1405 33 27 sig
514 1405 80 28 sjelfve,
604 1405 110 21 hvaremot
725 1405 36 22 det
771 1405 132 22 tillkommer
913 1405 45 27 lag-

204 1440 100 22 stiftaren
328 1442 32 19 att
382 1439 76 22 främst
481 1439 45 22 afse
546 1440 26 21 de
591 1440 142 27 borgenärers
748 1441 51 26 rätt,
815 1439 83 22 hvilkas
914 1439 44 22 for-

272 1481 141 21 Myntutskottets
426 1480 105 17 betänkande
544 1485 27 12 n:o
586 1481 13 16 1.
