1048 1706
377 138 26 18 U.
415 138 28 18 B.
454 138 66 19 XIX,
778 140 13 20 5

88 200 93 27 ledning,
196 198 63 24 hafva
287 199 65 22 likväl
366 201 58 21 olika
436 202 110 26 meningar
575 200 70 22 blifvit
660 200 96 22 uttalade
771 200 46 21 der-

88 241 43 19 om,
158 234 106 21 huruvida
292 234 214 28 bankförvaltningen
535 242 77 20 genom
634 234 47 21 sina
709 234 108 21 härunder

86 268 100 27 vidtagna
216 268 151 26 dispositioner
389 268 82 28 lyckats
489 268 64 21 träffa
572 267 25 22 de
627 269 94 25 utvägar,
744 268 73 20 hvilka

86 302 210 26 omständigheterna
310 302 7 20 i
331 302 73 27 hvarje
431 302 37 20 fall
483 302 75 21 kräfde
580 302 41 21 och
640 308 45 14 som
700 301 49 21 med
763 301 53 21 ban-

85 336 53 20 kens
155 335 82 28 uppgift
253 336 40 21 och
308 342 52 20 egen
376 335 69 21 fördel
459 336 55 21 varit
531 337 56 19 mest
601 335 214 22 öfverensstämman-

85 369 31 21 de.
147 369 64 21 Emot
225 369 41 21 den
281 370 7 20 i
303 369 153 28 Fullmäktiges
475 370 116 21 berättelse
601 370 13 20 å
627 369 39 21 sid.
683 369 82 21 11—14
775 369 39 27 gif-

84 410 28 14 na
126 404 157 26 framställning
298 403 24 21 af
334 404 162 26 ifrågavarande
515 403 149 22 förhållanden
678 404 40 20 har
733 403 36 21 det
782 404 32 20 in-

84 445 35 14 om
136 437 108 21 Utskottet
259 438 116 25 anmärkts,
391 439 32 19 att
451 438 40 21 den
505 438 25 21 af
544 437 102 21 Finlands
674 437 58 21 bank
747 437 66 21 sedan

84 471 65 21 slutet
164 472 24 20 af
200 472 23 20 år
240 472 53 21 1874
313 472 161 27 upprätthållna
501 472 63 27 ringa
582 471 111 22 skilnaden
723 471 90 21 emellan

83 505 69 21 vexel-
175 506 39 21 och
236 506 145 26 diskontkurs,
408 506 85 21 hvilken
510 506 100 27 utgjorde
633 512 26 14 en
680 506 24 20 af
721 504 91 22 hufvud-

83 539 116 21 orsakerna
213 540 33 20 till
265 540 35 20 det
324 540 82 21 mindre
427 539 198 22 tillfredsställande
647 539 96 26 resultat,
765 546 46 14 som

83 573 41 21 den
139 573 114 21 utländska
267 573 154 22 vexelhandeln
444 574 81 20 lemnat
546 573 69 21 under
629 572 93 22 sistlidet
735 574 31 24 är,
781 573 30 21 af-

81 607 63 21 hållit
172 607 96 21 enskilda
296 607 48 22 från
374 608 69 21 denna
465 608 119 26 affärsgren
603 609 55 19 samt
672 607 93 27 bidragit
779 608 32 20 att

82 642 138 20 centralisera
241 642 124 21 densamma
385 642 40 21 hos
448 642 90 21 banken.
571 641 79 21 Vidare
667 642 40 20 har
721 641 88 21 anförts:

81 678 32 18 att
128 675 101 21 Finlands
246 675 57 21 bank
318 682 76 21 genom
409 678 32 19 att
456 676 34 21 vid
504 675 177 27 kursnoteringar
693 675 48 21 icke
755 675 55 21 iakt-

80 712 50 25 taga
148 710 78 21 silfrets
255 710 13 20 &
298 710 202 21 verldsmarknaden
518 709 99 28 gällande
636 710 43 27 pris
699 710 61 27 gifvit
774 709 36 22 det

80 744 116 21 utländska
210 746 81 26 myntet
305 744 7 20 i
327 744 72 21 landet
410 746 31 19 ett
449 744 111 22 konstladt
572 744 40 21 och
620 744 133 28 godtyckligt
763 745 46 20 vär-

81 778 31 26 de,
128 778 81 22 hvilket
223 778 34 21 väl
271 778 83 21 kunnat
368 778 63 22 hafva
445 779 47 21 sina
506 778 94 21 fördelar
614 778 35 21 för
663 778 57 21 vissa
731 778 78 21 enskil-

80 813 28 21 da
128 812 151 28 affärsgrenar,
294 820 49 14 men
358 820 46 14 som
419 812 54 22 dock
488 813 7 20 i
510 820 83 14 samma
607 814 49 20 mån
672 812 61 22 äfven
747 812 62 22 ländt

80 847 67 21 andra
161 847 34 21 till
210 847 66 21 skada
298 847 39 21 och
352 847 7 20 i
375 847 116 21 allmänhet
509 847 123 21 framkallat
653 854 36 14 oro
705 847 41 21 och
761 848 47 20 osä-

78 882 75 20 kerhet
176 881 57 21 inom
255 882 160 25 affärsverlden,
438 881 33 22 för
492 881 86 22 hvilken
600 882 73 20 skälen
693 881 34 21 till
745 881 63 21 dessa

79 915 113 22 afvikelser
207 916 45 20 icke
267 916 55 20 varit
336 916 87 27 tydliga;
439 918 31 19 att
484 916 96 21 bankens
595 915 85 28 uppgift
695 917 32 19 att
740 915 8 21 i
762 915 45 21 lan-

79 950 46 22 dets
141 950 198 27 penningeväsende
355 950 146 27 upprätthålla
515 950 77 27 stadga
607 950 39 21 och
664 949 99 21 säkerhet
777 950 29 20 ic-

78 985 26 20 ke
120 984 37 27 gaf
170 983 114 28 anledning
299 984 34 20 till
347 985 30 19 ett
392 983 77 22 sådant
484 984 130 26 förfarande,
623 984 99 21 eftersom
733 983 73 22 berör-

79 1020 26 21 da
120 1020 124 28 stadgande,
259 1020 28 27 på
301 1020 43 20 sätt
359 1018 61 21 äfven
442 1018 195 28 Bankfullmäktige
652 1018 7 21 i
674 1018 61 21 deras
757 1025 50 19 pro-

77 1054 68 22 tokoll
160 1054 34 21 för
209 1054 39 20 den
264 1055 24 19 31
306 1053 92 27 Augusti
415 1053 52 21 1875
483 1053 111 26 förklarat,
610 1053 46 20 icke
673 1052 90 21 innebär
777 1052 29 21 el-

78 1089 31 20 ler
123 1089 85 20 kräfver
236 1089 66 20 annat
317 1087 51 21 eller
396 1094 45 13 mer
460 1088 27 19 än
501 1089 32 18 att
550 1087 84 20 banken
650 1086 55 21 skall
719 1085 35 22 vid
769 1093 36 14 an-

77 1123 88 21 fordran
180 1121 48 22 med
242 1122 66 21 finskt
324 1121 132 28 silfvermynt
470 1121 70 21 inlösa
548 1121 47 21 sina
610 1120 76 27 sedlar;
696 1120 109 21 äfvensom

78 1159 32 20 att
120 1157 96 21 bankens
230 1156 154 27 förrättningar
393 1155 58 22 inom
467 1155 69 21 denna
551 1155 118 27 affärsgren
680 1154 125 28 visserligen

76 1192 48 21 icke
147 1191 49 21 bort
218 1190 121 21 utsträckas
354 1190 74 26 längre
445 1191 25 19 än
486 1189 48 21 med
556 1189 95 22 bankens
673 1189 70 21 fördel
765 1189 39 20 och

77 1225 99 21 säkerhet
191 1224 55 21 varit
260 1224 107 27 förenligt,
378 1230 47 14 men
437 1225 31 19 att
483 1223 54 21 dock
553 1223 25 21 de
592 1223 8 20 i
607 1222 153 27 Fullmäktiges
768 1222 36 21 be-

77 1259 87 21 rättelse
176 1258 127 21 omnämnda
317 1257 100 22 befarade
428 1257 240 27 kursspekulationerna
682 1257 7 20 i
698 1256 106 22 anseende

77 1293 33 21 till
125 1293 41 21 den
181 1293 113 26 svårighet,
303 1299 47 14 som
360 1291 61 21 alltid
430 1292 68 21 måste
512 1291 116 21 förefinnas
643 1290 34 21 vid
687 1290 116 21 bedöman-

78 1327 41 25 det,
128 1335 35 13 om
178 1327 40 20 och
232 1326 33 21 till
279 1326 85 21 hvilken
380 1325 52 27 grad
447 1325 71 27 dylika
534 1324 159 27 spekulationer
706 1324 58 27 ligga
771 1324 33 21 till

77 1361 69 27 grund
161 1361 34 20 för
210 1367 25 14 en
251 1359 102 27 erbjuden
365 1358 123 26 vexelaffär,
495 1358 83 21 kunnat
592 1364 76 21 genom
680 1357 125 28 lämpligare

78 1395 40 21 och
135 1401 59 15 mera
215 1393 161 27 affärsmässiga
395 1391 143 28 anordningar
559 1391 127 28 förebyggas
705 1391 52 27 eller
773 1391 32 21 åt-

78 1429 106 22 minstone
199 1430 62 27 göras
279 1426 117 28 oskadliga,
411 1433 50 15 vare
478 1426 33 27 sig
531 1426 100 27 antingen
646 1432 77 21 genom
737 1426 68 21 utsät-

79 1464 63 23 tande
164 1463 25 22 af
202 1471 25 14 en
250 1463 69 21 större
341 1461 99 22 differens
464 1460 90 23 emellan
571 1459 69 24 vexel-
656 1460 40 23 och
709 1460 96 24 diskont-

124 1505 151 19 Bankutskottets
288 1502 106 21 Berättelse.
