<?xml version="1.0" encoding="UTF-8"?>
<alto xmlns="http://www.loc.gov/standards/alto/ns-v3#" xmlns:xlink="http://www.w3.org/1999/xlink" xmlns:xsi="http://www.w3.org/2001/XMLSchema-instance" xsi:schemaLocation="http://www.loc.gov/standards/alto/ns-v3# http://www.loc.gov/alto/v3/alto-3-0.xsd">
	<Description>
		<MeasurementUnit>pixel</MeasurementUnit>
		<sourceImageInformation>
			<fileName>/tmp/tess_m_inbwxl_input.PNG</fileName>
		</sourceImageInformation>
		<OCRProcessing ID="OCR_0">
			<ocrProcessingStep>
				<processingSoftware>
					<softwareName>tesseract 5.3.4</softwareName>
				</processingSoftware>
			</ocrProcessingStep>
		</OCRProcessing>
	</Description>
	<Layout>
		<Page WIDTH="1036" HEIGHT="1686" PHYSICAL_IMG_NR="0" ID="page_0">
			<PrintSpace HPOS="0" VPOS="0" WIDTH="1036" HEIGHT="1686">
				<ComposedBlock ID="cblock_0" HPOS="660" VPOS="103" WIDTH="3" HEIGHT="18">
					<TextBlock ID="block_0" HPOS="660" VPOS="103" WIDTH="3" HEIGHT="18">
						<TextLine ID="line_0" HPOS="660" VPOS="103" WIDTH="3" HEIGHT="18">
							<String ID="string_0" HPOS="660" VPOS="103" WIDTH="3" HEIGHT="18" WC="0.91" CONTENT="i"/>
						</TextLine>
					</TextBlock>
				</ComposedBlock>
				<ComposedBlock ID="cblock_1" HPOS="442" VPOS="117" WIDTH="360" HEIGHT="45">
					<TextBlock ID="block_1" HPOS="442" VPOS="117" WIDTH="360" HEIGHT="45">
						<TextLine ID="line_1" HPOS="442" VPOS="117" WIDTH="360" HEIGHT="45">
							<String ID="string_1" HPOS="442" VPOS="117" WIDTH="28" HEIGHT="45" WC="0.93" CONTENT="11."/><SP WIDTH="190" VPOS="117" HPOS="470"/>
							<String ID="string_2" HPOS="660" VPOS="127" WIDTH="5" HEIGHT="31" WC="0.89" CONTENT="i"/><SP WIDTH="111" VPOS="127" HPOS="665"/>
							<String ID="string_3" HPOS="776" VPOS="132" WIDTH="26" HEIGHT="20" WC="0.88" CONTENT="35"/>
						</TextLine>
					</TextBlock>
				</ComposedBlock>
				<ComposedBlock ID="cblock_2" HPOS="74" VPOS="195" WIDTH="758" HEIGHT="1286">
					<TextBlock ID="block_2" HPOS="82" VPOS="195" WIDTH="750" HEIGHT="62">
						<TextLine ID="line_2" HPOS="82" VPOS="195" WIDTH="750" HEIGHT="30">
							<String ID="string_4" HPOS="82" VPOS="195" WIDTH="79" HEIGHT="27" WC="0.96" CONTENT="ningen"/><SP WIDTH="15" VPOS="195" HPOS="161"/>
							<String ID="string_5" HPOS="176" VPOS="197" WIDTH="110" HEIGHT="26" WC="0.96" CONTENT="upptaget,"/><SP WIDTH="17" VPOS="197" HPOS="286"/>
							<String ID="string_6" HPOS="303" VPOS="198" WIDTH="33" HEIGHT="19" WC="0.96" CONTENT="att"/><SP WIDTH="14" VPOS="198" HPOS="336"/>
							<String ID="string_7" HPOS="350" VPOS="197" WIDTH="73" HEIGHT="26" WC="0.96" CONTENT="hvarje"/><SP WIDTH="16" VPOS="197" HPOS="423"/>
							<String ID="string_8" HPOS="439" VPOS="198" WIDTH="23" HEIGHT="20" WC="0.96" CONTENT="af"/><SP WIDTH="9" VPOS="198" HPOS="462"/>
							<String ID="string_9" HPOS="471" VPOS="198" WIDTH="47" HEIGHT="20" WC="0.96" CONTENT="dem"/><SP WIDTH="15" VPOS="198" HPOS="518"/>
							<String ID="string_10" HPOS="533" VPOS="198" WIDTH="95" HEIGHT="21" WC="0.96" CONTENT="berodde"/><SP WIDTH="9" VPOS="198" HPOS="628"/>
							<String ID="string_11" HPOS="637" VPOS="198" WIDTH="29" HEIGHT="27" WC="0.96" CONTENT="på"/><SP WIDTH="14" VPOS="198" HPOS="666"/>
							<String ID="string_12" HPOS="680" VPOS="198" WIDTH="152" HEIGHT="27" WC="0.96" CONTENT="föredragning"/>
						</TextLine>
						<TextLine ID="line_3" HPOS="82" VPOS="230" WIDTH="369" HEIGHT="27">
							<String ID="string_13" HPOS="82" VPOS="230" WIDTH="6" HEIGHT="21" WC="0.96" CONTENT="i"/><SP WIDTH="17" VPOS="230" HPOS="88"/>
							<String ID="string_14" HPOS="105" VPOS="230" WIDTH="151" HEIGHT="27" WC="0.95" CONTENT="sammanhang"/><SP WIDTH="15" VPOS="230" HPOS="256"/>
							<String ID="string_15" HPOS="271" VPOS="230" WIDTH="49" HEIGHT="21" WC="0.96" CONTENT="med"/><SP WIDTH="15" VPOS="230" HPOS="320"/>
							<String ID="string_16" HPOS="335" VPOS="231" WIDTH="26" HEIGHT="20" WC="0.94" CONTENT="de"/><SP WIDTH="15" VPOS="231" HPOS="361"/>
							<String ID="string_17" HPOS="376" VPOS="230" WIDTH="75" HEIGHT="27" WC="0.94" CONTENT="öfriga."/>
						</TextLine>
					</TextBlock>
					<TextBlock ID="block_3" HPOS="76" VPOS="263" WIDTH="754" HEIGHT="470">
						<TextLine ID="line_4" HPOS="152" VPOS="263" WIDTH="677" HEIGHT="28">
							<String ID="string_18" HPOS="152" VPOS="264" WIDTH="9" HEIGHT="20" WC="0.96" CONTENT="I"/><SP WIDTH="17" VPOS="264" HPOS="161"/>
							<String ID="string_19" HPOS="178" VPOS="263" WIDTH="114" HEIGHT="27" WC="0.96" CONTENT="anledning"/><SP WIDTH="18" VPOS="263" HPOS="292"/>
							<String ID="string_20" HPOS="310" VPOS="264" WIDTH="63" HEIGHT="20" WC="0.96" CONTENT="häraf"/><SP WIDTH="18" VPOS="264" HPOS="373"/>
							<String ID="string_21" HPOS="391" VPOS="264" WIDTH="38" HEIGHT="20" WC="0.96" CONTENT="och"/><SP WIDTH="20" VPOS="264" HPOS="429"/>
							<String ID="string_22" HPOS="449" VPOS="265" WIDTH="87" HEIGHT="20" WC="0.96" CONTENT="emedan"/><SP WIDTH="16" VPOS="265" HPOS="536"/>
							<String ID="string_23" HPOS="552" VPOS="265" WIDTH="26" HEIGHT="21" WC="0.97" CONTENT="de"/><SP WIDTH="15" VPOS="265" HPOS="578"/>
							<String ID="string_24" HPOS="593" VPOS="264" WIDTH="62" HEIGHT="22" WC="0.92" CONTENT="flesta"/><SP WIDTH="17" VPOS="264" HPOS="655"/>
							<String ID="string_25" HPOS="672" VPOS="265" WIDTH="65" HEIGHT="21" WC="0.93" CONTENT="bland"/><SP WIDTH="14" VPOS="265" HPOS="737"/>
							<String ID="string_26" HPOS="751" VPOS="265" WIDTH="78" HEIGHT="26" WC="0.91" CONTENT="ifråga-"/>
						</TextLine>
						<TextLine ID="line_5" HPOS="81" VPOS="297" WIDTH="749" HEIGHT="28">
							<String ID="string_27" HPOS="81" VPOS="297" WIDTH="93" HEIGHT="21" WC="0.92" CONTENT="varande"/><SP WIDTH="20" VPOS="297" HPOS="174"/>
							<String ID="string_28" HPOS="194" VPOS="297" WIDTH="107" HEIGHT="27" WC="0.92" CONTENT="tjenstefel"/><SP WIDTH="20" VPOS="297" HPOS="301"/>
							<String ID="string_29" HPOS="321" VPOS="299" WIDTH="71" HEIGHT="25" WC="0.96" CONTENT="syntes"/><SP WIDTH="20" VPOS="299" HPOS="392"/>
							<String ID="string_30" HPOS="412" VPOS="304" WIDTH="52" HEIGHT="15" WC="0.96" CONTENT="vara"/><SP WIDTH="15" VPOS="304" HPOS="464"/>
							<String ID="string_31" HPOS="479" VPOS="299" WIDTH="61" HEIGHT="26" WC="0.96" CONTENT="ringa"/><SP WIDTH="14" VPOS="299" HPOS="540"/>
							<String ID="string_32" HPOS="554" VPOS="299" WIDTH="7" HEIGHT="21" WC="0.96" CONTENT="i"/><SP WIDTH="16" VPOS="299" HPOS="561"/>
							<String ID="string_33" HPOS="577" VPOS="298" WIDTH="24" HEIGHT="22" WC="0.96" CONTENT="så"/><SP WIDTH="15" VPOS="298" HPOS="601"/>
							<String ID="string_34" HPOS="616" VPOS="299" WIDTH="73" HEIGHT="26" WC="0.95" CONTENT="måtto,"/><SP WIDTH="16" VPOS="299" HPOS="689"/>
							<String ID="string_35" HPOS="705" VPOS="301" WIDTH="34" HEIGHT="19" WC="0.96" CONTENT="att"/><SP WIDTH="14" VPOS="301" HPOS="739"/>
							<String ID="string_36" HPOS="753" VPOS="299" WIDTH="77" HEIGHT="21" WC="0.96" CONTENT="endast"/>
						</TextLine>
						<TextLine ID="line_6" HPOS="81" VPOS="331" WIDTH="748" HEIGHT="27">
							<String ID="string_37" HPOS="81" VPOS="337" WIDTH="78" HEIGHT="15" WC="0.96" CONTENT="ansvar"/><SP WIDTH="15" VPOS="337" HPOS="159"/>
							<String ID="string_38" HPOS="174" VPOS="331" WIDTH="22" HEIGHT="21" WC="0.96" CONTENT="af"/><SP WIDTH="17" VPOS="331" HPOS="196"/>
							<String ID="string_39" HPOS="213" VPOS="331" WIDTH="62" HEIGHT="21" WC="0.96" CONTENT="böter"/><SP WIDTH="19" VPOS="331" HPOS="275"/>
							<String ID="string_40" HPOS="294" VPOS="331" WIDTH="69" HEIGHT="21" WC="0.95" CONTENT="skulle"/><SP WIDTH="18" VPOS="331" HPOS="363"/>
							<String ID="string_41" HPOS="381" VPOS="332" WIDTH="34" HEIGHT="20" WC="0.96" CONTENT="för"/><SP WIDTH="19" VPOS="332" HPOS="415"/>
							<String ID="string_42" HPOS="434" VPOS="332" WIDTH="47" HEIGHT="20" WC="0.96" CONTENT="dem"/><SP WIDTH="19" VPOS="332" HPOS="481"/>
							<String ID="string_43" HPOS="500" VPOS="334" WIDTH="40" HEIGHT="24" WC="0.96" CONTENT="äga"/><SP WIDTH="19" VPOS="334" HPOS="540"/>
							<String ID="string_44" HPOS="559" VPOS="338" WIDTH="54" HEIGHT="20" WC="0.96" CONTENT="rum,"/><SP WIDTH="15" VPOS="338" HPOS="613"/>
							<String ID="string_45" HPOS="628" VPOS="339" WIDTH="48" HEIGHT="14" WC="0.93" CONTENT="men"/><SP WIDTH="16" VPOS="339" HPOS="676"/>
							<String ID="string_46" HPOS="692" VPOS="333" WIDTH="95" HEIGHT="20" WC="0.92" CONTENT="deremot"/><SP WIDTH="16" VPOS="333" HPOS="787"/>
							<String ID="string_47" HPOS="803" VPOS="333" WIDTH="26" HEIGHT="21" WC="0.96" CONTENT="de"/>
						</TextLine>
						<TextLine ID="line_7" HPOS="80" VPOS="364" WIDTH="748" HEIGHT="29">
							<String ID="string_48" HPOS="80" VPOS="360" WIDTH="118" HEIGHT="37" WC="0.70" CONTENT="tilltalade”"/><SP WIDTH="12" VPOS="360" HPOS="198"/>
							<String ID="string_49" HPOS="210" VPOS="371" WIDTH="45" HEIGHT="15" WC="0.95" CONTENT="voro"/><SP WIDTH="18" VPOS="371" HPOS="255"/>
							<String ID="string_50" HPOS="273" VPOS="365" WIDTH="78" HEIGHT="26" WC="0.96" CONTENT="många"/><SP WIDTH="20" VPOS="365" HPOS="351"/>
							<String ID="string_51" HPOS="371" VPOS="365" WIDTH="38" HEIGHT="21" WC="0.93" CONTENT="och"/><SP WIDTH="20" VPOS="365" HPOS="409"/>
							<String ID="string_52" HPOS="429" VPOS="366" WIDTH="79" HEIGHT="21" WC="0.90" CONTENT="enhvar"/><SP WIDTH="18" VPOS="366" HPOS="508"/>
							<String ID="string_53" HPOS="526" VPOS="366" WIDTH="146" HEIGHT="21" WC="0.96" CONTENT="underkastad"/><SP WIDTH="18" VPOS="366" HPOS="672"/>
							<String ID="string_54" HPOS="690" VPOS="367" WIDTH="138" HEIGHT="26" WC="0.96" CONTENT="möjligheten"/>
						</TextLine>
						<TextLine ID="line_8" HPOS="81" VPOS="398" WIDTH="748" HEIGHT="28">
							<String ID="string_55" HPOS="81" VPOS="399" WIDTH="22" HEIGHT="20" WC="0.94" CONTENT="af"/><SP WIDTH="13" VPOS="399" HPOS="103"/>
							<String ID="string_56" HPOS="116" VPOS="405" WIDTH="41" HEIGHT="20" WC="0.96" CONTENT="nya"/><SP WIDTH="15" VPOS="405" HPOS="157"/>
							<String ID="string_57" HPOS="172" VPOS="398" WIDTH="50" HEIGHT="26" WC="0.95" CONTENT="åtal,"/><SP WIDTH="17" VPOS="398" HPOS="222"/>
							<String ID="string_58" HPOS="239" VPOS="405" WIDTH="45" HEIGHT="15" WC="0.95" CONTENT="som"/><SP WIDTH="19" VPOS="405" HPOS="284"/>
							<String ID="string_59" HPOS="303" VPOS="400" WIDTH="117" HEIGHT="26" WC="0.96" CONTENT="yttermera"/><SP WIDTH="19" VPOS="400" HPOS="420"/>
							<String ID="string_60" HPOS="439" VPOS="400" WIDTH="70" HEIGHT="20" WC="0.96" CONTENT="kunde"/><SP WIDTH="15" VPOS="400" HPOS="509"/>
							<String ID="string_61" HPOS="524" VPOS="400" WIDTH="77" HEIGHT="21" WC="0.96" CONTENT="hindra"/><SP WIDTH="15" VPOS="400" HPOS="601"/>
							<String ID="string_62" HPOS="616" VPOS="400" WIDTH="36" HEIGHT="21" WC="0.96" CONTENT="det"/><SP WIDTH="15" VPOS="400" HPOS="652"/>
							<String ID="string_63" HPOS="667" VPOS="400" WIDTH="88" HEIGHT="26" WC="0.93" CONTENT="slutliga"/><SP WIDTH="15" VPOS="400" HPOS="755"/>
							<String ID="string_64" HPOS="770" VPOS="400" WIDTH="59" HEIGHT="26" WC="0.91" CONTENT="afgö-"/>
						</TextLine>
						<TextLine ID="line_9" HPOS="79" VPOS="432" WIDTH="750" HEIGHT="28">
							<String ID="string_65" HPOS="79" VPOS="433" WIDTH="82" HEIGHT="25" WC="0.92" CONTENT="randet,"/><SP WIDTH="16" VPOS="433" HPOS="161"/>
							<String ID="string_66" HPOS="177" VPOS="432" WIDTH="113" HEIGHT="22" WC="0.92" CONTENT="hvarutom"/><SP WIDTH="19" VPOS="432" HPOS="290"/>
							<String ID="string_67" HPOS="309" VPOS="432" WIDTH="61" HEIGHT="22" WC="0.93" CONTENT="äfven"/><SP WIDTH="16" VPOS="432" HPOS="370"/>
							<String ID="string_68" HPOS="386" VPOS="433" WIDTH="109" HEIGHT="27" WC="0.91" CONTENT="åtskillige"/><SP WIDTH="14" VPOS="433" HPOS="495"/>
							<String ID="string_69" HPOS="509" VPOS="434" WIDTH="149" HEIGHT="26" WC="0.93" CONTENT="mälsägandes"/><SP WIDTH="15" VPOS="434" HPOS="658"/>
							<String ID="string_70" HPOS="673" VPOS="435" WIDTH="45" HEIGHT="20" WC="0.94" CONTENT="rätt"/><SP WIDTH="14" VPOS="435" HPOS="718"/>
							<String ID="string_71" HPOS="732" VPOS="434" WIDTH="32" HEIGHT="21" WC="0.93" CONTENT="till"/><SP WIDTH="17" VPOS="434" HPOS="764"/>
							<String ID="string_72" HPOS="781" VPOS="434" WIDTH="48" HEIGHT="21" WC="0.93" CONTENT="ska-"/>
						</TextLine>
						<TextLine ID="line_10" HPOS="79" VPOS="463" WIDTH="749" HEIGHT="32">
							<String ID="string_73" HPOS="79" VPOS="467" WIDTH="148" HEIGHT="27" WC="0.90" CONTENT="deersättning"/><SP WIDTH="22" VPOS="467" HPOS="227"/>
							<String ID="string_74" HPOS="249" VPOS="467" WIDTH="109" HEIGHT="21" WC="0.90" CONTENT="allaredan"/><SP WIDTH="23" VPOS="467" HPOS="358"/>
							<String ID="string_75" HPOS="381" VPOS="467" WIDTH="70" HEIGHT="21" WC="0.92" CONTENT="blifvit"/><SP WIDTH="18" VPOS="467" HPOS="451"/>
							<String ID="string_76" HPOS="469" VPOS="474" WIDTH="42" HEIGHT="21" WC="0.96" CONTENT="nog"/><SP WIDTH="18" VPOS="474" HPOS="511"/>
							<String ID="string_77" HPOS="529" VPOS="468" WIDTH="85" HEIGHT="27" WC="0.81" CONTENT="mycket"/><SP WIDTH="19" VPOS="468" HPOS="614"/>
							<String ID="string_78" HPOS="633" VPOS="463" WIDTH="103" HEIGHT="31" WC="0.91" CONTENT="fördröjd,"/><SP WIDTH="21" VPOS="463" HPOS="736"/>
							<String ID="string_79" HPOS="757" VPOS="468" WIDTH="71" HEIGHT="21" WC="0.90" CONTENT="anhöll"/>
						</TextLine>
						<TextLine ID="line_11" HPOS="76" VPOS="501" WIDTH="752" HEIGHT="28">
							<String ID="string_80" HPOS="76" VPOS="502" WIDTH="38" HEIGHT="26" WC="0.93" CONTENT="jag"/><SP WIDTH="15" VPOS="502" HPOS="114"/>
							<String ID="string_81" HPOS="129" VPOS="502" WIDTH="32" HEIGHT="20" WC="0.92" CONTENT="uti"/><SP WIDTH="19" VPOS="502" HPOS="161"/>
							<String ID="string_82" HPOS="180" VPOS="501" WIDTH="112" HEIGHT="21" WC="0.93" CONTENT="skrifvelse"/><SP WIDTH="16" VPOS="501" HPOS="292"/>
							<String ID="string_83" HPOS="308" VPOS="501" WIDTH="39" HEIGHT="21" WC="0.96" CONTENT="den"/><SP WIDTH="18" VPOS="501" HPOS="347"/>
							<String ID="string_84" HPOS="365" VPOS="503" WIDTH="24" HEIGHT="19" WC="0.96" CONTENT="12"/><SP WIDTH="21" VPOS="503" HPOS="389"/>
							<String ID="string_85" HPOS="410" VPOS="502" WIDTH="96" HEIGHT="21" WC="0.96" CONTENT="Oktober"/><SP WIDTH="16" VPOS="502" HPOS="506"/>
							<String ID="string_86" HPOS="522" VPOS="503" WIDTH="52" HEIGHT="20" WC="0.96" CONTENT="1871"/><SP WIDTH="18" VPOS="503" HPOS="574"/>
							<String ID="string_87" HPOS="592" VPOS="502" WIDTH="38" HEIGHT="22" WC="0.93" CONTENT="hos"/><SP WIDTH="19" VPOS="502" HPOS="630"/>
							<String ID="string_88" HPOS="649" VPOS="502" WIDTH="120" HEIGHT="27" WC="0.91" CONTENT="Kejserlige"/><SP WIDTH="14" VPOS="502" HPOS="769"/>
							<String ID="string_89" HPOS="783" VPOS="502" WIDTH="45" HEIGHT="22" WC="0.91" CONTENT="Wi-"/>
						</TextLine>
						<TextLine ID="line_12" HPOS="78" VPOS="535" WIDTH="750" HEIGHT="28">
							<String ID="string_90" HPOS="78" VPOS="536" WIDTH="65" HEIGHT="27" WC="0.93" CONTENT="borgs"/><SP WIDTH="16" VPOS="536" HPOS="143"/>
							<String ID="string_91" HPOS="159" VPOS="535" WIDTH="88" HEIGHT="22" WC="0.91" CONTENT="Hofrätt"/><SP WIDTH="15" VPOS="535" HPOS="247"/>
							<String ID="string_92" HPOS="262" VPOS="537" WIDTH="32" HEIGHT="20" WC="0.97" CONTENT="att"/><SP WIDTH="15" VPOS="537" HPOS="294"/>
							<String ID="string_93" HPOS="309" VPOS="536" WIDTH="63" HEIGHT="21" WC="0.93" CONTENT="dessa"/><SP WIDTH="14" VPOS="536" HPOS="372"/>
							<String ID="string_94" HPOS="386" VPOS="536" WIDTH="112" HEIGHT="21" WC="0.92" CONTENT="fiskaliska"/><SP WIDTH="14" VPOS="536" HPOS="498"/>
							<String ID="string_95" HPOS="512" VPOS="536" WIDTH="48" HEIGHT="27" WC="0.93" CONTENT="mål,"/><SP WIDTH="12" VPOS="536" HPOS="560"/>
							<String ID="string_96" HPOS="572" VPOS="537" WIDTH="71" HEIGHT="21" WC="0.92" CONTENT="sävidt"/><SP WIDTH="10" VPOS="537" HPOS="643"/>
							<String ID="string_97" HPOS="653" VPOS="537" WIDTH="175" HEIGHT="26" WC="0.92" CONTENT="skriftvexlingen"/>
						</TextLine>
						<TextLine ID="line_13" HPOS="78" VPOS="570" WIDTH="749" HEIGHT="26">
							<String ID="string_98" HPOS="78" VPOS="570" WIDTH="7" HEIGHT="20" WC="0.96" CONTENT="i"/><SP WIDTH="16" VPOS="570" HPOS="85"/>
							<String ID="string_99" HPOS="101" VPOS="570" WIDTH="48" HEIGHT="21" WC="0.96" CONTENT="dem"/><SP WIDTH="18" VPOS="570" HPOS="149"/>
							<String ID="string_100" HPOS="167" VPOS="570" WIDTH="67" HEIGHT="21" WC="0.93" CONTENT="redan"/><SP WIDTH="18" VPOS="570" HPOS="234"/>
							<String ID="string_101" HPOS="252" VPOS="570" WIDTH="107" HEIGHT="25" WC="0.91" CONTENT="afslutats,"/><SP WIDTH="16" VPOS="570" HPOS="359"/>
							<String ID="string_102" HPOS="375" VPOS="570" WIDTH="67" HEIGHT="20" WC="0.92" CONTENT="mätte"/><SP WIDTH="19" VPOS="570" HPOS="442"/>
							<String ID="string_103" HPOS="461" VPOS="570" WIDTH="36" HEIGHT="21" WC="0.96" CONTENT="vid"/><SP WIDTH="15" VPOS="570" HPOS="497"/>
							<String ID="string_104" HPOS="512" VPOS="570" WIDTH="68" HEIGHT="21" WC="0.93" CONTENT="första"/><SP WIDTH="14" VPOS="570" HPOS="580"/>
							<String ID="string_105" HPOS="594" VPOS="570" WIDTH="88" HEIGHT="26" WC="0.92" CONTENT="möjliga"/><SP WIDTH="14" VPOS="570" HPOS="682"/>
							<String ID="string_106" HPOS="696" VPOS="570" WIDTH="85" HEIGHT="21" WC="0.92" CONTENT="tillfälle"/><SP WIDTH="15" VPOS="570" HPOS="781"/>
							<String ID="string_107" HPOS="796" VPOS="570" WIDTH="31" HEIGHT="21" WC="0.93" CONTENT="fö-"/>
						</TextLine>
						<TextLine ID="line_14" HPOS="78" VPOS="600" WIDTH="750" HEIGHT="30">
							<String ID="string_108" HPOS="78" VPOS="606" WIDTH="85" HEIGHT="24" WC="0.93" CONTENT="retagas"/><SP WIDTH="19" VPOS="606" HPOS="163"/>
							<String ID="string_109" HPOS="182" VPOS="604" WIDTH="34" HEIGHT="20" WC="0.93" CONTENT="till"/><SP WIDTH="18" VPOS="604" HPOS="216"/>
							<String ID="string_110" HPOS="234" VPOS="600" WIDTH="123" HEIGHT="30" WC="0.92" CONTENT="afgörande."/><SP WIDTH="29" VPOS="600" HPOS="357"/>
							<String ID="string_111" HPOS="386" VPOS="604" WIDTH="67" HEIGHT="20" WC="0.93" CONTENT="Detta"/><SP WIDTH="18" VPOS="604" HPOS="453"/>
							<String ID="string_112" HPOS="471" VPOS="604" WIDTH="79" HEIGHT="21" WC="0.91" CONTENT="skedde"/><SP WIDTH="19" VPOS="604" HPOS="550"/>
							<String ID="string_113" HPOS="569" VPOS="604" WIDTH="68" HEIGHT="21" WC="0.93" CONTENT="under"/><SP WIDTH="18" VPOS="604" HPOS="637"/>
							<String ID="string_114" HPOS="655" VPOS="604" WIDTH="173" HEIGHT="26" WC="0.92" CONTENT="nästpäföljande"/>
						</TextLine>
						<TextLine ID="line_15" HPOS="78" VPOS="638" WIDTH="749" HEIGHT="27">
							<String ID="string_115" HPOS="78" VPOS="638" WIDTH="121" HEIGHT="21" WC="0.91" CONTENT="November"/><SP WIDTH="19" VPOS="638" HPOS="199"/>
							<String ID="string_116" HPOS="218" VPOS="638" WIDTH="77" HEIGHT="21" WC="0.91" CONTENT="mänad"/><SP WIDTH="15" VPOS="638" HPOS="295"/>
							<String ID="string_117" HPOS="310" VPOS="638" WIDTH="37" HEIGHT="21" WC="0.93" CONTENT="och"/><SP WIDTH="17" VPOS="638" HPOS="347"/>
							<String ID="string_118" HPOS="364" VPOS="638" WIDTH="128" HEIGHT="21" WC="0.90" CONTENT="Hofrättens"/><SP WIDTH="15" VPOS="638" HPOS="492"/>
							<String ID="string_119" HPOS="507" VPOS="638" WIDTH="71" HEIGHT="27" WC="0.92" CONTENT="utslag"/><SP WIDTH="16" VPOS="638" HPOS="578"/>
							<String ID="string_120" HPOS="594" VPOS="638" WIDTH="59" HEIGHT="21" WC="0.93" CONTENT="öfver"/><SP WIDTH="15" VPOS="638" HPOS="653"/>
							<String ID="string_121" HPOS="668" VPOS="638" WIDTH="99" HEIGHT="27" WC="0.92" CONTENT="tjugusex"/><SP WIDTH="16" VPOS="638" HPOS="767"/>
							<String ID="string_122" HPOS="783" VPOS="640" WIDTH="44" HEIGHT="18" WC="0.92" CONTENT="sär-"/>
						</TextLine>
						<TextLine ID="line_16" HPOS="78" VPOS="672" WIDTH="749" HEIGHT="26">
							<String ID="string_123" HPOS="78" VPOS="672" WIDTH="71" HEIGHT="22" WC="0.96" CONTENT="skilda"/><SP WIDTH="18" VPOS="672" HPOS="149"/>
							<String ID="string_124" HPOS="167" VPOS="672" WIDTH="68" HEIGHT="21" WC="0.96" CONTENT="delvis"/><SP WIDTH="20" VPOS="672" HPOS="235"/>
							<String ID="string_125" HPOS="255" VPOS="674" WIDTH="57" HEIGHT="19" WC="0.96" CONTENT="emot"/><SP WIDTH="18" VPOS="674" HPOS="312"/>
							<String ID="string_126" HPOS="330" VPOS="672" WIDTH="30" HEIGHT="21" WC="0.96" CONTENT="tio"/><SP WIDTH="19" VPOS="672" HPOS="360"/>
							<String ID="string_127" HPOS="379" VPOS="678" WIDTH="102" HEIGHT="20" WC="0.93" CONTENT="personer"/><SP WIDTH="20" VPOS="678" HPOS="481"/>
							<String ID="string_128" HPOS="501" VPOS="672" WIDTH="86" HEIGHT="22" WC="0.96" CONTENT="utförda"/><SP WIDTH="16" VPOS="672" HPOS="587"/>
							<String ID="string_129" HPOS="603" VPOS="672" WIDTH="44" HEIGHT="22" WC="0.96" CONTENT="åtal"/><SP WIDTH="16" VPOS="672" HPOS="647"/>
							<String ID="string_130" HPOS="663" VPOS="672" WIDTH="44" HEIGHT="21" WC="0.96" CONTENT="blef"/><SP WIDTH="14" VPOS="672" HPOS="707"/>
							<String ID="string_131" HPOS="721" VPOS="672" WIDTH="54" HEIGHT="21" WC="0.93" CONTENT="efter"/><SP WIDTH="16" VPOS="672" HPOS="775"/>
							<String ID="string_132" HPOS="791" VPOS="678" WIDTH="36" HEIGHT="14" WC="0.91" CONTENT="an-"/>
						</TextLine>
						<TextLine ID="line_17" HPOS="78" VPOS="705" WIDTH="446" HEIGHT="28">
							<String ID="string_133" HPOS="78" VPOS="706" WIDTH="47" HEIGHT="27" WC="0.93" CONTENT="slag"/><SP WIDTH="14" VPOS="706" HPOS="125"/>
							<String ID="string_134" HPOS="139" VPOS="705" WIDTH="92" HEIGHT="27" WC="0.92" CONTENT="utgifvet"/><SP WIDTH="15" VPOS="705" HPOS="231"/>
							<String ID="string_135" HPOS="246" VPOS="706" WIDTH="40" HEIGHT="21" WC="0.96" CONTENT="den"/><SP WIDTH="16" VPOS="706" HPOS="286"/>
							<String ID="string_136" HPOS="302" VPOS="707" WIDTH="26" HEIGHT="20" WC="0.96" CONTENT="29"/><SP WIDTH="16" VPOS="707" HPOS="328"/>
							<String ID="string_137" HPOS="344" VPOS="706" WIDTH="104" HEIGHT="21" WC="0.96" CONTENT="Februari"/><SP WIDTH="18" VPOS="706" HPOS="448"/>
							<String ID="string_138" HPOS="466" VPOS="708" WIDTH="58" HEIGHT="20" WC="0.95" CONTENT="1872."/>
						</TextLine>
					</TextBlock>
					<TextBlock ID="block_4" HPOS="74" VPOS="740" WIDTH="754" HEIGHT="96">
						<TextLine ID="line_18" HPOS="147" VPOS="740" WIDTH="681" HEIGHT="28">
							<String ID="string_139" HPOS="147" VPOS="740" WIDTH="104" HEIGHT="22" WC="0.93" CONTENT="Flertalet"/><SP WIDTH="19" VPOS="740" HPOS="251"/>
							<String ID="string_140" HPOS="270" VPOS="740" WIDTH="23" HEIGHT="20" WC="0.93" CONTENT="af"/><SP WIDTH="20" VPOS="740" HPOS="293"/>
							<String ID="string_141" HPOS="313" VPOS="740" WIDTH="144" HEIGHT="26" WC="0.91" CONTENT="nyssberörda"/><SP WIDTH="19" VPOS="740" HPOS="457"/>
							<String ID="string_142" HPOS="476" VPOS="740" WIDTH="43" HEIGHT="21" WC="0.89" CONTENT="ätal"/><SP WIDTH="19" VPOS="740" HPOS="519"/>
							<String ID="string_143" HPOS="538" VPOS="741" WIDTH="39" HEIGHT="21" WC="0.92" CONTENT="har"/><SP WIDTH="18" VPOS="741" HPOS="577"/>
							<String ID="string_144" HPOS="595" VPOS="740" WIDTH="66" HEIGHT="22" WC="0.92" CONTENT="afsett"/><SP WIDTH="17" VPOS="740" HPOS="661"/>
							<String ID="string_145" HPOS="678" VPOS="740" WIDTH="108" HEIGHT="28" WC="0.93" CONTENT="tjenstefel"/><SP WIDTH="20" VPOS="740" HPOS="786"/>
							<String ID="string_146" HPOS="806" VPOS="741" WIDTH="22" HEIGHT="21" WC="0.96" CONTENT="af"/>
						</TextLine>
						<TextLine ID="line_19" HPOS="76" VPOS="774" WIDTH="749" HEIGHT="28">
							<String ID="string_147" HPOS="76" VPOS="775" WIDTH="165" HEIGHT="27" WC="0.91" CONTENT="Länestyrelsen"/><SP WIDTH="19" VPOS="775" HPOS="241"/>
							<String ID="string_148" HPOS="260" VPOS="774" WIDTH="7" HEIGHT="21" WC="0.94" CONTENT="i"/><SP WIDTH="19" VPOS="774" HPOS="267"/>
							<String ID="string_149" HPOS="286" VPOS="774" WIDTH="91" HEIGHT="27" WC="0.93" CONTENT="Kuopio,"/><SP WIDTH="20" VPOS="774" HPOS="377"/>
							<String ID="string_150" HPOS="397" VPOS="774" WIDTH="73" HEIGHT="21" WC="0.91" CONTENT="hvilka"/><SP WIDTH="19" VPOS="774" HPOS="470"/>
							<String ID="string_151" HPOS="489" VPOS="775" WIDTH="71" HEIGHT="21" WC="0.92" CONTENT="kunna"/><SP WIDTH="19" VPOS="775" HPOS="560"/>
							<String ID="string_152" HPOS="579" VPOS="774" WIDTH="101" HEIGHT="22" WC="0.91" CONTENT="hänföras"/><SP WIDTH="19" VPOS="774" HPOS="680"/>
							<String ID="string_153" HPOS="699" VPOS="775" WIDTH="68" HEIGHT="21" WC="0.93" CONTENT="under"/><SP WIDTH="18" VPOS="775" HPOS="767"/>
							<String ID="string_154" HPOS="785" VPOS="774" WIDTH="40" HEIGHT="22" WC="0.89" CONTENT="föl-"/>
						</TextLine>
						<TextLine ID="line_20" HPOS="74" VPOS="809" WIDTH="190" HEIGHT="27">
							<String ID="string_155" HPOS="74" VPOS="810" WIDTH="65" HEIGHT="26" WC="0.92" CONTENT="jande"/><SP WIDTH="16" VPOS="810" HPOS="139"/>
							<String ID="string_156" HPOS="155" VPOS="809" WIDTH="109" HEIGHT="21" WC="0.96" CONTENT="rubriker:"/>
						</TextLine>
					</TextBlock>
					<TextBlock ID="block_5" HPOS="148" VPOS="843" WIDTH="678" HEIGHT="28">
						<TextLine ID="line_21" HPOS="148" VPOS="843" WIDTH="678" HEIGHT="28">
							<String ID="string_157" HPOS="148" VPOS="846" WIDTH="25" HEIGHT="23" WC="0.93" CONTENT="a)"/><SP WIDTH="15" VPOS="846" HPOS="173"/>
							<String ID="string_158" HPOS="188" VPOS="843" WIDTH="100" HEIGHT="28" WC="0.96" CONTENT="felaktigt"/><SP WIDTH="18" VPOS="843" HPOS="288"/>
							<String ID="string_159" HPOS="306" VPOS="843" WIDTH="123" HEIGHT="22" WC="0.96" CONTENT="förfarande"/><SP WIDTH="19" VPOS="843" HPOS="429"/>
							<String ID="string_160" HPOS="448" VPOS="843" WIDTH="35" HEIGHT="22" WC="0.93" CONTENT="vid"/><SP WIDTH="16" VPOS="843" HPOS="483"/>
							<String ID="string_161" HPOS="499" VPOS="843" WIDTH="114" HEIGHT="22" WC="0.92" CONTENT="exekution"/><SP WIDTH="15" VPOS="843" HPOS="613"/>
							<String ID="string_162" HPOS="628" VPOS="844" WIDTH="12" HEIGHT="21" WC="0.85" CONTENT="ä"/><SP WIDTH="15" VPOS="844" HPOS="640"/>
							<String ID="string_163" HPOS="655" VPOS="843" WIDTH="43" HEIGHT="22" WC="0.96" CONTENT="fast"/><SP WIDTH="15" VPOS="843" HPOS="698"/>
							<String ID="string_164" HPOS="713" VPOS="843" WIDTH="113" HEIGHT="27" WC="0.96" CONTENT="egendom;"/>
						</TextLine>
					</TextBlock>
					<TextBlock ID="block_6" HPOS="77" VPOS="877" WIDTH="750" HEIGHT="60">
						<TextLine ID="line_22" HPOS="149" VPOS="877" WIDTH="678" HEIGHT="28">
							<String ID="string_165" HPOS="149" VPOS="878" WIDTH="23" HEIGHT="25" WC="0.45" CONTENT="0)"/><SP WIDTH="16" VPOS="878" HPOS="172"/>
							<String ID="string_166" HPOS="188" VPOS="877" WIDTH="137" HEIGHT="22" WC="0.90" CONTENT="fösummelse"/><SP WIDTH="16" VPOS="877" HPOS="325"/>
							<String ID="string_167" HPOS="341" VPOS="877" WIDTH="35" HEIGHT="22" WC="0.93" CONTENT="vid"/><SP WIDTH="14" VPOS="877" HPOS="376"/>
							<String ID="string_168" HPOS="390" VPOS="878" WIDTH="160" HEIGHT="27" WC="0.95" CONTENT="handläggning"/><SP WIDTH="14" VPOS="878" HPOS="550"/>
							<String ID="string_169" HPOS="564" VPOS="877" WIDTH="24" HEIGHT="22" WC="0.93" CONTENT="af"/><SP WIDTH="14" VPOS="877" HPOS="588"/>
							<String ID="string_170" HPOS="602" VPOS="878" WIDTH="113" HEIGHT="21" WC="0.96" CONTENT="exekutiva"/><SP WIDTH="14" VPOS="878" HPOS="715"/>
							<String ID="string_171" HPOS="729" VPOS="877" WIDTH="43" HEIGHT="22" WC="0.96" CONTENT="mål"/><SP WIDTH="16" VPOS="877" HPOS="772"/>
							<String ID="string_172" HPOS="788" VPOS="878" WIDTH="39" HEIGHT="21" WC="0.96" CONTENT="och"/>
						</TextLine>
						<TextLine ID="line_23" HPOS="77" VPOS="912" WIDTH="289" HEIGHT="25">
							<String ID="string_173" HPOS="77" VPOS="912" WIDTH="171" HEIGHT="21" WC="0.96" CONTENT="administrativa"/><SP WIDTH="15" VPOS="912" HPOS="248"/>
							<String ID="string_174" HPOS="263" VPOS="912" WIDTH="103" HEIGHT="25" WC="0.96" CONTENT="ärenden;"/>
						</TextLine>
					</TextBlock>
					<TextBlock ID="block_7" HPOS="76" VPOS="945" WIDTH="750" HEIGHT="62">
						<TextLine ID="line_24" HPOS="147" VPOS="945" WIDTH="679" HEIGHT="28">
							<String ID="string_175" HPOS="147" VPOS="948" WIDTH="22" HEIGHT="23" WC="0.71" CONTENT="€)"/><SP WIDTH="15" VPOS="948" HPOS="169"/>
							<String ID="string_176" HPOS="184" VPOS="945" WIDTH="132" HEIGHT="22" WC="0.95" CONTENT="försummad"/><SP WIDTH="25" VPOS="945" HPOS="316"/>
							<String ID="string_177" HPOS="341" VPOS="946" WIDTH="74" HEIGHT="26" WC="0.94" CONTENT="tillsyn"/><SP WIDTH="23" VPOS="946" HPOS="415"/>
							<String ID="string_178" HPOS="438" VPOS="946" WIDTH="60" HEIGHT="21" WC="0.95" CONTENT="öfver"/><SP WIDTH="23" VPOS="946" HPOS="498"/>
							<String ID="string_179" HPOS="521" VPOS="946" WIDTH="122" HEIGHT="27" WC="0.96" CONTENT="expedition"/><SP WIDTH="22" VPOS="946" HPOS="643"/>
							<String ID="string_180" HPOS="665" VPOS="946" WIDTH="23" HEIGHT="21" WC="0.93" CONTENT="af"/><SP WIDTH="20" VPOS="946" HPOS="688"/>
							<String ID="string_181" HPOS="708" VPOS="946" WIDTH="118" HEIGHT="21" WC="0.92" CONTENT="handräck-"/>
						</TextLine>
						<TextLine ID="line_25" HPOS="76" VPOS="979" WIDTH="539" HEIGHT="28">
							<String ID="string_182" HPOS="76" VPOS="979" WIDTH="139" HEIGHT="28" WC="0.90" CONTENT="ningsmedel,"/><SP WIDTH="17" VPOS="979" HPOS="215"/>
							<String ID="string_183" HPOS="232" VPOS="986" WIDTH="44" HEIGHT="15" WC="0.93" CONTENT="som"/><SP WIDTH="17" VPOS="986" HPOS="276"/>
							<String ID="string_184" HPOS="293" VPOS="979" WIDTH="122" HEIGHT="27" WC="0.92" CONTENT="derigenom"/><SP WIDTH="16" VPOS="979" HPOS="415"/>
							<String ID="string_185" HPOS="431" VPOS="980" WIDTH="41" HEIGHT="21" WC="0.92" CONTENT="fått"/><SP WIDTH="15" VPOS="980" HPOS="472"/>
							<String ID="string_186" HPOS="487" VPOS="980" WIDTH="128" HEIGHT="25" WC="0.91" CONTENT="förkomma;"/>
						</TextLine>
					</TextBlock>
					<TextBlock ID="block_8" HPOS="76" VPOS="1014" WIDTH="749" HEIGHT="61">
						<TextLine ID="line_26" HPOS="147" VPOS="1014" WIDTH="678" HEIGHT="27">
							<String ID="string_187" HPOS="147" VPOS="1015" WIDTH="24" HEIGHT="25" WC="0.89" CONTENT="d)"/><SP WIDTH="16" VPOS="1015" HPOS="171"/>
							<String ID="string_188" HPOS="187" VPOS="1014" WIDTH="148" HEIGHT="21" WC="0.96" CONTENT="försummelse"/><SP WIDTH="15" VPOS="1014" HPOS="335"/>
							<String ID="string_189" HPOS="350" VPOS="1015" WIDTH="7" HEIGHT="20" WC="0.93" CONTENT="i"/><SP WIDTH="15" VPOS="1015" HPOS="357"/>
							<String ID="string_190" HPOS="372" VPOS="1014" WIDTH="119" HEIGHT="21" WC="0.91" CONTENT="vårdandet"/><SP WIDTH="16" VPOS="1014" HPOS="491"/>
							<String ID="string_191" HPOS="507" VPOS="1014" WIDTH="22" HEIGHT="21" WC="0.96" CONTENT="af"/><SP WIDTH="13" VPOS="1014" HPOS="529"/>
							<String ID="string_192" HPOS="542" VPOS="1015" WIDTH="134" HEIGHT="26" WC="0.96" CONTENT="handlingar,"/><SP WIDTH="11" VPOS="1015" HPOS="676"/>
							<String ID="string_193" HPOS="687" VPOS="1014" WIDTH="138" HEIGHT="27" WC="0.96" CONTENT="hvarigenom"/>
						</TextLine>
						<TextLine ID="line_27" HPOS="76" VPOS="1048" WIDTH="582" HEIGHT="27">
							<String ID="string_194" HPOS="76" VPOS="1049" WIDTH="63" HEIGHT="21" WC="0.93" CONTENT="dessa"/><SP WIDTH="15" VPOS="1049" HPOS="139"/>
							<String ID="string_195" HPOS="154" VPOS="1049" WIDTH="124" HEIGHT="20" WC="0.91" CONTENT="förkommit"/><SP WIDTH="14" VPOS="1049" HPOS="278"/>
							<String ID="string_196" HPOS="292" VPOS="1049" WIDTH="7" HEIGHT="20" WC="0.96" CONTENT="i"/><SP WIDTH="15" VPOS="1049" HPOS="299"/>
							<String ID="string_197" HPOS="314" VPOS="1048" WIDTH="49" HEIGHT="27" WC="0.95" CONTENT="mål,"/><SP WIDTH="17" VPOS="1048" HPOS="363"/>
							<String ID="string_198" HPOS="380" VPOS="1055" WIDTH="45" HEIGHT="14" WC="0.96" CONTENT="som"/><SP WIDTH="16" VPOS="1055" HPOS="425"/>
							<String ID="string_199" HPOS="441" VPOS="1049" WIDTH="71" HEIGHT="21" WC="0.95" CONTENT="berott"/><SP WIDTH="14" VPOS="1049" HPOS="512"/>
							<String ID="string_200" HPOS="526" VPOS="1049" WIDTH="29" HEIGHT="26" WC="0.96" CONTENT="på"/><SP WIDTH="15" VPOS="1049" HPOS="555"/>
							<String ID="string_201" HPOS="570" VPOS="1049" WIDTH="88" HEIGHT="26" WC="0.94" CONTENT="åtgärd;"/>
						</TextLine>
					</TextBlock>
					<TextBlock ID="block_9" HPOS="75" VPOS="1082" WIDTH="751" HEIGHT="62">
						<TextLine ID="line_28" HPOS="148" VPOS="1082" WIDTH="678" HEIGHT="29">
							<String ID="string_202" HPOS="148" VPOS="1085" WIDTH="20" HEIGHT="21" WC="0.89" CONTENT="e)"/><SP WIDTH="16" VPOS="1085" HPOS="168"/>
							<String ID="string_203" HPOS="184" VPOS="1083" WIDTH="102" HEIGHT="26" WC="0.96" CONTENT="dröjsmål"/><SP WIDTH="18" VPOS="1083" HPOS="286"/>
							<String ID="string_204" HPOS="304" VPOS="1082" WIDTH="36" HEIGHT="21" WC="0.96" CONTENT="vid"/><SP WIDTH="19" VPOS="1082" HPOS="340"/>
							<String ID="string_205" HPOS="359" VPOS="1083" WIDTH="139" HEIGHT="21" WC="0.96" CONTENT="meddelande"/><SP WIDTH="19" VPOS="1083" HPOS="498"/>
							<String ID="string_206" HPOS="517" VPOS="1083" WIDTH="23" HEIGHT="21" WC="0.93" CONTENT="af"/><SP WIDTH="16" VPOS="1083" HPOS="540"/>
							<String ID="string_207" HPOS="556" VPOS="1083" WIDTH="130" HEIGHT="28" WC="0.90" CONTENT="infordrade"/><SP WIDTH="12" VPOS="1083" HPOS="686"/>
							<String ID="string_208" HPOS="698" VPOS="1083" WIDTH="128" HEIGHT="26" WC="0.96" CONTENT="handlingar"/>
						</TextLine>
						<TextLine ID="line_29" HPOS="75" VPOS="1117" WIDTH="680" HEIGHT="27">
							<String ID="string_209" HPOS="75" VPOS="1117" WIDTH="40" HEIGHT="21" WC="0.96" CONTENT="och"/><SP WIDTH="15" VPOS="1117" HPOS="115"/>
							<String ID="string_210" HPOS="130" VPOS="1117" WIDTH="154" HEIGHT="27" WC="0.96" CONTENT="upplysningar"/><SP WIDTH="16" VPOS="1117" HPOS="284"/>
							<String ID="string_211" HPOS="300" VPOS="1118" WIDTH="55" HEIGHT="19" WC="0.92" CONTENT="samt"/><SP WIDTH="14" VPOS="1118" HPOS="355"/>
							<String ID="string_212" HPOS="369" VPOS="1117" WIDTH="124" HEIGHT="21" WC="0.90" CONTENT="inkallande"/><SP WIDTH="15" VPOS="1117" HPOS="493"/>
							<String ID="string_213" HPOS="508" VPOS="1117" WIDTH="22" HEIGHT="20" WC="0.96" CONTENT="af"/><SP WIDTH="13" VPOS="1117" HPOS="530"/>
							<String ID="string_214" HPOS="543" VPOS="1117" WIDTH="83" HEIGHT="20" WC="0.96" CONTENT="vittnen"/><SP WIDTH="15" VPOS="1117" HPOS="626"/>
							<String ID="string_215" HPOS="641" VPOS="1117" WIDTH="33" HEIGHT="20" WC="0.96" CONTENT="för"/><SP WIDTH="15" VPOS="1117" HPOS="674"/>
							<String ID="string_216" HPOS="689" VPOS="1118" WIDTH="66" HEIGHT="24" WC="0.96" CONTENT="rätta;"/>
						</TextLine>
					</TextBlock>
					<TextBlock ID="block_10" HPOS="76" VPOS="1150" WIDTH="751" HEIGHT="129">
						<TextLine ID="line_30" HPOS="146" VPOS="1150" WIDTH="680" HEIGHT="29">
							<String ID="string_217" HPOS="146" VPOS="1151" WIDTH="22" HEIGHT="28" WC="0.61" CONTENT="f)"/><SP WIDTH="15" VPOS="1151" HPOS="168"/>
							<String ID="string_218" HPOS="183" VPOS="1150" WIDTH="149" HEIGHT="22" WC="0.95" CONTENT="försummelse"/><SP WIDTH="18" VPOS="1150" HPOS="332"/>
							<String ID="string_219" HPOS="350" VPOS="1150" WIDTH="35" HEIGHT="21" WC="0.96" CONTENT="vid"/><SP WIDTH="19" VPOS="1150" HPOS="385"/>
							<String ID="string_220" HPOS="404" VPOS="1150" WIDTH="76" HEIGHT="21" WC="0.96" CONTENT="remiss"/><SP WIDTH="19" VPOS="1150" HPOS="480"/>
							<String ID="string_221" HPOS="499" VPOS="1150" WIDTH="32" HEIGHT="21" WC="0.96" CONTENT="till"/><SP WIDTH="19" VPOS="1150" HPOS="531"/>
							<String ID="string_222" HPOS="550" VPOS="1150" WIDTH="124" HEIGHT="21" WC="0.96" CONTENT="häradsrätt"/><SP WIDTH="17" VPOS="1150" HPOS="674"/>
							<String ID="string_223" HPOS="691" VPOS="1150" WIDTH="24" HEIGHT="21" WC="0.96" CONTENT="af"/><SP WIDTH="16" VPOS="1150" HPOS="715"/>
							<String ID="string_224" HPOS="731" VPOS="1150" WIDTH="43" HEIGHT="21" WC="0.93" CONTENT="mål"/><SP WIDTH="16" VPOS="1150" HPOS="774"/>
							<String ID="string_225" HPOS="790" VPOS="1156" WIDTH="36" HEIGHT="15" WC="0.92" CONTENT="an-"/>
						</TextLine>
						<TextLine ID="line_31" HPOS="76" VPOS="1181" WIDTH="751" HEIGHT="30">
							<String ID="string_226" HPOS="76" VPOS="1185" WIDTH="81" HEIGHT="26" WC="0.96" CONTENT="gående"/><SP WIDTH="19" VPOS="1185" HPOS="157"/>
							<String ID="string_227" HPOS="176" VPOS="1181" WIDTH="80" HEIGHT="25" WC="0.96" CONTENT="häktad"/><SP WIDTH="18" VPOS="1181" HPOS="256"/>
							<String ID="string_228" HPOS="274" VPOS="1190" WIDTH="85" HEIGHT="21" WC="0.96" CONTENT="person,"/><SP WIDTH="19" VPOS="1190" HPOS="359"/>
							<String ID="string_229" HPOS="378" VPOS="1185" WIDTH="36" HEIGHT="20" WC="0.93" CONTENT="vid"/><SP WIDTH="19" VPOS="1185" HPOS="414"/>
							<String ID="string_230" HPOS="433" VPOS="1184" WIDTH="87" HEIGHT="26" WC="0.91" CONTENT="fångars"/><SP WIDTH="20" VPOS="1184" HPOS="520"/>
							<String ID="string_231" HPOS="540" VPOS="1184" WIDTH="135" HEIGHT="21" WC="0.92" CONTENT="utsändande"/><SP WIDTH="15" VPOS="1184" HPOS="675"/>
							<String ID="string_232" HPOS="690" VPOS="1184" WIDTH="33" HEIGHT="21" WC="0.93" CONTENT="till"/><SP WIDTH="15" VPOS="1184" HPOS="723"/>
							<String ID="string_233" HPOS="738" VPOS="1184" WIDTH="89" HEIGHT="21" WC="0.93" CONTENT="härads-"/>
						</TextLine>
						<TextLine ID="line_32" HPOS="76" VPOS="1217" WIDTH="750" HEIGHT="28">
							<String ID="string_234" HPOS="76" VPOS="1219" WIDTH="46" HEIGHT="26" WC="0.95" CONTENT="ting"/><SP WIDTH="15" VPOS="1219" HPOS="122"/>
							<String ID="string_235" HPOS="137" VPOS="1219" WIDTH="52" HEIGHT="20" WC="0.96" CONTENT="eller"/><SP WIDTH="19" VPOS="1219" HPOS="189"/>
							<String ID="string_236" HPOS="208" VPOS="1218" WIDTH="39" HEIGHT="22" WC="0.93" CONTENT="ock"/><SP WIDTH="18" VPOS="1218" HPOS="247"/>
							<String ID="string_237" HPOS="265" VPOS="1217" WIDTH="128" HEIGHT="28" WC="0.92" CONTENT="frigifvande"/><SP WIDTH="18" VPOS="1217" HPOS="393"/>
							<String ID="string_238" HPOS="411" VPOS="1217" WIDTH="49" HEIGHT="21" WC="0.96" CONTENT="från"/><SP WIDTH="17" VPOS="1217" HPOS="460"/>
							<String ID="string_239" HPOS="477" VPOS="1219" WIDTH="71" HEIGHT="25" WC="0.95" CONTENT="häkte,"/><SP WIDTH="21" VPOS="1219" HPOS="548"/>
							<String ID="string_240" HPOS="569" VPOS="1219" WIDTH="55" HEIGHT="20" WC="0.96" CONTENT="samt"/><SP WIDTH="18" VPOS="1219" HPOS="624"/>
							<String ID="string_241" HPOS="642" VPOS="1218" WIDTH="37" HEIGHT="20" WC="0.93" CONTENT="vid"/><SP WIDTH="14" VPOS="1218" HPOS="679"/>
							<String ID="string_242" HPOS="693" VPOS="1218" WIDTH="133" HEIGHT="21" WC="0.91" CONTENT="insändande"/>
						</TextLine>
						<TextLine ID="line_33" HPOS="76" VPOS="1252" WIDTH="500" HEIGHT="27">
							<String ID="string_243" HPOS="76" VPOS="1253" WIDTH="23" HEIGHT="20" WC="0.96" CONTENT="af"/><SP WIDTH="13" VPOS="1253" HPOS="99"/>
							<String ID="string_244" HPOS="112" VPOS="1253" WIDTH="82" HEIGHT="20" WC="0.96" CONTENT="häktad"/><SP WIDTH="14" VPOS="1253" HPOS="194"/>
							<String ID="string_245" HPOS="208" VPOS="1258" WIDTH="90" HEIGHT="21" WC="0.96" CONTENT="persons"/><SP WIDTH="16" VPOS="1258" HPOS="298"/>
							<String ID="string_246" HPOS="314" VPOS="1252" WIDTH="77" HEIGHT="20" WC="0.95" CONTENT="besvär"/><SP WIDTH="15" VPOS="1252" HPOS="391"/>
							<String ID="string_247" HPOS="406" VPOS="1252" WIDTH="33" HEIGHT="20" WC="0.96" CONTENT="till"/><SP WIDTH="16" VPOS="1252" HPOS="439"/>
							<String ID="string_248" HPOS="455" VPOS="1252" WIDTH="66" HEIGHT="26" WC="0.96" CONTENT="högre"/><SP WIDTH="15" VPOS="1252" HPOS="521"/>
							<String ID="string_249" HPOS="536" VPOS="1253" WIDTH="40" HEIGHT="19" WC="0.96" CONTENT="ort."/>
						</TextLine>
					</TextBlock>
					<TextBlock ID="block_11" HPOS="75" VPOS="1285" WIDTH="752" HEIGHT="196">
						<TextLine ID="line_34" HPOS="147" VPOS="1285" WIDTH="678" HEIGHT="28">
							<String ID="string_250" HPOS="147" VPOS="1287" WIDTH="70" HEIGHT="20" WC="0.93" CONTENT="Dessa"/><SP WIDTH="15" VPOS="1287" HPOS="217"/>
							<String ID="string_251" HPOS="232" VPOS="1285" WIDTH="108" HEIGHT="28" WC="0.92" CONTENT="tjenstefel"/><SP WIDTH="15" VPOS="1285" HPOS="340"/>
							<String ID="string_252" HPOS="355" VPOS="1285" WIDTH="64" HEIGHT="21" WC="0.93" CONTENT="hafva"/><SP WIDTH="10" VPOS="1285" HPOS="419"/>
							<String ID="string_253" HPOS="429" VPOS="1285" WIDTH="121" HEIGHT="21" WC="0.91" CONTENT="tillräknats"/><SP WIDTH="12" VPOS="1285" HPOS="550"/>
							<String ID="string_254" HPOS="562" VPOS="1285" WIDTH="45" HEIGHT="21" WC="0.96" CONTENT="dels"/><SP WIDTH="17" VPOS="1285" HPOS="607"/>
							<String ID="string_255" HPOS="624" VPOS="1285" WIDTH="145" HEIGHT="26" WC="0.95" CONTENT="Guvernören,"/><SP WIDTH="12" VPOS="1285" HPOS="769"/>
							<String ID="string_256" HPOS="781" VPOS="1286" WIDTH="44" HEIGHT="20" WC="0.96" CONTENT="dels"/>
						</TextLine>
						<TextLine ID="line_35" HPOS="75" VPOS="1319" WIDTH="751" HEIGHT="22">
							<String ID="string_257" HPOS="75" VPOS="1321" WIDTH="41" HEIGHT="20" WC="0.93" CONTENT="ock"/><SP WIDTH="14" VPOS="1321" HPOS="116"/>
							<String ID="string_258" HPOS="130" VPOS="1321" WIDTH="222" HEIGHT="20" WC="0.91" CONTENT="Landssekreteraren"/><SP WIDTH="14" VPOS="1321" HPOS="352"/>
							<String ID="string_259" HPOS="366" VPOS="1319" WIDTH="52" HEIGHT="21" WC="0.93" CONTENT="eller"/><SP WIDTH="15" VPOS="1319" HPOS="418"/>
							<String ID="string_260" HPOS="433" VPOS="1319" WIDTH="264" HEIGHT="21" WC="0.91" CONTENT="Vicelandssekreteraren"/><SP WIDTH="15" VPOS="1319" HPOS="697"/>
							<String ID="string_261" HPOS="712" VPOS="1319" WIDTH="53" HEIGHT="20" WC="0.93" CONTENT="eller"/><SP WIDTH="14" VPOS="1319" HPOS="765"/>
							<String ID="string_262" HPOS="779" VPOS="1319" WIDTH="47" HEIGHT="20" WC="0.92" CONTENT="des-"/>
						</TextLine>
						<TextLine ID="line_36" HPOS="77" VPOS="1352" WIDTH="748" HEIGHT="27">
							<String ID="string_263" HPOS="77" VPOS="1360" WIDTH="33" HEIGHT="15" WC="0.96" CONTENT="ses"/><SP WIDTH="16" VPOS="1360" HPOS="110"/>
							<String ID="string_264" HPOS="126" VPOS="1355" WIDTH="33" HEIGHT="20" WC="0.96" CONTENT="för"/><SP WIDTH="15" VPOS="1355" HPOS="159"/>
							<String ID="string_265" HPOS="174" VPOS="1354" WIDTH="60" HEIGHT="21" WC="0.96" CONTENT="tiden"/><SP WIDTH="18" VPOS="1354" HPOS="234"/>
							<String ID="string_266" HPOS="252" VPOS="1353" WIDTH="98" HEIGHT="26" WC="0.95" CONTENT="varande"/><SP WIDTH="16" VPOS="1353" HPOS="350"/>
							<String ID="string_267" HPOS="366" VPOS="1353" WIDTH="99" HEIGHT="25" WC="0.96" CONTENT="vikarier,"/><SP WIDTH="17" VPOS="1353" HPOS="465"/>
							<String ID="string_268" HPOS="482" VPOS="1355" WIDTH="55" HEIGHT="18" WC="0.96" CONTENT="samt"/><SP WIDTH="15" VPOS="1355" HPOS="537"/>
							<String ID="string_269" HPOS="552" VPOS="1352" WIDTH="55" HEIGHT="22" WC="0.96" CONTENT="efter"/><SP WIDTH="15" VPOS="1352" HPOS="607"/>
							<String ID="string_270" HPOS="622" VPOS="1353" WIDTH="58" HEIGHT="20" WC="0.92" CONTENT="olika"/><SP WIDTH="15" VPOS="1353" HPOS="680"/>
							<String ID="string_271" HPOS="695" VPOS="1353" WIDTH="130" HEIGHT="26" WC="0.92" CONTENT="omständig-"/>
						</TextLine>
						<TextLine ID="line_37" HPOS="77" VPOS="1387" WIDTH="750" HEIGHT="25">
							<String ID="string_272" HPOS="77" VPOS="1388" WIDTH="60" HEIGHT="20" WC="0.93" CONTENT="heter"/><SP WIDTH="20" VPOS="1388" HPOS="137"/>
							<String ID="string_273" HPOS="157" VPOS="1388" WIDTH="44" HEIGHT="20" WC="0.93" CONTENT="ledt"/><SP WIDTH="19" VPOS="1388" HPOS="201"/>
							<String ID="string_274" HPOS="220" VPOS="1388" WIDTH="33" HEIGHT="20" WC="0.96" CONTENT="till"/><SP WIDTH="19" VPOS="1388" HPOS="253"/>
							<String ID="string_275" HPOS="272" VPOS="1387" WIDTH="62" HEIGHT="21" WC="0.96" CONTENT="böter"/><SP WIDTH="18" VPOS="1387" HPOS="334"/>
							<String ID="string_276" HPOS="352" VPOS="1387" WIDTH="23" HEIGHT="19" WC="0.95" CONTENT="af"/><SP WIDTH="14" VPOS="1387" HPOS="375"/>
							<String ID="string_277" HPOS="389" VPOS="1387" WIDTH="32" HEIGHT="25" WC="0.95" CONTENT="10,"/><SP WIDTH="17" VPOS="1387" HPOS="421"/>
							<String ID="string_278" HPOS="438" VPOS="1387" WIDTH="33" HEIGHT="25" WC="0.95" CONTENT="20,"/><SP WIDTH="16" VPOS="1387" HPOS="471"/>
							<String ID="string_279" HPOS="487" VPOS="1388" WIDTH="33" HEIGHT="24" WC="0.95" CONTENT="30,"/><SP WIDTH="16" VPOS="1388" HPOS="520"/>
							<String ID="string_280" HPOS="536" VPOS="1387" WIDTH="27" HEIGHT="20" WC="0.96" CONTENT="40"/><SP WIDTH="20" VPOS="1387" HPOS="563"/>
							<String ID="string_281" HPOS="583" VPOS="1387" WIDTH="51" HEIGHT="20" WC="0.95" CONTENT="eller"/><SP WIDTH="17" VPOS="1387" HPOS="634"/>
							<String ID="string_282" HPOS="651" VPOS="1387" WIDTH="26" HEIGHT="20" WC="0.96" CONTENT="50"/><SP WIDTH="16" VPOS="1387" HPOS="677"/>
							<String ID="string_283" HPOS="693" VPOS="1387" WIDTH="65" HEIGHT="24" WC="0.96" CONTENT="daler,"/><SP WIDTH="17" VPOS="1387" HPOS="758"/>
							<String ID="string_284" HPOS="775" VPOS="1387" WIDTH="52" HEIGHT="19" WC="0.96" CONTENT="eller"/>
						</TextLine>
						<TextLine ID="line_38" HPOS="77" VPOS="1420" WIDTH="748" HEIGHT="27">
							<String ID="string_285" HPOS="77" VPOS="1422" WIDTH="39" HEIGHT="20" WC="0.96" CONTENT="ock"/><SP WIDTH="19" VPOS="1422" HPOS="116"/>
							<String ID="string_286" HPOS="135" VPOS="1422" WIDTH="55" HEIGHT="20" WC="0.96" CONTENT="blott"/><SP WIDTH="19" VPOS="1422" HPOS="190"/>
							<String ID="string_287" HPOS="209" VPOS="1421" WIDTH="32" HEIGHT="21" WC="0.96" CONTENT="till"/><SP WIDTH="19" VPOS="1421" HPOS="241"/>
							<String ID="string_288" HPOS="260" VPOS="1420" WIDTH="123" HEIGHT="27" WC="0.96" CONTENT="skyldighet"/><SP WIDTH="18" VPOS="1420" HPOS="383"/>
							<String ID="string_289" HPOS="401" VPOS="1422" WIDTH="33" HEIGHT="18" WC="0.96" CONTENT="att"/><SP WIDTH="19" VPOS="1422" HPOS="434"/>
							<String ID="string_290" HPOS="453" VPOS="1422" WIDTH="80" HEIGHT="19" WC="0.96" CONTENT="ersätta"/><SP WIDTH="20" VPOS="1422" HPOS="533"/>
							<String ID="string_291" HPOS="553" VPOS="1420" WIDTH="143" HEIGHT="26" WC="0.96" CONTENT="uppkommen"/><SP WIDTH="15" VPOS="1420" HPOS="696"/>
							<String ID="string_292" HPOS="711" VPOS="1420" WIDTH="74" HEIGHT="20" WC="0.92" CONTENT="skada."/><SP WIDTH="30" VPOS="1420" HPOS="785"/>
							<String ID="string_293" HPOS="815" VPOS="1420" WIDTH="10" HEIGHT="20" WC="0.93" CONTENT="I"/>
						</TextLine>
						<TextLine ID="line_39" HPOS="75" VPOS="1453" WIDTH="750" HEIGHT="28">
							<String ID="string_294" HPOS="75" VPOS="1455" WIDTH="155" HEIGHT="26" WC="0.94" CONTENT="sammanhang"/><SP WIDTH="15" VPOS="1455" HPOS="230"/>
							<String ID="string_295" HPOS="245" VPOS="1454" WIDTH="89" HEIGHT="22" WC="0.96" CONTENT="härmed"/><SP WIDTH="15" VPOS="1454" HPOS="334"/>
							<String ID="string_296" HPOS="349" VPOS="1456" WIDTH="36" HEIGHT="19" WC="0.96" CONTENT="äro"/><SP WIDTH="18" VPOS="1456" HPOS="385"/>
							<String ID="string_297" HPOS="403" VPOS="1454" WIDTH="109" HEIGHT="21" WC="0.96" CONTENT="dessutom"/><SP WIDTH="15" VPOS="1454" HPOS="512"/>
							<String ID="string_298" HPOS="527" VPOS="1454" WIDTH="67" HEIGHT="26" WC="0.96" CONTENT="några"/><SP WIDTH="14" VPOS="1454" HPOS="594"/>
							<String ID="string_299" HPOS="608" VPOS="1454" WIDTH="65" HEIGHT="20" WC="0.93" CONTENT="bland"/><SP WIDTH="15" VPOS="1454" HPOS="673"/>
							<String ID="string_300" HPOS="688" VPOS="1453" WIDTH="97" HEIGHT="21" WC="0.90" CONTENT="bemälde"/><SP WIDTH="10" VPOS="1453" HPOS="785"/>
							<String ID="string_301" HPOS="795" VPOS="1453" WIDTH="30" HEIGHT="21" WC="0.90" CONTENT="vi-"/>
						</TextLine>
					</TextBlock>
				</ComposedBlock>
			</PrintSpace>
		</Page>
	</Layout>
</alto>
