1056 1709
338 126 22 22 U.
377 126 23 23 B.
418 139 27 2 —
459 127 136 23 111—XVII.
780 130 26 19 19

152 191 67 22 Detta
240 193 120 21 motsvarar
382 198 26 16 en
429 193 53 27 årlig
499 192 94 22 inkomst
608 192 22 22 af
645 193 7 21 i
668 193 101 23 medeltal
787 194 47 27 $ryc

87 227 118 25 1,073,917:
222 228 32 19 64.

152 260 57 21 Från
232 263 65 19 stats-
313 260 39 22 och
371 261 177 22 militiefonderna
563 262 39 21 har
617 262 68 21 under
700 262 61 22 detta
776 262 59 27 gvin-

85 295 112 26 avennium
213 294 113 22 öfverförts
342 295 32 21 till
388 295 78 22 fonden
482 296 155 26 sammanlagdt
652 296 47 28 Zz
716 296 118 27 1,700,000.

84 328 98 22 Fondens
198 329 81 27 kapital
294 329 39 21 har
348 329 68 22 under
431 336 80 16 samma
526 330 30 21 tid
572 330 62 22 ökats
650 330 49 22 med
714 332 120 25 2,134,580:

84 364 34 26 24,
142 363 84 21 således
248 364 50 21 med
319 365 32 20 ett
369 364 89 28 belopp,
473 371 46 15 som
533 365 81 21 utvisar
630 366 32 20 att
678 372 26 14 en
720 366 79 26 ökning
814 365 23 21 af

84 397 104 28 kapitalet
204 398 68 22 skulle
290 400 37 25 egt
341 405 46 15 rum
398 398 61 23 äfven
469 401 52 20 utan
533 400 66 27 sagda
609 400 93 22 tillskott
712 400 46 22 frän
770 401 64 21 stats-

83 432 40 22 och
137 432 185 22 militiefonderna.
354 433 67 22 Ofvan
439 434 89 21 anförda
544 434 77 22 förlust
636 434 23 22 af
672 435 47 26 Za
737 436 97 24 199,813:

82 468 26 20 75
125 469 24 19 är
163 467 75 21 härvid
253 468 67 20 redan
335 466 107 29 afdragen.

150 501 62 21 Huru
227 503 59 20 stora
301 501 89 23 fondens
405 502 118 22 inkomster
542 503 61 21 skola
618 503 65 21 ställa
698 503 33 27 sig
745 503 33 21 för
794 504 40 20 den

82 542 40 20 nya
144 535 188 27 femärsperioden,
356 536 42 21 kan
413 538 108 20 utskottet
535 537 47 21 icke
598 537 31 21 till
646 536 71 22 siffran
732 537 101 26 beräkna,

83 570 45 21 dels
150 570 8 21 i
180 570 83 22 saknad
285 570 23 22 af
327 571 121 21 kännedom
469 577 34 15 om
519 572 26 20 de
561 571 79 27 belopp
655 572 29 26 pä
698 572 72 20 hvilka
786 572 26 20 de
826 571 7 21 i

81 603 79 22 fonden
176 604 99 27 gällande
292 604 57 22 olika
367 607 133 19 räntesatser
517 608 35 18 äro
569 605 129 27 tillämpade,
716 606 45 21 dels
777 612 57 14 eme-

83 638 41 21 dan
140 638 37 22 det
191 638 48 22 icke
254 638 69 22 heller
337 639 42 21 kan
394 639 49 21 med
461 640 138 21 bestämdhet
613 639 100 27 förutses,
729 640 56 21 hvad
800 646 34 15 re-

81 679 54 21 veny
150 673 117 21 kanalerna
282 674 62 21 skola
359 674 75 21 lemna.
465 674 50 21 Men
532 674 27 21 dä
575 675 36 21 det
625 674 48 21 icke
690 676 23 19 är
726 674 108 22 sannolikt

82 708 32 20 att
136 707 133 22 sistnämnda
290 714 79 22 reveny
384 708 69 21 skulle
468 709 7 21 i
489 708 103 22 medeltal
608 708 62 21 ställa
686 709 32 27 sig
732 708 59 28 lägre
806 711 28 19 än

80 742 64 26 förut,
161 742 40 21 och
217 742 27 22 dä
258 742 90 22 fondens
364 742 113 28 placerade
491 743 83 27 kapital
584 749 28 15 nu
629 745 24 19 är
668 745 74 24 större,
759 745 27 20 än
797 744 37 20 det

80 777 8 21 i
102 777 101 21 medeltal
219 778 98 26 utgjorde
335 778 118 26 1872—76,
470 777 41 22 och
526 777 84 22 således
627 778 39 21 ock
677 778 67 21 borde
754 777 79 22 inhrin-

81 817 26 21 ga
129 811 66 27 högre
218 812 161 26 ränteinkomst,
402 812 43 20 kan
467 818 50 15 man
539 812 48 21 med
602 812 83 21 visshet
700 814 84 25 antaga,
801 814 33 19 att

80 846 89 24 fondens
184 846 51 22 hela
249 846 156 22 nettoinkomst
419 846 33 22 för
467 846 46 22 äret
527 846 115 22 framdeles
654 846 54 22 skall
719 846 71 28 uppgä
800 846 33 22 till

80 881 65 22 minst
159 882 45 20 lika
219 883 56 19 stort
289 882 78 26 belopp
384 887 46 15 som
445 881 124 22 medeltalet
583 881 33 21 för
624 883 86 20 senaste
719 882 113 27 gvingven-

80 916 64 26 nium,
168 916 52 21 eller
235 916 31 21 till
283 918 9 18 1
310 916 79 21 million
405 916 13 20 &
435 917 112 25 1,100,000
563 916 67 26 mark,
647 916 76 21 medan
740 916 40 22 den
795 922 37 15 an-

80 950 75 27 nuitet,
172 950 33 22 för
219 950 86 22 hvilken
324 950 78 22 fonden
418 950 39 22 har
472 952 33 20 att
520 957 69 20 svara,
608 950 78 22 endast
701 950 83 28 uppgär
799 950 34 22 till

80 986 56 21 circa
152 987 91 25 880,000
258 985 67 22 mark.

148 1020 42 21 Det
213 1022 25 19 är
259 1020 85 21 säledes
365 1020 126 27 uppenbart,
508 1022 33 19 att
555 1020 125 27 ytterligare
695 1020 77 27 bidrag
786 1020 46 21 frän

80 1056 65 20 stats-
161 1054 41 22 och
220 1054 146 22 militiemedel
385 1054 47 22 icke
449 1057 42 24 äro,
515 1054 34 22 för
563 1054 149 22 bestridandet
727 1054 23 22 af
762 1060 68 16 amor-

80 1088 213 23 tissementsfondens
309 1088 148 27 förbindelser,
473 1088 114 28 behöfliga.
620 1088 71 22 Ocksä
705 1088 44 27 har,
767 1089 65 26 enligt

79 1124 57 21 hvad
158 1124 113 21 Utskottet
293 1122 127 26 meddelats,
443 1123 110 21 föreskrift
568 1122 69 22 blifvit
655 1123 70 27 gifven
741 1125 33 19 att
787 1124 46 21 läta

80 1159 64 21 dessa
158 1158 77 27 bidrag
248 1158 104 26 upphöra.
381 1158 50 21 Men
447 1158 36 20 det
498 1160 24 19 är
538 1158 104 26 derjemte
657 1157 82 27 tydligt,
751 1159 33 19 att
793 1158 37 21 nä-

80 1199 40 21 gon
136 1191 72 23 vidare
224 1192 79 27 ökning
317 1192 23 21 af
352 1190 89 23 fondens
457 1192 82 26 kapital
553 1192 51 21 icke
619 1191 68 22 heller
703 1193 24 19 är
736 1192 34 21 för
780 1192 49 22 dess

80 1227 99 21 ändamål
194 1226 130 27 erforderlig.
354 1226 113 22 Utskottet
483 1232 62 16 anser
561 1225 89 27 derföre,
668 1228 32 19 att
716 1226 36 21 det
762 1225 68 23 öfver-

80 1261 59 22 skott
155 1261 22 21 af
190 1261 118 21 inkomster
323 1260 58 22 öfver
399 1260 95 27 utgifter,
511 1266 46 16 som
571 1260 41 21 hos
626 1260 79 22 fonden
721 1260 66 27 enligt
802 1260 29 22 all

80 1296 136 22 sannolikhet
237 1295 126 22 hädanefter
382 1295 55 21 skall
453 1294 82 28 ärligen
550 1294 135 28 uppkomma,
701 1295 47 21 icke
763 1294 67 22 borde

80 1330 108 22 användas
211 1330 32 21 till
264 1330 92 26 höjande
379 1329 22 21 af
421 1329 89 21 fondens
533 1329 89 25 kapital,
640 1330 53 20 utan
708 1330 49 19 med
772 1335 58 14 mera

80 1370 55 21 gagn
150 1364 72 21 kunde
237 1365 60 25 tagas
313 1363 8 21 i
336 1363 92 26 anspräk
443 1362 33 22 för
490 1362 180 22 bestridandet
646 1357 23 38 af
679 1361 150 28 statsutgifter.

148 1398 50 21 Med
216 1397 100 22 afseende
332 1397 13 21 ä
359 1397 56 21 hvad
430 1396 61 22 ofvan
507 1398 23 20 är
545 1396 86 22 anfördt
650 1396 110 27 angäende
774 1396 56 21 utlä-

80 1432 165 28 ningsrörelsen,
267 1431 68 22 finner
356 1431 113 22 Utskottet
492 1431 33 27 sig
547 1430 77 22 derhos
640 1430 53 23 böra
711 1430 117 27 framhålla,

150 1474 135 16 Statsutskottets
303 1472 106 18 betänkande
421 1472 36 17 N:o
471 1472 27 17 11.
