1036 1698
241 153 27 22 24
579 153 18 21 I

214 221 112 22 tillkomna
337 221 112 27 jernvägs-
468 221 39 21 och
525 221 226 26 kanalanläggningar,
768 227 45 15 som
829 219 40 22 ock
883 220 26 21 de
925 225 36 15 an-

214 256 52 25 slag,
282 255 72 22 hvilka
369 255 23 21 af
405 255 120 21 Ständerna
535 255 36 21 vid
581 255 113 22 sisthållna
704 255 40 21 och
754 254 127 22 kommande
892 253 69 22 landt-

214 290 67 25 dagar
296 290 112 21 anvisades
420 290 32 21 till
463 290 339 21 kommunikationsanstalternas
812 287 149 23 förbättrande

214 324 52 21 eller
281 324 33 21 till
330 324 121 21 annuiteter
465 323 35 22 för
512 324 143 27 jernvägslån,
667 324 109 21 äfvensom
788 324 26 21 de
824 323 47 22 från
882 322 80 22 sådana

213 365 42 20 nya
277 358 340 27 kommunikationsinrättningar
639 358 127 22 kommande
785 358 96 21 intrader
895 357 67 20 måtte

214 393 101 20 bokföras
332 393 38 20 och
385 392 103 21 förvaltas
505 393 70 20 såsom
591 399 25 15 en
633 393 56 20 skild
707 391 254 26 kommunikationsfond,

214 427 48 21 från
278 427 85 21 hvilken
376 427 79 26 jemväl
470 427 19 26 ej
505 427 82 21 mindre
603 427 62 21 drift-
680 427 39 21 och
734 425 228 23 remontkostnaderne

214 461 34 21 för
272 461 65 26 sagde
359 461 105 21 anstalter
486 463 55 19 samt
556 461 118 27 utgifterna
691 461 35 21 för
741 461 26 22 de
782 467 42 21 nya
839 460 123 26 anläggnin-

215 502 72 20 garne,
306 497 27 19 än
348 496 76 20 räntan
440 495 12 21 å
469 496 52 20 1869
538 496 35 20 års
588 496 111 20 inhemska
715 495 34 21 lån
766 495 108 21 äfvensom
890 494 74 21 annui-

215 532 84 19 teterna
322 530 31 20 till
370 530 26 20 de
411 530 33 20 för
459 529 163 27 ifrågavarande
637 530 98 20 ändamål
750 530 69 20 under
834 528 129 22 Ständernas

216 564 84 27 garanti
314 566 110 24 upptagna
439 564 52 21 eller
506 564 114 22 framdeles
631 565 137 26 upptagande
779 564 90 21 statslån
880 563 84 21 komme

216 600 33 20 att
263 599 117 25 bestridas;
401 598 39 21 och
452 598 67 26 jemte
534 598 36 21 det
585 597 119 22 Ständerna
718 598 7 20 i
742 597 171 27 underdånighet
928 603 36 15 an-

216 633 58 26 mält,
291 634 32 20 att
338 633 26 20 de
379 632 68 27 åtagit
462 633 34 26 sig
510 633 85 26 garanti
609 632 35 28 för
658 639 41 21 nya
709 632 92 22 statslån
812 632 33 21 till
853 632 111 26 jernvägs-

217 669 70 20 nätets
303 667 152 21 utsträckande
471 669 54 19 samt
541 667 7 21 i
563 668 77 20 sådant
656 667 100 21 afseende
775 667 93 26 anslagit
883 666 81 26 årligen

218 702 111 26 1,165,000
351 702 61 20 mark
434 702 33 20 till
490 702 121 21 annuiteter
629 701 33 21 för
681 702 73 26 dylika
772 701 42 26 lån,
829 700 74 22 hvilka
916 700 48 22 med

218 737 60 20 detta
296 736 80 26 anslag,
396 735 54 21 efter
468 736 120 26 beräkning
606 736 23 20 af
644 742 36 14 sex
695 737 90 25 procent
799 736 34 20 till
848 737 63 19 ränta
927 734 37 22 och

218 771 136 25 amortering,
366 770 70 21 kunde
448 772 105 25 upptagas
564 770 33 21 till
608 770 77 27 belopp
697 770 22 21 af
728 770 56 21 ända
794 770 33 21 till
838 770 127 26 20,000,000

216 805 68 26 mark,
307 804 63 22 hafva
391 804 120 22 Ständerna
533 805 70 21 tillika
625 805 76 26 begärt
715 805 47 21 icke
777 804 91 22 allenast
883 806 32 19 att
930 804 36 20 det

218 840 84 27 belopp,
319 846 45 15 som
379 839 23 21 af
418 840 52 21 1869
487 839 35 21 års
537 840 111 21 inhemska
663 839 41 27 lån,
724 839 54 22 efter
794 839 52 21 derå
852 834 76 49 dunder
943 838 23 21 år

220 875 53 20 1872
289 875 47 20 med
352 874 142 21 öfverskottet
509 873 22 22 af
548 852 286 53 kommunikationsfondens
849 868 118 26 inkoihster

219 909 92 21 skeende
327 908 162 27 afbetalningar,
506 908 109 22 äterstode
630 908 36 21 vid
684 909 52 21 1873
752 908 36 22 års
803 907 85 28 ingång,
897 907 69 22 blefve

218 944 153 21 konverteradt
386 944 33 20 till
435 945 31 19 ett
481 943 88 21 stäende
584 944 41 26 län,
641 944 67 20 hvarä
718 944 124 21 annuiteten
853 942 114 22 framdeles

219 979 84 21 komme
318 979 32 20 att
364 978 108 20 bestridas
488 984 26 14 ur
529 978 65 26 sagde
609 978 58 26 fond,
683 980 51 19 utan
750 978 40 20 ock
806 979 32 19 att
846 977 60 21 Hans
916 977 50 27 Kej-

220 1013 79 26 serliga
313 1012 103 27 Majestät
431 1012 49 21 ville
495 1012 70 21 lemna
579 1012 131 26 beviljandet
725 1012 23 20 af
766 1012 153 21 subventioner
934 1012 32 20 till

219 1047 85 27 privata
322 1046 257 27 jernvägsanläggningar
601 1046 107 21 beroende
726 1046 33 20 till
775 1046 69 21 denna
858 1046 109 26 landtdag,

219 1081 95 25 hvarvid,
330 1081 7 21 i
352 1080 102 21 händelse
469 1081 144 25 ansökningar
629 1086 34 15 om
679 1081 55 20 slika
744 1080 117 21 understöd
872 1080 96 21 emeller-

220 1116 32 20 tid
275 1115 33 21 till
330 1114 108 27 Styrelsen
461 1114 137 26 inlemnades,
621 1113 120 22 Ständerna
762 1114 127 22 förväntade
904 1114 64 26 nädig

220 1149 141 27 proposition,
376 1148 34 21 för
426 1148 93 22 särskild
533 1148 101 27 pröfning
649 1148 23 21 af
685 1148 73 26 hvarje
774 1148 43 21 fall.

292 1184 11 20 I
318 1183 113 26 anledning
450 1182 63 22 häraf
528 1183 39 20 har
585 1182 61 21 Hans
661 1182 122 27 Kejserliga
797 1182 108 28 Majestät,
921 1182 48 22 med

221 1218 155 27 godkännande
396 1217 22 21 af
434 1216 130 22 Ständernas
580 1217 81 26 förslag
676 1217 7 21 i
699 1216 72 28 öfrigt,
786 1218 60 20 utom
861 1217 57 21 hvad
933 1223 36 15 an-

222 1253 38 26 går
277 1252 52 21 1869
346 1252 34 20 års
396 1251 111 21 inhemska
521 1252 42 24 lån,
583 1251 82 20 hvilket
679 1251 71 20 blifvit
764 1252 49 19 med
828 1252 141 20 statsverkets

221 1286 70 21 medel
313 1285 135 27 ligvideradt,
471 1286 46 20 icke
540 1285 91 21 allenast
653 1284 49 21 låtit
718 1285 40 21 den
773 1286 13 19 2
802 1284 97 22 Oktober
916 1286 53 20 1873

222 1320 86 22 utfärda
330 1319 134 27 kungörelse,
489 1319 109 27 angående
620 1319 110 21 bildandet
746 1318 22 22 af
782 1325 26 15 en
823 1319 147 22 kommunika-

223 1355 115 26 tionsfond,
354 1356 55 19 samt
424 1361 76 20 genom
515 1355 48 20 bref
577 1354 22 21 af
613 1360 80 15 samma
704 1354 42 27 dag
756 1354 98 21 meddela
862 1354 108 21 Direktio-

222 1397 41 14 nen
278 1389 33 22 för
325 1389 103 21 Finlands
436 1389 61 21 Bank
507 1389 109 26 åtskilliga
626 1391 97 19 närmare
733 1389 135 21 föreskrifter
878 1389 92 21 rörande

223 1425 66 27 sagde
304 1425 57 25 fond,
377 1426 51 19 utan
444 1425 62 20 äfven
520 1424 108 27 begagnat
643 1424 41 21 den
699 1423 7 21 i
721 1423 135 22 förestående
871 1424 66 21 måtto
949 1423 23 22 af

223 1459 120 22 Ständerna
364 1459 79 26 åtagna
464 1459 84 26 garanti
570 1459 28 26 på
620 1459 44 20 sätt
683 1458 73 21 vidare
771 1458 105 21 inhemtas
892 1459 42 20 kan
950 1459 22 20 af

223 1493 37 24 två
274 1494 41 21 den
330 1494 12 21 8
358 1493 43 28 Maj
419 1494 54 21 1874
488 1493 114 21 utfärdade
617 1493 145 27 kungörelser,
782 1492 48 21 utaf
844 1492 72 21 hvilka
930 1492 41 21 den
