1034 1706
256 192 27 22 38
589 194 28 21 11.

225 259 44 22 mål
288 260 53 22 eller
358 260 167 28 anmärkningar
543 262 58 21 emot
618 261 91 21 embets-
725 260 40 22 och
779 260 129 28 tjenstemän
923 261 56 20 samt

227 293 124 28 derigenom
365 294 141 23 framkallade
521 294 112 23 fiskaliska
648 295 53 26 åtal;
717 295 110 21 äfvensom
872 318 2 2 —.

299 330 33 20 3:0
355 330 32 20 att
402 330 8 21 i
425 330 115 26 anledning
566 329 62 23 deraf
647 329 68 27 några
738 331 113 25 strängare
867 328 111 27 päföljäer

226 362 57 22 blott
297 363 8 22 i
320 364 79 26 ytterst
413 363 23 21 få
451 364 38 21 fall
505 366 37 25 ägt
556 370 48 16 rum
620 364 40 22 och
675 365 32 20 att
720 364 80 26 jemväl
815 363 66 27 dess
887 362 48 22 haft
945 362 34 21 sin

226 397 70 27 grund
311 398 32 21 uti
359 404 26 15 en
399 398 76 27 längre
489 398 43 22 tids
549 398 93 22 omsider
656 398 121 27 upptäckta
790 397 136 22 värdslöshet
939 396 39 22 hos

226 431 136 27 tjenstemän,
385 432 34 21 för
440 432 73 22 hvilka
532 438 26 16 en
574 434 113 25 strängare
702 432 95 21 kontroll
812 431 48 22 frän
875 430 103 23 vederbö-

226 465 79 22 randes
320 465 48 22 sida
379 465 58 22 hade
451 466 57 21 varit
523 466 101 27 behöflig;

284 499 25 22 sä
331 499 62 22 torde
415 500 23 21 af
452 500 39 21 allt
506 500 60 22 detta
580 500 97 27 tydligen
691 500 90 27 framgä,
797 501 33 20 att
843 499 134 28 lagskipnin-

227 539 42 22 gen
284 533 40 22 och
337 534 100 27 lagarnes
451 534 165 22 handhafvande
626 535 7 20 i
643 534 74 21 landet
731 535 70 20 under
814 533 165 28 ifrägavarande

227 568 33 21 tid
273 567 50 27 kan,
338 568 8 21 i
361 569 116 21 allmänhet
492 569 40 21 och
547 569 71 22 sävidt
632 569 200 26 ofullkomligheten
848 569 32 20 uti
894 567 85 22 mensk-

227 602 44 27 liga
289 602 144 27 inrättningar
448 603 64 27 eljest
526 603 124 27 medgifver,
667 609 63 15 anses
745 603 65 21 hafva
824 603 57 21 varit
896 601 83 28 ganska

227 636 207 23 tillfredsställande.
459 637 137 28 Helsingfors
612 637 23 22 af
648 636 331 28 Prokurators-Expeditionen
970 632 13 38 i

227 671 122 27 Kejserliga
365 671 92 22 Senaten
471 671 35 22 för
520 671 92 22 Finland
627 671 41 22 den
683 672 28 21 30
726 672 118 21 December
861 672 60 21 1876.

480 769 31 19 J.
524 769 56 19 Ph,
592 769 136 18 Palmén.

227 864 12 26 1
284 861 41 24 N:o
341 862 48 22 391.
757 861 31 22 W.
803 861 116 22 Lavonius.

341 1537 122 24 Helsingfors,
476 1537 12 19 &
499 1537 106 24 Kejserliga
617 1536 90 20 Senatens
719 1536 86 24 tryckeri,
818 1536 50 19 1877.
