1048 1711
239 170 13 21 4
486 170 27 19 U.
528 170 30 19 B.
573 179 28 4 —
616 170 69 19 XIX.

214 237 74 21 dertill
314 236 142 27 erforderliga
480 235 133 28 guldförråd.
642 236 43 21 Det
709 235 62 22 torde
797 235 62 21 äfven
886 235 73 21 kunna

216 272 96 25 antagas,
328 271 34 20 att
377 270 70 21 denna
464 270 127 26 förändring
606 270 7 20 i
628 270 65 26 ingen
708 269 104 21 händelse
827 269 56 21 skall
897 269 62 21 verk-

216 304 75 22 ställas
310 304 28 27 på
356 304 66 26 något
440 304 34 20 för
494 304 104 20 Finlands
613 303 69 21 banks
697 303 102 21 säkerhet
814 303 39 21 och
868 303 92 21 bestånd

216 338 142 27 äfventyrligt
372 339 50 25 sätt,
438 338 40 20 och
494 338 69 20 ehuru
577 337 171 22 Bankutskottet
763 337 84 21 således
863 337 18 27 ej
892 337 69 21 heller

216 374 46 20 tror
278 372 33 27 sig
326 372 93 22 behöfva
434 372 118 21 förutsätta
567 374 32 19 att
614 372 67 26 några
698 371 183 27 utomordentliga
889 371 72 27 åtgär-

217 408 37 20 der
269 407 73 21 kunde
357 406 68 22 blifva
447 406 143 27 erforderliga
613 406 35 21 vid
663 406 117 21 omordade
795 405 118 27 öfvergång
927 405 34 22 till

217 442 225 26 guldmyntsystemet,
464 441 38 21 vill
524 440 113 22 Utskottet
658 440 67 22 likväl
740 440 84 27 påpeka
839 442 32 20 att
893 440 68 27 regle-

216 477 82 19 mentet
313 476 8 20 i
336 476 49 20 dess
401 476 12 20 7
429 475 11 27 &
456 475 67 21 redan
539 475 84 21 anvisat
639 475 41 21 den
695 476 72 26 utväg,
783 475 139 27 hvarigenom
931 476 31 20 ett

216 510 102 21 befaradt
332 509 83 22 afbrott
430 510 7 20 i
454 510 112 21 sedlarnas
581 510 110 26 invexling
706 510 37 20 vid
758 509 111 27 tillfälliga
883 509 40 21 och
932 509 30 21 öf-

216 544 122 26 vergående
360 544 70 21 kriser
452 544 39 21 bör
506 544 150 26 förekommas,
679 544 106 26 nemligen
812 550 77 21 genom
910 550 53 20 upp-

218 578 93 26 tagande
327 577 23 21 af
364 578 32 21 ett
410 577 24 21 af
447 577 86 22 landets
547 578 101 27 regering
663 577 12 22 å
691 578 132 21 Ständernas
839 579 80 26 vägnar
927 584 36 21 ga-

217 612 113 21 ranteradt
344 611 114 22 utländskt
473 612 43 21 lån.

285 647 71 21 Jemte
380 647 36 21 det
438 646 172 22 Bankutskottet
633 646 28 27 på
676 646 64 21 ofvan
755 646 91 22 anförda
861 647 48 20 skäl
924 647 39 21 och

218 681 49 21 med
283 681 101 21 afseende
397 681 81 27 jemväl
500 681 13 20 å
529 681 26 21 de
569 681 112 27 betydliga
697 681 157 27 skattebelopp,
871 687 44 15 som
931 681 32 21 för

218 715 69 21 andra
309 715 123 22 statsbehof
453 715 23 21 af
499 715 120 22 Ständerna
641 715 36 21 vid
697 715 147 22 innevarande
859 715 105 27 landtdag

219 750 62 21 skola
296 750 192 26 sammanbringas,
504 751 73 20 ansett
592 750 33 27 sig
640 749 47 22 icke
702 750 73 21 kunna
790 749 88 22 förorda
887 756 27 15 en
922 750 42 21 för-

219 785 92 26 ändring
326 784 24 22 af
363 785 69 21 andra
445 791 63 14 mom.
523 785 8 20 i
546 785 12 27 $
573 785 13 20 3
601 784 24 21 af
633 785 208 27 bankreglementet,
852 785 33 21 får
893 784 72 22 Bank-

219 819 108 21 utskottet
342 819 125 27 härigenom
482 819 110 22 vördsamt
607 819 84 21 anmäla

286 856 32 17 att
332 853 162 28 sammanlagda
509 853 95 28 beloppet
619 853 27 29 aj
658 853 105 21 Finlands
779 853 63 21 banks
858 854 107 28 odispone-

286 887 52 21 rade
360 887 113 21 ärsvinster
494 887 35 29 för
549 890 67 18 senast
630 887 103 29 förflutna
747 887 217 29 förvaltningsperiod

288 922 61 27 utgör
364 920 125 28 3,695,095
504 922 61 20 mark
580 921 31 21 22
624 922 66 27 penni
705 925 53 17 samt
769 922 70 21 tillika
848 922 115 27 hemställa,

287 958 31 18 att
342 955 121 22 Ständerna
485 956 63 20 måtte
571 956 22 20 åt
616 955 154 22 Statsutskottet
793 956 127 28 öfverlemna
935 960 30 18 att

286 990 80 28 föreslå
380 990 34 20 det
429 990 120 28 statsbehof,
564 997 43 14 som
621 997 47 14 vore
684 991 76 27 egnadt
775 994 31 18 att
820 992 47 20 med
881 992 84 28 ifräga-

288 1024 94 21 varande
396 1024 122 21 vinstmedel
534 1024 108 22 bestridas.

288 1058 33 22 En
336 1058 24 22 af
373 1058 114 23 Utskottet
496 1060 108 27 uppgjord
613 1060 178 27 sammandragen
802 1060 76 23 balans
887 1060 22 22 af
916 1061 49 22 Fin-

220 1093 63 21 lands
298 1093 70 22 banks
384 1093 104 28 ställning
503 1094 76 21 ultimo
595 1094 118 21 December
729 1095 54 21 1876
799 1095 38 22 har
852 1095 113 22 Utskottet

221 1127 72 21 funnit
308 1127 77 27 nödigt
399 1127 88 28 bilägga
502 1129 61 21 detta
577 1128 143 22 betänkande.

289 1189 143 27 Helsingfors,
449 1190 41 20 den
506 1190 27 21 16
548 1190 62 27 April
625 1191 62 21 1877.

285 1548 140 19 Bankutskottets
438 1549 111 18 Betänkande
560 1550 32 17 N:o
606 1551 15 16 1.
