1045 1711
255 156 24 21 14
510 156 26 18 U.
548 156 28 17 B.
588 155 66 18 XIX.

281 216 34 21 Uti
330 217 11 26 $
357 217 13 20 4
385 217 136 21 omförmälas
534 217 25 21 de
572 217 31 20 tid
614 217 53 20 efter
680 223 70 14 annan
763 215 102 28 vidtagna
878 216 72 21 beslut

223 249 92 22 rörande
330 250 45 21 dels
396 250 149 28 förändringar
562 251 23 21 af
612 250 95 21 bankens
726 250 95 21 diskont-
836 249 40 22 och
890 249 58 22 låne-

224 285 74 20 räntor
313 286 56 18 samt
382 284 149 22 fastställande
546 285 23 20 af
576 284 149 25 låne-tiderna,
742 283 45 21 dels
803 284 39 20 och
857 284 92 20 bestäm-

225 318 76 28 ningar
316 325 34 13 om
367 318 77 27 högsta
460 318 112 28 beloppen,
587 318 86 21 hvartill
689 317 25 21 de
728 318 8 20 i
750 317 139 28 reglementet
905 325 44 13 om-

223 352 93 22 nämnda
334 352 104 22 särskilda
456 352 46 28 slag
516 352 24 21 af
555 352 123 22 säkerheter
692 351 41 22 fått
745 352 95 26 belånas;
857 352 39 21 och
911 352 39 21 har

223 386 110 22 Utskottet
342 387 48 21 med
402 386 100 22 afseende
516 387 13 21 å
544 386 55 22 hvad
613 386 152 28 Fullmäktiges
780 386 108 28 protokoll
902 386 49 21 här-

225 428 33 14 om
273 421 124 27 innehåller,
427 428 46 14 som
494 421 40 22 ock
549 422 33 20 till
609 420 55 28 följd
678 420 24 22 af
714 421 56 21 hvad
784 420 111 22 Utskottet
906 421 46 21 haft

226 456 33 28 sig
275 456 79 21 bekant
372 456 109 28 angående
500 455 234 29 penningeställningen
748 455 8 21 i
769 455 74 21 landet
857 456 14 20 å
886 454 26 22 de
926 455 26 21 ti-

225 489 44 26 der,
285 490 27 21 då
326 490 94 27 antydda
434 490 99 28 åtgärder
551 490 70 21 blifvit
635 489 106 28 vidtagna,
757 489 71 21 funnit
843 489 109 21 desamma

224 524 64 21 hafva
303 524 55 21 varit
372 524 24 20 af
404 524 163 22 förhållandena
582 523 49 21 fullt
645 523 137 21 motiverade.

280 557 10 21 I
306 557 92 27 enlighet
413 558 48 20 med
479 558 162 21 föreskrifterna
655 557 8 20 i
678 557 35 21 det
727 564 29 13 nu
771 557 99 27 gällande
883 557 69 27 regle-

224 593 80 20 mentet
327 591 64 21 hafva
408 592 142 27 Fullmäktige
565 592 65 21 redan
648 591 35 21 vid
697 592 108 27 utgången
820 591 23 21 af
856 592 25 20 år
896 592 57 20 1874

224 625 112 22 förordnat
354 627 32 20 att
405 625 29 22 all
462 625 197 28 räntegodtgörelse
671 625 35 22 för
721 625 6 21 i
741 625 85 22 banken
841 626 14 20 &
869 625 84 28 deposi-

225 660 67 20 tions-
308 659 52 22 eller
374 667 54 20 upp-
443 660 41 21 och
498 659 229 28 afskrifningsräkning
741 659 80 22 insatta
835 659 69 22 medel
918 659 36 21 för

224 694 115 21 framtiden
357 693 84 23 komme
458 696 33 19 att
518 695 104 27 upphöra,
644 694 99 21 hvarföre
757 695 28 26 pä
804 694 150 21 förstnämnda

224 728 90 28 räkning
329 728 76 22 endast
430 728 152 28 undantagsvis
597 729 71 28 nägon
683 729 112 27 operation
810 728 143 22 förekommit.

225 763 101 21 Deremot
354 762 64 22 hafva
447 763 141 28 insättningar
608 763 68 28 gjorts
691 763 24 21 af
728 763 133 22 Statsverket
876 764 13 21 &
905 764 49 21 sist-

225 797 93 21 nämnda
346 797 90 28 räkning
455 797 34 21 till
507 797 81 28 ganska
601 797 120 28 betydande
735 797 86 28 belopp,
836 798 40 21 och
892 798 62 21 torde

225 839 25 14 en
265 831 67 22 sädan
348 831 94 22 räntelös
453 839 52 19 upp-
521 832 40 21 och
576 831 127 28 afskrifning
715 832 39 21 allt
768 831 107 29 framgent
889 832 64 21 äfven

224 866 23 20 af
260 866 97 21 enskilda
371 865 84 21 komma
484 866 32 20 att
530 866 106 28 begagnas
651 865 23 22 af
687 866 36 21 det
739 866 53 25 skäl,
807 868 32 19 att
854 866 97 21 innehaf-

225 907 49 15 vare
289 900 23 21 af
325 901 68 20 större
408 899 92 28 löpande
512 900 75 22 kassor
601 901 68 21 mäste
683 907 52 15 anse
750 900 48 21 dem
813 900 85 21 säkrast
911 900 43 21 för-

227 933 77 22 varade
319 933 39 22 hos
374 933 101 23 Finlands
490 933 63 22 bank.

281 968 49 22 Med
344 968 127 28 hänvisning
485 968 33 21 till
532 969 38 21 sitt
584 968 34 22 vid
631 968 98 22 ärendets
744 968 131 30 behandling
889 969 65 21 förda

226 1003 108 27 protokoll
351 1003 63 21 hafva
431 1003 142 28 Fullmäktige
591 1004 31 20 uti
640 1004 11 26 &
667 1004 18 20 6.
701 1003 77 22 berört
793 1004 39 21 den
849 1004 33 22 till
897 1004 58 21 dom-

226 1038 53 21 stols
293 1037 100 29 pröfning
422 1044 89 16 numera
528 1038 156 22 öfverlemnade
699 1038 81 28 frägan,
797 1038 53 22 efter
870 1038 85 22 hvilken

227 1072 52 21 kurs
296 1072 252 28 Hypotheksföreningen
562 1072 67 22 borde
644 1072 24 21 af
680 1072 102 22 Finlands
797 1072 57 22 bank
870 1072 85 22 tillhan-

227 1107 95 21 dahällas
338 1107 73 20 vexlar
425 1107 33 20 för
473 1106 113 22 betalande
600 1107 24 20 af
637 1107 150 21 annuiteterna
800 1107 13 21 ä
821 1107 134 28 Hypotheks-

228 1141 137 27 föreningens
380 1141 24 20 är
421 1141 53 20 1865
488 1141 9 20 i
510 1141 98 21 utlandet
626 1143 110 25 upptagna
750 1141 43 27 län;
809 1141 40 21 och
864 1142 39 20 har
919 1141 36 21 Ut-

229 1174 81 22 skottet
324 1174 54 21 efter
392 1182 110 20 noggrann
514 1174 107 28 pröfning,
636 1174 24 21 af
672 1175 55 21 hvad
741 1175 92 22 berörda
848 1176 108 26 protokoli

230 1211 55 19 samt
300 1208 69 28 öfriga
385 1209 33 21 till
438 1209 65 21 saken
520 1208 95 22 hörande
629 1209 128 27 handlingar
768 1210 114 26 innehälla,
895 1210 61 28 gillat

228 1243 153 26 Fullmäktiges
395 1242 129 27 tillgörande
538 1243 135 21 härutinnan.

286 1276 31 21 På
345 1277 43 19 sätt
405 1276 23 20 af
447 1276 40 20 den
504 1276 8 21 i
527 1276 11 26 $
553 1277 27 19 23
595 1277 23 20 af
630 1276 129 22 berättelsen
774 1277 77 27 gjorda
866 1277 90 21 relation

230 1310 39 20 och
298 1310 62 21 äfven
388 1310 24 20 af
424 1310 153 27 Fullmäktiges
595 1310 110 28 protokoll
719 1310 100 28 framgår,
835 1311 63 21 hatva
912 1312 45 21 sär-

232 1343 69 22 skilda
328 1343 100 28 åtgärder
450 1344 24 20 af
488 1344 143 28 Fullmäktige
645 1344 71 22 blifvit
730 1345 101 28 vidtagna
844 1345 7 21 i
867 1346 40 21 och
921 1345 35 21 för

230 1378 138 22 anskaffande
385 1378 24 22 af
424 1379 102 28 lämpliga
542 1379 82 22 lokaler
638 1379 35 22 för
691 1379 159 23 filialkontoren
863 1380 8 21 i
886 1380 71 22 lands-

231 1414 66 25 orten,
312 1413 80 21 hvilket
409 1414 111 21 Utskottet
537 1414 25 21 så
584 1414 85 28 mycket
682 1414 67 21 hellre
764 1415 41 21 bör
818 1415 48 21 med
883 1415 74 21 erkän-

230 1447 69 22 nande
328 1448 119 26 omnämna,
478 1455 46 14 som
552 1448 66 28 enligt
646 1448 110 22 Utskottet
774 1449 183 21 tillhandakomna

230 1482 154 29 upplysningar
397 1483 121 21 lokalernas
527 1483 153 28 bristfällighet
693 1483 36 22 vid
743 1484 67 27 något
824 1484 23 21 af
859 1483 95 22 bankens

276 1522 152 19 Bankutskottets
441 1522 108 19 Berättelse.
