1039 1692
391 135 57 25 N:o
466 136 52 22 49.

352 440 68 24 Hans
437 441 149 29 Kejserliga
601 442 134 28 Majestäts
752 441 78 30 nädiga

282 475 132 29 proposition
436 476 33 22 till
487 476 103 23 Finlands
608 476 89 24 Ständer
712 482 32 18 om
759 476 71 24 förän-

284 508 51 24 drad
353 509 81 29 lydelse
450 510 24 23 af
486 511 12 27 $
513 510 25 24 55
553 510 8 24 i
576 508 78 31 nådiga
669 510 161 30 Förordningen

284 543 23 23 af
321 543 39 23 den
382 544 12 22 9
413 543 50 24 Juni
482 544 59 29 1873,
560 544 110 30 angäende
684 545 146 29 tiliverkning,

282 577 135 29 försäljning,
436 578 80 29 upplag
534 578 39 24 och
591 578 91 30 forsling
697 579 23 23 af
733 578 96 25 bränvin.

149 646 103 21 Finlands
267 652 30 15 nu
311 646 131 22 församlade
458 646 91 22 Ständer
564 647 64 21 hafva
645 648 32 21 uti
695 648 134 26 underdänig

77 680 98 28 petition,
184 680 29 27 pä
227 680 91 21 anförda
333 680 53 26 skäl,
396 680 96 28 anhällit,
502 681 36 21 det
554 681 61 21 Hans
631 681 121 28 Kejserliga
762 682 67 27 Maje-

79 717 44 19 stät
137 715 84 21 täcktes
236 715 111 27 förelägga
363 714 119 22 Ständerna
498 716 66 21 redan
578 716 37 21 vid
630 716 118 27 påstående
758 716 70 22 landt-

78 750 42 26 dag
142 749 65 27 nädig
229 750 136 26 proposition
383 750 7 20 i
410 750 62 26 syfte,
489 752 32 19 att
536 750 41 21 den
592 752 45 19 rätt
652 750 33 22 till
700 750 128 27 försäljning

62 784 1 3 =
78 784 23 21 af
115 783 153 28 spritdrycker,
285 790 45 14 som
345 784 8 20 i
368 784 69 26 grund
452 784 23 21 af
492 784 78 26 nådiga
588 784 154 27 förordningen
758 784 42 22 den
814 786 13 20 9

78 818 52 21 Juni
154 818 61 25 1873,
232 818 110 26 angäende
365 818 145 26 tillverkning,
532 818 134 27 försäljning,
689 818 81 27 upplag
789 818 39 21 och

78 852 92 27 forsling
185 852 23 21 af
221 852 97 26 bränvin,
335 854 24 19 är
369 852 121 21 handlande
500 852 122 26 tillerkänd,
634 852 70 21 blefve
714 852 115 21 inskränkt

79 886 88 26 derhän,
183 887 33 20 att
230 886 43 21 fem
288 886 83 21 kannor
385 892 52 15 vore
452 886 36 21 det
503 886 79 21 minsta
597 886 84 27 belopp,
698 892 46 15 som
759 886 28 27 pä
802 892 26 15 en

78 920 61 27 gäng;
153 919 58 27 finge
229 920 98 27 afyttras,
347 920 39 21 och
401 921 38 24 att,
455 919 34 22 för
504 920 130 26 rättigheten
650 921 32 20 att
697 920 33 21 till
745 919 84 22 mindre

78 954 79 27 belopp
172 953 93 28 föryttra
281 960 81 15 samma
376 959 70 20 varor,
464 954 110 21 enahanda
587 954 161 26 bestämningar
758 953 70 22 blefve

78 988 106 27 gällande,
208 993 45 16 som
277 988 32 26 de,
329 988 73 21 hvilka
420 987 64 22 hafva
502 987 105 28 afseende)
622 987 12 22 å
649 987 132 28 rättigheten
796 989 33 19 att

77 1022 133 21 utminutera
224 1021 97 22 bränvin.

149 1056 97 21 Emedan
261 1056 36 21 det
312 1056 57 21 visat
384 1056 38 26 sig,
432 1057 32 20 att
480 1056 40 21 den
535 1056 32 21 uti
583 1056 11 27 $
610 1056 26 21 55
653 1055 23 22 af
689 1055 139 22 ofvanåbero-

78 1091 56 26 pade
156 1090 126 27 förordning
304 1090 122 21 handlande
445 1090 130 21 tillerkända
594 1091 44 20 rätt
653 1090 33 21 till
701 1089 127 27 försäljning

78 1124 24 21 af
116 1124 135 27 spritdycker
266 1123 72 22 blifvit
352 1125 8 20 i
375 1124 24 21 så
416 1124 67 21 måtto
498 1123 145 26 missbrukad,
660 1125 32 19 att
706 1123 32 21 uti
754 1123 75 21 åtskil-

79 1159 44 26 liga
144 1158 84 21 mindre
249 1158 159 21 handelsbodar
430 1158 90 21 bränvin
544 1158 50 21 med
615 1157 145 27 hvarjehanda
785 1157 44 21 till-

79 1192 144 25 blandningar
247 1191 53 21 eller
322 1191 79 21 försatt
423 1191 49 21 med
494 1191 66 27 nägot
582 1191 110 26 färgämne
715 1191 113 26 föryttrats

78 1226 69 21 under
169 1225 129 26 benämning
321 1225 23 21 af
365 1231 53 20 rum,
442 1225 86 26 konjak,
551 1225 53 21 eller
626 1225 68 20 andra
711 1225 8 20 i
736 1225 93 20 handeln

78 1259 91 26 lofgifna
187 1259 118 26 spirituösa
324 1259 90 26 drycker
433 1259 39 20 och
492 1259 137 26 sprithaltiga
646 1258 66 26 viner,
726 1259 56 20 samt
797 1259 33 20 att

79 1292 99 26 sälunda,
201 1292 8 21 i
231 1292 68 21 bredd
321 1292 48 21 med
394 1292 41 21 den
460 1298 76 21 genom
559 1292 66 26 sagde
647 1291 126 27 förordning
794 1291 36 21 til-

78 1326 60 21 lätna
152 1326 156 26 utminutering
323 1326 24 20 af
360 1326 97 25 bränvin,
466 1326 139 25 spridningen
613 1325 23 20 af
646 1325 68 20 denna
724 1331 58 20 vara,
793 1330 36 21 ge-

79 1365 50 16 nom
144 1365 71 15 annan
229 1359 197 27 minutförsäljning
441 1359 63 21 deraf
516 1359 8 21 i
540 1359 55 20 strid
609 1359 45 20 mot
664 1358 164 26 förordningens

80 1393 56 21 anda
151 1392 40 22 och
206 1393 85 26 mening
299 1392 129 27 befordrats,
440 1399 54 20 men,
505 1392 36 22 vid
551 1398 29 15 nu
590 1392 99 27 gällande
699 1392 130 27 lagbestäm-

78 1427 79 27 ningar
171 1427 8 21 i
194 1428 77 25 ämnet,
287 1426 109 28 synnerlig
412 1426 109 27 svårighet
536 1427 69 20 möter
620 1426 154 21 förhindrande
789 1426 40 22 och

75 1461 116 22 'beifrande
209 1461 22 21 af
248 1461 93 21 nämnda
359 1461 115 26 missbruk,
492 1461 40 20 har
550 1460 61 21 Hans
626 1459 122 28 Kejserliga
762 1460 67 27 Maje-
