1036 1703
237 162 25 20 16
572 161 16 19 1.

209 235 27 20 ny
259 228 127 26 författning
401 228 7 20 i
423 230 72 19 ämnet
513 228 33 21 för
561 230 33 18 att
609 227 94 21 derefter
717 228 7 20 i
740 227 65 26 nädig
820 227 135 27 proposition

206 262 123 22 Ständerna
343 262 13 21 &
371 262 69 21 denna
461 262 103 26 landtdag
586 262 128 26 föreläggas,
734 262 24 20 sä
775 261 40 21 har
830 261 60 21 Hans
905 260 50 27 Kej-

208 297 79 27 serliga
309 297 108 27 Majestät,
437 297 55 21 efter
512 297 36 21 det
562 303 27 14 en
604 296 80 21 komite
700 296 31 21 uti
748 296 36 21 det
799 296 23 21 af
836 296 120 20 Ständerna

208 331 95 27 antydda
325 331 98 27 syftemäl
446 332 56 19 varit
524 331 86 21 nedsatt
633 332 55 19 samt
704 330 79 27 jemväl
802 330 101 21 aflemnat
918 330 38 20 sitt

207 365 102 28 yttrande
331 365 38 21 och
392 365 81 27 förslag
496 365 32 21 till
552 365 17 26 ej
593 365 83 21 mindre
698 371 27 20 ny
745 364 126 27 förordning
886 365 27 20 än
929 371 27 20 ny

209 400 181 27 ordningsstadga
412 400 110 26 angäende
544 399 100 27 flottning
666 399 23 21 af
709 399 140 26 skogsalster,
868 399 7 20 i
890 399 68 20 näder

208 434 80 21 bifallit
304 434 130 21 Ständernas
451 433 139 22 omförmälda
606 433 98 22 anhållan
720 439 34 18 om
764 433 135 27 proposition
910 433 48 21 här-

208 469 97 20 utinnan.

210 583 39 22 B.
279 575 103 35 Ärenden,
405 582 31 23 uti
458 581 73 24 hvilka
553 581 116 24 Ständerna
691 581 51 23 eller
762 580 70 24 skilda
847 579 64 25 Stånd
926 581 32 23 till

267 616 59 24 Hans
342 616 120 29 Kejserliga
477 615 111 29 Majestäts
603 613 79 31 nådiga
696 615 141 29 bepröfvande
847 614 113 24 framställt

268 649 146 30 underdåniga
428 650 118 29 petitioner.

282 714 11 21 I
308 714 114 26 anledning
437 714 23 21 af
474 713 127 23 Ständernas
616 713 126 27 petitioner:

283 778 55 20 42:0.
368 783 34 15 om
428 777 94 21 revision
547 776 23 22 af
590 776 99 27 gällande
712 776 134 27 stadganden
868 776 93 21 rörande

211 812 144 26 mjölgvarnar
375 811 39 21 och
430 811 129 27 stampverk,
576 812 24 19 är
614 810 65 27 nädig
694 810 141 27 proposition,
852 810 109 27 angäende

211 846 131 26 anläggning
358 846 38 20 och
412 846 138 26 beskattning
566 845 22 21 af
601 845 145 27 mjölgvarnar
762 845 39 21 och
817 845 144 27 sädesstamp-

210 880 53 21 verk
286 880 48 21 med
356 886 69 14 annan
449 880 104 21 drifkraft
575 882 27 18 än
625 881 79 24 vatten,
728 879 120 21 Ständerna
863 879 12 21 &
892 880 68 20 denna

213 915 103 27 landtdag
331 915 107 26 förelagd;

281 950 55 20 43:0.
367 956 33 14 om
420 949 136 27 fullständigt
574 948 117 28 lagförslag
710 949 92 21 rörande
822 949 85 21 litterär
923 948 39 22 och

211 984 99 21 artistisk
333 984 132 26 äganderätt,
489 985 24 19 är
535 983 65 26 nädig
619 983 134 27 proposition
768 984 49 20 med
832 983 81 27 förslag
928 983 34 21 till

212 1018 133 26 förordning,
368 1018 109 26 angäende
497 1018 125 20 författares
638 1018 39 20 och
693 1018 115 21 konstnärs
824 1019 44 20 rätt
883 1018 34 20 till
932 1018 30 21 al-

212 1054 45 19 ster
273 1052 22 21 af
309 1052 33 21 sin
357 1052 142 26 verksamhet,
515 1051 97 27 förelagd
628 1058 28 15 nu
672 1052 129 21 församlade
817 1051 101 26 Ständer;

284 1087 55 20 44:0.
355 1092 33 15 om
404 1086 118 27 lagförslag
537 1086 112 27 äsyftande
666 1086 144 27 skjutslegans
826 1086 98 27 höjande,
935 1092 27 15 m.

212 1127 35 20 m.,
263 1121 40 20 har
317 1120 60 21 Hans
393 1120 122 27 Kejserliga
529 1120 109 27 Majestät,
655 1127 46 14 som
710 1120 72 21 funnit
791 1120 172 21 bestämmandet

213 1155 23 21 af
249 1155 94 20 nämnda
356 1155 60 26 legas
439 1155 77 26 belopp
538 1155 186 26 grundlagsenligt
746 1155 114 20 ankomma
875 1155 12 20 &
902 1155 61 21 Hans

212 1189 109 26 Majestät,
344 1188 66 21 likväl
432 1188 32 21 uti
483 1188 41 21 den
539 1188 79 26 nådiga
633 1188 141 27 proposition,
790 1188 110 27 angående
915 1189 48 21 ord-

212 1223 81 21 nandet
308 1222 23 22 af
345 1222 194 28 skjutshållningen
555 1222 39 22 och
610 1222 184 28 gästgifverierna,
810 1223 86 21 hvilken
915 1222 48 22 blif-

213 1257 31 20 vit
267 1256 120 21 Ständerna
410 1256 12 20 å
442 1256 69 20 denna
526 1256 103 26 landtdag
644 1256 103 27 förelagd,
763 1257 69 20 under
847 1258 58 19 vissa
920 1257 43 21 för-

213 1290 115 21 hållanden
344 1290 111 26 medgifvit
470 1290 122 26 förhöjning
607 1290 6 20 i
630 1290 140 21 omförmälda
784 1290 132 26 hänseende;

285 1325 56 20 45:0.
364 1325 32 19 att
418 1330 26 14 en
463 1323 126 27 fullständig
605 1323 109 27 afdelning
728 1324 49 21 med
792 1323 70 22 finska
877 1324 33 22 till
926 1331 37 14 un-

214 1358 202 27 dervisningsspråk
439 1358 66 21 måtte
527 1358 36 21 vid
582 1358 160 21 normalskolan
757 1358 8 21 i
780 1358 136 27 Helsingfors
932 1359 31 20 in-

213 1394 70 20 rättas
299 1392 40 21 och
353 1392 171 27 vidmakthållas,
540 1393 40 20 har
595 1392 61 21 Hans
672 1392 121 28 Kejserliga
802 1393 103 27 Majestät
915 1393 49 21 låtit

213 1428 42 21 den
273 1428 25 21 10
315 1427 125 28 September
457 1428 53 21 1872
526 1427 7 21 i
549 1429 71 20 ämnet
636 1427 86 22 utfärda
736 1428 141 27 kungörelse;

286 1463 55 20 46:0.
358 1468 33 15 om
407 1462 81 27 förslag
502 1462 34 21 till
552 1462 148 27 dissenterlag,
717 1463 33 20 till
765 1463 36 26 lag
812 1469 33 15 om
856 1463 107 22 mosaiske

210 1497 44 21 och
277 1497 67 21 andra
366 1496 47 22 icke
435 1497 84 21 kristna
536 1497 134 21 bekännares
689 1498 44 20 rätt
748 1498 33 20 att
796 1497 7 21 i
819 1497 72 21 landet
907 1497 58 21 bilda
