1048 1709
305 159 29 23 U.
350 159 27 23 B.
392 172 28 4 —
436 160 73 28 Prop.
526 160 45 23 N:o
586 161 36 22 45.
798 162 12 20 9

157 222 31 22 Ur
208 224 40 20 den
264 224 146 26 anmärkning,
426 230 46 14 som
487 226 25 18 är
526 224 64 26 fogad
605 224 33 20 till
653 224 26 21 86
695 224 12 27 $
722 224 8 20 i
745 224 95 21 Straftla-

88 263 41 20 gen
148 257 34 21 för
201 257 68 21 finska
288 258 113 25 militären,
421 258 99 26 framgär,
541 260 32 19 att
590 258 49 21 med
654 258 36 21 det
704 258 8 21 i
726 258 114 26 förslagets

89 291 13 20 6
120 291 12 27 8
151 291 124 26 begagnade
290 291 108 27 uttrycket
412 291 125 27 skyddsvakt
552 291 78 22 förstås
650 292 47 21 "det
715 292 126 21 underbefäl

89 325 39 21 och
150 325 110 27 manskap,
287 331 52 21 som,
358 326 7 21 i
384 325 98 28 krigstid,
505 326 36 21 vid
559 327 84 20 arméns
661 326 114 27 aftågande
793 325 48 22 från

88 360 70 27 någon
178 361 34 20 ort
230 361 38 20 der
284 360 134 26 gvarlemnas
433 360 34 21 för
482 362 32 19 att
529 360 82 27 skydda
625 361 100 26 antingen
740 360 43 21 viss
793 366 48 21 per-

88 400 40 15 son
150 394 53 21 eller
226 394 102 21 särskildt
346 395 79 20 stället.
459 394 110 27 Derjemte
587 395 128 20 bestämmes
734 395 7 20 i
760 400 81 15 samma

88 428 109 27 strafflags
213 429 27 21 85
256 429 18 27 8,
290 430 32 20 att
336 429 50 21 våld
400 431 57 19 emot
471 429 97 26 postkarl
584 429 53 21 eller
647 429 136 26 militärvakt,
795 435 45 15 som

88 465 64 24 utgör
168 463 68 27 skydd
250 463 33 21 för
298 463 116 27 Kejsarens
428 469 78 21 person
522 463 54 22 eller
587 463 91 22 medlem
689 463 22 22 af
720 463 121 27 Kejserliga

88 497 69 28 huset,
174 498 55 21 skall
244 497 62 22 äfven
321 498 8 21 i
343 497 91 22 fredstid
448 497 85 22 straffas
548 497 91 22 likasom
653 504 50 15 vore
718 498 36 21 det
763 498 78 26 begån-

89 534 36 25 get
143 533 8 20 i
169 533 48 26 krig
236 533 39 21 och
294 533 8 20 i
321 532 95 21 fiendens
431 533 58 26 åsyn.
518 533 11 20 I
544 532 114 27 anledning
673 532 64 21 häraf
749 532 40 21 har
803 532 38 21 Ut-

89 567 80 21 skottet
188 569 70 20 ansett
275 567 67 22 första
364 567 112 27 meningen
491 567 7 20 i
513 568 14 21 2
542 573 62 15 mom.
627 566 23 22 af
663 567 13 21 6
692 567 11 27 $
719 567 52 21 böra
787 573 54 15 sam-

89 601 108 22 manföras
213 602 49 21 med
279 603 9 20 1
305 603 127 20 momentets
446 601 101 27 innehåll,
563 601 83 22 hvilket
660 601 61 27 ingår
737 601 7 21 i
755 602 12 21 2
779 607 62 15 mom.

89 636 23 21 af
126 636 122 21 Utskottets
263 636 82 27 förslag
360 636 33 21 till
409 637 81 26 lagtext
505 636 34 21 för
553 636 13 21 6
583 636 18 27 8.

158 688 64 21 Emot
241 688 116 21 innehållet
375 687 23 22 af
415 689 10 20 7
442 688 19 27 &,
477 694 45 15 som
538 688 95 21 ansluter
648 688 32 26 sig
695 688 33 21 till
744 688 27 21 24
787 688 11 27 $
814 689 27 20 10

89 721 49 28 kap.
157 722 7 21 i
183 722 38 21 Kr.
236 722 54 27 Art.,
305 722 39 21 bar
359 722 56 21 inom
430 721 111 22 Utskottet
555 722 71 21 blifvit
640 722 103 27 anmärkt,
759 723 32 20 att
806 723 37 21 det

90 755 34 24 för
141 757 61 28 rymd
220 757 119 28 krigsmans
359 757 105 28 döljande,
483 757 95 27 hysande
594 757 53 22 eller
661 756 180 23 undanskaffande

89 792 7 21 i
116 792 92 21 fredstid
226 792 122 27 föreslagna
366 792 62 21 straff
444 798 50 15 vore
514 791 72 22 alltför
601 792 61 26 ringa
676 792 39 21 och
730 793 32 20 att
777 792 65 20 maxi-

89 833 58 14 mum
170 826 23 22 af
213 827 89 21 böterna
320 826 66 22 borde
405 826 61 26 höjas
484 826 34 21 till
538 826 41 21 100
597 826 71 26 mark;
686 833 49 14 men
754 827 87 20 emedan

89 861 147 21 bötesstraffet
252 861 34 21 för
304 861 70 20 denna
391 861 127 26 förbrytelse
544 861 7 20 i
577 860 183 27 Krigsartiklarne
785 861 56 20 varit

89 895 109 21 bestämdt
213 897 37 20 att.
258 897 77 24 utgöra
350 895 92 21 allenast
456 895 14 20 3
485 895 106 21 riksdaler
605 895 26 20 16
643 895 111 26 skillingar
765 895 76 26 specie,

90 935 46 14 som
152 935 74 15 svarar
240 930 58 25 emot
312 929 28 20 10
350 929 59 21 daler
420 929 52 21 eller
484 929 25 20 19
520 929 61 20 mark
591 929 28 21 20
629 929 63 26 penni
702 929 65 21 finskt
777 931 64 25 mynt,

90 963 39 20 har
146 963 122 21 Utskottets
286 963 110 27 pluralitet
414 964 70 20 ansett
502 963 92 21 berörda
613 963 139 27 anmärkning
771 963 18 27 ej
805 963 36 27 pä-

90 997 59 21 kalla
164 997 69 27 nägon
248 998 77 26 ätgärd
340 997 23 21 af
376 997 114 21 Utskottet.

160 1049 11 21 1
186 1049 12 21 8
215 1049 11 27 &
242 1049 114 26 ätergifves
371 1049 116 21 innehållet
502 1049 23 21 af
538 1049 27 21 27
582 1049 11 26 $
610 1049 27 21 10
651 1049 48 27 kap.
715 1050 7 20 i
737 1049 37 21 Kr.
789 1050 52 26 Art.,

92 1083 54 22 dock
161 1083 49 22 med
225 1083 80 22 fästadt
320 1083 100 22 afseende
435 1083 13 22 ä
462 1083 58 22 olika
534 1083 39 22 fall
588 1083 23 21 af
625 1083 141 28 brottslighet.

160 1135 63 22 Hvad
240 1136 13 21 9
272 1135 12 28 $
303 1135 117 22 innehåller
439 1135 7 21 i
471 1135 4 20 1
498 1135 39 21 och
555 1135 13 21 2
587 1137 120 19 momenten
725 1137 118 20 motsvarar

93 1170 12 21 8
124 1171 12 26 &
158 1171 25 21 11
202 1170 48 27 kap.
270 1170 8 21 i
296 1170 38 21 Kr.
354 1170 52 26 Art.,
422 1169 40 22 och
476 1169 117 22 innehället
607 1169 23 21 af
650 1169 7 22 2
672 1176 61 15 mom.
747 1169 66 28 jemte
829 1171 12 20 3

92 1211 63 14 mom.
172 1205 107 20 dessutom
296 1205 11 20 7
324 1204 10 27 &
352 1205 10 20 1
379 1203 48 28 kap.
442 1204 8 20 i
464 1203 37 22 Kr.
512 1204 53 26 Art.,
576 1204 49 21 med
635 1203 75 27 tillägg
720 1204 7 20 i
738 1203 26 22 de
775 1204 68 27 begge

92 1245 76 15 senare
186 1240 121 19 momenten
326 1238 24 21 af
367 1238 61 21 straff
444 1238 34 21 för
496 1238 71 27 oloflig
586 1237 125 28 försäljning
731 1237 22 22 af
771 1238 72 21 starka

93 1273 95 27 drycker,
208 1273 7 20 i
233 1273 81 21 hvilket
333 1272 100 22 afseende
452 1273 13 21 9
485 1272 11 28 $
512 1273 95 21 ansluter
622 1273 32 26 sig
669 1272 33 21 till
717 1272 58 27 Kejs.
791 1272 51 21 För-

94 1308 118 26 ordningen
225 1307 75 21 härom
315 1307 24 20 af
352 1307 41 21 den
408 1307 12 20 9
436 1307 50 21 Juni
502 1307 61 21 1873.

161 1358 34 21 Då
202 1357 34 26 45,
244 1358 27 20 47
280 1357 40 22 och
328 1357 27 21 48
364 1357 24 27 $$
398 1357 8 20 i
414 1357 130 21 sistnämnda
553 1357 124 26 författning
685 1357 46 20 icke
739 1357 104 26 tillstädja

93 1399 70 15 annan
174 1392 142 26 utskänkning
327 1391 29 27 pä
365 1391 73 22 landet
448 1391 23 21 af
481 1391 72 22 starka
566 1391 89 27 drycker
664 1393 57 19 emot
727 1391 116 26 betalning,

94 1430 27 19 än
131 1428 41 20 den
182 1432 46 16 som
236 1428 24 19 är
268 1426 120 26 medgifven
392 1424 339 28 gästgifvaresamtkosthällareä
733 1424 110 28 jernvägs-

94 1462 104 21 stationer
206 1461 39 21 och
253 1460 226 28 passagerare-fartyg,
489 1460 39 21 och
535 1460 8 21 i
551 1460 41 21 den
600 1460 77 26 nädiga
685 1460 158 26 propositionen

163 1502 124 21 Lagutskottets
299 1501 103 17 betänkande
414 1501 34 16 N:o
461 1501 27 17 18.
