1045 1709
310 136 28 23 U.
355 136 20 23 B
397 149 27 3 —
440 137 73 28 Prop.
529 137 45 22 N:o
589 137 36 22 45.
787 138 26 20 13

164 198 31 22 På
214 198 63 22 ofvan
296 200 88 21 anförda
399 200 47 21 skäl
461 200 33 22 får
508 200 109 22 Utskottet
631 200 109 22 vördsamt
754 200 85 26 föreslå,

95 234 32 20 att
143 233 118 21 Ständerna
279 234 31 20 uti
325 234 37 21 sitt
377 240 49 16 svar
441 235 7 20 i
463 235 58 21 detta
536 235 77 21 ärende
633 235 66 21 måtte
714 234 8 21 i
736 234 105 21 underdå-

95 267 73 27 nighet
183 268 94 21 anmäla:

334 310 28 19 att
380 308 120 22 Ständerna
518 309 47 21 med
582 311 28 19 ett
628 309 72 27 tillägg
719 309 36 21 och
773 310 68 26 några

266 342 81 22 mindre
362 343 117 27 ändringar
491 343 93 27 godkänt
598 344 39 21 den
651 344 80 27 nådiga
741 345 100 26 proposi-

267 377 68 21 tionen
354 379 54 20 samt
421 377 35 26 för
471 378 34 21 sin
520 378 32 21 del
567 378 79 27 antagit
660 385 25 14 en
700 379 26 20 så
741 378 100 27 lydande:

333 423 115 24 Förordning
466 429 28 13 om
514 423 123 24 rättegången
652 424 7 18 i
674 424 54 19 vissa
743 424 42 23 mål,
804 429 38 14 som

265 452 51 19 förut
328 452 44 19 hört
383 453 31 18 till
426 453 138 23 krigsdomstol,
577 454 48 17 samt
637 458 28 13 om
674 453 56 18 straff
738 454 33 18 och
781 459 61 13 annan

265 480 72 24 påföljd
348 481 7 18 i
368 481 59 23 några
439 481 41 23 mål,
491 482 67 18 hvilka
570 482 44 18 röra
623 487 90 18 personer
722 484 50 17 utom
781 483 61 22 krigs-

264 510 68 21 staten,
344 510 95 19 äfvensom
450 510 48 19 huru
510 510 91 23 häktning
613 509 30 19 mä
646 505 22 32 af
677 511 105 22 krigsbefäl
788 512 55 17 verk-

265 539 73 18 ställas.

333 573 69 22 Sedan
422 573 41 27 Wi,
478 575 47 20 med
538 574 148 27 upphäfvande
701 575 27 25 af
739 575 103 27 Krigsar-

266 608 88 21 tiklarne
369 609 39 21 den
424 609 26 20 31
474 608 64 22 Mars
552 610 66 25 1798,
633 609 98 26 utfärdat
748 609 94 22 särskild

266 643 102 27 Strafflag
382 643 35 26 för
432 643 68 26 finska
514 643 111 26 militären,
637 644 81 26 varder,
730 645 46 20 med
785 651 56 20 upp-

265 677 105 26 häfvande
389 677 25 26 af
431 677 75 28 Kongl.
528 677 86 27 Brefvet
633 678 39 21 den
687 679 29 20 21
731 678 112 22 December

266 713 59 20 1802
343 712 36 21 och
397 712 76 27 Kongl.
493 712 160 27 Förordningen
667 713 40 20 den
724 714 14 19 7
755 713 88 21 Oktober

266 747 57 20 1805
338 746 107 26 äfvensom
460 747 47 20 med
521 747 90 26 ändring
627 746 24 27 af
660 747 76 27 Kongl.
747 747 94 21 Förord-

265 780 77 27 ningen
364 781 40 21 den
426 782 14 19 6
461 781 63 21 Mars
546 783 56 19 1751
624 781 37 21 och
681 782 28 20 15
726 781 117 26 punkten
832 776 14 36 i

266 814 76 27 Kongl.
366 814 152 28 Förklaringen
537 815 39 21 den
595 817 30 19 23
642 815 63 22 Mars
724 817 65 25 1807,
809 823 32 14 om

266 849 136 28 rättegången
415 849 9 21 i
438 850 56 21 vissa
503 849 49 27 mål,
564 856 44 15 som
617 851 50 20 röra
673 857 102 20 personer
785 851 56 20 utom

267 883 129 27 krigsstaten,
419 890 47 15 men
495 884 59 27 förut
571 885 47 20 hört
637 884 32 21 till
690 884 151 27 krigsdomstol,

266 919 55 20 samt
336 925 32 14 om
382 919 66 26 straff
459 919 37 20 och
510 925 70 15 annan
591 918 87 27 påföljd
691 919 9 20 i
713 919 68 27 några
791 919 50 26 mål,

267 952 67 21 hvilka
353 953 55 26 angå
425 953 82 21 sådana
519 960 105 19 personer,
640 953 35 21 och
691 960 33 15 om
738 953 102 27 häktning

268 986 27 27 af
306 987 107 21 enahanda
424 994 108 20 personer,
547 987 96 28 stadgadt
658 994 45 14 som
717 987 73 28 följer:

416 1059 21 23 1.
455 1059 69 30 Kap.

389 1108 163 24 Öfverskriften.

413 1153 116 18 Oförändrad.

335 1196 13 19 1
366 1194 20 29 $.
420 1191 103 31 Följande
541 1194 44 21 mål
603 1194 57 21 skola
679 1194 124 27 hädanefter
821 1195 23 26 af

269 1229 78 21 allmän
362 1229 87 22 domstol
463 1231 102 25 upptagas
580 1229 36 21 och
631 1229 107 26 afdömas:
767 1230 23 25 1)
805 1229 39 21 Då

269 1263 38 22 lots
325 1264 67 21 under
410 1264 90 27 lotsning
518 1263 47 22 eller
584 1263 57 28 eljest
658 1264 9 20 i
685 1264 86 27 tjensten
789 1264 54 26 felar

268 1298 37 21 och
319 1298 136 28 förbrytelsen
471 1299 25 20 är
511 1299 91 26 svårare,
619 1299 30 20 än
663 1299 30 20 att
708 1298 39 21 den
762 1298 82 26 felande

268 1332 41 21 kan
324 1333 72 24 derför
410 1333 28 25 af
448 1333 84 25 förman
547 1333 114 25 bestraffas.
692 1333 25 26 2)
728 1332 37 21 Då
776 1332 68 27 krigs-

269 1366 83 21 domare
366 1366 10 20 i
389 1366 49 21 eller
452 1366 35 25 för
502 1366 83 21 embetet
595 1365 121 26 öfverfallas
725 1366 48 21 med
781 1366 63 21 miss-

268 1399 74 22 handel
357 1399 48 22 eller
420 1399 157 27 ärekränkning
593 1400 27 25 af
631 1399 45 26 den,
691 1406 46 15 som
750 1399 18 28 ej
778 1399 67 22 under

269 1434 144 28 krigsdomstol
432 1434 62 28 lyder.
528 1434 23 28 3)
567 1434 38 21 Då
618 1434 101 27 postkarl,
734 1434 48 22 vakt
796 1434 49 22 eller

166 1476 123 22 Lagutskottets
300 1476 104 17 betänkande
416 1476 34 16 N:o
463 1477 26 15 18.
