1045 1703
245 157 12 20 8
533 156 56 23 N:o
605 155 50 22 46.

215 224 38 21 sitt
268 224 152 27 ursprungliga
435 224 71 27 värde,
523 223 90 22 såframt
627 224 38 20 det
679 223 47 22 icke
741 223 91 22 förlorat
841 229 46 15 mer
897 226 27 18 än
932 223 41 21 två.

212 259 90 26 procent
317 258 24 21 af
354 258 42 21 den
410 258 80 27 lagliga
504 259 80 26 vigten.

285 292 41 21 Till
348 292 54 27 följd
421 292 64 21 häraf
501 293 40 20 bör
556 292 197 27 tio-mark-stycket
774 294 55 24 väga
843 292 66 21 minst
924 292 42 27 313

215 332 60 21 gram
291 326 39 22 och
344 326 230 27 tjugu-mark-stycket
591 326 66 21 minst
672 327 40 27 645
729 332 67 20 gram,
812 326 34 21 för
862 328 32 18 att
911 325 62 27 gälla

214 361 7 21 i
237 360 68 27 liqvid
326 360 92 22 emellan
440 360 97 22 enskilde
559 366 112 21 personer;
692 362 56 20 samt
770 360 199 27 tio-mark-stycket

213 397 56 25 väga
283 395 66 21 minst
359 396 43 27 3,5,
413 401 60 21 gram
484 395 41 21 och
534 394 229 28 tjugu-mark-stycket
772 395 67 21 minst
849 396 41 27 61?
901 400 67 22 gram,

214 429 34 21 för
263 432 32 19 att
310 430 33 20 uti
357 430 95 21 kronans
467 430 77 21 kassor
559 431 126 25 emottagas.

293 464 135 27 Skiljemynt,
444 470 46 15 som
505 466 25 19 är
546 464 24 21 så
584 464 95 21 förslitet
694 465 33 20 att
741 464 91 26 prägeln
846 464 47 21 icke
903 463 66 27 tydli-

215 504 40 21 gen
277 498 43 22 kan
342 498 109 27 urskiljas,
468 499 39 21 har
522 499 95 27 upphört
632 500 33 20 att
679 504 52 16 vara
745 498 77 27 lagligt
836 498 131 26 betalnings-

213 532 70 22 medel
305 533 34 21 till
362 533 67 21 andra
453 534 26 20 än
502 533 89 26 kronan,
605 539 52 15 men
675 533 8 21 i
699 533 111 26 betalning
824 532 34 22 till
873 533 94 27 kronans

213 567 79 22 kassor
314 567 56 22 skall
390 567 52 22 slikt
457 569 60 26 mynt
531 567 34 22 till
580 568 39 21 sitt
633 567 131 22 namnvärde
779 569 126 25 emottagas,
921 567 47 21 ifall

214 602 50 21 med
279 601 101 22 säkerhet
394 603 89 20 utrönas
499 602 42 21 kan
557 604 33 19 att
605 602 36 21 det
655 601 72 22 blifvit
737 602 117 27 prägladt
849 597 12 36 i
865 602 102 21 Finlands

214 636 118 27 myntverk.

563 665 11 27 8
591 665 32 21 18.

286 704 68 28 Mynt,
378 711 46 15 som
446 705 95 27 upphört
563 706 32 20 att
613 711 52 15 vara
681 705 89 21 allmänt
785 705 100 27 gällande
899 705 69 21 betal-

214 739 139 27 ningsmedel,
377 739 109 22 äfvensom
509 740 136 30 skiljemynt,
661 740 83 30 hvilket
765 740 92 21 förlorat
880 746 45 14 mer
941 741 26 19 än

215 773 47 28 fyra
284 776 90 24 procent
395 774 23 20 af
440 774 33 21 sin
492 775 58 20 rätta
565 774 50 26 vigt,
632 774 40 24 må,
689 775 65 20 sedan
770 774 26 21 de
811 775 33 21 till
860 774 70 26 någon
946 773 23 21 af

213 807 95 22 kronans
321 808 77 26 kagsor
414 808 51 21 eller
481 808 32 21 till
529 808 102 22 Finlands
646 808 63 21 Bank
723 808 87 27 influtit,
826 808 18 27 ej
862 808 46 21 åter
923 808 44 21 för-

215 844 69 20 sättas
299 842 8 20 i
322 842 92 27 omlopp.

561 876 11 28 5
590 877 31 21 19.

287 916 86 21 Enhvar
388 918 52 25 äger
462 918 44 20 rätt
525 918 32 20 att
571 916 8 21 i
593 916 102 22 Finlands
711 916 62 22 Bank
788 914 22 24 få
824 917 145 27 myntstycke,

216 957 46 15 som
284 950 48 22 icke
354 957 45 15 mer
422 952 64 26 utgör
508 951 77 27 lagligt
599 951 191 27 betalningsmedel
806 952 33 20 till
855 957 70 16 annan
940 954 29 18 än

215 986 89 26 kronan,
319 985 74 27 utbytt
408 987 45 19 mot
467 985 108 27 gängbart
589 987 60 25 mynt
664 985 23 21 af
700 992 82 14 samma
797 986 53 26 slag.

288 1019 47 21 Mot
351 1019 81 21 sädane
447 1020 149 27 myntstycken
607 1022 51 24 äger
670 1020 103 21 Banken
764 1015 12 36 i
784 1020 103 21 Finlands
898 1020 70 21 Stats-

215 1053 79 22 kontor
308 1053 87 27 tillbyta
411 1054 33 26 sig
459 1053 92 28 fullgodt
566 1055 59 26 mynt
640 1054 33 21 till
688 1054 45 21 lika
747 1054 85 27 belopp.

287 1087 80 21 Likaså
382 1089 52 25 äger
448 1087 102 22 Finlands
566 1087 67 26 Bank,
645 1088 34 21 till
694 1088 53 27 följd
763 1088 22 21 af
795 1088 49 21 dess
855 1087 114 27 äliggande

217 1123 33 19 att
271 1121 32 21 in-
326 1121 40 21 och
387 1122 87 21 utvexla
489 1122 26 21 de
530 1122 7 21 i
553 1122 73 21 landet
641 1121 110 28 gängbara
765 1122 114 26 myntslag,
896 1121 73 21 städse

216 1157 58 19 emot
296 1155 124 27 skiljemynt
441 1155 8 21 i
471 1155 102 22 Finlands
600 1155 139 22 Statskontor
760 1156 8 20 i
790 1155 78 27 utbyte
888 1155 81 21 erhälla

216 1190 118 27 guldmynt.

217 1286 46 22 2:0.
288 1286 175 27 Förordning,
475 1286 113 21 rörande
598 1284 148 28 öfvergäng
758 1286 44 21 till
813 1286 157 27 guldmynt-
983 1282 3 3 '

356 1320 40 22 fot
410 1320 10 22 i
435 1320 253 22 Storfurstendömet
702 1320 122 22 Finland.

571 1384 46 27 81.

291 1425 89 21 Säsnart
401 1424 112 22 föreskrift
535 1424 108 27 angående
666 1424 75 27 prägel
763 1425 39 21 och
824 1425 54 22 form
893 1425 34 21 för
943 1425 26 22 de

218 1466 77 21 genom
318 1459 45 27 Lag
385 1459 24 21 af
424 1460 69 21 denna
509 1459 42 27 dag
565 1459 33 21 för
612 1459 92 21 Finland
718 1459 124 22 fastställda
857 1460 115 27 guldmynt

217 1495 13 21 &
255 1495 25 21 10
303 1495 39 21 och
365 1495 27 20 20
407 1494 62 21 mark
483 1494 71 22 blifvit
569 1494 23 21 af
605 1494 60 21 Hans
681 1493 121 28 Kejserliga
817 1495 103 27 Majestät
934 1496 37 19 ut-
