1053 1711
228 132 27 19 34
455 129 21 23 U.
494 129 22 22 B.
533 141 27 2 —
575 124 37 37 11]
626 124 82 37 XVII.

275 194 90 27 Förslag
380 194 56 26 öfver
450 193 256 26 Bränvinsskattefonden
720 193 34 26 för
770 193 25 20 är
809 193 66 20 1876.

523 239 97 20 Debet.

198 273 126 27 Behällning
339 273 46 21 från
400 273 24 21 är
440 274 54 20 1875
521 289 4 4 .
554 289 4 4 .
590 289 4 4 .
624 288 4 4 .
660 288 4 4 .
695 288 5 4 .
716 271 48 27 ye
780 272 119 25 4,371,106:
916 272 32 19 45.

199 306 370 28 Bränvinsbränningsskatten
518 301 47 37 1876
576 307 87 25 antages
670 305 33 21 till
735 322 9 8 ,
780 306 119 24 4,800,000:
915 316 27 3 —

717 346 48 27 Fay
780 346 119 26 9,171,106:
915 346 34 20 45.

518 387 115 21 Kredit.

200 423 138 27 Oliqviderad
361 423 62 21 andel
445 423 32 21 till
499 422 153 22 kommunerna
668 421 34 22 för

228 459 51 21 åren
295 460 54 19 1874
365 458 40 21 och
422 459 63 20 1875.
518 474 3 4 .
553 475 3 3 .
589 474 4 4 .
624 474 4 4 .
660 474 4 4 .
696 474 4 4 .
711 456 53 28 fm
801 458 98 25 800,000:
914 467 29 3 —

198 493 125 27 Ersättning
331 492 32 22 till
372 492 130 22 statsverket
510 491 33 22 för
551 492 57 21 förra
616 491 86 21 skatten
734 508 8 9 ,
802 492 97 25 660,000:
915 502 27 2 —

199 528 40 21 Till
261 527 121 21 kontrollen
402 526 58 22 öfver
479 526 163 27 tillverkningen
662 526 39 21 och

228 562 55 21 ökad
298 562 160 26 tullbevakning
472 568 28 14 m.
516 567 40 15 m..
588 576 4 4 .
623 577 3 4 .
658 577 3 3 so
694 577 4 4 .
732 576 8 10 »
802 561 97 24 140,000:
915 571 27 2 —

198 597 169 21 Kommunernes
383 595 63 22 andel
460 595 33 22 för
508 595 24 21 är
549 596 52 20 1876
624 611 3 4 .
658 611 3 4 .
693 610 5 4 .
731 611 9 9 »
801 595 98 25 400,000:
915 605 28 3 —

199 631 40 22 Till
256 629 275 23 kommunikationsfonden
546 631 24 19 är
585 628 116 22 öfverfördt

226 666 69 21 under
311 666 68 21 1876.
410 682 4 4 .
444 681 4 4 .
480 681 4 5 0
517 681 146 4 ss
779 664 118 25 5,800,000:
916 674 25 3 —

200 700 63 22 Saldo
279 701 33 20 att
327 699 124 27 disponeras
480 716 4 4 .
515 715 4 5 .
551 716 4 3 .
587 716 3 3 .
622 715 4 4 .
658 715 4 4 .
693 715 4 4 .
730 715 9 8 »
779 699 118 25 1,371,106,
915 699 33 20 45.

716 739 47 26 Far
779 739 118 26 I,AT1,106:
915 739 33 20 45.

378 829 20 23 3.
414 829 346 22 Kommunikationsfonden.

266 883 31 21 På
319 884 45 19 sätt
385 881 23 22 af
426 882 127 21 Relationen
575 881 98 27 framgår,
692 881 39 21 har
750 881 60 21 Hans
829 881 121 27 Kejserliga

198 918 109 27 Majestät,
327 916 65 27 enligt
415 916 131 22 Ständernas
569 916 35 21 vid
628 917 54 20 1872
705 916 34 21 års
758 916 102 26 landtdag
876 915 73 22 derom

199 952 74 27 gjorda
289 951 162 27 framställning,
468 957 76 21 genom
560 950 65 27 nådig
639 950 130 27 kungörelse
785 949 22 22 af
821 950 40 21 den
877 952 12 19 2
904 950 43 21 Ok-

199 987 61 21 tober
277 988 53 19 1873
346 985 116 27 förordnat,
479 987 32 19 att
526 985 59 21 såväl
600 985 146 21 inkomsterna
760 984 47 22 från
822 985 26 21 de
863 985 49 22 med
927 984 23 22 af

199 1021 119 21 Ständerna
336 1020 105 27 beviljade
460 1020 70 21 medel
550 1020 107 21 inrättade
671 1019 276 22 kommunikationsanstal-

198 1057 33 19 ter
246 1061 46 15 som
307 1055 41 21 ock
364 1054 25 22 de
405 1055 75 26 anslag
496 1054 119 22 Ständerna
630 1054 35 21 vid
682 1056 54 19 1872
752 1054 34 21 års
797 1054 103 27 landtdag
911 1060 36 14 an-

197 1090 56 21 visat
269 1089 52 21 eller
335 1089 112 21 framdeles
463 1089 83 21 komme
562 1090 32 19 att
610 1089 73 20 anvisa
697 1088 33 21 för
742 1088 205 21 kommunikations-

198 1123 143 22 anstalternas
357 1123 148 21 förbättrande
520 1123 107 21 äfvensom
642 1122 47 21 från
705 1123 80 21 sådana
800 1129 40 20 nya
849 1123 98 21 kommu-

196 1157 214 22 nikationsanstalter
432 1157 116 27 inflytande
569 1156 96 22 intrader
688 1156 75 27 skulle,
786 1156 92 22 räknadt
900 1156 47 22 från

197 1192 40 21 och
258 1191 49 21 med
327 1191 24 21 år
372 1192 60 25 1872,
448 1190 100 22 bokföras
570 1191 70 21 såsom
656 1197 26 15 en
698 1191 55 21 skild
768 1190 56 26 fond,
840 1190 107 22 benämnd

196 1225 280 27 kommunikationsfonden,
492 1225 46 22 från
558 1226 84 21 hvilken
659 1225 81 27 jemväl
754 1225 145 21 kostnaderna
913 1224 33 22 för

197 1260 155 26 anläggningen
368 1259 21 21 af
402 1266 41 20 nya
458 1259 22 21 af
490 1260 119 20 Ständerna
618 1259 114 21 beslutade
742 1259 203 21 kommunikations-

197 1294 104 21 anstalter
317 1294 56 20 samt
386 1292 122 22 annuiteter
523 1293 12 21 å
550 1292 32 22 för
598 1292 60 22 detta
673 1292 98 21 ändamål
787 1294 108 25 upptagna
910 1292 35 21 lån

197 1328 108 22 äfvensom
321 1326 59 23 drift-
397 1327 39 21 och
451 1327 199 22 remontkostnader
665 1327 84 21 komme
765 1328 32 20 att
812 1326 113 23 bestridas.

263 1362 10 22 I
288 1362 52 27 följd
355 1361 61 22 häraf
430 1362 108 26 öppnades
555 1362 41 21 den
614 1364 9 18 1
639 1362 121 21 November
776 1363 53 20 1873
841 1361 102 22 särskildt

195 1398 66 22 konto
279 1397 33 21 för
332 1398 41 20 den
391 1403 41 21 nya
447 1396 85 28 fonden,
548 1397 40 21 och
603 1397 105 27 utgjorde,
726 1397 66 27 enligt
808 1397 135 21 Statskonto-

195 1434 44 21 rets
254 1432 151 27 räkenskaper,
422 1431 48 22 dess
819 1429 2 2 |

263 1472 134 17 Statsutskottets
409 1473 107 17 betänkande
528 1473 34 16 N:o
577 1472 25 17 11.
