1045 1703
314 169 28 19 U.
356 171 26 17 B.
394 170 79 24 Prop.
487 170 44 18 N:o
544 171 42 18 46.
796 173 12 20 3

85 242 37 18 äro
139 240 40 20 och
194 240 7 20 i
216 240 115 21 framtiden
346 240 73 20 kunna
434 240 93 21 förutses
543 240 65 21 blifva
624 239 24 21 så
663 240 127 26 betydande,
806 242 33 19 att

85 274 91 20 Finland
199 274 28 26 på
246 274 69 21 denna
330 274 70 26 grund
415 274 67 21 borde
498 274 130 21 underkasta
644 274 33 26 sig
692 274 26 21 de
734 274 103 20 oundvik-

85 308 44 26 liga
144 307 154 27 uppoffringar,
314 314 46 14 som
376 310 37 18 äro
429 308 101 21 förenade
545 308 49 21 med
610 308 143 26 öfvergången
767 308 33 21 till
813 314 24 15 en

85 347 28 21 ny
129 342 153 25 värdemätare,
298 342 63 21 utber
377 342 33 26 sig
425 342 108 21 utskottet
553 343 32 20 att
599 342 48 21 med
663 342 138 27 begagnande
817 342 23 21 af

87 377 31 20 ett
140 382 40 21 par
202 375 22 22 af
239 376 140 21 omförmälda
398 376 80 21 komité
493 376 125 21 meddelade
634 376 168 27 sifferuppgifter
817 376 22 21 få

85 410 57 21 fästa
164 410 216 27 uppmärksamheten
403 411 29 26 på
454 411 26 20 de
502 410 116 27 vexlingar,
642 417 46 14 som
710 413 37 24 ägt
769 411 70 20 rum
824 406 19 35 i

87 444 143 27 silfverpriset
244 445 7 20 i
267 445 90 21 London
371 445 69 20 under
455 447 74 18 senast
543 444 102 22 förflutna
660 445 30 21 tio
705 445 30 20 år.

159 473 31 27 År
208 479 53 21 1866
276 479 101 26 utgjorde
392 479 8 20 i
415 479 101 21 medeltal
534 479 212 21 värdeförhållandet
761 480 77 21 mellan

87 513 74 21 silfver
180 513 39 21 och
237 513 52 27 guld
304 513 27 26 på
346 513 149 21 förstberörda
513 515 35 19 ort
564 515 18 19 1:
600 514 62 25 15,41.
692 513 147 27 Silfverpriset

87 547 78 21 fortfor
188 547 122 21 sedermera
332 549 33 19 att
387 548 77 25 sjunka
487 547 56 21 ända
560 547 33 21 till
609 547 23 21 år
650 548 60 25 1869,
727 548 27 20 då
769 547 70 22 silfret

87 581 79 21 förhöll
182 581 33 26 sig
230 581 6 20 i
252 581 65 21 värde
333 581 33 21 till
381 581 52 26 guld
449 582 71 20 såsom
537 583 18 19 1:
572 582 62 25 15,60.
665 581 75 21 Under
755 583 26 20 de
790 584 50 19 när-

88 618 57 18 mast
160 615 93 27 följande
269 617 76 20 tvenne
364 616 51 21 åren
431 618 24 18 är
471 616 46 21 åter
532 617 32 20 ett
583 616 98 26 stigande
695 616 8 21 i
719 616 121 21 silfvervär-

89 650 36 21 det
144 651 6 20 i
169 650 133 21 förhållande
321 651 33 20 till
369 650 52 27 guld
437 651 117 21 märkbart.
584 650 49 21 Men
649 651 48 20 från
714 651 60 26 1871,
791 651 27 20 då
833 651 7 20 i

88 684 100 22 medeltal
204 684 210 22 värdeförhållandet
433 685 77 21 mellan
526 685 63 21 dessa
607 685 98 21 metaller
720 685 120 27 uttrycktes

89 725 75 20 genom
180 719 153 27 proportionen
351 720 17 20 1:
386 720 61 25 15,58,
464 720 39 20 har
519 725 24 15 en
560 719 124 26 ostadighet
698 720 7 20 i
721 719 118 27 silfverpri-

88 755 33 19 set
143 753 87 26 inträdt,
255 759 45 15 som
323 753 49 21 bäst
394 753 116 21 betecknas
534 754 23 20 af
578 754 36 20 det
633 753 83 21 faktum
733 755 32 19 att
780 754 59 20 detta

88 788 72 26 värde,
184 788 54 21 efter
261 788 74 21 starka
357 788 151 26 oscillationer,
523 788 7 21 i
545 788 45 21 Juli
615 788 53 21 T876
684 788 8 20 i
706 788 135 21 förhållande

88 822 34 21 till
137 822 85 26 guldets
238 821 99 28 utgjorde
355 823 17 19 1:
390 823 61 25 19,39,
471 828 48 15 men
535 822 93 21 derefter
642 822 66 21 innan
723 822 58 21 årets
797 823 44 20 slut

87 856 56 21 hade
166 856 62 27 stigit
248 856 49 22 med
321 857 26 20 10
365 858 95 24 procent.
491 856 86 27 Tydligt
593 858 30 24 är,
639 858 33 20 att
687 856 154 27 silfverprisets

89 890 119 28 sjunkande
222 891 28 26 på
265 890 204 21 verldsmarknaden
484 891 69 21 måste
568 890 113 22 återverka
691 890 28 28 på
729 891 112 21 vexelkur-

89 932 38 14 sen
142 925 8 20 i
165 926 32 20 ett
212 925 50 21 land
276 924 49 22 med
341 925 74 21 silfver
431 926 70 20 såsom
517 926 155 20 värdemätare.
696 925 71 21 Också
778 926 64 20 hafva

89 960 64 20 dessa
172 960 157 26 prisvexlingar
344 960 7 20 i
367 960 33 20 sin
415 960 49 20 mån
483 960 70 21 funnit
569 961 31 19 ett
615 960 86 26 uttryck
716 960 7 20 i
738 960 103 21 Finlands

89 994 69 21 banks
174 994 66 21 sedan
257 994 23 20 år
297 995 54 20 1875
367 994 83 26 hastigt
464 994 126 21 varierande
606 994 83 21 kurser.
720 994 38 21 Att
773 995 68 21 under

89 1028 145 21 innevarande
250 1028 23 21 är
288 1030 32 19 ett
335 1028 119 27 sjunkande
469 1029 7 20 i
493 1029 62 20 dessa
571 1028 82 21 inträdt
668 1029 56 21 ända
739 1029 32 21 till
781 1035 60 14 sena-

91 1065 32 19 ste
145 1063 38 26 tid,
207 1065 51 24 äger
280 1063 35 21 väl
331 1063 153 26 sammanhang
499 1063 48 21 med
563 1063 40 20 den
619 1063 102 26 stegring,
738 1069 45 15 som
799 1063 42 21 för-

91 1098 81 26 siggått
194 1097 6 21 i
224 1097 142 26 silfverpriset
381 1097 27 26 på
424 1097 209 26 verldsmarknaden,
654 1104 48 15 men
717 1098 62 21 torde
795 1098 47 21 der-

87 1132 67 27 jemte
169 1132 51 21 bero
237 1132 27 26 på
280 1131 134 22 sträfvandet
430 1133 32 19 att
475 1132 92 21 medelst
582 1132 7 20 i
600 1132 121 26 möjligaste
732 1131 47 22 mån
791 1137 52 21 gyn-

91 1172 81 15 samma
193 1165 125 27 noteringar
340 1165 123 21 underlätta
479 1166 40 20 den
541 1167 7 19 i
571 1166 68 26 utsigt
658 1166 77 20 ställda
749 1167 94 25 myntre-

89 1200 90 21 formen.

162 1234 40 22 Väl
225 1234 39 21 har
287 1234 36 21 det
345 1234 59 20 inom
422 1234 42 21 den
479 1233 140 22 ekonomiska
634 1234 145 26 vetenskapen
793 1234 50 21 med

92 1269 47 21 skäl
161 1268 71 22 blifvit
254 1268 121 27 ifrågasatt,
397 1268 107 21 huruvida
525 1268 7 21 i
555 1270 32 19 ett
608 1268 51 21 land
676 1268 49 21 med
746 1268 98 21 normala

91 1302 208 28 myntförhållanden
315 1303 26 21 de
357 1302 25 22 så
397 1303 85 21 kallade
498 1308 124 22 gynsamma
638 1302 52 22 eller
700 1308 143 21 ogynsamma

91 1338 166 20 vexelkurserna
279 1342 51 16 vore
352 1342 27 14 ur
399 1336 136 27 synpunkten
558 1336 23 20 af
601 1336 85 20 landets
709 1335 135 21 affärsfördel

90 1372 37 20 vid
149 1371 90 26 utbyten
261 1370 49 21 med
332 1370 98 21 utlandet
452 1371 32 19 att
505 1369 121 26 föredraga.
656 1369 32 20 På
702 1369 82 21 hvilket
800 1370 44 19 sätt

92 1407 72 20 svaret
185 1404 28 28 på
229 1404 60 22 detta
307 1403 114 28 spörjsmål
436 1405 26 19 än
478 1403 35 22 må
528 1403 82 26 utfalla,
626 1403 54 21 visst
696 1405 23 19 är
736 1403 59 26 dock,
812 1405 32 19 att

93 1441 40 21 den
155 1441 55 20 mest
232 1439 107 27 tyngande
356 1439 113 26 olägenhet
483 1438 34 21 för
532 1438 48 21 vårt
595 1437 51 22 land
661 1438 59 26 legat
734 1438 8 21 i
757 1437 86 22 kurser-

91 1481 40 15 nas
154 1474 148 27 oberäkneligt
324 1473 149 21 fluktuerande
491 1475 71 25 natur,
577 1473 133 21 härrörande
725 1472 22 21 af
761 1472 83 21 silfver-

159 1514 140 23 Myntutskottets
313 1513 106 18 betänkande
432 1518 26 12 n:o
471 1514 15 16 1.
