1045 1706
248 193 26 20 10
527 190 54 22 N:o
598 188 53 24 46.

217 259 40 22 och
279 259 57 21 intill
358 259 41 20 den
423 259 10 20 1
453 258 44 20 Juli
515 259 54 20 1878
583 264 52 14 vara
649 258 113 20 betalbara
776 258 7 20 i
799 256 65 22 finskt
879 256 13 22 å
907 256 62 22 mark

217 293 101 28 prägladt
333 292 134 28 silfvermynt
481 292 34 21 till
531 292 143 26 obegränsadt
689 292 84 27 belopp.

289 326 59 23 Aftal
370 327 40 21 och
432 326 148 27 förbindelser,
598 326 73 21 hvilka
685 326 127 22 hädanefter
826 326 8 21 i
848 325 74 23 landet
935 326 34 20 in-

217 362 44 27 gås,
278 368 62 15 anses
356 361 111 21 betalbara
482 361 7 21 i
504 360 69 22 finska
588 360 119 28 guldmark,
724 360 72 22 derest
810 360 47 22 icke
872 360 97 26 uttryck-

216 397 31 26 lig
262 396 216 22 öfverenskommelse
494 402 35 14 om
544 397 64 19 annat
622 395 168 27 betalningssätt
804 396 37 26 ägt
855 401 54 15 rum.

571 470 10 27 8
597 471 19 20 5.

288 511 48 20 Den
357 510 8 21 i
389 511 25 20 13
438 510 10 27 8
471 511 7 20 i
501 510 137 21 förenämnde
654 508 83 29 Lag
711 504 29 37 åt
752 509 97 22 enskilda
864 515 105 21 personer

216 545 108 26 medgifna
339 544 104 27 rättighet
458 546 32 19 att
505 544 22 21 fä
541 545 34 20 för
590 544 136 27 utmyntning
736 544 93 21 inlemna
838 544 53 27 guld
900 544 69 21 inträ-

217 579 38 21 der
270 579 47 21 icke
332 579 45 21 förr
392 580 27 20 än
435 579 40 21 den
493 580 8 20 1
518 579 45 21 Juli
581 579 60 21 1878.

567 648 11 27 8
594 649 19 20 6.

287 688 56 21 Frän
366 688 39 21 och
428 688 48 21 med
499 688 40 21 den
557 689 9 20 1
582 688 90 21 Januari
689 688 53 21 1878
758 688 62 21 skola
835 688 43 21 alla
893 687 76 22 offent-

215 723 45 27 liga
274 722 146 27 räkenskaper
434 722 59 22 föras
507 723 8 21 i
530 723 117 26 guldmynt.

215 832 46 23 3:0.
290 831 174 27 Förordning,
487 829 136 30 angående
638 832 134 21 särskilda
794 833 145 26 ändringar
957 829 12 25 i

279 867 175 26 reglementet
469 867 41 20 för
524 867 130 21 Finlands
669 867 83 26 Bank,
766 867 29 21 af
809 867 51 22 den
875 867 34 21 26

525 901 55 22 Juli
594 901 68 22 1875,

285 965 72 20 Jemte
379 964 150 27 upphäfvande
551 964 24 21 af
597 964 52 28 108
664 965 7 20 i
687 965 37 21 det
738 965 34 20 för
787 965 103 21 Finlands
905 965 62 21 Bank

215 999 40 21 den
271 1000 27 20 26
312 999 46 21 Juli
371 1000 53 20 1875
435 999 124 22 fastställda
569 999 130 27 reglemente
709 999 85 22 komma
804 999 163 23 nedannämnde

214 1033 24 27 $$
254 1034 7 20 i
277 1033 66 26 sagde
358 1033 130 26 reglemente
503 1035 33 20 att
551 1033 81 22 erhålla
647 1033 94 28 följande
757 1034 89 27 lydelse:

564 1107 11 26 8
591 1108 19 19 5.

285 1146 102 21 Finlands
402 1145 61 22 Bank
479 1148 51 24 äger
545 1146 82 26 utgifva
637 1146 71 21 sedlar
719 1148 32 19 att
760 1147 36 20 vid
807 1146 116 21 anfordran
934 1147 33 20 in-

213 1180 58 21 lösas
287 1180 48 21 med
350 1180 7 20 i
372 1180 74 21 landet
460 1179 99 27 gällande
574 1180 117 26 guldmynt.

285 1214 116 27 Angäende
420 1214 63 21 dessa
503 1214 82 21 sedlars
603 1215 67 25 valör,
686 1215 81 26 lydelse
784 1216 55 20 samt
853 1215 55 22 form
925 1215 40 22 och

213 1249 104 20 utseende
332 1250 25 18 är
372 1249 104 20 särskildt
490 1248 107 26 stadgadt.

565 1321 12 28 8
593 1323 18 20 7.

286 1361 75 22 Säsom
376 1361 108 22 metallisk
499 1361 65 22 kassa
579 1368 62 15 anses
657 1362 39 21 och
711 1363 116 21 beräknas:

287 1397 41 27 1:0)
344 1395 66 22 finskt
425 1397 118 26 guldmynt.

285 1431 43 28 2:0)
344 1431 51 27 guld
411 1437 46 15 som
472 1433 24 19 är
512 1431 23 22 af
547 1431 88 22 Banken
651 1432 52 21 eller
717 1432 34 21 för
767 1433 49 21 dess
832 1433 91 28 räkning
934 1433 31 22 af-

213 1466 95 21 lemnadt
323 1466 33 21 till
371 1466 136 27 myntverket
521 1466 35 21 för
571 1467 32 20 att
617 1467 116 26 utmyntas.

285 1501 44 27 3:0)
344 1500 63 27 ryskt
422 1501 39 21 och
476 1500 113 22 utländskt
604 1501 117 27 guldmynt.

284 1535 43 28 4:0)
344 1536 111 27 omyntadt
469 1535 58 27 guld.
