1039 1711
233 151 12 18 4
437 151 26 19 U.
477 151 24 19 B.
517 160 25 4 —
557 150 60 25 Prop.
632 150 40 20 N:o
687 149 34 20 49.

207 200 94 20 starkare
317 201 60 19 viner
392 203 23 17 är
429 201 86 24 sådana,
531 207 42 14 som
590 201 107 19 innehålla
706 201 25 19 21
749 203 97 24 procents
861 201 96 20 alkohol-

208 233 49 25 halt,
274 234 39 19 och
330 234 35 19 det
381 234 82 20 derföre
480 236 79 18 ansetts
575 234 69 20 kunna
661 234 132 20 konstateras
814 234 102 19 huruvida
931 241 25 12 en

206 275 57 17 varo,
279 275 44 13 som
342 268 66 19 hälles
424 268 31 19 till
471 269 51 23 salu,
538 267 38 20 bör
591 268 76 20 räknas
683 268 30 19 till
731 268 34 19 vin
780 268 53 19 eller
848 268 31 19 till
894 268 64 26 sprit-

206 301 97 27 drycker,
318 304 55 17 samt
389 301 35 20 det
439 302 5 19 i
461 302 145 26 verkligheten
628 301 68 20 skulle
713 301 46 20 leda
776 302 30 19 till
826 302 132 26 svärigheter

207 338 30 16 att
253 335 47 20 med
317 335 88 20 bränvin
423 335 93 20 likställa
531 336 64 24 viner,
611 336 26 19 de
653 336 37 19 der
705 336 5 18 i
728 336 78 26 många
814 336 36 19 fall
864 343 50 13 vore
926 336 33 20 för

209 369 71 20 helsan
297 368 105 28 behöfliga
419 369 39 20 och
475 369 83 20 derföre
574 369 65 20 borde
656 370 19 19 få
691 370 64 26 säljas
777 370 61 20 äfven
856 370 32 20 till
904 370 54 20 min-

207 403 37 20 dre
261 403 77 27 belopp
354 406 25 17 än
396 405 30 18 ett
449 403 52 20 halft
515 406 53 24 stop,
584 404 37 19 har
635 410 25 13 en
677 404 33 20 del
728 404 23 19 af
771 404 111 20 utskottets
898 404 60 20 leda-

208 440 66 17 möter
289 439 69 18 ansett
373 444 25 13 en
416 438 23 19 sä
454 438 182 26 genomgripande
655 438 124 26 förändring
802 438 47 20 icke
865 438 51 20 böra
933 445 26 13 nu

208 471 64 20 redan
290 471 103 27 vidtagas,
409 472 64 18 innan
492 472 67 26 någon
576 472 120 19 erfarenhet
712 472 84 19 vunnits
812 479 32 12 om
857 472 102 26 behöflig-

209 506 60 19 heten
287 504 64 26 deraf,
368 505 39 20 och
424 505 178 27 hufvudsakligen
617 506 25 26 på
659 505 65 20 sådan
734 506 75 26 grund,
826 508 54 17 samt
889 506 27 20 då
932 513 27 19 ny

211 539 130 27 lagstiftning
357 539 6 19 i
379 541 71 18 ämnet
460 546 49 13 vore
521 541 28 18 att
566 539 35 20 vid
617 541 60 17 nästa
692 539 101 26 landtdag
810 542 85 22 emotse,
912 542 49 18 trott

208 573 36 20 det
258 575 73 18 rättast
346 575 30 17 att
389 573 108 26 förslaget,
512 572 70 21 såvidt
598 573 34 19 det
649 575 57 17 rörer
721 573 151 27 försäljningen
894 574 22 19 af
930 575 32 18 vi-

209 614 42 18 ner,
268 614 27 13 nu
312 606 105 27 afböjdes.

276 641 117 19 Utskottets
409 640 67 20 flertal
494 640 37 19 har
546 641 18 25 ej
581 641 80 18 kunnat
677 641 47 19 dela
741 641 71 20 denna
827 642 61 26 åsigt.

278 674 40 20 Det
333 674 41 20 kan
392 674 106 27 nemligen
515 674 46 20 icke
578 675 98 19 förnekas
692 676 30 18 att
738 675 35 19 fall
795 675 73 26 gifvas,
885 675 27 20 då
929 675 36 20 det

211 708 68 20 blefve
293 709 76 25 ytterst
383 708 58 19 svårt
451 710 29 17 att
489 708 74 26 afgöra
571 707 104 20 huruvida
685 715 26 13 en
721 708 30 20 till
762 709 45 19 salu
817 709 69 20 bållen
897 709 66 26 dryck

209 742 55 19 skall
281 741 97 20 hänföras
394 741 32 20 till
443 742 59 19 viner
517 742 52 19 eller
584 742 31 19 till
631 742 5 19 i
653 742 57 27 fråga
734 742 92 20 varande
845 743 117 26 spritdryc-

210 775 44 21 ker.
284 775 116 20 Utskottets
417 775 66 20 flertal
501 775 36 20 har
553 775 82 20 derföre
651 776 47 19 icke
715 776 81 19 kunnat
812 777 57 24 värja
885 777 31 26 sig
931 777 31 18 för

210 809 40 20 den
267 809 84 24 tanken,
367 811 30 17 att
417 809 46 19 med
479 809 52 26 sprit
544 809 87 20 försatta
647 809 92 26 drycker
753 809 69 20 skulle
831 809 87 21 komma
934 812 29 17 att

210 843 67 19 under
286 843 156 26 benämningen
453 843 59 19 viner
522 843 102 25 försäljas,
633 843 38 19 och
683 845 30 17 att
727 843 83 19 således
819 843 36 20 det
864 843 47 20 med
921 843 40 20 den

206 876 122 27 Jöreslagna
345 876 150 26 förändringen
511 876 87 20 afsedda
615 876 122 20 ändamålet
751 877 69 19 skulle
829 877 31 19 till
876 879 43 18 stor
928 877 33 19 del

209 910 92 25 förfelas,
317 910 70 20 derest
403 910 48 20 icke
465 910 182 27 inskränkningen
664 910 132 20 förklarades
805 911 85 20 omfatta
908 912 54 24 jem-

211 945 32 19 väl
261 945 60 19 viner
337 944 22 20 af
373 944 41 19 alla
429 944 52 26 slag.
498 944 37 20 Att
549 951 25 13 en
591 944 65 20 sådan
674 944 123 27 förändring
813 945 5 19 i
835 944 126 27 verklighe-

209 982 35 16 ten
260 978 69 20 skulle
345 978 85 19 komma
447 980 30 17 att
492 978 47 19 leda
556 978 30 20 till
602 978 143 26 olägenheter,
767 978 37 19 har
826 978 102 20 utskottet
942 980 18 24 ej

211 1013 80 19 kunnat
311 1012 62 19 finna.
419 1012 26 19 Sä
469 1012 89 26 mycken
583 1011 128 27 urskillning
734 1011 60 20 torde
818 1018 47 13 man
890 1012 71 20 kunna

211 1047 38 19 och
266 1046 49 20 böra
340 1045 65 20 tilltro
429 1045 214 20 stadskommunerna
658 1046 38 19 och
715 1046 194 25 stadsstyrelsernä,
933 1049 29 17 att

209 1080 48 19 icke
279 1082 39 17 rätt
342 1079 29 20 till
396 1079 124 26 försäljning
543 1080 23 19 af
587 1080 60 19 viner
671 1079 69 20 skulle
757 1080 22 18 af
804 1080 47 19 dem
873 1080 89 26 beviljas

211 1113 74 20 endast
308 1114 23 19 sä
354 1113 19 19 få
396 1119 106 20 personer,
525 1115 30 17 att
577 1113 58 26 dålig
657 1119 47 12 vara
723 1113 5 19 i
749 1113 51 20 brist
819 1114 27 25 pä
868 1114 94 19 konkur-

211 1154 48 13 rens
275 1146 69 20 skulle
360 1146 87 20 komma
462 1148 29 17 att
507 1146 31 20 till
554 1146 143 20 allmänheten
714 1146 111 21 utlemnas,
862 1146 99 20 Tvärtom

210 1183 43 18 tror
270 1180 100 20 utskottet
385 1182 35 22 att,
437 1179 26 20 dä
479 1180 73 19 endast
568 1180 25 19 de
603 1186 105 20 personer,
725 1187 44 13 som
786 1181 69 19 kunna
873 1181 89 19 förvärf-

212 1222 25 12 va
253 1216 32 25 sig
301 1214 199 20 stadskummunens
516 1214 38 20 och
570 1214 203 27 stadsfallmäktiges
787 1214 127 24 förtroende,
927 1214 37 20 fin-

211 1255 25 19 ge
251 1250 42 17 rätt
307 1250 30 16 att
352 1248 58 18 hälla
427 1248 60 18 viner
503 1248 29 18 till
550 1248 52 23 salu,
611 1247 143 20 allmänheten
765 1248 67 19 deruti
842 1248 68 20 skulle
920 1249 42 19 haf-

213 1288 22 12 va
253 1280 65 27 nödig
334 1280 99 20 säkerhet
449 1280 31 19 för
496 1282 29 18 att
541 1280 47 20 icke
605 1280 129 20 förfalskade
753 1287 68 18 varor,
836 1282 68 18 såsom
922 1282 43 19 ofta

212 1322 41 20 nog
262 1322 26 12 nu
298 1314 60 20 torde
374 1320 48 13 vara
440 1314 65 24 fallet,
522 1314 68 20 henne
607 1313 138 27 bedrägligen
761 1314 181 25 tillhandahållas,
957 1316 6 18 i

210 1348 117 28 synnerhet
342 1355 44 13 som
403 1348 48 25 den,
467 1348 88 20 hvilken
572 1348 103 20 törhända
691 1348 52 26 eljes
765 1349 48 20 icke
828 1349 70 21 skulle
914 1349 49 21 dra-

312 1389 193 20 Fkonomi-utskottets
521 1389 114 20 betänkande
651 1389 34 19 N:o
701 1390 33 19 16.
