1036 1700
270 151 79 23 Ständ.
365 153 37 23 Sv.
418 166 26 3 —
460 154 69 28 Prop.
545 146 40 30 N:o
598 154 36 22 49.

295 355 133 26 Finlands
452 357 135 25 Ständers
613 356 202 33 underdäniga

211 401 69 17 svar
297 394 7 24 i
323 395 115 30 anledning
451 397 27 23 af
488 395 56 25 Hans
559 396 128 31 Kejserliga
699 397 115 31 Majestäts

213 433 80 32 nädiga
313 435 133 31 proposition
466 442 32 17 om
521 435 118 25 förändrad
657 436 83 31 lydelse
758 438 27 23 af
799 439 15 27 $

214 473 28 24 55
261 473 6 24 i
286 471 78 34 nådiga
382 475 154 30 förordningen
555 476 26 23 af
597 475 39 24 den
653 475 16 24 9
686 475 48 26 Juni
750 475 65 32 1873,

213 511 116 34 angående
351 513 151 33 tillverkning,
521 514 138 32 försäljning,
677 515 81 32 upplag
776 515 38 25 och

214 552 94 32 forsling
325 553 25 25 af
365 553 97 26 bränvin.

139 626 217 28 Stormäktigste,
372 626 208 30 Allernådigste
595 627 115 29 Kejsare
725 628 47 22 och

366 660 162 24 Storfurstel

147 722 69 23 Sedan
238 731 29 13 nu
285 722 122 23 församlade
425 722 90 23 Ständer
535 724 32 22 uti
586 724 129 29 underdånig
728 724 88 29 petition

80 758 87 21 anhållit
181 765 34 13 om
229 757 143 29 föreläggande
387 758 24 21 af
422 757 62 29 nådig
498 758 127 29 proposition
639 758 9 22 i
661 758 36 23 det
710 758 61 29 syfte,
786 761 31 20 att

63 804 1 3 |
79 792 40 22 den
138 794 41 20 rätt
197 792 33 21 till
243 790 121 30 försäljning
382 792 23 21 af
421 792 145 28 spritdrycker,
582 800 44 14 som
642 793 7 21 i
663 793 67 28 grund
746 792 23 22 af
780 793 34 22 nå-

64 821 1 6 *
80 826 47 28 diga
145 825 148 29 förordningen
311 826 40 21 den
370 827 12 21 9
400 826 55 22 Juni
471 827 60 25 1873,
550 826 106 29 angående
673 826 142 30 tillverkning,

79 859 126 29 försäljning,
228 861 76 28 upplag
326 860 38 22 och
389 860 86 30 forsling
496 861 23 21 af
540 861 94 26 bränvin,
657 866 23 17 är
700 862 117 22 handlande

79 894 119 26 tillerkänd,
213 894 69 22 blefve
297 894 109 23 inskränkt
421 895 84 26 derhän,
520 897 31 20 att
565 895 42 21 fem
625 895 79 21 kannor
718 903 49 14 vore
782 896 36 22 det

80 929 76 22 minsta
177 929 81 29 belopp,
274 937 44 14 som
339 928 27 30 på
384 937 26 13 en
431 929 54 29 gång
499 930 54 28 finge
573 929 92 29 afyttras,
681 930 38 22 och
733 932 36 24 att,
785 930 32 22 för

79 963 126 29 rättigheten
220 965 30 20 att
264 964 33 21 till
311 963 81 22 mindre
407 963 73 29 belopp
495 963 88 29 föryttra
597 971 79 14 samma
690 972 66 18 varor,
772 972 46 14 ena-

79 998 70 21 handa
162 998 155 28 bestämningar
330 997 68 22 blefve
413 997 102 29 gällande,
529 1005 45 15 som
589 998 30 26 de,
635 998 73 22 hvilka
721 998 43 22 afse
778 1001 40 19 rät-

78 1032 94 28 tigheten
193 1033 30 20 att
243 1032 128 22 utminutera
391 1032 95 26 bränvin,
506 1032 37 22 har
564 1032 82 21 Eders
665 1032 152 29 Kejserliga

78 1066 135 29 Majestät,
229 1073 44 15 som
286 1066 77 28 jemväl
378 1066 70 22 funnit
463 1066 151 28 inskränkning
627 1066 8 21 i
648 1066 127 22 handlandes
785 1074 34 14 an-

72 1095 71 34 itydda
162 1102 41 20 rätt
220 1108 50 14 vara
291 1100 22 22 af
330 1100 97 22 behofvet
448 1100 101 28 påkallad,
568 1100 33 22 till
615 1100 117 22 Ständerna
754 1100 65 23 aflåtit

79 1134 62 29 nådig
163 1134 126 30 proposition
310 1142 33 14 om
365 1134 110 22 förändrad
496 1134 79 29 lydelse
593 1134 22 31 af
629 1135 13 26 $
663 1135 27 21 55
704 1134 8 21 i
727 1135 90 22 nämnda

79 1169 126 28 förordning.
235 1169 43 21 För
292 1171 30 19 att
337 1169 35 21 det
385 1169 95 28 åsyftade
495 1168 117 23 ändamålet
621 1169 65 21 likväl
696 1169 47 21 icke
753 1170 63 22 måtte

80 1203 84 22 förfelas
178 1203 125 28 derigenom,
319 1204 31 20 att
364 1202 47 22 med
427 1202 52 29 sprit
493 1202 86 22 försatta
593 1202 89 29 drycker
694 1203 84 22 komme
789 1207 30 19 att

80 1237 66 22 under
160 1237 126 28 benämning
300 1235 23 22 af
335 1236 59 22 viner
408 1235 99 29 försäljas,
523 1241 22 16 är
560 1235 7 22 i
583 1236 39 21 den
641 1236 74 29 nådiga
729 1238 91 29 proposi-

77 1273 75 31 jtionen
167 1271 109 28 föreslaget
290 1272 31 20 att
334 1270 179 28 inskränkningen
530 1270 67 22 skulle
613 1269 86 23 omfatta
714 1271 62 21 äfven
790 1272 28 21 vi-

79 1314 39 19 ner
136 1305 23 21 af
175 1305 41 21 alla
234 1305 42 27 slag
294 1307 53 19 samt
368 1304 142 28 hvarjehanda
528 1303 136 29 blandningar
678 1304 32 22 till
726 1305 70 28 dryck,
812 1306 7 21 i

79 1334 74 31 hvilka
168 1339 35 20 vin
219 1339 50 20 eller
283 1338 52 28 sprit
348 1338 64 28 ingår.

149 1372 134 22 Beträffande
297 1372 40 21 den
351 1371 117 28 föreslagna
482 1370 177 29 inskränkningen
672 1371 7 21 i
693 1372 126 22 handlandes

82 1410 41 20 rätt
140 1409 30 21 att
184 1406 83 29 försälja
284 1406 25 22 de
323 1405 8 22 i
346 1407 14 25 8
375 1406 27 22 55
421 1405 23 22 af
461 1404 124 30 ofvansagde
606 1403 120 31 förordfing
747 1407 73 23 omför-

83 1442 68 23 mälda
165 1441 140 30 spritdrycker
319 1440 71 22 kunna
404 1440 117 23 Ständerna
534 1440 47 22 icke
595 1443 64 19 annat
673 1444 27 18 än
710 1441 110 29 godkänna

83 1474 41 25 den
137 1476 75 29 nådiga
229 1475 159 29 propositionen,
404 1479 50 18 enär
471 1474 118 24 densamma
603 1474 8 22 i
626 1474 67 22 denna
708 1474 33 23 del
756 1475 65 23 öfver-
