1045 1703
404 152 57 21 XIX.
747 153 27 21 45

58 220 203 26 Bankdirektionen;
278 220 40 21 och
333 221 25 20 är
373 221 59 21 detta
446 221 85 26 ärende,
543 221 7 21 i
561 221 100 22 afvaktan
672 220 29 28 på
712 221 91 21 berörda

59 254 160 28 upplysningar,
234 253 29 28 på
277 254 73 21 vidare
364 253 77 29 åtgärd
456 255 116 26 beroende;

127 290 33 19 4:0
179 287 68 22 under
266 288 40 21 den
322 289 12 20 9
349 288 117 22 Deeember
482 290 53 19 1872
550 289 34 21 till
598 289 99 27 pröfning
711 288 94 21 förehaft

58 329 27 14 en
103 322 25 21 af
143 322 194 21 Bankdirektionen
356 323 38 20 hos
408 323 142 27 Fullmäktige
564 322 29 28 på
607 323 70 27 grund
691 323 24 20 af
728 322 75 21 ansök-

58 356 51 27 ning
128 356 48 21 utaf
191 356 95 21 bankens
305 358 88 25 agenter
410 356 8 20 i
433 356 105 22 Kexholm
554 357 40 21 och
609 356 119 22 Sordavala
742 356 62 27 gjord

58 390 157 27 framställning
231 397 33 14 om
279 390 137 27 nedsättning
430 390 8 21 i
453 390 41 22 den
508 390 88 28 borgen,
611 398 46 14 som
672 391 25 21 af
706 390 97 21 bemälde

58 426 88 26 agenter
164 424 73 21 ställes
255 424 34 20 för
306 424 96 22 bankens
421 424 24 21 af
462 425 47 21 dem
524 424 222 22 omhänderhafvande
760 431 43 14 me-

58 457 39 27 del,
113 465 48 15 men
176 458 46 22 icke
237 460 71 20 ansett
323 458 122 22 densamma
460 459 32 21 till
508 458 76 28 ätgärd
598 459 54 21 böra
666 458 117 22 föranleda.

400 522 11 27 8
428 523 32 19 16.

127 563 39 19 1:0.
181 561 50 21 Med
241 561 115 27 anledning
368 561 23 21 af
404 561 26 21 de
440 562 150 27 förändringar
600 562 7 20 i
618 556 102 27 Finlands
732 562 71 21 Banks

57 595 102 28 ställning
177 596 40 21 och
231 595 140 26 verksamhet,
390 602 46 15 som
450 596 48 21 med
513 596 41 22 den
570 597 10 20 1
597 596 89 21 Januari
703 598 54 20 1876
771 596 31 21 in-

57 629 65 26 trädt,
142 629 28 22 dä
188 629 139 28 reglementet
346 629 24 22 af
382 629 40 22 den
439 631 26 20 26
481 631 43 20 Juli
541 631 53 20 1875
609 631 59 20 trädt
682 631 7 20 i
704 630 99 28 gällande

57 664 64 25 kraft,
139 663 64 21 hafva
221 663 201 28 Bankfullmäktige,
441 664 54 21 efter
510 663 85 23 samräd
609 665 49 20 med
672 665 131 21 Bankdirek-

57 698 79 25 tionen,
155 697 41 21 den
212 698 25 20 23
257 697 95 21 Oktober
369 698 53 20 1875
438 698 88 21 beslutit
541 705 35 15 om
592 698 129 22 utfärdande
736 698 24 22 af
771 699 32 21 in-

57 732 107 21 struktion
179 731 34 22 för
227 731 94 22 bankens
336 732 77 21 kontor
427 732 8 20 i
449 732 123 22 landsorten
584 734 61 24 samt,
657 732 66 22 sedan
733 732 70 22 Bank-

58 767 144 21 direktionens
219 766 101 28 yttrande
338 766 58 21 öfver
411 766 118 28 uppgjordt
543 766 80 28 förslag
638 766 71 22 dertill
723 767 81 21 inhem-

57 803 50 24 tats,
125 801 66 28 jemte
209 799 134 29 underdänig
363 800 110 22 skrifvelse
491 801 40 21 den
548 802 25 20 13
590 801 119 21 November
724 808 81 15 samma

58 835 25 22 år
97 836 33 21 till
146 836 59 21 Hans
219 835 121 27 Kejserliga
354 834 111 28 Majestäts
476 836 131 28 granskning
619 836 39 22 och
670 836 135 22 stadfästelse

58 870 85 22 insändt
161 869 93 23 berörda
272 869 80 28 förslag
370 870 49 21 med
438 870 105 26 anmälan,
562 872 32 19 att
611 870 193 28 Bankfullmäktige

58 907 70 19 ansett
143 904 26 22 de
184 904 33 21 för
231 904 96 21 bankens
342 906 114 26 agenturer
470 904 8 20 i
489 904 124 22 landsorten
623 905 58 21 förut
691 904 114 22 utfärdade

57 939 154 21 instruktioner
229 938 73 21 kunna
316 938 118 22 tillsvidare
448 938 66 21 blifva
528 938 99 28 gällande
641 940 8 20 i
664 938 25 22 de
705 938 59 22 delar
779 938 26 22 de

57 973 48 21 icke
121 980 76 20 genom
212 971 122 28 äberopade
348 972 130 28 reglemente
492 972 115 28 undergätt
618 972 135 28 förändring;
765 973 40 21 och

58 1007 41 20 har
114 1014 81 13 samma
210 1006 80 27 förslag
306 1006 41 21 den
362 1008 13 19 8
391 1005 162 28 derpäföljande
569 1007 117 21 December
700 1006 71 22 blifvit
784 1006 24 22 af

59 1041 119 27 Kejserliga
193 1040 92 21 Senaten
300 1039 76 28 gilladt
390 1041 40 20 och
446 1040 114 28 godkändt.

126 1075 114 21 Dessutom
265 1074 64 21 hafva
350 1074 194 28 Bankfullmäktige
567 1075 44 21 dels
633 1075 101 26 enskildt,
761 1074 44 22 dels

58 1109 141 21 tillsammans
221 1108 48 22 med
291 1108 194 22 Bankdirektionen
503 1109 104 28 öfverlagt
625 1116 35 15 om
677 1109 128 22 instruktion

57 1143 35 21 för
110 1143 95 21 bankens
223 1142 201 22 kamrerarekontor
440 1143 40 21 och
495 1143 33 21 för
542 1143 98 22 kontoret
654 1143 7 21 i
676 1143 32 22 S:t
722 1143 83 22 Peters-

59 1177 54 27 burg
132 1179 57 19 samt
206 1177 109 21 utarbetat
330 1176 80 28 förslag
425 1177 34 20 till
474 1176 81 22 sädana
568 1177 154 22 instruktioner
736 1178 46 25 och,
797 1178 8 20 i

58 1211 100 21 afseende
177 1210 13 22 å
207 1212 99 20 närmare
328 1209 159 29 genomgående
508 1211 24 22 af
552 1211 194 22 Bankdirektionen
764 1211 41 22 och

59 1245 159 21 vederbörande
236 1243 242 28 kontorsföreståndare,
497 1245 138 21 öfverlemnat
650 1245 108 22 desamma
771 1245 34 22 till

58 1278 201 26 Bankdirektionen,
279 1277 52 22 derå
348 1278 95 26 ärendet,
462 1278 68 22 såvidt
545 1278 36 22 det
595 1278 68 28 angår
676 1279 128 22 instruktion

58 1313 34 21 för
106 1313 229 25 kamrerarekontoret,
350 1312 39 21 hos
403 1312 141 28 Fullmäktige
556 1313 110 27 företagits
677 1313 33 21 till
720 1321 84 20 gemen-

59 1354 45 13 sam
127 1346 160 27 öfverläggning
308 1346 50 21 med
375 1346 195 21 Bankdirektionen
589 1346 40 21 den
648 1348 13 19 8
679 1347 43 26 Maj
743 1348 60 25 1876,

59 1381 110 21 hvaremot
191 1380 36 21 det
248 1379 122 22 affordrade
388 1378 121 23 utlåtandet
527 1379 92 22 rörande
637 1380 99 21 kontoret
749 1381 8 20 i
772 1380 32 22 S:t

58 1415 131 28 Petersburg
200 1415 46 21 icke
256 1415 33 20 till
299 1414 142 27 Fullmäktige
452 1414 120 27 inkommit;
584 1415 39 22 och
635 1415 87 21 emedan
734 1415 69 22 Bank-

59 1449 132 28 fullmäktige
214 1449 69 22 funnit
301 1449 102 22 arbetena
422 1447 13 23 ä
451 1449 223 22 kamrerarekontoret
691 1449 112 23 härstädes

59 1485 41 21 och
115 1484 94 22 rörelsen
223 1484 35 22 vid
272 1484 99 21 kontoret
386 1483 32 22 S:t
432 1483 129 30 Petersburg
576 1485 72 21 kunna
662 1484 141 23 obehindradt

845 559 71 23 Åtgärder
928 569 29 10 som

821 586 36 18 angå
869 588 87 14 Instruktio-

820 614 26 9 ner
859 610 22 14 för
894 610 62 18 tjenste-

820 638 13 9 EJ

834 635 22 12 län,
