1036 1703
216 144 26 20 14
552 142 17 21 I

258 212 54 20 37:0.
341 211 52 20 Med
409 210 130 21 Ständernas
559 210 66 26 bifall,
642 209 115 22 aflemnadt
772 210 32 20 uti
820 210 63 21 deras
898 216 39 14 un-

186 246 118 26 derdäniga
319 251 49 15 svar
383 244 28 28 pä
426 244 79 27 nädiga
523 244 167 27 propositionen,
714 244 110 27 angäende
846 244 92 27 ändring

186 280 24 22 af
224 282 12 19 3
252 281 11 27 &
278 280 32 22 uti
325 280 77 26 Kongl.
419 279 113 21 försäkran
548 279 34 21 för
597 278 157 28 borgerskapet
774 279 39 21 och
836 279 101 21 städerna

187 316 40 20 den
250 316 27 20 23
300 314 103 22 Februari
424 314 60 26 1789,
504 314 39 20 har
558 314 60 20 Hans
634 313 122 27 Kejserliga
770 313 103 27 Majestät
888 313 51 21 lätit

187 349 41 22 den
247 351 12 20 8
279 349 117 21 December
416 349 54 20 1873
488 348 87 21 utfärda
589 347 127 28 förordning
732 354 34 15 om
782 348 91 26 ändring
888 348 23 21 af
925 349 12 20 3

187 385 39 21 och
242 385 12 20 6
270 384 24 27 88
310 384 7 20 i
333 383 65 26 sagde
414 383 119 21 försäkran.

258 419 55 20 38:0.
343 417 10 21 I
369 417 115 27 anledning
499 417 23 21 af
539 417 78 26 nådiga
637 417 168 27 propositionen,
828 416 113 27 angående

187 452 282 27 kommunalförvaltningen
485 452 7 20 i
512 451 53 26 stad,
589 451 63 21 hafva
675 451 120 21 Ständerna
810 451 7 20 i
832 451 106 21 underdå-

186 488 75 26 nighet
276 487 81 21 anmält
372 488 32 19 att
419 487 26 21 de
461 487 47 20 deri
522 486 123 26 föreslagna
661 486 147 26 stadgandena
823 485 46 22 icke
885 486 55 21 kun-

187 524 38 19 nat
240 522 7 20 i
263 522 42 20 allo
325 521 125 26 godkännas
470 521 22 20 af
507 521 126 25 Ständerna,
650 522 52 19 utan
718 522 32 19 att
766 521 26 20 de
807 520 33 20 för
856 521 33 19 sin
904 520 35 21 del

188 556 83 27 antagit
286 562 26 14 en
327 555 7 21 i
349 554 54 22 flera
425 555 135 21 hänseenden
584 554 134 21 annorlunda
740 554 92 27 lydande
854 554 87 21 författ-

188 591 51 25 ning
254 590 7 21 i
277 591 79 24 ämnet;
380 590 118 26 hvarjemte
521 589 120 21 Ständerna
663 588 119 22 framhållit
805 589 72 27 vigten
900 588 39 21 och

187 624 188 26 nödvändigheten
398 624 62 20 deraf
481 625 38 25 att,
534 624 7 20 i
557 623 37 21 fall
617 623 92 21 berörda
727 622 128 28 författning
870 629 73 15 vunne

187 660 75 25 nådigt
285 658 106 26 afseende,
416 658 26 21 de
460 658 141 26 öfverhetliga
620 658 165 25 förordnanden,
802 658 137 26 hvarigenom

188 693 59 21 vissa
262 692 232 27 undantagsförmåner
508 698 51 15 vore
575 692 129 21 tillerkända
720 698 26 14 en
757 691 35 22 del
802 692 138 21 medlemmar

188 728 24 21 af
226 727 221 25 stadskommunerna,
464 726 70 21 blefve
549 727 34 20 för
598 726 115 21 framtiden
729 726 32 21 till
772 726 59 21 kraft
841 727 39 20 och
894 733 49 14 ver-

188 763 43 20 kan
254 761 115 27 upphäfda,
392 761 24 20 så
439 761 46 20 vidt
500 761 63 21 dessa
582 761 108 21 förmåner
709 761 47 20 icke
773 761 77 21 stödde
865 761 33 26 sig
913 761 28 26 på

188 796 124 28 privilegier
334 796 49 21 med
405 795 189 28 grundlagshelgd.
626 795 44 22 Och
692 795 41 21 har
755 796 33 21 till
810 795 52 28 följe
880 795 63 21 häraf

188 831 62 21 Hans
272 830 121 28 Kejserliga
415 830 102 27 Majestät
540 831 49 20 låtit
612 830 92 26 utfärda,
728 830 41 21 den
791 831 13 20 8
823 830 119 21 December

190 867 53 20 1873
266 872 28 15 en
315 865 49 22 med
388 865 131 21 Ständernas
537 865 86 26 mening
643 865 232 21 öfverensstämmande
898 865 46 21 för-

192 901 91 26 ordning
305 900 111 27 angäende
436 899 254 26 kommunalförvaltning
709 899 7 21 i
732 900 55 26 stad,
804 899 39 22 och
859 900 40 21 den
916 900 26 21 15

189 935 121 22 November
328 935 52 21 1875
397 935 130 26 kungörelse
543 941 34 14 om
593 934 140 27 upphörande
748 935 34 20 för
796 935 115 20 framtiden
921 935 23 20 af

190 970 110 26 åtskilliga
319 969 238 26 undantagsförmäner,
577 975 47 14 som
639 969 7 20 i
662 969 101 21 afseende
778 969 13 21 &
805 969 140 21 kommunala

190 1004 123 27 utskylders
337 1004 135 25 erläggande,
496 1004 67 25 enligt
580 1003 140 20 härförinnan
740 1003 103 20 utkomna
858 1003 87 21 författ-

190 1038 82 27 ningar,
292 1037 180 27 tillgodokommit
492 1044 25 14 en
533 1037 34 21 del
582 1037 138 21 medlemmar
736 1037 24 21 af
774 1037 168 22 stadskommun.

262 1073 54 20 39:0.
347 1071 95 21 Emedan
466 1071 125 26 Ständerna,
608 1071 36 20 vid
666 1071 143 21 besvarandet
828 1071 24 21 af
865 1071 79 27 nädiga

189 1106 169 28 propositionen,
383 1106 111 27 angäende
511 1112 27 21 ny
557 1105 126 27 förordning
699 1112 34 14 om
749 1106 196 27 stämpelpappers-

190 1141 96 26 afgiften,
309 1140 49 21 med
380 1141 78 20 endast
479 1140 68 27 nägra
568 1140 84 21 mindre
674 1140 136 27 väsendtliga
826 1140 116 27 ändringar

191 1176 39 21 och
246 1175 77 26 tillägg
339 1175 83 26 antagit
437 1175 41 20 den
495 1174 91 21 sålunda
601 1173 123 28 föreslagna
742 1174 154 27 förordningen
911 1176 35 19 att

191 1210 65 21 lända
278 1209 34 20 till
331 1208 145 21 efterrättelse
491 1209 56 20 intill
562 1208 110 27 utgängen
688 1208 23 21 af
725 1208 24 21 är
766 1209 60 23 1877,
842 1215 47 15 men
905 1215 39 15 un-

191 1244 38 19 der
251 1243 71 20 vilkor
342 1244 37 24 att,
401 1243 27 19 dä
443 1243 66 25 nädig
523 1243 136 26 proposition
674 1243 7 20 i
697 1244 73 19 ämnet
784 1243 90 21 härnäst
889 1243 57 21 före-

190 1277 60 20 lades
268 1276 125 26 Ständerna,
410 1276 69 20 denna
494 1276 67 20 mätte
576 1276 109 21 innchälla
699 1276 83 26 förslag
794 1276 48 21 icke
854 1277 91 20 allenast

191 1316 33 15 om
248 1309 190 27 stämpelskattens
459 1309 120 27 utgörande
594 1311 52 19 utan
663 1309 61 21 äfven
740 1310 110 25 angäende
866 1310 27 21 de
908 1312 37 19 än-

191 1344 77 26 damäl,
284 1343 34 21 för
333 1344 74 21 hvilka
422 1344 41 20 den
479 1343 144 27 erfordrades,
640 1345 55 19 samt
710 1345 32 19 att
757 1344 138 27 redovisning
911 1344 35 21 för

191 1380 124 20 densamma
334 1378 96 27 afgäfves
449 1378 7 20 i
472 1378 113 22 enahanda
600 1378 97 27 ordning,
714 1384 46 15 som
775 1378 34 22 för
824 1378 71 28 öfriga
909 1378 37 22 be-

190 1413 178 27 villningsmedel,
392 1413 39 21 har
453 1412 60 22 Hans
538 1412 122 28 Kejserliga
684 1413 110 27 Majestät,
817 1414 67 26 jemte
910 1414 36 21 det

191 1449 61 21 Hans
274 1448 103 27 Majestät
399 1454 77 21 genom
493 1448 76 27 nådigt
587 1448 103 21 manifest
706 1448 22 21 af
742 1448 42 22 den
798 1450 14 19 4
827 1448 119 21 December

192 1483 37 28 (22
245 1482 130 28 November)
394 1483 56 20 1872
466 1482 169 27 tillkännagifvit
656 1482 36 27 Sig
710 1483 48 20 icke
774 1483 57 21 afstä
845 1483 48 20 frän
910 1482 37 21 Sin
