1053 1706
362 131 79 23 Ständ.
457 132 54 22 Skr.
525 133 40 23 N:o
579 134 22 21 4.

328 431 133 24 Finlands
486 432 136 25 Ständers
638 432 161 26 skrifvelse
818 433 32 25 till

243 471 135 24 Ständernas
396 471 199 32 Bankfullmäktige
615 479 32 18 om
664 473 140 24 meddelande
827 474 27 23 ar

243 510 111 33 décharge
373 510 22 25 åt
409 511 142 26 Direktionen
571 513 36 24 för
616 513 101 24 Finlands
735 513 61 24 Bank
816 514 35 23 för

243 551 81 25 dennes
339 551 133 31 förvaltning
482 553 26 24 af
515 552 89 25 Banken
618 552 53 25 åren
690 553 159 24 1872—41874.

166 618 52 22 Till
232 619 130 22 Finlands
378 619 132 22 Ständers
524 619 263 30 Bankfullmäktige.

172 677 33 22 På
225 677 153 28 framställning
400 677 23 21 af
442 677 35 22 det
499 677 36 22 vid
557 678 68 21 denna
648 678 98 27 landtdag
763 678 87 22 tillsatta

105 711 150 26 Bankutskott,
271 719 45 14 som
328 711 85 28 jemlikt
428 713 13 24 $
456 713 27 20 38
498 712 8 21 i
522 712 235 29 Landtdagsordningen
778 713 74 20 under-

109 746 48 21 sökt
171 745 102 22 Finlands
283 745 74 22 Banks
371 746 87 28 styrelse
473 746 38 21 och
526 746 116 22 tillständet
656 747 48 21 med
718 747 47 21 dess
779 746 73 22 fonder

107 782 53 19 samt
179 780 96 21 deröfver
294 780 33 21 till
343 779 116 22 Ständerna
479 780 82 28 afgifvit
579 781 117 26 berättelse,
713 780 63 22 hafva
791 780 59 23 Stän-

106 814 70 26 derna,
192 814 48 21 med
255 814 97 22 afseende
368 813 49 22 derä
435 815 31 20 att
484 814 201 29 Bankfullmäktige,
702 815 65 28 enligt
780 814 32 21 för
827 813 24 22 ti-

104 849 40 21 den
158 849 95 28 gällande
264 848 134 29 stadganden,
409 848 46 21 icke
471 849 54 21 varit
539 848 127 29 berättigade
681 851 31 19 att
726 849 77 28 bevilja
813 848 38 22 Di-

103 883 109 22 rektionen
232 883 32 21 för
279 883 102 21 Finlands
395 883 63 21 Bank
477 883 100 28 döcharge
596 883 32 22 för
647 883 49 21 åren
716 884 60 25 1872,
794 884 54 21 1873

104 918 39 21 och
159 917 54 21 1874
227 919 55 20 samt
296 917 140 22 Direktionen
455 917 79 22 säledes
552 922 56 17 ännu
623 917 46 22 icke
684 917 111 28 formligen
811 917 38 22 för-

105 952 78 21 klarats
202 951 28 22 fri
248 951 46 22 frän
316 951 71 22 vidare
410 951 132 29 ansvarighet
559 951 32 22 för
605 951 101 22 Bankens
723 951 127 28 förvaltning

106 987 66 21 under
187 994 79 14 samma
275 986 38 25 tid,
324 985 86 22 oaktadt
420 986 62 27 nägot
497 986 45 21 skäl
556 986 33 21 till
604 985 138 29 anmärkning
759 986 93 21 deremot

105 1020 47 21 icke
166 1020 118 26 förefinnes,
301 1020 56 22 velat
371 1019 22 22 åt
406 1020 195 29 Bankfullmäktige
615 1021 106 28 uppdraga
731 1022 30 20 att
771 1020 12 21 &
791 1020 59 22 Stän-

105 1055 75 21 dernas
196 1059 79 24 vägnar
291 1054 22 22 ät
327 1055 194 21 Bankdirektionen
541 1055 95 21 meddela
656 1054 149 22 ansvarsfrihet
819 1053 31 22 för

107 1089 46 21 dess
168 1088 127 29 förvaltning
309 1089 23 21 af
344 1089 102 21 Finlands
460 1089 63 21 Bank
538 1089 67 21 under
618 1089 87 21 berörda
719 1091 32 18 tre
765 1088 28 21 är.

173 1134 139 29 Helsingfors,
328 1135 41 21 den
384 1135 28 21 30
426 1135 121 22 November
563 1135 60 21 1877.

276 1463 123 23 Helsingfors,
411 1463 15 16 J.
440 1463 71 17 Simelii
523 1463 101 22 arfvingar,
637 1462 50 17 1878.
