1020 1709
236 158 13 20 6
414 156 26 19 U.
451 156 29 18 B;
492 165 22 3 —
526 155 77 23 Prop.
615 154 44 18 N:o
670 154 37 18 48.

487 459 159 23 Reservation.

264 535 64 21 Emot
349 534 175 21 Statsutskottets
546 533 73 22 beslut
642 535 32 20 att
690 534 39 21 hos
746 534 84 21 landets
845 533 91 22 Ständer

208 569 108 28 tillstyrka
334 568 35 21 det
390 568 48 21 med
460 568 99 21 definitift
573 567 144 22 afskrifvande
732 568 23 21 af
768 568 167 29 Hypoteksföre-

208 604 90 27 ningens
313 603 36 21 län
363 603 39 21 hos
418 602 100 21 Finlands
533 602 61 21 Bank
608 603 66 20 måtte
688 602 82 22 lemnas
784 603 107 21 beroende
905 603 31 20 in-

210 637 34 22 till
266 637 176 22 nästkommande
458 637 102 27 landtdag
574 636 81 28 nödgas
669 637 37 27 jag
720 636 106 28 nedlägga
839 643 94 16 reserva-

209 673 52 21 tion.

267 706 33 21 Dä
322 704 236 29 Hypoteksföreningen
577 704 33 22 för
631 705 133 21 närvarande
788 706 23 20 är
826 705 41 22 den
882 705 55 22 enda

214 739 157 26 kreditanstalt,
396 746 45 15 som
465 739 135 22 uteslutande
621 739 93 22 törafser
730 741 32 20 att
776 739 162 22 tillhandahälla

212 775 84 22 landets
316 774 114 29 jordegare
451 773 176 28 amorteriugslän
642 774 29 26 pä
685 773 74 28 längre
773 773 37 27 tid,
826 781 63 14 anser
899 774 39 27 jag

212 810 35 21 för
267 809 44 21 min
336 808 34 21 del
393 807 170 28 oundgängligen
584 807 131 28 nödvändigt
730 809 32 20 att
776 807 107 29 Styrelsen
898 808 39 22 och

209 843 120 22 Ständerna
350 843 131 26 gemensamt
499 849 30 14 nu
544 843 74 26 genast
633 841 86 28 vidtaga
732 841 44 22 alla
790 841 26 22 de
832 841 105 28 åtgärder,

209 885 46 14 som
278 876 101 29 möjligen
402 876 73 21 kunna
497 882 62 15 anses
581 875 79 28 nödiga
677 875 35 22 för
723 875 179 22 säkerställandet
916 876 24 22 af

210 911 145 27 Föreningens
370 910 139 22 verksamhet.
525 923 27 3 —
567 910 35 21 Mä
616 917 52 14 vara
682 911 32 20 att
728 910 89 27 misstag
826 906 70 36 blifvit
908 911 29 21 be-

210 946 85 27 gängna
315 944 35 21 vid
364 945 144 27 Föreningens
523 944 145 28 organisation
684 944 40 21 och
738 944 163 28 tillämpningen
916 945 23 20 af

212 980 48 21 dess
282 979 136 28 reglemente;
443 980 32 20 att
493 979 124 28 delegarene
633 978 7 21 i
655 978 133 28 Föreningen
804 979 40 21 och
859 979 78 28 Styrel-

208 1021 50 15 sens
273 1013 79 22 ombud
367 1013 81 22 kunnat
462 1013 48 21 med
525 1014 69 20 större
609 1013 189 27 uppmärksamhet
810 1013 35 21 vid
854 1013 84 28 bolags-

210 1050 132 20 stämmorna
363 1047 82 22 bevaka
459 1047 144 28 Föreningens
618 1047 114 26 intressen;
749 1049 32 19 att
793 1047 144 28 Föreningens

209 1083 112 21 Direktion
344 1081 46 22 haft
412 1081 114 28 anledning
545 1081 130 21 åtminstone
688 1081 110 22 inkomma
811 1081 48 22 med
873 1082 66 27 något

208 1117 81 27 förslag
304 1116 56 21 huru
375 1115 132 28 Föreningen
522 1115 70 21 kunde
607 1115 6 20 i
628 1117 31 19 ett
674 1115 51 22 eller
740 1117 66 20 annat
818 1116 120 21 hänseende

208 1151 25 20 så
255 1150 68 21 ordna
338 1149 46 22 sina
399 1149 177 28 angelägenheter
590 1151 33 19 att
636 1149 62 22 faran
713 1149 33 22 för
759 1149 124 28 ytterligare
896 1150 43 21 för-

211 1184 68 21 luster
302 1184 7 20 i
333 1183 120 28 möjligaste
468 1191 49 14 mon
533 1183 133 27 aflägsnades
682 1183 40 21 och
736 1183 145 28 Föreningens
896 1185 42 20 exi-

210 1220 57 19 stens
283 1217 33 22 för
331 1217 114 22 framtiden
460 1217 69 22 blefve
543 1217 124 28 betryggad,
683 1230 27 3 —
723 1217 42 21 alla
774 1217 62 21 dessa
846 1219 92 20 omstän-

210 1252 96 27 digheter
320 1252 61 24 hade,
396 1252 65 25 enligt
477 1252 48 19 mitt
539 1251 145 25 förmenande,
700 1251 54 20 dock
769 1251 47 20 icke
824 1252 64 21 bordt
896 1252 42 21 för-

210 1285 76 21 anleda
302 1285 120 20 Utskottets
437 1284 81 27 förslag
533 1285 31 20 att
579 1283 118 22 Ständerna
712 1284 69 21 skulle
791 1284 42 21 fem
842 1285 23 21 år
875 1285 64 22 fram-

210 1320 22 20 åt
254 1318 116 28 uppskjuta
391 1318 48 21 med
457 1319 32 20 att
502 1318 7 21 i
523 1318 55 21 hvad
592 1319 28 26 på
634 1318 48 21 dem
696 1318 124 21 ankommer
834 1319 53 21 söka
901 1327 38 13 un-

210 1353 92 22 derlätta
316 1353 143 27 Föreningens
475 1351 174 29 affärsställning.
687 1352 10 21 I
711 1352 101 22 händelse
819 1352 120 23 Utskottets

209 1387 82 28 förslag
310 1387 24 22 af
353 1387 120 22 Ständerna
494 1387 130 28 godkännes,
648 1394 62 21 synes
727 1387 44 28 mig
786 1387 107 28 sjelffallet
908 1390 31 19 att

210 1422 144 27 Föreningens
370 1421 100 22 anhållan
485 1429 34 14 om
535 1428 25 14 en
575 1421 127 21 subvention
718 1421 24 21 af
754 1421 108 23 allmänna
875 1424 64 20 stats-

210 1456 76 26 medel,
310 1456 8 20 i
340 1455 93 28 enlighet
447 1456 48 20 med
511 1456 40 21 den
565 1455 84 28 Nådiga
663 1455 162 28 propositionen
840 1456 6 21 i
862 1457 76 26 ämnet,

207 1490 81 28 jemväl
310 1489 117 23 tillsvidare
449 1490 84 22 komme
555 1491 32 20 att
609 1490 81 21 lemnas
709 1490 112 22 beroende.
850 1490 89 28 Följden

279 1530 149 19 Statsutskottets
443 1530 115 19 betänkande
571 1530 33 18 N:o
619 1531 25 17 15.
