1050 1714
239 127 26 20 42
454 125 21 24 U.
494 124 23 23 B.
532 137 28 2 —
575 124 136 23 1I—XVIIL

277 191 50 22 Med
345 190 158 23 fränräknande
522 190 24 22 af
562 191 62 21 ofvan
643 191 92 21 berörda
751 190 91 22 oinlösta
856 191 69 20 rester
940 189 22 22 af

208 225 28 22 de
259 225 60 22 äldre
341 225 113 22 inhemska
475 225 63 22 länen
559 225 95 28 uppgick
672 225 100 22 Finlands
792 224 120 22 statsskuld
926 223 35 22 vid

208 261 61 20 detta
285 261 34 21 års
335 260 78 28 ingång
427 261 33 20 till
474 259 94 28 följande
583 260 170 27 kapitalbelopp:

209 309 40 20 1:0.
272 307 43 22 Det
329 307 51 22 med
394 307 141 22 bankirhuset
549 307 28 21 M.
590 307 24 21 A.
625 313 42 15 von
678 306 68 22 Roth-

237 341 68 23 schild
328 341 18 22 &
369 341 71 23 Söhne
462 343 54 20 1862
534 341 158 22 kontraherade
712 341 36 21 län

236 376 13 21 a
264 377 40 26 Al,
322 377 26 26 %
384 393 40 5 0.0.
742 393 4 4 .
778 377 132 26 18,758,525:
927 387 27 3 —

206 413 42 20 2:0.
274 412 33 21 De
323 411 50 22 med
387 389 152 54 barikirfirman
553 418 41 15 von
599 389 115 53 Erlanger
729 411 18 21 &

237 446 70 22 Söhne
325 448 54 20 1868
396 446 106 22 afslutade
518 448 77 20 tvenne
608 446 138 28 jernvägslån
778 447 132 25 16,026,491:
927 447 33 20 25.

207 483 41 19 3:0.
271 481 44 22 Det
329 487 77 21 genom
421 481 101 22 Finlands
537 481 62 21 Bank
610 481 40 22 och
660 481 86 21 bankir-

235 515 74 22 firman
331 516 29 21 M.
380 516 23 21 A.
420 522 42 15 von
484 515 128 22 Rothschild
634 515 18 21 &
675 515 72 22 Söhne

236 551 54 21 1874
306 550 143 27 negocierade
465 550 40 26 4/5
522 551 26 25 %/
562 550 148 27 jernvägslän.
742 567 4 4 .
779 551 132 25 19,747,992:
927 561 27 3 —

206 586 42 20 4:0.
275 584 148 22 Statsverkets
442 585 63 21 andel
524 584 22 22 af
563 584 37 21 det
616 584 8 21 i
639 584 108 27 Ryssland

236 619 23 22 är
276 621 53 20 1859
345 621 110 25 upptagna
471 621 12 19 4
499 619 27 26 9/,
541 619 36 21 län
601 635 1 4 .
634 635 4 4 .
670 636 3 4 .
705 636 4 3 .
741 636 4 4 .
791 620 119 25 —6,840,000:
927 631 27 2 —

206 656 40 19 5:0.
272 653 184 22 Donationslänen
490 671 4 4 .
526 671 4 4 .
562 671 4 3 .
670 671 4 4 <
741 671 3 3 0
790 649 120 30 6,624.000:
926 665 28 3 —

598 671 89 44 Summa
702 694 48 27 Fm
773 695 133 26 62,997,008:
916 695 45 24 25*)

273 741 42 22 Vid
329 741 149 21 beräknandet
494 741 22 21 af
530 741 41 21 den
587 741 66 26 ärliga
667 741 121 21 kostnaden
803 741 33 21 för
852 741 64 22 dessa
925 741 36 21 lån

204 776 53 21 böra
272 775 151 22 annuiteterna
439 775 12 21 &
465 775 177 22 donationslänen
652 775 156 22 heltochhället
818 775 141 28 undantagas,

204 811 89 21 emedan
313 810 64 21 dessa
396 810 104 21 betäckas
516 809 24 22 af
553 810 26 21 de
594 810 108 21 särskilda
716 810 123 26 inkomster,
856 816 46 15 som
917 810 43 21 till-

202 845 53 28 flyta
274 844 194 22 donationsfonden
486 845 8 20 i
509 844 131 27 afbetalning
656 845 12 20 å
682 845 172 26 köpeskillingen
869 844 33 22 för
916 845 43 22 för-

204 881 60 21 sälda
279 879 175 26 donationsgods,
469 879 153 22 landboräntor
637 885 27 15 m.
679 885 27 16 m.
728 879 42 22 För
781 879 25 22 de
817 879 67 28 öfriga
894 881 66 20 stats-

202 914 63 21 länen
281 911 115 30 uppgä
365 907 27 38 de
412 913 67 28 ärliga
494 913 116 28 utgifterna
625 914 34 21 till
673 913 94 28 följande
781 914 88 27 belopp:

203 955 72 21 Ränta
293 955 41 21 och
352 955 130 26 amortering
502 955 13 20 &
534 957 54 19 1862
606 955 35 42 V=
657 955 68 21 Roth-

232 989 109 22 schildska
357 989 35 22 län
433 1007 3 4 =.
469 1007 3 3 .
648 1005 39 5 <.
719 1007 4 4 .
740 989 47 28 Fang
816 991 99 26 882,000:
931 1001 28 3 —

203 1025 39 21 D:o
258 1025 13 20 &
287 1026 54 19 1868
358 1025 34 20 års
408 1007 145 45 Erlangerska
568 1007 30 38 lån
612 1007 4 38 .
647 1041 4 4 +
684 1042 4 4 +
719 1042 4 4 +
756 1042 9 10 »
796 1027 119 24 1,107,000:
932 1037 27 3 —

202 1060 40 21 D:o
259 1059 12 22 å
288 1061 54 20 1874
359 1059 34 21 års
407 1059 138 27 jernvägslån
578 1077 4 3 .
614 1077 4 4 .
650 1077 3 3 .
684 1077 4 4 .
720 1077 4 4 .
757 1077 9 9 »
796 1061 118 26 1,073,000:
931 1071 27 4 —

202 1094 41 21 D:o
262 1093 13 22 å
291 1093 66 28 ryska
375 1093 60 22 lånet
453 1093 22 22 af
492 1095 61 25 1859,
572 1093 80 28 årligen
670 1093 54 22 afta-

232 1129 69 26 gande
315 1128 50 21 med
381 1129 63 25 8,000
458 1128 73 21 mark.
577 1145 5 4 .
613 1145 3 4 .
654 1145 1 4 =
684 1145 4 4 -
720 1145 4 4 =.
757 1145 10 10 »
795 1124 12 36 =
816 1130 98 25 473,600:
931 1141 27 3 —

630 1168 87 21 Summa
731 1169 40 27 Fay
795 1170 120 25 3,535,600:
931 1181 27 3 —

270 1215 43 21 För
332 1215 54 20 1862
406 1215 34 20 ärs
460 1214 168 22 Rothschildska
646 1214 36 22 län
701 1215 52 27 utgä
769 1215 149 22 annuiteterna
933 1222 25 15 ur

201 1248 272 21 amortissementsfonden.
504 1249 121 26 Utgifterna
638 1249 33 20 för
685 1249 145 26 Erlangerska
844 1250 63 21 länen
918 1251 40 20 och

204 1284 54 19 1874
282 1282 35 21 ärs
337 1281 139 28 jernvägslän
498 1283 107 21 bestridas
628 1289 26 14 ur
675 1283 281 28 kommunikationsfonden,

270 1350 18 23 >)
304 1350 37 19 Till
354 1349 127 19 statsskulden
493 1350 37 18 kan
543 1350 109 23 ytterligare
665 1351 68 19 räknas
747 1351 79 24 oguldna
838 1353 90 23 beloppet
939 1353 21 18 af

202 1381 23 17 de
238 1381 12 17 å
261 1379 150 23 köpeskillingen
423 1379 29 18 för
464 1379 66 23 Hangö
542 1379 77 24 jernväg
631 1380 100 19 utfärdade
743 1381 147 24 förskrifningar,
903 1384 54 21 utgö-

201 1409 57 18 rande
272 1409 57 18 omkr.
343 1409 90 22 1,500,000
445 1409 53 17 mark
510 1413 47 14 samt
569 1408 13 19 f.
590 1409 18 18 d.
616 1409 66 24 Hangö
692 1409 90 24 jernvägs
791 1411 117 24 aktiebolags
916 1414 41 16 ute-

200 1438 81 23 löpande
295 1438 129 23 obligationer.

270 1474 136 17 Statsutskottets
418 1474 109 17 betänkande
538 1475 36 16 N:o
588 1474 26 17 11.
