1048 1706
263 145 14 20 8
525 142 26 19 U.
565 143 27 18 B.
604 143 67 18 XIX.

234 205 139 27 märkningar
388 204 71 22 blifvit
473 204 81 30 gjorda,
584 204 72 21 hvilka
670 204 24 21 af
708 204 108 22 Utskottet
830 204 134 23 öfversändts

236 239 32 21 till
284 238 141 28 Fullmäktige
440 238 35 22 för
488 240 32 20 att
532 240 62 26 tagas
609 238 7 21 i
634 238 160 28 öfvervägande.

289 346 96 22 Emedan
413 346 123 28 Höglofliga
562 346 156 28 Ridderskapet
746 346 40 22 och
805 346 68 21 Adeln
888 353 76 21 genom

234 380 199 28 protokollsutarag
461 380 34 22 för
518 380 40 22 den
573 381 27 21 27
619 380 97 21 sistlidne
730 380 62 27 April
806 380 106 21 infordrat
926 381 39 20 Ut-

236 415 91 21 skottets
355 414 105 28 yttrande,
489 422 34 15 om
545 415 39 21 och
599 414 34 22 till
649 414 56 22 hvad
716 414 79 28 belopp
809 415 70 27 någon
895 414 34 21 del
943 414 24 22 af

235 449 40 21 den
304 448 69 22 under
401 449 177 21 nästkommande
592 449 43 21 fem
650 449 24 20 år
696 448 113 22 motsedda
824 448 140 22 bankvinsten

234 483 72 21 kunde
335 484 125 26 disponeras
482 484 33 21 till
542 482 137 23 bestridande
697 483 24 21 af
734 482 125 27 statsbehof,
873 483 41 21 har
926 483 39 21 Ut-

235 518 81 21 skottet
337 517 34 22 till
385 517 70 22 denna
472 517 115 22 berättelse
615 517 68 28 bilagt
704 519 76 19 tvenne
795 517 90 21 tabeller
899 517 10 21 I
924 518 41 21 och

234 552 29 26 II,
283 552 152 21 innehållande
463 552 40 22 den
523 552 59 22 förra
604 553 30 20 ett
662 551 150 28 sammandrag
827 551 24 21 af
862 552 103 21 Finlands

234 586 68 22 banks
331 586 66 22 vinst-
415 586 40 22 och
479 586 169 27 förlusträkning
664 586 39 21 och
731 585 40 22 den
787 592 75 15 senare
877 593 26 14 en
916 588 49 20 när-

234 628 58 14 mare
321 620 127 28 detaljering
475 620 24 22 af
526 621 40 21 den
594 620 32 22 uti
654 620 43 21 tab.
713 620 10 21 I
742 620 104 28 ingående
868 620 97 28 agioräk-

235 655 85 27 ningen,
350 654 71 22 hvilka
449 655 116 27 räkningar
588 654 86 22 saknats
689 654 8 21 i
721 654 25 21 de
763 654 34 22 till
811 654 154 28 Fullmäktiges

235 688 115 22 berättelse
365 688 112 28 vidfogade
484 689 96 21 tabeller.
600 688 41 22 Vid
657 688 157 28 granskningen
829 688 23 21 af
866 688 100 22 siffrorna

234 724 7 21 i
256 723 64 21 dessa
333 722 57 22 båda
403 723 97 26 tabeller,
515 730 46 14 som
577 723 29 27 på
620 722 115 22 utskottets
750 722 72 22 derom
838 722 76 28 gjorda
928 730 38 13 an-

234 756 71 22 hållan
321 756 70 22 blifvit
405 757 129 27 upprättade
550 758 14 20 å
578 757 96 21 bankens
688 757 206 26 kamrerarekontor,
910 759 57 19 samt

235 791 54 21 efter
306 791 137 22 inhemtande
461 792 24 21 af
501 791 155 29 upplysningar
671 791 47 21 från
732 798 82 15 samma
828 791 84 27 kontor,
926 792 40 21 har

235 825 36 22 det
286 827 59 27 synts
367 825 110 23 Utskottet
491 828 32 19 att
538 826 40 22 den
594 825 108 29 betydliga
718 826 62 26 vinst,
806 833 46 15 som
870 826 96 22 bankens

234 860 80 22 rörelse
329 859 49 21 från
394 860 139 21 1872—1876
549 860 86 26 lemnat,
650 860 94 28 tydligen
759 860 55 22 låter
828 860 91 22 hänföra
934 861 32 26 sig

234 894 33 21 till
281 896 77 20 tvenne
373 894 126 27 kategorier:

290 929 22 27 a)
328 928 115 26 kursvinst,
473 936 45 14 som
540 929 99 27 uppstått
657 935 76 21 genom
752 928 80 22 silfrets
848 929 39 21 och
902 929 64 29 ryska

234 962 96 22 valutors
345 962 91 27 prisfall,
452 965 55 19 samt
521 970 71 14 annan
606 962 96 28 tillfällig
715 963 57 21 vinst
786 962 110 22 äfvensom

289 996 23 28 b)
328 996 57 22 vinst
398 996 25 21 af
435 996 95 22 bankens
544 996 98 22 normala
656 996 86 22 rörelse.

290 1030 42 21 Vid
348 1036 26 15 en
389 1030 67 21 sådan
466 1030 127 28 fördelning,
601 1030 87 22 hvilken
699 1031 66 27 enligt
777 1030 119 22 Utskottets
912 1038 53 20 upp-

233 1063 94 29 fattning
349 1063 66 29 gifver
438 1064 40 21 den
496 1064 54 21 enda
567 1064 106 22 rationela
686 1065 97 27 grunden
798 1064 34 22 för
847 1072 26 14 en
888 1065 77 21 beräk-

234 1098 52 27 ning
300 1098 24 21 af
337 1098 26 21 de
377 1098 69 28 årliga
473 1099 166 27 utbetalningar,
664 1106 46 14 som
726 1101 51 19 utan
794 1099 54 21 våda
862 1099 35 21 för
911 1100 53 21 ban-

232 1133 53 20 kens
300 1132 102 28 ställning
416 1133 74 20 kunna
504 1133 72 21 anslås
590 1132 34 21 till
634 1132 132 23 främmande
782 1133 105 26 ändamål,
902 1133 63 22 faller

235 1166 68 21 under
317 1167 102 21 rubriken
434 1174 25 14 a.:
475 1169 80 19 största
568 1167 61 21 delen
644 1167 24 20 af
680 1167 40 21 den
735 1167 107 28 agiovinst
857 1167 52 22 eller
921 1168 44 21 för-

234 1200 50 27 lust,
299 1207 47 14 som
361 1201 98 26 uppstått
477 1201 68 21 under
560 1201 50 20 åren
628 1201 53 21 1875
696 1201 40 21 och
753 1201 53 22 1876
822 1202 12 20 å
848 1201 116 22 utländska

237 1234 84 21 vexlars
337 1235 40 20 och
399 1234 151 27 obligationers
579 1235 72 25 konto;
673 1235 39 20 den
728 1235 56 21 vinst
799 1235 23 20 af
834 1235 92 27 ungefär
938 1236 27 26 1,

235 1268 75 27 miljon
326 1267 67 26 mark,
408 1274 46 14 som
469 1268 164 27 negocierandet
648 1268 23 21 af
685 1269 54 20 1874
760 1269 36 20 ärs
811 1268 154 21 riksmarkslän

233 1301 78 22 tillfört
325 1301 102 22 Finlands
440 1301 64 27 bank,
520 1303 56 20 samt
592 1302 83 21 vinsten
690 1303 28 26 pä
732 1302 116 28 räkningen
864 1302 34 21 för
912 1302 52 21 ban-

234 1336 52 22 kens
302 1336 64 22 andel
380 1335 6 22 i
405 1335 252 30 kapital-afbetalningen
672 1337 13 20 å
699 1336 70 22 finska
788 1337 42 28 4%
851 1336 114 23 statslänet

234 1371 24 22 af
274 1372 24 21 år
321 1371 60 22 1859.
410 1366 68 27 Äfven
501 1371 42 22 den
562 1371 68 29 öfriga
648 1372 132 28 agiovinsten
798 1373 12 20 &
824 1372 139 28 obligations-

214 1422 2 2 +
234 1407 118 26 räkningen
367 1405 61 23 torde
442 1406 73 22 kunna
528 1406 102 23 hänföras
644 1406 34 22 till
692 1413 82 15 samma
783 1407 104 28 kategori,
901 1407 63 21 hvar-

234 1441 35 22 vid
284 1441 55 22 dock
353 1442 14 21 å
383 1441 67 22 andra
464 1441 61 22 sidan
539 1444 30 19 ett
598 1441 64 29 högst
675 1441 105 30 betydligt
808 1441 78 28 belopp
900 1441 25 22 af
938 1442 25 21 de

234 1476 68 22 under
316 1478 85 20 senaste
416 1477 51 21 åren
481 1476 105 23 afskrifna
601 1477 77 24 osäkra
698 1476 149 29 fordringarna
862 1477 18 27 ej
895 1476 69 23 heller

288 1517 139 22 Banutskotteis
442 1517 106 21 Berättelse,
