1036 1689
661 46 5 36 |

441 97 28 48 11.
660 101 4 44 ;
775 113 27 20 38

83 176 101 27 slutligen
203 177 75 27 afgöra
294 179 65 25 sagde
373 178 94 28 mälfdä
483 179 38 21 ock
536 179 77 26 åtgärd
628 179 102 28 vidtagits
745 180 34 20 till
796 181 31 20 ut-

82 211 89 21 förande
193 211 23 21 af
238 212 43 21 åtal
304 213 57 20 emot
375 212 126 26 Tammelin;
520 213 40 21 och
576 213 40 20 har
633 213 74 26 denne,
723 213 56 21 efter
794 213 36 21 det

82 245 176 27 skriftvexlingen
273 246 7 21 i
296 246 36 21 det
354 245 111 22 fiskaliska
487 247 65 20 målet
574 247 71 20 blifvit
666 247 101 26 afslutad,
790 247 39 20 hos

81 279 115 21 Hofrätten
212 280 86 26 anmält,
308 281 32 19 att
355 280 40 21 den
410 280 164 27 ifrågavarande
589 281 73 20 sedeln
678 281 151 20 tillrättakom-

81 313 44 26 mit,
139 315 55 18 samt
209 314 70 21 tillika
295 314 31 20 dit
340 314 104 21 inlemnat
459 321 26 14 en
501 314 57 27 dylik
573 314 57 21 falsk
646 315 57 21 sedel
719 314 23 21 af
756 314 72 21 ofvan-

80 347 100 28 nämnda
188 347 151 23 beskaftenhet.
662 371 4 6 ,

151 381 10 20 I
177 381 59 21 detta
250 381 113 22 fiskaliska
376 382 43 21 mål
433 382 40 21 har
487 382 116 21 Hofrätten
618 380 77 23 den'23
707 382 121 21 November

81 416 54 20 1875
150 416 90 26 medelst
255 416 78 26 utslag,
349 422 46 15 som
411 416 40 21 den
467 417 10 19 1
494 416 104 21 Februari
615 417 53 20 1876
684 416 55 21 efter
753 417 75 25 anslag

79 449 78 27 utgafs,
177 449 71 21 funnit
266 449 117 22 Tammelin
401 456 77 20 genom
496 450 136 21 värdslöshet
646 450 36 30 vid
696 450 132 21 bevarandet

79 483 23 21 af
115 484 41 20 den
171 484 70 21 falska
257 484 73 21 sedeln
344 484 64 21 hafva
423 484 66 21 vällat
504 486 31 20 att
546 484 123 21 densamma
682 484 53 26 icke,
745 484 28 26 pä
785 485 42 20 sätt

79 517 66 21 likväl
165 518 37 21 ske
217 518 70 26 bordt,
302 518 57 21 varit
373 518 106 21 tillhanda
493 519 39 21 hos
547 518 193 21 Rädstufvurätten
755 518 72 21 såsom

79 552 87 26 ledning
180 552 34 20 för
229 552 188 27 undersökningen
432 553 111 21 derstädes
558 553 40 21 och
611 552 79 28 jemväl
704 552 36 21 vid
749 552 77 21 mälets

78 586 158 27 handläggning
251 587 7 21 i
274 587 114 21 Hofrätten
407 587 95 26 saknats,
518 587 109 21 äfvensom
642 587 138 21 förenämnde
796 586 30 21 öf-

77 620 47 27 riga
137 620 109 28 tjenstefel
262 621 108 21 befunnits
387 623 76 19 stanna
479 621 117 22 Tammelin
610 621 34 21 till
659 621 52 26 last;
726 620 99 22 hvarföre

77 655 115 21 Hofrätten
208 655 59 21 dömt
282 656 77 20 honom
375 657 32 20 att
423 656 68 20 under
506 657 31 20 ett
552 655 54 21 halft
620 655 35 21 ärs
665 655 32 21 tid
707 661 52 15 vara
770 655 56 20 skild

77 689 47 21 från
146 689 126 27 utöfningen
295 690 23 20 af
339 690 32 20 sin
387 690 253 26 justitieräämanstjenst
655 690 55 20 samt
725 689 101 26 förlustig

77 723 26 21 de
125 724 87 20 dermed
233 723 103 21 förenade
357 724 167 20 löneförmoner:
547 724 39 20 och
608 723 39 21 har
670 723 59 21 detta
747 723 78 26 utslag,

76 755 113 23 hvaröfver
211 757 117 21 Tammelin
350 758 72 20 anfört
443 758 147 26 underdäniga
612 758 83 25 besvär,
714 757 71 21 blifvit
804 756 23 21 af

76 791 121 27 Kejserliga
208 791 104 22 Senatens
325 792 253 26 Justitie-Departement
588 792 40 20 den
640 788 21 24 5'
667 788 92 29 Augusti
771 792 54 20 1876

75 826 82 26 gilladt.

148 860 70 21 Sedan
240 860 265 22 Vicelandssekreteraren
522 861 8 20 i
548 854 47 27 Äbo
618 860 39 21 och
679 860 144 26 Björneborgs

76 894 35 21 län
127 894 53 20 Karl
197 894 73 21 Julian
285 894 104 21 Forsman
404 894 33 21 för
453 894 107 21 särskilda
575 894 151 26 eftertänkliga
741 893 28 21 fel
786 893 38 21 och

75 927 161 22 fCrsummelser
250 928 8 21 i
272 929 94 26 tjensten
376 928 71 21 blifvit
458 928 23 21 af
496 929 120 26 Kejserlige
629 922 46 27 Åbo
689 927 89 21 Hofrätt
788 933 35 20 ge-

75 968 56 15 nom.
144 962 72 26 utslag
234 962 41 21 den
294 963 26 20 31
340 962 43 27 Maj
401 963 60 26 1870,
476 963 82 20 hvilket
573 962 54 21 efter
642 961 89 22 anförda
745 961 78 20 under-

75 996 78 26 däniga
171 996 77 21 besvär
263 996 120 26 Kejserliga
399 996 104 21 Senatens
515 996 254 26 Justitie-Departement
783 995 40 20 den

77 1031 24 20 10
113 1030 96 31 Oktober
226 1031 52 20 1871
295 1031 66 25 gillat,
379 1031 64 20 dömd
458 1032 32 19 att
500 1031 7 21 i
517 1031 47 26 fyra
575 1030 35 21 års
620 1030 32 20 tid
667 1029 94 21 afhällas
776 1028 47 21 frän

75 1064 126 26 utöfningen
220 1064 23 21 af
260 1065 34 20 sin
311 1064 310 27 vicelandssekreteraretjenst
636 1064 39 21 och
690 1069 52 15 vara
757 1063 65 21 förlu-

76 1099 42 26 stig
137 1099 26 20 de
183 1098 49 21 med
250 1098 123 21 densamma
391 1098 102 21 förenade
508 1098 164 25 löneförmoner,
687 1098 39 21 har
742 1097 81 21 Guver-

74 1134 68 19 nören
156 1133 8 20 i
179 1132 65 26 sagde
259 1133 36 20 län
309 1133 33 20 uti
357 1132 113 21 skrifvelse
485 1133 41 21 den
542 1133 26 20 15
582 1132 52 21 Juni
651 1133 54 20 1870
720 1131 39 21 hos
769 1131 53 21 Hof-

75 1168 71 19 rätten
168 1167 86 25 anmält,
278 1168 32 19 att
328 1166 104 21 Forsman
451 1167 40 20 den
508 1168 25 19 14
549 1166 125 27 September
690 1167 54 19 1868
759 1165 64 27 lyftat

75 1201 62 26 2,533
152 1200 62 21 mark
229 1201 26 20 47
271 1200 102 27 penni,af
387 1201 163 26 kronofogden
544 1191 11 40 i
564 1195 79 26 Älands
657 1200 68 21 härad
735 1199 33 21 till
779 1199 42 21 Gu-

74 1236 104 19 vernören
197 1234 90 21 insända
305 1234 39 21 och
358 1234 103 21 Finlands
479 1234 59 21 Bank
553 1234 110 26 tillhöriga
680 1233 75 26 medel,
774 1239 48 15 men

74 1268 39 21 hos
140 1268 33 27 sig
198 1268 116 26 gvarhällit
336 1268 55 21 den”
405 1268 40 21 och
463 1268 127 21 försummat
608 1269 32 19 att
659 1267 108 22 desamma
789 1267 32 20 till

74 1302 89 21 Banken
186 1302 126 27 öfverstyra.
341 1302 11 21 I
367 1302 114 27 anledning
503 1302 63 22 häraf
586 1303 39 20 har
644 1302 103 21 Forsman
767 1302 53 26 ånyo

73 1336 72 21 blifvit
165 1336 67 26 ställd
254 1336 69 20 under
341 1336 70 25 tilltal,
427 1335 113 22 hvaröfver
554 1336 116 21 Hofrätten
685 1337 40 20 den
742 1338 25 19 16
783 1337 38 20 Fe-

74 1370 74 21 bruari
165 1367 60 23 '1872
247 1369 63 27 gifvit
324 1369 71 27 utslag
411 1370 39 20 och
465 1370 71 21 funnit
550 1370 73 21 utredt
637 1376 57 20 vara,
710 1372 33 19 att
757 1370 63 21 Fors-

74 1409 55 20 man,
146 1409 45 15 som
206 1403 28 27 pä
249 1403 70 26 grund
334 1403 23 21 af
370 1403 33 21 sin
421 1403 199 27 tjenstebefattning
634 1404 64 27 lyftat
713 1405 39 20 och
767 1405 54 26 gvit-

74 1438 57 20 terat
149 1436 147 27 ifrägakomna
314 1436 75 27 medel,
409 1436 49 22 lätit
475 1436 106 22 utskrifva
596 1439 31 19 ett
641 1438 49 21 bref
703 1438 34 21 för
752 1439 40 20 den
807 1441 13 20 2

741 1478 10 16 3
