1048 1711
272 143 80 23 Ständ.
368 143 54 23 Skr.
438 156 27 3 —
480 145 26 21 U.
522 145 27 21 B.
565 144 68 23 XIX.
780 146 14 21 5

148 211 70 22 Sedan
232 212 40 21 den
287 211 32 22 för
333 211 101 22 Finlands
450 213 62 21 Bank
527 221 29 13 nu
570 213 95 28 gällande
680 215 41 20 stat
735 214 32 21 för
776 222 45 13 mer

81 251 26 16 än
122 253 36 14 sex
172 245 24 22 år
210 245 87 22 tillbaka
311 245 130 29 uppgjordes,
453 246 62 22 hafva
525 246 220 23 lefnadskostnaderna
755 248 64 21 öfver-

80 281 37 21 allt
135 279 8 21 i
162 280 70 21 landet
254 279 38 21 och
313 279 97 22 särskildt
431 281 7 20 i
458 280 155 22 hufvudstaden
630 281 57 28 stigit
705 282 8 20 i
727 282 93 28 betydlig

78 314 56 29 grad.
156 314 50 22 Med
216 313 118 22 införandet
343 313 23 22 af
376 313 84 23 berörda
471 316 40 20 stat
521 314 96 29 indrogos
632 315 61 22 äfven
703 316 50 21 flere
763 316 22 22 af
793 317 25 21 de

79 348 103 22 ordinarie
192 348 166 28 befattningarna
368 347 8 21 i
386 348 95 26 Banken,
492 349 139 29 hvarigenom
637 350 40 21 den
692 350 32 22 till
739 350 64 29 tjenst
812 351 7 21 i

78 383 89 22 Banken
179 382 56 22 förut
247 382 100 22 lockande
359 382 90 29 utsigten
466 383 33 22 till
510 383 107 22 befordran
631 383 26 29 på
666 384 102 23 ordinarie
779 387 40 21 stat

78 418 38 21 och
131 417 85 22 dermed
230 416 85 23 förenad
329 416 99 28 rättighet
443 417 32 21 till
492 418 87 27 pension
589 418 35 21 vid
637 417 181 30 afskedstagandet

79 451 106 22 minskats.
208 451 125 22 Emellertid
342 459 62 20 synes
415 451 99 22 Bankens
529 460 52 21 egen
591 453 98 22 säkerhet
703 453 74 26 fordra,
788 457 30 19 att

78 487 46 23 dess
138 486 136 29 tjenstemäns
290 485 134 23 ekonomiska
439 487 98 28 ställning
555 495 75 21 genom
645 487 113 30 tillräcklig
771 488 47 22 aflö-

78 521 50 28 ning
142 521 114 28 betryggas.
287 520 43 22 För
344 521 129 21 närvarande
488 521 81 28 åtnjuta
583 521 95 22 bemälde
693 521 124 29 tjenstemän

77 555 7 21 i
102 554 114 22 allmänhet
233 555 48 21 vida
298 555 57 27 lägre
377 555 58 21 löner
454 559 26 17 än
498 555 25 21 de
539 555 35 22 vid
591 555 175 29 privatbankerna
780 558 37 20 och

77 590 37 21 hos
136 588 94 22 enskilda
251 588 110 22 affärsmän
382 589 99 25 anstälde,
502 590 82 22 hvilket
600 590 135 26 förhållande,
751 590 68 23 derest

78 624 35 22 det
126 624 55 28 finge
196 622 91 26 fortfara,
303 622 70 22 kunde
389 623 8 21 i
412 627 56 17 ännu
483 624 63 28 högre
561 624 50 28 grad
626 629 27 17 än
667 624 103 23 härintills
785 626 33 21 be-

77 659 49 21 reda
143 658 89 22 Banken
253 656 106 30 svårighet
380 659 31 20 att
431 657 36 22 vid
488 658 32 29 sig
533 658 54 22 fästa
607 666 98 21 personer
722 659 23 21 af
760 668 57 14 mera

77 692 138 23 framstående
230 692 113 29 duglighet,
359 700 53 13 vana
432 692 38 21 och
485 692 68 29 insigt.
585 692 121 27 Ständerna,
723 694 73 22 hvilka
810 694 7 22 i

77 727 136 22 betraktande
228 726 23 22 af
263 726 59 22 dessa
339 726 176 28 omständigheter
532 728 69 20 ansett
616 735 27 13 en
660 727 123 29 förbättring
797 728 23 22 af

78 761 233 29 banktjenstemännens
328 760 116 22 lönevilkor
464 768 49 14 vara
527 760 24 22 af
563 760 156 23 förhållandena
733 770 78 20 synner

76 796 56 29 ligen
146 795 102 29 påkallad,
264 794 63 22 hafva
342 794 23 22 af
377 794 63 22 sådan
451 795 112 28 anledning
575 795 79 28 antagit
663 796 153 22 nedanstående

77 838 41 21 nya
134 831 40 21 stat
191 829 32 22 för
237 829 102 21 Finlands
353 829 68 25 Bank,
437 828 7 21 i
459 829 98 21 afseende
571 828 12 22 å
598 830 87 21 hvilken
699 829 117 23 Ständerna

77 866 49 21 trott
141 863 31 30 sig
186 864 50 21 böra
250 863 98 22 särskildt
361 862 109 23 framhålla
484 862 97 29 följande.

143 898 35 22 Då
200 897 147 22 ordförandens
368 897 39 21 och
424 897 151 22 ledamöternes
597 897 8 21 i
623 897 193 23 Bankdirektionen

76 932 169 29 aflöningsvilkor
264 932 99 21 bestämts
380 931 64 28 högre
459 936 26 17 än
498 932 86 21 lönerne
599 931 32 22 för
645 931 25 22 de
685 932 48 21 med
747 932 48 21 dem
809 933 7 20 i

76 966 197 29 samhällsställning
286 966 33 21 för
329 965 61 29 öfrigt
400 965 97 22 likstälde
512 966 169 22 embetsmännen
692 966 35 22 vid
737 967 80 21 landets

76 1001 166 22 administrativa
263 1001 57 26 verk,
339 1001 38 20 har
398 1000 95 29 grunden
514 1000 70 23 dertill
603 1000 54 22 varit
675 1001 43 22 dels
733 1001 40 22 den
787 1002 31 21 att

77 1036 214 22 Bankdirektörernes
306 1035 138 26 verksamhet,
460 1035 87 22 hvilken
561 1035 175 28 hufvudsakligen
751 1035 66 22 måste

76 1071 26 28 gå
116 1073 24 20 ut
154 1070 27 29 på
196 1071 30 20 att
240 1069 8 22 i
262 1069 116 29 möjligaste
398 1069 64 22 måtto
478 1069 12 22 å
505 1077 39 14 ena
562 1069 59 22 sidan
638 1069 76 22 bereda
727 1069 90 22 Banken

76 1105 115 28 tillständig
209 1104 57 22 vinst
280 1103 23 22 af
318 1103 41 22 alla
378 1103 25 22 de
421 1103 101 22 särskilda
536 1111 102 21 grenarna
651 1103 8 21 i
673 1104 46 21 dess
734 1104 82 26 rörelse,

77 1140 39 20 och
129 1139 12 21 å
156 1139 64 21 andra
234 1138 59 22 sidan
308 1137 93 22 undvika
415 1137 102 25 förluster,
534 1137 121 22 förutsätter
668 1145 45 13 mer
728 1142 26 17 än
769 1146 49 14 van-

77 1173 29 29 lig
120 1172 123 26 erfarenhet,
259 1171 64 29 insigt
337 1171 39 22 och
390 1171 207 29 omdömesförmåga,
608 1171 43 21 dels
666 1172 40 21 den
721 1173 31 21 att
767 1171 51 29 tjen-

76 1210 42 19 ster
132 1206 36 23 vid
186 1206 157 29 penningeverk
360 1205 7 21 i
382 1206 114 21 allmänhet
510 1206 65 22 måste
591 1213 50 14 vara
656 1205 98 22 förenade
769 1206 48 22 med

77 1242 63 28 högre
154 1241 59 21 löner
228 1245 26 17 än
269 1240 83 28 vanliga
369 1239 138 29 statstjenster
521 1240 39 22 och
577 1242 31 20 att
621 1240 175 28 privatbankerna
810 1240 8 22 i

78 1276 70 22 landet
170 1275 66 21 aflöna
258 1274 46 22 sina
324 1274 116 22 direktörer
457 1275 48 21 med
519 1275 80 27 belopp,
618 1274 74 22 hvilka
707 1274 111 29 öfverstiga

78 1310 25 22 de
117 1309 25 22 af
154 1308 116 23 Ständerna
284 1316 30 14 nu
328 1308 113 22 faststälda.

145 1342 95 22 Emedan
258 1342 63 22 förste
338 1342 109 22 kassörens
464 1342 91 28 göromål
575 1343 38 20 och
631 1343 35 20 det
679 1343 77 20 honom
771 1342 47 28 ålig-

78 1376 66 30 gande
166 1384 74 14 ansvar
261 1384 75 20 genom
358 1376 117 21 inrättande
497 1376 23 21 af
536 1375 281 29 öfverkassörsbefattningen

80 1412 83 21 komma
177 1412 31 20 att
222 1410 7 21 i
243 1410 116 29 väsendtlig
372 1410 50 29 grad
438 1410 91 21 minskas
544 1409 38 22 och
600 1409 105 22 desamma
715 1408 32 23 för
757 1409 62 29 öfrigt

79 1445 61 22 äfven
156 1444 64 23 blifva
229 1446 73 21 nästan
312 1444 108 23 enahanda
430 1445 47 21 med
492 1444 63 22 andre
569 1443 114 27 kassörens,
699 1444 67 22 skulle
779 1444 39 22 den

79 1479 119 30 betydande
213 1479 85 26 olikhet,
314 1487 44 14 som
373 1479 103 22 härintills
492 1478 123 23 förefunnits
626 1479 89 22 emellan
725 1479 93 22 bemälde
