1045 1706
416 141 80 21 XVII.
772 142 26 20 27

74 208 111 22 äfvensom
200 209 98 27 bolagets
314 209 112 27 betryckta
442 209 117 26 ställning
556 204 12 36 i
575 209 136 21 ekonomiskt
721 209 106 25 afseende,

74 249 49 15 men
143 245 32 19 att
190 245 51 19 enär
264 243 91 21 trafiken
374 244 13 20 &
411 244 70 21 denna
496 244 97 27 jernväg,
614 244 91 21 likasom
725 244 12 20 å
755 244 74 26 hvarje

77 283 69 15 annan
163 277 73 27 sädan,
252 278 69 21 mäste
336 278 25 20 är
376 278 47 20 frän
439 278 24 20 är
478 278 91 26 tilltaga,
585 278 24 21 sä
624 284 51 15 vore
691 278 37 21 det
738 280 52 18 utan
801 278 28 20 all

76 310 115 22 öfverdrift
208 312 106 26 antagligt
332 314 33 18 att
386 312 198 21 missförhällandet
601 312 90 21 emellan
711 312 118 21 inkomster

76 345 39 21 och
131 346 90 26 utgifter
235 346 81 26 ganska
332 348 61 19 snart
408 346 70 21 skulle
493 347 112 26 utjemnas.

148 380 75 20 Ehuru
239 380 91 22 Senaten
346 380 50 21 fann
413 380 25 22 de
454 380 125 28 uppställda
594 380 97 22 vilkoren
701 380 34 22 för
750 380 77 27 Hangö

72 414 103 25 jernvägs
191 414 64 27 inköp
271 414 23 21 af
308 414 69 21 finska
392 414 110 27 Styrelsen
517 415 7 20 i
540 415 116 20 allmänhet
667 415 110 26 antagliga
787 415 42 20 och

77 448 73 21 kunna
166 448 73 27 läggas
256 449 33 20 till
305 449 69 26 grund
388 449 35 20 för
438 451 31 19 ett
485 449 106 21 definitivt
605 449 94 26 köpslut,
711 449 67 26 ansåg
793 448 36 22 Se-

78 483 65 20 naten
159 482 36 21 det
215 482 54 22 dock
291 483 95 26 önskligt
408 485 32 19 att
455 483 85 21 landets
556 483 91 20 Ständer
663 483 108 21 lemnades
787 483 44 20 till

77 516 52 21 Tälle
147 517 32 20 att
203 517 97 21 deröfver
322 519 58 24 yttra
400 517 38 26 sig.
472 517 92 22 Senaten
587 517 54 21 hade
664 517 85 22 derföre
768 517 63 21 äfven

78 550 46 21 frän
145 551 122 26 Styrelsens
286 551 47 21 sida
352 551 70 22 säsom
438 552 70 26 grund
523 552 34 21 för
572 551 143 27 uppgörelsen
730 552 48 21 med
793 551 38 22 bo-

77 585 59 27 laget
150 585 119 27 föreslagit,
279 588 31 19 att
322 587 67 26 jemte
405 586 37 21 det
457 593 34 14 om
506 587 69 26 priset
591 586 32 21 för
634 587 69 20 banan
719 586 70 21 skulle
801 586 30 21 öf-

77 621 174 20 verenskommas
268 621 38 20 och
322 621 81 21 banans
420 620 125 27 trafikering
560 621 62 21 äfven
638 622 76 25 genast
730 621 22 21 af
766 622 65 20 stats-

77 654 76 21 verket
168 654 122 27 öfvertagas
306 655 39 21 och
355 655 96 26 besörjas
463 655 32 21 till
507 655 106 26 utgängen
625 655 22 20 af
657 655 24 21 är
693 656 59 25 1877,
765 655 66 21 borde

76 689 39 20 det
129 695 52 14 vara
197 689 110 26 Styrelsen
322 691 65 25 öppet
402 690 95 20 lemnadt
512 691 37 25 att,
562 690 65 20 sedan
642 689 101 27 yttrande
752 689 8 21 i
770 691 61 19 ären-

78 723 37 21 det
129 723 115 21 inhemtats
255 723 23 22 af
291 724 84 21 landets
386 730 81 15 samma
482 723 24 22 är
521 723 201 22 sammanträdande
733 723 98 26 Ständer,

78 757 57 21 inom
151 758 66 26 sagde
233 758 31 21 tid
283 758 85 21 besluta
383 758 106 21 huruvida
509 759 69 20 banan
595 758 69 21 skulle
679 758 34 21 för
729 759 102 20 statsver-

78 791 49 22 kets
143 792 91 27 räkning
249 793 81 20 inlösas
346 793 52 20 eller
413 793 53 20 icke.
498 793 32 20 Dä
546 793 118 20 emellertid
680 792 151 21 hufvudaktio-

77 828 91 20 närerne
184 827 6 20 i
206 827 87 26 bolaget
308 827 122 21 förklarade
447 827 32 27 sig
494 827 48 22 icke
557 827 72 21 kunna
639 827 28 26 pä
682 826 52 22 flera
744 827 24 21 är
778 833 54 20 upp-

75 861 76 27 skjuta
170 861 86 27 frågans
275 861 88 27 slutliga
380 861 123 28 afgörande,
523 862 96 21 återstod
637 861 34 21 för
693 861 91 22 Scnaten
800 862 33 20 att

80 898 51 25 taga
146 896 7 20 i
169 895 157 28 öfvervägande
342 897 26 20 de
383 896 23 21 af
420 897 86 27 bolaget
520 896 135 21 framställda
670 896 69 21 vilkor
754 896 34 21 för
801 897 32 20 ett

80 931 133 21 omedelbart
228 931 65 27 inköp
309 931 23 21 af
345 931 164 26 ifrägavarande
521 932 96 26 jernväg.

149 966 34 20 Då
206 966 97 25 Senaten,
320 965 54 21 efter
393 965 161 27 öfverläggning
576 966 7 20 i
603 964 67 22 saken
690 965 79 26 jemväl
785 964 48 21 med

80 1000 85 21 landets
185 1000 205 26 Generaleuvernör,
407 1000 67 26 ansåg
490 1000 32 26 sig
537 999 59 25 böra,
612 999 6 21 i
634 998 152 27 hufvudsaklig
802 998 31 21 öf-

80 1034 199 22 verensstämmelse
298 1034 49 21 med
365 1034 26 21 de
411 1034 23 20 af
450 1034 86 26 bolaget
554 1033 123 27 uppställda
696 1033 74 25 vilkor,
791 1032 42 21 för-

81 1068 54 22 orda
152 1068 82 21 banans
253 1069 82 20 inlösen
354 1068 34 21 för
408 1068 142 21 statsverkets
568 1067 98 26 räkning,
687 1066 147 22 underställde

82 1104 93 20 Senaten
191 1102 234 27 försäljningsanbudet
440 1102 60 21 Hans
515 1102 121 26 Kejserliga
651 1101 113 27 Majestäts
778 1102 57 25 höga

82 1137 123 27 afgörande,
222 1136 89 22 hvarvid
326 1136 92 22 Senaten
434 1136 99 21 framhöll
549 1135 65 21 bland
629 1137 66 19 annat
710 1135 103 26 följande:

155 1173 32 19 1:0
198 1173 32 19 att
241 1172 27 20 dä
278 1172 76 25 Hangö
367 1171 89 26 jernväg
467 1172 114 24 utmynnar
592 1170 35 20 vid
639 1170 117 25 sydligaste
766 1169 69 26 punk-

83 1209 36 19 ten
129 1207 23 21 af
166 1206 102 21 Finlands
279 1206 56 21 fasta
343 1206 56 26 land,
412 1206 37 20 der
464 1204 150 27 navigationen
630 1204 74 26 längre
715 1204 31 20 tid
757 1204 23 20 af
790 1203 46 21 äret

83 1243 28 19 än
125 1241 28 26 pä
172 1241 66 26 nägot
260 1242 65 19 annat
345 1240 62 20 ställe
430 1240 23 20 af
469 1239 57 21 fasta
544 1239 73 21 landet
632 1240 24 18 är
671 1240 76 24 öppen,
763 1237 72 27 afsägs

83 1275 48 21 med
148 1276 80 19 banans
248 1274 129 26 anläggning
399 1274 77 20 främst
495 1272 156 22 förmedlandet
665 1272 23 20 af
701 1272 136 20 transitotra-

81 1309 32 21 fik
129 1308 90 22 emellan
235 1308 107 27 Ryssland
358 1308 38 20 och
413 1307 103 25 utlandet,

155 1344 34 18 2:0
205 1343 33 19 att
253 1342 76 25 Hangö
346 1342 90 24 jernväg
451 1340 139 26 genomlöper
605 1340 33 19 till
654 1341 45 18 stor
710 1339 34 19 del
755 1338 83 26 ganska

84 1378 43 19 tätt
141 1375 114 21 befolkade
275 1374 89 26 trakter,
380 1373 83 21 hvilkas
483 1373 93 21 industri
592 1372 39 21 och
649 1372 106 26 jordbruk
771 1371 65 21 redan

85 1410 92 28 uppnått
193 1416 25 15 en
237 1410 74 27 större!
326 1408 123 26 utveckling
465 1408 40 20 och
519 1409 33 19 att
567 1406 91 21 trafiken
674 1406 13 21 &
702 1406 66 26 sagde
780 1405 59 27 jern-

85 1447 41 25 väg
145 1445 90 24 komme,
256 1444 7 21 i
282 1444 40 21 den
341 1449 49 15 mon
410 1443 26 20 de
454 1441 151 22 kommersiela
624 1440 163 21 förhällandena
805 1442 34 19 ut-

85 1479 85 22 vecklas
190 1480 55 20 samt
264 1478 34 21 till
316 1477 51 28 följe
386 1477 22 21 af
422 1477 77 26 Hangö
518 1476 74 21 hamns
611 1474 34 22 för
665 1475 103 26 sjöfarten
787 1480 53 21 gyn-
