1048 1706
280 160 12 20 4
540 160 29 18 U.
581 161 28 17 B.
623 160 68 18 XIX.

250 220 79 20 Härtill
347 221 96 20 kommer
465 221 54 21 dock
540 221 124 28 ytterligare
688 220 39 21 den
750 228 83 13 summa
855 220 23 20 af
891 220 27 21 20
933 219 46 21 mil-

246 254 65 27 joner
334 254 67 26 mark,
425 262 45 13 som
491 255 103 21 Finlands
615 254 57 22 bank
691 254 65 28 enligt
778 255 12 19 6
809 255 7 27 $
832 254 6 20 i
861 254 118 27 reglemen-

249 290 31 19 tet
295 295 49 21 eger
360 288 7 20 i
382 288 71 21 sedlar
474 289 82 28 utgifva
579 290 84 21 utöfver
684 289 100 27 beloppet
799 288 23 21 af
835 288 33 21 sin
882 287 96 21 innehaf-

248 322 70 21 vande
331 322 122 21 metalliska
467 324 71 20 valuta
555 323 40 21 och
609 323 92 26 hvilken,
711 323 46 21 ifall
772 323 24 21 af
809 322 69 25 behof,
893 322 35 21 hel
938 322 40 21 och

248 356 71 22 hällen
334 356 42 21 kan
391 357 35 21 vid
441 357 40 21 den
495 357 113 22 inländska
618 357 123 27 utläningen
753 356 114 22 användas.
882 356 33 21 En
924 356 54 28 jem-

247 390 90 22 förande
361 392 131 27 granskning
514 392 90 21 emellan
626 392 47 20 dei
688 392 51 20 Tab.
762 391 33 21 III
816 390 104 28 uppgifna
934 397 43 14 me-

247 425 88 21 talliska
350 425 113 21 valutorna
485 426 39 21 och
541 426 39 21 den
596 425 130 27 utelöpande
748 424 147 22 sedelstocken
911 424 66 28 gifver

246 459 35 22 vid
296 459 91 26 handen,
403 461 32 20 att
452 460 40 21 den
515 460 117 21 metalliskt
654 459 114 22 obetäckta
788 459 188 21 sedelemissionen

245 493 47 22 icke
306 494 75 21 behöft
392 494 105 27 tilleripas
513 494 73 22 förrän
600 496 45 19 mot
656 494 66 21 slutet
736 493 24 21 af
772 495 24 20 är
814 494 53 20 1875
880 495 55 19 samt
944 495 33 19 att

245 528 173 21 sedelvalutorna
432 529 35 20 vid
488 528 110 22 bokslutet
618 528 75 21 ultimo
715 528 118 21 December
850 529 52 20 1876
918 528 57 21 med-

244 563 64 27 gäfvo
323 569 26 14 en
363 563 124 28 ytterligare
503 563 100 22 emission
618 563 23 21 af
654 564 80 20 inemot
750 564 25 19 15
793 563 99 27 miljoner
906 563 67 20 mark.

244 597 32 22 Ur
290 597 93 21 berörda
396 597 135 21 förhållande
546 605 62 21 synes
620 597 40 21 den
674 597 108 21 allmänna
792 597 114 27 grundsats
922 596 52 21 kun-

245 638 27 14 na
289 631 90 26 hemtas,
403 631 85 22 hvilken
503 631 61 22 äfven
589 631 111 22 Utskottet
714 631 35 21 för
764 631 32 21 sin
812 630 33 21 del
864 637 62 14 anser
941 630 34 21 för

244 665 41 22 den
300 665 86 28 riktiga,
402 667 32 19 att
448 666 106 27 nemligen
577 665 101 22 Finlands
696 665 68 22 banks
779 665 111 21 inhemska
904 664 69 21 vexel-

244 699 40 21 och
299 699 130 21 länerörelse
444 700 179 28 hufvudsakligen
637 701 40 20 bör
692 700 45 21 afse
752 701 30 20 ett
800 699 71 21 säkert
889 698 82 21 förrän-

243 732 64 21 tande
318 733 23 20 af
349 733 96 21 bankens
456 734 122 27 disponibla
589 733 87 27 kapital,
684 734 111 21 hvaremot
804 733 39 21 den
855 733 118 27 öfverskju-

242 767 64 21 tande
322 767 187 22 sedelemissionen
525 768 66 21 borde
608 768 110 21 betraktas
738 768 56 21 blott
813 769 71 20 såsom
899 774 25 14 en
940 775 32 13 re-

242 801 144 28 servtillgäng,
395 801 85 22 hvilken
494 802 72 21 kunde
581 802 106 28 tillgripas
702 803 68 20 under
780 801 61 27 tider,
853 802 27 21 dä
895 801 77 22 affärs-

241 835 130 28 ställningen
385 836 6 20 i
407 835 73 22 landet
494 837 163 27 nödvändigtvis
673 836 112 27 päkallade
800 843 25 14 en
842 836 95 27 stegring
949 836 23 21 af

240 869 96 22 bankens
353 869 102 28 utläning.

296 903 48 22 Den
359 905 176 21 ansvarsfullaste
547 905 24 20 af
577 904 103 21 Finlands
688 904 67 21 banks
770 904 153 27 förrättningar
932 903 39 21 har

241 937 68 22 under
331 938 143 21 sistförflutna
496 939 24 21 är
535 938 137 22 tvifvelsutan
695 939 55 20 varit
766 938 92 21 handeln
874 937 48 21 med
938 939 32 19 ut-

239 971 91 22 ländska
341 972 79 21 vexlar.
450 972 60 22 Bäde
525 972 84 22 derföre
622 974 32 19 att
666 972 85 21 banken
766 979 76 20 genom
853 972 116 27 reglemen-

238 1007 32 19 tet
284 1005 134 28 berättigats,
434 1008 31 19 att
480 1006 33 21 till
528 1006 54 20 fulla
596 1006 102 26 beloppet
712 1006 23 20 af
749 1005 47 21 sina
811 1005 80 27 egande
907 1005 62 21 ostri-

238 1039 50 28 diga
306 1040 121 28 fordringar
444 1040 7 21 i
469 1040 97 21 utlandet
585 1040 81 28 utgifva
684 1040 71 21 sedlar
776 1040 40 22 och
834 1040 61 22 äfven
914 1047 55 14 eme-

237 1074 42 21 dan
294 1074 70 22 denna
387 1074 121 28 affärssren
522 1074 6 20 i
545 1074 115 21 allmänhet
678 1074 108 21 erfordrar
805 1082 24 13 en
848 1075 69 21 större
932 1074 36 21 ka-

236 1108 129 28 pitalstyrka
381 1110 27 20 än
423 1109 46 25 den,
485 1108 113 22 hvaröfver
612 1108 82 22 landets
706 1108 97 21 enskilda
817 1108 150 22 kreditanstal-

236 1144 33 19 ter
283 1144 36 26 egt
333 1144 33 19 att
388 1142 90 28 förfoga,
496 1143 39 20 har
549 1142 101 22 Finlands
665 1142 57 22 bank
741 1142 106 21 härintills
863 1142 54 21 varit
932 1149 34 14 om

235 1176 47 21 icke
297 1176 41 20 den
353 1176 54 21 enda
422 1176 65 22 likväl
503 1176 40 21 den
559 1177 118 21 förnämsta
690 1177 143 20 förmedlaren
846 1177 23 20 af
882 1176 83 21 landets

234 1209 160 28 affärsligvider
409 1210 48 21 med
472 1210 103 22 utlandet.
619 1210 33 21 Då
667 1210 70 21 dertill
758 1211 26 21 de
799 1210 67 21 under
882 1212 84 19 senaste

233 1245 26 19 år
273 1244 114 21 inträffade
401 1245 84 27 hastiga
499 1246 40 19 och
555 1248 59 17 stora
628 1245 139 25 vexlingarna
777 1246 7 18 i
793 1244 171 27 myntmetallens

233 1278 44 26 pris
293 1278 32 20 uti
340 1278 43 20 alla
401 1278 159 21 transaktioner
578 1278 47 20 med
641 1278 97 20 utlandet
754 1278 66 20 infört
836 1284 26 14 en
877 1278 88 20 betänk-

232 1310 29 29 lig
276 1311 114 22 osäkerhet
405 1311 40 21 och
459 1311 51 26 risk,
523 1318 45 14 som
584 1311 96 21 enskilda
690 1311 210 29 affärsinrättningar
916 1312 49 21 sökt

231 1346 100 26 undvika,
346 1346 40 21 har
402 1346 59 21 detta
475 1346 133 21 förhållande
626 1346 124 28 ytterligare
767 1346 93 28 bidragit
875 1348 33 19 att
922 1346 41 22 öka

230 1380 189 22 centralisationen
433 1380 24 22 af
466 1380 164 28 ifrågavarande
645 1380 77 22 handel
732 1382 39 20 hos
780 1381 102 21 Finlands
898 1381 63 22 bank.

229 1416 51 22 Men
302 1416 67 22 ehuru
391 1416 36 21 det
445 1415 81 22 således
543 1416 58 22 inom
618 1416 108 22 Utskottet
740 1416 60 21 äfven
820 1416 94 26 erkänts,
930 1418 32 20 att

228 1450 96 23 bankens
339 1451 103 28 ställning
464 1451 94 28 erbjudit
575 1451 136 28 svårigheter,
730 1451 34 21 för
778 1451 82 22 hvilkas
876 1451 84 28 lösning

228 1485 40 22 den
282 1485 129 28 föregående
440 1485 69 22 tidens
526 1485 121 22 erfarenhet
666 1485 47 22 icke
730 1485 62 28 gifvit
805 1487 70 27 någon
890 1486 67 21 hand-

272 1525 154 19 Bankutskottets
441 1526 107 18 Berättelse.
