1048 1703
387 145 26 19 U.
426 146 28 18 B.
465 145 67 20 XIX.
782 148 12 20 7

96 209 69 20 luster
179 208 33 21 för
227 207 85 22 banken
326 209 98 26 uppstått
437 216 77 20 genom
525 208 34 21 för
573 208 60 28 långt
643 209 121 21 utsträckta
777 209 47 20 kre-

96 243 76 20 diter
168 237 15 38 i
190 242 41 21 den
259 241 116 22 utländska
402 242 159 22 vexelhandeln.
590 242 32 21 De
640 242 24 21 af
682 242 142 28 Fullmäktige

97 276 49 22 med
161 275 115 28 anledning
290 275 63 22 deraf
370 276 102 28 vidtagna
493 276 99 28 åtgärder
606 275 64 22 hafva
690 276 62 21 äfven
766 278 59 26 synts

98 310 111 21 Utskottet
222 309 112 28 tillfyllest,
348 317 48 13 men
411 309 110 22 Utskottet
536 309 42 22 kan
592 309 66 21 likväl
672 309 47 21 icke
731 309 45 21 helt
786 310 40 21 och

98 344 66 21 hållet
179 343 48 21 dela
241 343 154 27 Fullmäktiges
410 344 13 20 å
437 343 39 21 sid.
494 344 25 20 10
534 343 23 21 af
572 342 62 22 deras
661 343 117 21 berättelse
792 345 34 19 ut-

97 378 71 22 talade
182 377 145 28 uppfattning,
341 379 32 19 att
388 376 69 23 denna
470 377 134 28 rörelsegren
617 376 59 22 förut
690 377 136 22 uteslutande

98 413 72 21 berott
184 411 23 22 af
219 411 176 22 kontorschefens
410 411 120 27 urskilning
541 412 39 21 och
592 411 165 27 sakkännedom,
772 419 56 15 eme-

100 446 42 22 dan
157 445 246 27 centralförvaltningen,
417 446 33 20 till
465 445 85 22 hvilken
564 445 27 22 de
606 445 34 21 vid
655 445 105 21 kontoren
774 452 54 21 upp-

100 480 67 28 köpta
195 479 101 22 vexlarna
325 479 110 21 efterhand
451 480 140 26 öfversändts,
607 480 35 26 egt
655 479 85 21 tillfälle
754 481 34 19 att
800 480 30 27 pä

100 513 69 29 grund
184 512 25 22 af
220 512 110 22 inhemtad
344 513 120 21 kännedom
493 513 24 21 af
530 514 108 21 desamma
651 512 99 22 meddela
776 513 53 22 kon-

100 548 122 22 torschefen
238 548 25 21 de
280 549 99 20 närmare
396 547 135 22 föreskrifter
555 548 40 22 och
619 547 211 28 förhållningsorder,

102 591 46 14 som
162 583 35 21 för
211 582 95 22 bankens
322 582 99 21 säkerhet
435 583 7 20 i
456 583 74 28 hvarje
544 583 38 21 fall
608 583 56 20 varit
684 582 85 27 nödiga.
798 583 33 20 En

102 617 58 29 dylik
181 617 131 27 granskning
329 617 24 20 af
367 617 25 20 de
420 617 48 21 från
482 617 105 21 kontoren
616 616 100 22 inkomna
730 617 103 21 vexlarna

102 659 63 22 synes
180 651 62 22 äfven
257 651 133 21 fortfarande
405 651 53 21 höra
472 651 33 22 till
516 651 206 22 Bankdirektionens
737 651 95 28 åliggan-

103 693 33 19 ae,
151 684 137 23 alldenstund
304 684 70 22 denna
388 692 77 20 genom
473 685 133 27 brefvexling
620 684 47 22 med
677 684 96 22 bankens
788 692 44 14 om-

102 720 45 21 bud
162 720 7 20 i
184 719 98 21 utlandet
296 719 42 21 kan
354 719 103 22 förskaffa
475 721 32 27 sig
526 720 154 28 upplysningar
695 726 35 14 om
745 720 40 20 den
800 722 34 18 ut-

103 753 91 22 ländska
207 752 202 28 vexelgäldenärens
424 760 78 20 person
518 754 40 21 och
573 752 175 29 affärsställning,
763 754 72 21 hvilka

103 788 97 21 deremot
213 787 35 21 för
262 786 220 23 diskontkomiteerna
496 788 7 21 i
518 787 26 21 de
558 786 62 23 flesta
635 786 37 22 fall
688 788 37 20 äro
740 788 90 21 okända.

160 832 142 34 Åberopande
317 838 55 22 hvad
401 838 144 28 Fullmäktige
558 839 13 20 å
589 838 39 22 sid.
645 839 11 21 7
672 838 39 21 och
726 840 14 20 8
754 839 24 21 af
791 846 43 14 om-

105 874 105 21 förmälda
239 873 116 22 berättelse
381 872 72 22 anfört
474 880 34 14 om
530 872 120 22 tillståndet
663 872 49 22 med
737 873 97 22 bankens

105 908 77 21 fonder
202 907 34 22 får
261 907 109 22 Utskottet
386 908 75 21 härom
476 907 69 21 uttala
566 908 32 20 att
612 906 41 22 den
667 906 69 22 under
763 907 26 21 de
803 914 32 15 se-

107 944 61 20 naste
183 943 51 21 åren
250 942 81 21 skedda
352 941 109 28 betydliga
483 941 155 27 indragningen
652 940 24 22 af
688 941 58 28 guld,
770 942 66 27 enligt

106 977 122 21 Utskottets
242 977 92 27 mening,
343 976 55 21 varit
412 976 125 21 välbetänkt
551 977 56 20 samt
620 974 48 22 med
690 975 95 22 bankens
800 977 37 21 än-

108 1011 71 21 damål
194 1010 40 21 och
250 1017 67 14 sanna
331 1010 91 20 intresse
437 1008 237 23 öfverensstämmande.
709 1009 70 21 Sedan
794 1009 43 22 för-

107 1045 164 27 hoppningarna
287 1051 35 14 om
337 1051 26 14 en
381 1043 191 28 guldmyntreform
589 1049 90 14 numera
699 1044 85 20 närmat
804 1043 34 28 sig

108 1080 66 21 målet
189 1078 23 22 af
224 1080 30 19 ett
269 1080 60 19 snart
344 1077 171 27 förverkligande
530 1076 61 22 torde
607 1076 55 21 dock
676 1083 25 14 en
714 1077 123 27 ytterligare

108 1113 122 27 minskning
245 1112 23 21 af
280 1112 96 21 bankens
394 1111 147 22 silfverförråd
558 1111 35 21 vid
608 1110 128 21 inträffande
750 1117 89 22 gynsam

108 1147 132 28 konjunktur
268 1147 74 20 kunna
369 1145 103 28 vidtagas,
488 1146 6 20 i
508 1145 80 22 hvilket
602 1144 101 22 afseende
729 1145 111 23 Utskottet

109 1182 81 22 tillåter
204 1181 32 27 sig
251 1180 57 22 fästa
320 1180 189 28 uppmärksamhet
519 1179 79 26 dervid,
614 1181 32 19 att
661 1180 11 20 7
688 1179 11 27 $
713 1178 8 22 i
734 1178 106 29 bankreg-

109 1217 102 21 lementet
224 1215 47 21 icke
285 1214 144 26 föreskrifver,
445 1216 32 19 att
490 1214 85 22 banken
588 1213 41 21 bör
644 1213 8 21 i
666 1213 64 21 kassa
744 1213 96 21 innehaf-

112 1258 26 14 va
154 1251 26 20 10
194 1249 99 28 miljoner
306 1248 61 22 mark
381 1249 7 21 i
403 1248 73 22 silfver
490 1250 53 20 utan
554 1247 76 22 endast
644 1249 32 20 att
687 1247 96 21 bankens
797 1254 43 14 me-

112 1284 88 22 talliska
213 1284 70 25 kassa,
297 1282 86 22 hvartill
398 1282 62 22 äfven
482 1282 50 28 guld
547 1281 85 27 räknas,
653 1281 56 21 skall
721 1282 73 27 uppgå
807 1281 34 21 till

112 1318 67 28 sagda
193 1318 84 27 belopp.

170 1367 136 22 Beträffande
321 1367 36 20 det
372 1366 35 21 vid
422 1365 83 22 banken
525 1364 83 22 härtills
627 1364 67 28 följda
707 1364 135 27 bokförings-

114 1405 44 20 sätt
172 1403 40 21 och
227 1401 173 29 uppställningen
411 1399 24 22 af
443 1399 26 21 de
483 1399 96 26 tabeller,
594 1405 47 16 som
655 1398 67 23 finnes
735 1398 107 22 Fullmäk-

114 1438 55 28 tiges
197 1436 115 23 berättelse
341 1434 118 29 vidfogade,
486 1434 64 22 hafva
571 1433 23 22 af
607 1441 26 14 en
648 1432 195 23 utskotts-medlem

116 1472 84 22 Doktor
216 1471 19 22 J.
251 1471 24 22 A.
291 1470 100 22 Lindelöf
407 1469 106 22 särskilda
529 1468 119 30 skriftligen
676 1467 102 24 affattade
806 1475 37 16 an-

162 1513 152 20 Bankutskottets
326 1513 107 20 Berättelse.
