986 1709
294 148 25 20 U.
331 149 28 18 B:
372 156 20 4 —
406 149 78 24 Prop.
496 150 43 18 N:o
551 150 36 18 48.
765 152 12 20 7

80 220 63 22 häraf
163 219 62 22 torde
240 220 66 21 blifva
323 219 39 22 den
378 221 32 19 att
424 219 29 22 all
468 220 128 21 länerörelse
610 220 48 21 frän
673 220 133 28 Föreningen

81 254 68 22 under
165 253 59 22 tiden
243 253 91 28 upphör,
348 255 33 19 att
394 253 73 28 hvarje
482 253 103 27 delegare,
601 261 46 15 som
659 254 36 21 det
706 254 100 28 möjligen

79 288 50 25 kan,
145 287 100 28 erbjuder
254 287 67 26 ligvid
335 286 34 21 för
385 286 38 21 sitt
437 286 35 21 län
487 287 33 20 för
535 289 32 19 att
578 287 23 20 fä
614 287 48 21 frän
674 287 133 28 Föreningen

79 321 93 26 utträda,
188 323 55 20 samt
257 322 33 19 att
304 320 142 27 Föreningens
461 319 167 30 affärsställning
642 328 45 14 mer
702 321 41 21 och
762 327 45 15 mer

80 355 121 21 försämras.
217 368 28 3 —
259 354 83 21 Tänker
356 361 50 14 man
420 354 32 27 sig
467 355 56 20 ännu
538 354 72 22 härtill
625 355 137 28 möjligheten
776 357 32 20 att

81 389 125 28 delegarene
220 389 7 21 i
243 389 26 21 de
284 389 64 21 södra
363 388 86 21 delarne
463 388 24 21 af
497 388 73 21 landet
578 389 71 21 kunde
660 389 58 22 finna
725 389 33 22 sin
765 389 43 22 för-

80 423 34 22 del
128 423 36 21 vid
178 425 32 20 att
224 422 35 22 vid
275 422 166 28 bolagsstämma
460 422 80 28 päyrka
553 422 124 22 realisation
687 423 24 21 af
717 423 27 21 de
749 423 59 28 jord-

83 457 123 28 lägenheter
228 457 134 27 Föreningen
383 463 30 14 nu
432 463 49 21 eger
495 457 39 20 och
549 456 92 21 bristens
655 456 132 23 betäckande
801 457 7 20 i

81 491 93 28 enlighet
189 491 47 21 med
251 492 11 27 &
280 492 25 20 16
321 491 23 21 af
356 491 145 28 reglementet,
516 497 62 21 synes
593 490 35 21 det
637 491 43 27 mig
686 491 65 28 högst
759 491 49 21 väd-

80 525 40 28 ligt
134 525 34 22 för
180 525 117 28 jordbruks
314 525 96 21 krediten
425 525 7 20 i
447 525 46 21 värt
507 524 51 22 land
573 526 31 20 att
618 525 47 21 icke
680 527 75 26 genast
765 525 44 22 vid-

81 561 50 26 taga
153 559 44 22 alla
225 559 26 22 de
280 559 100 28 ätgärder
402 566 46 15 som
462 559 73 21 kunna
549 565 62 16 anses
626 559 89 28 bidraga
729 559 33 22 till
777 562 32 19 att

80 593 107 22 verksamt
210 593 96 28 afhjelpa
328 593 41 22 den
388 593 135 28 brydsamma
536 593 132 27 belägenhet,
683 593 60 22 hvari
758 593 51 22 För-

81 628 95 27 eningen
190 627 69 21 räkat.

137 661 40 28 Jag
192 661 97 22 anhäller
305 661 84 22 derföre
403 661 21 22 fä
439 661 108 22 vördsamt
561 661 87 22 föreslä:

269 728 29 19 alt
325 725 76 22 landets
424 725 91 27 Ständer,
535 727 62 26 jemte
616 726 32 21 det
661 725 24 22 de
699 726 68 26 bifalla
782 727 29 21 till

212 759 225 27 Hypoteksföreningens
452 759 94 22 anhållan
560 765 32 16 om
606 759 121 27 afskrifning
741 760 23 27 af
778 761 32 21 det

211 794 35 21 lån
274 795 14 20 &
303 793 107 25 600,000
426 793 57 21 mark
495 793 34 26 för
543 793 70 22 hvilket
628 793 122 28 Föreningen
765 795 46 26 häf-

213 829 33 20 tar
261 828 30 21 till
305 827 93 22 Finlands
412 827 64 25 Bank,
490 827 51 26 ville,
551 828 44 20 med
599 827 104 26 förmälan
714 830 30 19 att
753 829 56 20 Stän-

213 861 66 21 derna
291 862 34 25 för
339 862 31 20 sin
384 861 32 21 del
429 862 41 20 icke
485 867 48 15 anse
546 861 225 28 Hypoteksföreningens
779 863 31 20 in-

212 895 91 22 vecklade
319 894 157 28 affärsstälining
490 895 67 22 kunna
571 895 72 22 endast
654 901 70 21 genom
743 896 66 21 denna

212 929 166 26 läneafskrifning
394 928 125 27 fullständigt
535 929 90 26 regleras
640 930 36 20 och
690 930 64 21 under
767 930 43 25 för-

213 963 109 26 utsättning
345 963 30 20 att
395 962 58 26 nödig
470 962 115 22 subvention
599 963 27 26 af
635 963 103 22 allmänna
752 966 59 19 stats-

214 997 63 22 medel
299 998 6 19 i
319 1002 25 16 en
358 996 48 22 eller
420 1003 69 15 annan
501 997 54 26 form
569 997 76 21 komme
659 999 30 20 att
701 997 30 22 till
745 999 65 27 Hypo-

214 1031 159 27 teksföreningen
397 1030 83 28 lemnas,
495 1031 36 22 hos
547 1032 55 21 Hans
616 1031 114 28 Kejserliga
744 1033 65 27 Maje-

216 1067 41 19 stät
277 1067 8 19 i
305 1065 157 26 underddnighet
479 1065 82 22 anhalla
574 1067 30 20 att
616 1065 34 22 vid
663 1067 88 21 nämnda
765 1067 46 21 sud-

214 1101 81 20 tenlion
315 1099 77 21 sådana
412 1099 63 21 vilkor
500 1099 37 21 och
556 1099 98 26 förbehåll
666 1100 60 21 borde
738 1101 73 26 fästas,

213 1138 44 16 som
270 1132 98 23 innebure
384 1139 24 16 en
422 1134 81 25 garanti
511 1135 30 19 att
548 1133 135 27 Föreningens
688 1133 125 26 fortbestånd

216 1166 130 27 betryggades
360 1167 37 20 och
412 1167 44 20 dess
471 1167 124 21 verksamhet
605 1167 35 26 för
654 1167 68 22 landet
732 1167 80 27 gjordes

217 1200 98 26 fruktbar.

464 1261 63 22 Hans
542 1261 84 22 Gustaf
638 1261 75 28 Boije.

90 1506 3 33 |
282 1520 120 24 Helsingfors,
415 1520 22 18 A.
443 1520 22 18 A.
472 1520 90 22 Lindfors,
577 1521 51 17 1877.
