1039 1709
424 137 20 36 IL
768 142 12 20 3

57 209 70 21 vilkor
151 209 38 21 och
212 208 173 22 modifikationer
404 210 148 26 stadgandena
570 210 92 21 rörande
678 210 132 27 öfverlopps-

54 243 62 27 jords
132 243 119 27 afvittring,
267 243 85 26 refning
369 244 39 20 och
425 244 161 26 skattläggning
602 244 61 21 stode
679 246 32 18 att
725 246 7 19 i
744 245 66 25 sagde

57 277 99 21 landsdel
179 278 142 26 genomföras,
341 280 27 18 än
384 278 132 21 beträffande
532 278 26 21 de
574 278 152 27 skyldigheter,
742 284 46 16 som
803 279 7 20 i

58 311 101 21 afseende
175 312 12 20 å
203 312 171 21 landsförsvaret
396 313 72 20 kunde
490 313 161 21 vederbörande
669 313 95 26 åläggas,
780 313 30 20 äf-

57 352 88 15 vensom
169 345 120 22 Ständerna
312 346 71 21 tillika
405 346 92 21 anhållit
519 348 33 19 att
573 347 65 26 nådig
652 347 158 26 proposition
800 341 14 36 i

57 382 79 24 ämnet,
151 380 109 27 uppgjord
275 381 49 21 med
340 381 86 26 ledning
442 381 22 21 af
478 381 90 21 sålunda
583 381 122 22 inhemtade
722 381 88 27 upplys-

57 415 83 26 ningar,
164 415 67 20 måtte
251 415 120 21 Ständerna
386 415 36 21 vid
438 415 183 22 förstkommande
636 416 104 26 landtdag
755 415 57 22 före-

57 449 75 26 läggas
156 451 57 19 samt
231 455 29 15 nu
276 449 116 22 bestående
408 449 149 22 förhållanden
572 450 120 21 emellertid
707 450 81 21 lemnas
803 451 9 20 i

58 483 109 22 orubbadt
182 483 60 21 skick
258 484 107 21 intilldess
381 484 89 21 ärendet
485 485 71 23 kunde
567 485 66 21 varda
643 485 7 20 i
661 485 49 26 laga
721 485 91 26 ordning

59 518 102 27 slutligen
177 518 101 27 afgjordt.
309 518 45 21 Och
370 519 66 20 sedan
451 519 7 20 i
473 519 53 26 följd
541 519 64 21 häraf
614 519 110 27 Styrelsen
735 519 76 21 tillför-

59 553 77 20 ordnat
159 559 25 14 en
204 553 68 21 sådan
291 553 147 26 kommission,
454 559 46 16 som
515 554 7 20 i
538 553 77 22 anförd
630 554 67 21 måtto
713 553 23 21 af
750 553 62 22 Stän-

59 588 66 20 derna
140 587 117 26 förordats,
277 589 57 20 samt
353 588 69 21 denna
437 587 146 27 kommission,
600 588 54 21 efter
668 588 73 21 hållna
757 594 55 15 sam-

58 622 128 21 manträden
209 622 57 21 inom
290 628 26 15 en
335 622 52 21 hvar
406 622 22 21 af
442 622 26 21 de
483 622 165 27 ifrågavarande
664 623 125 25 socknarne,
805 623 7 20 i

58 656 102 21 afseende
176 656 13 20 å
203 656 137 27 fullgörande
355 656 23 21 af
392 657 38 20 sitt
446 657 103 26 uppdrag,
561 657 33 21 till
606 657 109 27 Styrelsen
726 657 88 21 insändt

58 691 27 21 de
100 691 35 20 vid
151 691 92 21 berörde
259 691 173 21 sammanträden
445 691 63 22 förda
518 691 109 27 protokoll
635 692 67 27 jemte
712 691 101 22 kommis-

59 726 86 20 sionens
169 725 67 27 derpå
259 725 110 27 grundade
388 726 106 26 yttrande,
511 726 113 21 hvaröfver
640 727 65 20 också
720 726 94 21 utlåtan-

59 760 41 21 den
115 760 24 21 af
153 759 110 28 åtskilliga
278 760 149 27 myndigheter
438 761 123 21 sedermera
571 761 123 26 inhemtats,
705 761 39 21 har
753 761 60 20 Hans

59 795 124 26 Kejserliga
206 794 109 27 Majestät,
340 801 45 14 som
401 795 125 26 emellertid,
544 795 22 21 af
580 795 146 22 förekommen
741 795 73 21 anled-

59 830 58 26 ning,
133 829 50 21 låtit
199 829 40 21 den
257 830 23 20 11
298 829 44 27 Maj
361 830 53 20 1874
431 829 86 22 utfärda
531 830 67 27 nådig
608 830 136 27 kungörelse,
756 830 58 21 inne-

59 865 98 21 fattande
180 864 135 22 vitesförbud
337 865 121 21 tillsvidare
481 867 57 19 emot
560 865 128 26 afverkning
710 865 34 21 till
769 865 45 21 vid-

61 899 120 21 sträcktare
204 899 70 21 afsalu
297 899 47 21 från
361 899 107 26 skogarne
482 899 58 22 inom
555 899 118 27 Kuusamo,
689 899 126 22 Kemiträsk

61 934 39 21 och
122 933 128 27 Kuolajärvi
274 933 97 26 socknar,
393 934 79 26 jemväl
495 934 87 26 nädigst
604 933 113 22 förordnat
740 935 32 20 att
786 940 28 21 ny

60 968 142 27 proposition,
219 968 111 26 angäende
345 967 126 28 förändring
487 968 23 21 af
524 968 140 21 omförmälda
682 968 133 21 knektekon-

60 1003 65 25 trakt,
143 1002 71 21 skulle
229 1002 12 21 &
257 1003 70 20 denna
342 1002 103 27 landtdag
462 1003 120 21 Ständerna
596 1003 129 26 föreläggas.

134 1037 31 20 10.
196 1036 38 21 Uti
257 1035 116 22 aflemnadt
392 1043 49 14 svar
456 1037 28 26 pä
499 1037 79 26 nädiga
593 1037 169 27 propositionen,
779 1043 36 14 an-

61 1071 82 27 gående
159 1071 118 21 anvisande
292 1071 24 20 af
329 1071 93 21 kreditiv
438 1072 32 20 till
482 1072 255 26 undsättningsätgärder
747 1072 69 21 under

61 1105 129 22 missväxter
206 1105 52 21 eller
274 1105 33 21 till
323 1105 67 21 andra
405 1106 182 26 utomordentliga
599 1106 68 26 behof,
679 1106 64 21 hafva
754 1105 62 22 Stän-

62 1140 67 21 derna
144 1140 7 20 i
166 1139 173 27 underdänighet
355 1140 86 26 anmält,
458 1142 32 19 att
506 1140 25 21 de
547 1141 77 20 endast
638 1141 48 20 med
700 1141 58 20 vissa
768 1140 49 21 frän

61 1174 164 27 propositionen
248 1173 114 22 afvikande
383 1174 70 21 vilkor
469 1175 84 20 anvisat
569 1176 31 19 ett
615 1175 94 20 kreditiv
724 1175 23 20 af
761 1175 56 20 ända

62 1209 34 21 till
119 1215 25 14 en
163 1209 82 20 million
264 1208 61 21 mark
341 1209 12 20 å
368 1208 102 21 Finlands
486 1209 61 20 Bank
563 1209 34 20 till
614 1209 121 26 Styrelsens
750 1209 67 21 förfo-

63 1243 69 27 gande
147 1243 7 21 i
171 1243 39 20 och
225 1242 34 21 för
273 1243 256 26 undsättningsätgärder
540 1243 68 21 under
618 1243 134 26 missväxter,
764 1245 53 19 utan

63 1280 32 19 att
111 1277 54 21 dock
181 1277 212 26 omständigheterna
403 1277 78 21 hittills
492 1277 96 27 päkallat
598 1278 110 21 anlitande
718 1277 24 21 af
752 1277 66 26 sagde

62 1312 101 21 kreditiv.

135 1346 54 19 11:0.
221 1345 96 20 Emedan
341 1345 125 25 Ständerna,
482 1345 36 20 vid
540 1345 144 20 besvarandet
703 1344 23 21 af
739 1345 80 25 nädiga

62 1379 164 27 propositionen
241 1379 7 20 i
264 1379 115 26 anledning
402 1378 23 21 af
445 1379 65 20 väckt
527 1378 62 27 fräga
605 1384 34 15 om
654 1378 128 27 försäljning
798 1378 22 21 af

63 1413 198 27 statsjernvägarne
280 1413 8 21 i
306 1413 79 27 landet,
402 1413 6 21 i
424 1412 172 28 underdänighet
610 1413 82 21 anmält
707 1414 33 20 att
757 1413 62 21 Stän-

65 1449 66 22 derna
153 1448 34 22 för
207 1448 32 22 sin
255 1448 35 22 del
305 1450 73 20 ansett
393 1448 43 21 slik
450 1448 130 27 försäljning
595 1448 18 27 ej
630 1454 51 15 vara
696 1448 34 21 för
745 1448 75 21 landet
