1009 1717
435 403 253 27 Reservationer.

255 459 57 22 Ense
328 460 48 21 med
396 459 68 28 öfriga
478 461 120 21 ledamöter
612 460 23 22 af
648 460 165 22 Bankutskottet
826 461 8 21 i
847 460 90 21 hufvud-

188 495 44 26 sak,
248 495 41 20 kan
303 494 38 27 jag
356 495 19 26 ej
392 495 48 22 dela
454 495 118 22 utskottets
587 495 56 27 åsigt
658 501 35 16 om
707 495 63 22 bästa
784 497 66 20 sättet
864 496 32 21 att
910 495 28 22 nå

188 529 36 22 det
239 529 49 26 mål,
307 529 87 22 hvartill
409 530 21 21 vi
445 530 87 22 sträfva.
551 531 41 26 Jag
607 531 81 26 nödgas
704 530 85 22 derföre
804 530 8 21 i
824 529 114 22 nedanstå-

188 564 54 21 ende
256 563 102 22 afseende
374 565 84 21 anmäla
471 565 44 22 min
531 565 106 22 särskilda
651 565 91 26 mening.

255 599 43 22 Det
313 601 24 19 är
352 599 18 27 ej
386 600 75 21 endast
475 599 103 28 rättighet
592 601 38 24 att,
645 601 51 20 utan
711 599 76 22 hinder
796 600 24 21 af
834 601 33 20 att
877 599 61 22 Stän-

188 633 66 22 derna
268 639 29 16 nu
312 635 37 20 äro
368 635 102 26 samlade,
485 634 99 27 begagna
599 635 40 20 den
658 634 195 27 Bankfullmäktige
872 635 67 26 enligt

188 667 51 28 $55
257 668 8 21 i
283 668 78 27 nådiga
375 669 141 26 reglementet
531 669 33 22 för
582 669 102 21 Finlands
700 669 56 21 bank
778 669 160 21 tillkommande

188 705 48 25 rätt,
252 705 38 24 att,
306 703 27 22 då
348 704 76 21 sådant
438 710 62 21 synes
511 703 133 27 fullmäktige
656 703 24 22 af
691 703 108 28 synnerlig
809 704 130 27 nödvändig-

188 738 37 21 het
238 738 117 27 påkalladt,
370 738 39 21 hos
424 739 60 21 Hans
502 738 122 27 Kejserliga
639 738 102 27 Majestät
756 738 78 21 föreslå
849 738 90 27 ändring

189 772 7 21 i
211 773 65 26 sagde
291 773 138 27 reglemente,
446 779 45 16 som
507 773 195 26 Bankfullmäktige
717 773 90 21 anhållit
822 779 40 15 om.

256 807 144 28 Fullmäktige
419 807 69 27 hafva,
505 808 71 21 såsom
590 814 26 14 ur
632 807 62 22 deras
710 807 113 22 skrifvelse
837 807 101 26 framgår,

188 842 39 21 hos
242 842 106 21 utskottet
361 842 116 26 hemställt,
495 842 106 22 huruvida
616 842 104 21 utskottet
735 842 47 21 icke
796 842 71 21 kunde
882 841 58 22 finna

189 877 46 22 skäl
250 878 32 20 att
292 877 38 21 hos
342 877 119 22 Ständerna
476 877 80 22 föreslå
571 877 66 22 sådan
653 877 91 27 ändring
760 877 6 21 i
782 877 100 27 gällande
892 883 47 20 reg-

189 912 91 21 lemente
295 911 34 22 för
343 911 101 22 Finlands
460 912 57 22 bank
532 913 32 20 att
578 912 36 21 det
630 911 82 28 belopp,
732 912 103 21 hvarmed
844 912 96 21 bankens

188 946 128 27 utelöpande
331 946 72 21 sedlar
417 946 69 22 skulle
501 946 23 22 få
539 946 116 27 öfverstiga
670 947 160 26 sammanlagda
840 947 100 26 beloppet

189 980 23 21 af
225 981 96 21 bankens
332 981 82 26 egande
428 981 123 21 metalliska
566 981 72 21 valuta
649 981 62 26 finge,
722 981 47 21 ifall
779 981 160 22 Bankfullmäk-

188 1015 44 26 tige
248 1015 157 27 framställning
420 1015 74 22 derom
510 1017 52 25 göra
577 1015 39 22 och
631 1015 60 22 Hans
705 1015 122 27 Kejserliga
838 1015 102 28 Majestät

189 1050 183 27 framställningen
391 1049 91 27 bifaller,
501 1050 35 21 för
552 1055 26 16 en
602 1049 142 28 öfvergående
762 1050 31 21 tid
811 1050 61 27 höjas
890 1050 49 21 med

189 1086 31 19 ett
234 1085 54 20 visst
301 1084 84 28 belopp,
401 1084 54 21 dock
471 1084 47 22 icke
534 1084 83 21 utöfver
632 1083 42 23 fem
690 1084 106 22 millioner
810 1084 68 22 mark.

256 1118 34 22 Då
308 1118 105 21 utskottet
428 1119 6 20 i
450 1119 81 26 princip
546 1119 94 26 godkänt
655 1119 59 20 detta
733 1119 206 26 Bankfullmäktiges

189 1153 95 28 yrkande
302 1159 62 15 anser
380 1153 38 26 jag
433 1155 32 19 att
480 1153 41 22 den
536 1153 135 27 lämpligaste
686 1153 82 22 formen
783 1153 33 22 för
832 1153 49 22 dess
896 1153 43 21 till-

189 1188 135 26 godoseende
340 1187 54 22 hade
410 1188 55 21 varit
479 1189 33 20 att
526 1187 38 22 hos
579 1187 85 21 landets
678 1187 118 28 höglofliga
810 1188 88 21 ständer
908 1187 31 21 fö-

189 1222 57 21 reslå
261 1228 26 15 en
303 1222 149 21 motsvarande
467 1221 124 27 förändring
606 1222 7 21 i
628 1221 12 28 $
655 1222 13 21 6
684 1221 23 22 af
720 1222 146 27 reglementet.

258 1256 163 25 Otvifvelaktigt
440 1256 55 20 skall
510 1256 37 20 det
560 1256 108 25 nämligen
683 1256 73 20 städse
771 1256 39 20 hos
826 1257 26 19 de
867 1262 72 20 perso-

188 1296 45 20 ner,
249 1296 46 15 som
305 1289 23 22 af
341 1289 119 22 Ständerna
474 1289 78 21 hedras
565 1289 49 21 med
624 1289 36 21 det
670 1289 80 27 vigtiga
763 1289 176 26 förtroendevärf,

189 1324 195 26 Bankfullmäktige
407 1323 98 27 bekläda,
525 1324 31 21 ett
577 1322 53 27 värf,
652 1323 8 21 i
678 1323 64 21 hvars
760 1323 115 21 utöfvande
893 1323 47 27 fyra

189 1365 108 21 personer,
316 1358 68 22 under
402 1358 42 22 den
461 1358 65 26 långa
543 1357 39 27 tid,
601 1363 45 16 som
664 1357 97 28 förflyter
779 1357 91 22 emellan
888 1358 52 22 våra

190 1394 132 26 landtdagar,
342 1399 40 21 ega
399 1393 45 21 tala
462 1393 49 21 med
525 1392 50 22 hela
592 1392 93 28 tyngden
702 1392 23 22 af
738 1393 83 21 landets
837 1392 102 22 Ständers

189 1430 51 25 röst,
256 1427 90 22 framstå
361 1427 76 27 många
452 1426 170 28 betänkligheter
633 1428 37 26 att,
686 1428 68 26 (utom
764 1427 7 21 i
781 1428 91 26 yttersta
886 1428 52 28 nöd)

189 1463 48 21 med
253 1462 69 22 denna
338 1464 46 19 röst
398 1462 90 27 bidraga
502 1462 34 21 till
551 1461 124 27 förändring
690 1462 24 21 af
726 1468 27 15 en
768 1462 150 22 bestämmelse
932 1462 7 21 i

258 1503 138 17 Bankutskottets
407 1503 103 16 betänkande
522 1502 34 16 N:o
572 1502 13 16 7.
