1036 1709
267 154 12 19 2
455 154 24 18 U.
491 155 31 17 B.
534 165 21 2 —
568 155 78 22 Prop.
658 154 43 19 N:o
712 155 40 18 48.

294 218 124 23 Emellertid
432 220 39 21 har
488 220 143 28 Föreningens
644 220 134 26 lånerörelse,
788 220 72 21 hvilka
869 218 94 23 fördelar

239 251 40 22 den
294 253 27 21 än
336 254 34 20 må
385 254 63 21 hafva
461 254 92 21 medfört
568 256 22 19 åt
604 254 137 28 låntagarene
756 254 40 21 och
810 253 73 21 landet
897 253 7 21 i
915 252 48 22 dess

238 285 77 28 helbet,
338 287 83 28 ådragit
438 288 135 28 Föreningen
588 295 26 14 en
629 288 119 28 betydande
762 288 84 25 förlust,
861 294 46 14 som
921 286 42 22 för-

239 322 53 20 mått
314 321 122 23 densamma
451 324 31 20 att
497 322 84 22 anhålla
597 330 34 14 om
646 322 118 28 Styrelsens
780 322 40 22 och
834 321 130 22 Ständernas

237 355 150 23 mellankomst
400 356 35 22 för
449 357 133 21 undvikande
597 357 24 21 af
636 357 61 21 svåra
706 356 146 28 rubbningar
841 351 10 38 i
862 356 48 21 dess
920 355 45 21 län-

239 391 85 27 tagares
339 391 136 22 ekonomiska
489 390 95 23 bestånd.
614 392 78 27 Denna
698 391 79 21 förlust
785 390 130 22 beräknades
924 390 41 21 den

239 424 25 21 31
280 424 118 22 December
415 426 52 21 1876
484 426 72 28 uppgå
570 426 34 20 till
618 426 90 26 634,000
723 426 67 25 mark,
802 425 40 22 och
850 425 40 21 den
899 426 65 27 ytter-

238 458 67 28 ligare
322 459 84 26 förlust,
426 467 45 14 som
488 460 84 22 komme
586 462 32 19 att
633 461 77 26 uppstå
725 460 34 21 vid
774 459 153 28 försäljningen
943 459 23 21 af

238 492 25 22 de
285 493 24 21 af
329 494 133 28 Föreningen
485 495 129 27 öfvertagna,
636 495 6 20 i
666 495 46 20 dess
728 502 38 20 ego
782 495 57 20 ännu
854 493 109 28 befintliga

238 526 151 28 lägenheterna
397 528 44 26 har,
449 529 66 28 enligt
521 528 168 28 propositionen,
697 528 129 28 kalkylerats
834 528 32 21 till
873 528 90 25 674,000

238 562 67 26 mark,
321 562 51 22 eller
392 563 83 21 således
498 571 25 13 en
545 563 145 27 sammanlagd
716 562 78 22 förlust
816 562 24 21 af
854 562 110 26 1,308,000

239 596 66 21 mark.
328 596 33 21 En
376 596 23 22 af
412 597 131 28 Föreningen
558 597 35 21 vid
607 597 167 28 bolagsstämma
788 597 40 21 den
846 598 24 19 19
886 596 79 22 sistlid-

239 637 26 14 ne
279 630 43 28 Maj
335 631 77 21 utsedd
426 631 85 27 komité,
527 639 45 14 som
586 632 55 20 hade
656 631 33 21 till
699 631 84 28 uppgift
794 633 32 19 att
834 631 52 21 söka
893 630 71 22 åstad-

238 664 86 22 komma
342 672 26 14 en
382 666 24 20 så
420 673 95 21 noggran
530 666 40 22 och
584 666 124 28 tillförlitlig
723 666 115 28 utredning
852 673 46 14 som
913 666 52 27 möj-

238 699 40 28 ligt
291 700 91 21 rörande
398 700 25 21 de
433 700 69 22 skilda
516 700 87 22 sidorna
611 700 23 22 af
643 700 145 28 Föreningens
795 700 108 28 ställning,
911 708 54 20 upp-

239 734 84 21 skattar
337 734 39 22 den
391 734 69 22 totala
473 735 105 22 förlusten
594 735 40 21 den
651 736 9 20 1
676 734 50 22 Juni
740 734 143 22 innevarande
895 736 24 20 år
931 734 33 22 till

240 769 110 25 1,468,210
365 770 60 20 mark
440 770 26 20 54
481 770 69 28 penni.
580 770 33 20 Då
627 770 68 20 denna
709 769 85 26 förlust,
808 770 28 26 på
847 770 43 20 sätt
899 769 7 21 i
916 776 49 20 pro-

239 802 121 27 positionen
379 803 130 27 framhälles,
531 804 33 21 till
587 804 61 21 aldra
662 805 79 19 största
756 803 61 21 delen
834 803 86 27 belöper
933 804 32 27 sig

239 838 28 27 pä
281 838 125 28 Uleäborgs,
422 839 85 27 Kuopio
522 839 39 21 och
577 839 31 21 S:t
622 838 88 22 Michels
725 838 42 26 län,
776 840 55 19 samt
841 838 124 28 delegarene

238 872 7 20 i
268 872 73 28 hvarje
360 873 42 26 län,
420 873 65 27 enligt
502 874 24 20 16
542 874 10 26 &
570 873 2 21 i
586 873 144 27 Föreningens
744 873 129 27 reglemente
887 873 24 21 af
924 872 41 22 den

239 906 27 21 24
289 906 94 22 Oktober
407 908 61 26 1860,
483 909 37 20 äro
535 907 7 21 i
557 907 90 21 främsta
660 909 92 19 rummet
766 906 110 28 ansvarige
890 906 34 22 för
940 907 25 21 de

239 940 29 27 pä
282 941 122 28 utläningar
417 942 7 20 i
440 949 80 14 samma
534 942 35 21 län
585 941 132 28 uppstäende
732 940 107 27 förluster,
855 942 24 20 sä
893 942 24 20 är
931 940 35 22 det

240 974 134 28 obestridligt
389 977 32 19 att
435 976 162 28 tillämpningen
610 976 25 20 af
647 976 67 27 sagda
728 976 102 27 paragraf
840 975 69 21 blefve
922 975 43 21 rui-

240 1008 94 22 nerande
348 1010 128 22 ätminstone
490 1010 34 21 för
539 1010 144 28 Föreningens
695 1010 97 28 delegare
802 1010 7 20 i
818 1010 25 20 de
852 1012 32 18 tre
891 1011 74 19 nämn-

240 1042 28 21 da
281 1042 69 22 länen.

296 1076 34 21 Dä
354 1084 49 14 man
420 1078 83 28 spörjer
518 1078 53 21 efter
586 1078 115 21 orsakerna
714 1077 33 21 till
762 1078 59 20 detta
834 1077 131 28 bekymmer-

242 1117 81 15 samma
337 1110 138 28 förhållande,
489 1111 82 22 lemnar
586 1112 40 20 den
640 1111 78 27 nådiga
731 1111 168 27 propositionen,
914 1111 7 21 i
935 1112 32 20 öf-

242 1145 196 21 verensstämmelse
453 1145 48 21 med
515 1145 143 27 Föreningens
673 1145 33 21 till
721 1144 107 28 Styrelsen
840 1145 82 27 ingifna
930 1152 36 14 an-

242 1179 97 27 sökning,
353 1179 53 21 intet
421 1181 65 19 annat
501 1186 47 14 svar
563 1180 26 20 än
605 1180 32 20 att
650 1178 130 22 förlusterna
794 1179 28 21 ha
836 1179 37 21 sitt
885 1180 84 27 upphof

240 1213 7 21 i
264 1212 26 22 de
307 1213 61 21 svära
385 1212 131 27 missväxter,
532 1220 46 14 som
592 1214 28 26 pä
636 1213 53 21 1860
703 1212 53 22 talet
769 1212 110 21 hemsökte
893 1213 73 21 landet

240 1247 40 21 och
304 1247 74 27 bragte
402 1248 77 26 mänga
502 1247 22 20 af
540 1247 143 27 Föreningens
699 1246 97 28 delegare
811 1247 28 26 pä
854 1246 109 22 obeständ.

239 1280 110 21 Ehuruväl
367 1280 36 20 det
416 1280 47 20 icke
474 1280 42 20 kan
526 1279 106 26 förnekas,
642 1281 32 19 att
686 1280 154 20 missväxtären
852 1279 7 20 i
870 1279 95 27 betydlig

239 1320 50 15 mon
303 1313 121 22 framkallat
439 1313 143 28 Föreningens
596 1312 108 26 förluster,
720 1314 24 20 sä
758 1313 33 21 lär
806 1313 35 21 det
856 1312 54 22 dock
917 1313 47 21 icke

238 1348 73 28 undgä
324 1348 214 28 uppmärksamheten
553 1349 32 20 att
599 1347 26 22 de
640 1347 151 28 ursprungliga
800 1347 116 22 orsakerna
923 1346 40 29 lig-

238 1390 27 21 ga
279 1382 89 29 djupare
382 1382 40 22 och
437 1382 67 21 mäste
518 1382 64 21 sökas
596 1381 7 21 i
618 1381 144 29 Föreningens
776 1381 146 29 organisatiou
934 1380 28 22 el-

235 1418 33 21 ler
282 1416 160 29 tillämpningen
457 1416 78 29 at"dess
544 1416 134 28 reglemente.
708 1416 161 22 Ofvannämnda
883 1415 78 22 komit6

233 1452 125 22 framhåller
376 1452 7 20 i
398 1451 76 22 sådant
489 1450 98 22 afseende
601 1450 7 21 i
623 1450 89 22 främsta
726 1452 92 20 rummet
832 1451 40 21 den
887 1450 74 22 alltför

235 1488 58 20 stora
311 1485 164 27 centralisation,
491 1492 45 15 som
550 1485 63 21 råder
626 1485 8 21 i
648 1485 156 28 förvaltningen
819 1485 23 21 af
854 1484 104 22 Förenin-

302 1525 148 20 Statsutskottets
461 1524 116 20 betänkande
588 1524 34 19 N:o
636 1526 25 17 15.
