1048 1711
241 179 26 21 18
412 177 79 22 Ständ.
507 176 53 22 Skr.
576 189 27 3 —
616 177 27 21 U.
659 176 26 22 B.
701 176 68 22 XIX.

334 285 83 26 Anslag
438 285 41 25 för
503 284 119 21 beredande
647 284 29 26 af
922 250 2 53 |
955 250 3 62 |

361 315 98 18 semester
475 312 91 27 ledighet
581 313 23 20 ät
614 312 59 21 Ban-
956 313 2 16 |

363 341 50 20 kens
432 341 86 20 embets-
536 341 36 20 och
588 341 83 26 tjenste-

362 372 50 18 män
428 373 31 17 att
479 369 111 21 användas
606 369 66 27 enligt

363 397 210 28 Bankjullmäktiges
584 398 88 19 bestäm-

364 427 81 24 mande,
455 426 145 27 förslagsvis.
632 442 4 5 .
741 437 26 3 —
790 438 27 3 |]
845 427 107 24 10,000/—

287 478 1 17 |
584 466 87 20 Summa
742 479 26 2 —
784 459 37 35 ||
829 461 128 34 303,600|—|

285 565 77 19 Anm.
378 565 19 19 1.
427 563 34 21 De
474 563 41 27 för
533 563 155 27 kamrerarene,
710 563 126 21 kassörerne
856 563 37 21 och
913 563 49 21 bok-

325 617 4 5 .
354 597 110 21 hällarene
479 598 8 20 i
503 597 95 26 Banken,
610 600 56 18 samt
675 597 41 27 för
726 597 125 21 kassörerne
863 598 36 20 vid
910 597 52 21 kon-

355 634 58 18 toren
435 632 7 19 i
461 632 123 20 landsorten
608 632 108 20 bestämda
739 631 151 28 aflöningarna
911 631 51 21 ökas

354 664 56 28 efter
427 665 47 27 fem
497 666 36 20 ärs
551 664 111 28 oförvitlig
682 666 65 26 tjenst
762 666 8 19 i
784 672 81 14 samma
884 665 78 27 befatt-

355 699 52 27 ning
423 700 45 20 med
483 700 35 25 tio,
538 699 36 21 och
589 699 55 27 efter
659 699 70 21 andra
740 699 48 26 fem
803 700 26 20 är
839 700 46 20 med
895 702 67 25 ytter-

356 733 68 27 ligare
445 733 28 20 tio
490 735 91 24 procent
600 732 30 27 af
641 732 41 21 den
693 732 41 27 för
749 734 92 25 tjensten
857 734 106 27 anslagna

355 767 110 20 ordinarie
486 767 42 25 lön,
547 766 71 21 hvilka
640 766 78 28 tillägg
734 766 65 21 likväl
813 767 36 20 vid
864 767 99 26 afskeds-

356 801 103 27 tagandet
473 800 44 21 icke
527 800 29 27 få
572 799 130 22 inderäknas
718 801 7 20 i
737 801 125 27 pensionen.

288 836 75 20 Anm.
379 835 19 20 2.
434 834 187 21 Vaktmästarenes
643 835 61 20 antal
725 835 35 20 vid
775 834 90 21 Banken
881 837 26 18 är
921 835 42 21 här

355 868 76 20 endast
441 868 133 27 förslagsvis
590 870 109 25 upptaget.

288 897 112 26 Anm.
384 893 28 40 3.
431 902 84 20 Arvode
534 902 41 27 för
595 902 101 20 Bankens
715 904 88 25 agenter
819 903 56 21 inom
891 903 73 21 landet

357 936 121 20 bestämmes
493 936 8 20 i
516 936 76 27 hvarje
602 936 105 20 särskildt
713 936 49 26 fall
771 943 74 20 genom
856 937 107 21 kontrakt.

289 971 77 21 Anm.
381 972 20 19 4.
432 970 45 20 Der
489 970 57 21 lokal
552 970 41 27 för
603 970 66 27 något
679 969 101 22 Bankens
791 970 76 21 kontor
875 971 8 19 i
892 971 73 21 lands-

357 1006 60 18 orten
433 1003 97 28 behöfver
543 1003 117 28 upphyras,
672 1004 122 20 bestämmes
805 1004 160 28 hyresbeloppet

357 1038 105 21 särskildt
473 1037 41 27 för
530 1038 72 27 hvarje
614 1037 54 27 fall.

289 1073 77 21 Anm.
383 1073 18 20 5.
432 1071 15 21 I
467 1071 152 27 ofvanstående
641 1072 157 26 expensemedel
818 1072 63 27 ingår
900 1072 66 26 äfven

356 1106 119 28 kostnaden
487 1105 41 27 för
548 1106 37 20 ved
604 1105 38 20 och
664 1106 42 27 ljus
718 1105 41 27 för
774 1106 108 21 kontorets
897 1106 68 27 behof.

291 1141 76 20 Anm.
383 1142 19 19 6.
433 1140 78 19 Denna
527 1139 152 26 aflöningsstat
693 1140 71 27 gäller
775 1140 57 26 från
848 1140 41 21 den
903 1141 12 19 1
925 1140 40 21 Ja-

358 1174 65 21 muari
438 1174 62 23 1877,
516 1173 54 20 dock
584 1173 48 20 med
647 1173 141 27 iakttagande
803 1173 68 27 deraf
883 1176 32 18 att
930 1174 36 21 vid

359 1209 99 20 lönernas
476 1207 137 20 utbetalande
635 1207 25 20 de
679 1207 55 26 efter
753 1207 66 28 sagde
840 1207 43 28 dag
898 1208 67 20 redan

358 1242 117 26 uppburna
491 1241 140 20 lönetillskott
646 1240 115 26 afräknas.

291 1373 50 21 Med
356 1372 97 22 afseende
468 1371 49 22 derä
532 1373 30 19 att
577 1371 25 21 de
617 1370 23 22 af
652 1371 117 21 Ständerna
779 1371 36 21 vid
825 1371 69 23 denna
903 1373 66 22 landt-

224 1409 40 28 dag
281 1408 98 27 vidtagna
394 1406 111 28 ändringar
520 1406 7 21 i
542 1405 197 28 bankreglementet,
756 1406 73 21 hvilka
847 1406 44 22 dels
906 1407 63 22 redan

225 1442 81 26 vunnit,
323 1441 43 22 dels
381 1441 72 21 kunna
472 1440 64 21 vinna
550 1439 82 22 Eders
655 1439 157 29 Kejserliga
833 1440 136 29 Majestäts

224 1476 75 29 nådiga
321 1475 136 26 stadfästelse,
479 1475 67 21 skulle
568 1473 107 22 föranleda
689 1477 31 19 att
738 1474 25 22 de
778 1474 31 21 för
824 1475 91 22 Banken
929 1477 42 28 gäl.

225 1511 61 22 lande
303 1509 188 29 lagbestämningar
509 1509 83 21 komme
608 1510 31 20 att
654 1509 80 28 spridas
748 1508 8 22 i
771 1509 101 22 särskilda
892 1509 77 24 författ-
