<?xml version="1.0" encoding="UTF-8"?>
<alto xmlns="http://www.loc.gov/standards/alto/ns-v3#" xmlns:xlink="http://www.w3.org/1999/xlink" xmlns:xsi="http://www.w3.org/2001/XMLSchema-instance" xsi:schemaLocation="http://www.loc.gov/standards/alto/ns-v3# http://www.loc.gov/alto/v3/alto-3-0.xsd">
	<Description>
		<MeasurementUnit>pixel</MeasurementUnit>
		<sourceImageInformation>
			<fileName>/tmp/tess_g37u6pia_input.PNG</fileName>
		</sourceImageInformation>
		<OCRProcessing ID="OCR_0">
			<ocrProcessingStep>
				<processingSoftware>
					<softwareName>tesseract 5.3.4</softwareName>
				</processingSoftware>
			</ocrProcessingStep>
		</OCRProcessing>
	</Description>
	<Layout>
		<Page WIDTH="1056" HEIGHT="1714" PHYSICAL_IMG_NR="0" ID="page_0">
			<PrintSpace HPOS="0" VPOS="0" WIDTH="1056" HEIGHT="1714">
				<ComposedBlock ID="cblock_0" HPOS="823" VPOS="181" WIDTH="13" HEIGHT="20">
					<TextBlock ID="block_0" HPOS="823" VPOS="181" WIDTH="13" HEIGHT="20">
						<TextLine ID="line_0" HPOS="823" VPOS="181" WIDTH="13" HEIGHT="20">
							<String ID="string_0" HPOS="823" VPOS="181" WIDTH="13" HEIGHT="20" WC="0.96" CONTENT="3"/>
						</TextLine>
					</TextBlock>
				</ComposedBlock>
				<ComposedBlock ID="cblock_1" HPOS="112" VPOS="240" WIDTH="754" HEIGHT="1322">
					<TextBlock ID="block_1" HPOS="114" VPOS="240" WIDTH="751" HEIGHT="236">
						<TextLine ID="line_1" HPOS="116" VPOS="240" WIDTH="748" HEIGHT="28">
							<String ID="string_1" HPOS="116" VPOS="240" WIDTH="87" HEIGHT="22" WC="0.91" CONTENT="hvartill"/><SP WIDTH="15" VPOS="240" HPOS="203"/>
							<String ID="string_2" HPOS="218" VPOS="241" WIDTH="94" HEIGHT="20" WC="0.96" CONTENT="kommer"/><SP WIDTH="14" VPOS="241" HPOS="312"/>
							<String ID="string_3" HPOS="326" VPOS="241" WIDTH="116" HEIGHT="21" WC="0.96" CONTENT="kostnaden"/><SP WIDTH="11" VPOS="241" HPOS="442"/>
							<String ID="string_4" HPOS="453" VPOS="241" WIDTH="31" HEIGHT="22" WC="0.93" CONTENT="för"/><SP WIDTH="10" VPOS="241" HPOS="484"/>
							<String ID="string_5" HPOS="494" VPOS="240" WIDTH="168" HEIGHT="23" WC="0.92" CONTENT="Bondeståndets"/><SP WIDTH="11" VPOS="240" HPOS="662"/>
							<String ID="string_6" HPOS="673" VPOS="241" WIDTH="95" HEIGHT="22" WC="0.96" CONTENT="enskilda"/><SP WIDTH="10" VPOS="241" HPOS="768"/>
							<String ID="string_7" HPOS="778" VPOS="242" WIDTH="86" HEIGHT="26" WC="0.96" CONTENT="utskott,"/>
						</TextLine>
						<TextLine ID="line_2" HPOS="116" VPOS="274" WIDTH="749" HEIGHT="29">
							<String ID="string_8" HPOS="116" VPOS="282" WIDTH="45" HEIGHT="13" WC="0.96" CONTENT="som"/><SP WIDTH="15" VPOS="282" HPOS="161"/>
							<String ID="string_9" HPOS="176" VPOS="274" WIDTH="75" HEIGHT="22" WC="0.95" CONTENT="hittills"/><SP WIDTH="15" VPOS="274" HPOS="251"/>
							<String ID="string_10" HPOS="266" VPOS="274" WIDTH="68" HEIGHT="29" WC="0.96" CONTENT="utgått"/><SP WIDTH="15" VPOS="274" HPOS="334"/>
							<String ID="string_11" HPOS="349" VPOS="275" WIDTH="49" HEIGHT="21" WC="0.96" CONTENT="med"/><SP WIDTH="15" VPOS="275" HPOS="398"/>
							<String ID="string_12" HPOS="413" VPOS="276" WIDTH="41" HEIGHT="21" WC="0.96" CONTENT="700"/><SP WIDTH="15" VPOS="276" HPOS="454"/>
							<String ID="string_13" HPOS="469" VPOS="275" WIDTH="66" HEIGHT="22" WC="0.96" CONTENT="mark."/><SP WIDTH="37" VPOS="275" HPOS="535"/>
							<String ID="string_14" HPOS="572" VPOS="275" WIDTH="36" HEIGHT="22" WC="0.89" CONTENT="Då"/><SP WIDTH="15" VPOS="275" HPOS="608"/>
							<String ID="string_15" HPOS="623" VPOS="275" WIDTH="59" HEIGHT="22" WC="0.93" CONTENT="dessa"/><SP WIDTH="14" VPOS="275" HPOS="682"/>
							<String ID="string_16" HPOS="696" VPOS="275" WIDTH="102" HEIGHT="22" WC="0.90" CONTENT="kansliers"/><SP WIDTH="15" VPOS="275" HPOS="798"/>
							<String ID="string_17" HPOS="813" VPOS="284" WIDTH="52" HEIGHT="13" WC="0.92" CONTENT="sam-"/>
						</TextLine>
						<TextLine ID="line_3" HPOS="116" VPOS="307" WIDTH="749" HEIGHT="30">
							<String ID="string_18" HPOS="116" VPOS="309" WIDTH="148" HEIGHT="28" WC="0.91" CONTENT="mansättning,"/><SP WIDTH="16" VPOS="309" HPOS="264"/>
							<String ID="string_19" HPOS="280" VPOS="309" WIDTH="67" HEIGHT="22" WC="0.96" CONTENT="såsom"/><SP WIDTH="15" VPOS="309" HPOS="347"/>
							<String ID="string_20" HPOS="362" VPOS="309" WIDTH="62" HEIGHT="21" WC="0.96" CONTENT="ofvan"/><SP WIDTH="10" VPOS="309" HPOS="424"/>
							<String ID="string_21" HPOS="434" VPOS="307" WIDTH="130" HEIGHT="28" WC="0.91" CONTENT="framhållits,"/><SP WIDTH="12" VPOS="307" HPOS="564"/>
							<String ID="string_22" HPOS="576" VPOS="310" WIDTH="143" HEIGHT="27" WC="0.92" CONTENT="väsendtligen"/><SP WIDTH="11" VPOS="310" HPOS="719"/>
							<String ID="string_23" HPOS="730" VPOS="310" WIDTH="60" HEIGHT="21" WC="0.96" CONTENT="beror"/><SP WIDTH="11" VPOS="310" HPOS="790"/>
							<String ID="string_24" HPOS="801" VPOS="310" WIDTH="64" HEIGHT="26" WC="0.96" CONTENT="deraf,"/>
						</TextLine>
						<TextLine ID="line_4" HPOS="116" VPOS="343" WIDTH="749" HEIGHT="29">
							<String ID="string_25" HPOS="116" VPOS="350" WIDTH="34" HEIGHT="13" WC="0.92" CONTENT="om"/><SP WIDTH="15" VPOS="350" HPOS="150"/>
							<String ID="string_26" HPOS="165" VPOS="343" WIDTH="128" HEIGHT="28" WC="0.90" CONTENT="stenografer"/><SP WIDTH="15" VPOS="343" HPOS="293"/>
							<String ID="string_27" HPOS="308" VPOS="345" WIDTH="84" HEIGHT="26" WC="0.91" CONTENT="antagas"/><SP WIDTH="16" VPOS="345" HPOS="392"/>
							<String ID="string_28" HPOS="408" VPOS="343" WIDTH="50" HEIGHT="21" WC="0.95" CONTENT="eller"/><SP WIDTH="15" VPOS="343" HPOS="458"/>
							<String ID="string_29" HPOS="473" VPOS="343" WIDTH="53" HEIGHT="26" WC="0.96" CONTENT="icke,"/><SP WIDTH="16" VPOS="343" HPOS="526"/>
							<String ID="string_30" HPOS="542" VPOS="344" WIDTH="73" HEIGHT="21" WC="0.96" CONTENT="kunna"/><SP WIDTH="13" VPOS="344" HPOS="615"/>
							<String ID="string_31" HPOS="628" VPOS="343" WIDTH="65" HEIGHT="29" WC="0.94" CONTENT="några"/><SP WIDTH="14" VPOS="343" HPOS="693"/>
							<String ID="string_32" HPOS="707" VPOS="348" WIDTH="96" HEIGHT="17" WC="0.93" CONTENT="närmare"/><SP WIDTH="16" VPOS="348" HPOS="803"/>
							<String ID="string_33" HPOS="819" VPOS="352" WIDTH="46" HEIGHT="20" WC="0.90" CONTENT="syn-"/>
						</TextLine>
						<TextLine ID="line_5" HPOS="115" VPOS="377" WIDTH="748" HEIGHT="30">
							<String ID="string_34" HPOS="115" VPOS="377" WIDTH="92" HEIGHT="28" WC="0.96" CONTENT="punkter"/><SP WIDTH="22" VPOS="377" HPOS="207"/>
							<String ID="string_35" HPOS="229" VPOS="377" WIDTH="87" HEIGHT="21" WC="0.96" CONTENT="rörande"/><SP WIDTH="24" VPOS="377" HPOS="316"/>
							<String ID="string_36" HPOS="340" VPOS="377" WIDTH="40" HEIGHT="21" WC="0.92" CONTENT="den"/><SP WIDTH="22" VPOS="377" HPOS="380"/>
							<String ID="string_37" HPOS="402" VPOS="377" WIDTH="103" HEIGHT="29" WC="0.86" CONTENT="behöfliga"/><SP WIDTH="26" VPOS="377" HPOS="505"/>
							<String ID="string_38" HPOS="531" VPOS="378" WIDTH="122" HEIGHT="28" WC="0.96" CONTENT="personalen"/><SP WIDTH="22" VPOS="378" HPOS="653"/>
							<String ID="string_39" HPOS="675" VPOS="377" WIDTH="47" HEIGHT="22" WC="0.93" CONTENT="icke"/><SP WIDTH="22" VPOS="377" HPOS="722"/>
							<String ID="string_40" HPOS="744" VPOS="379" WIDTH="119" HEIGHT="28" WC="0.91" CONTENT="uppställas."/>
						</TextLine>
						<TextLine ID="line_6" HPOS="114" VPOS="411" WIDTH="751" HEIGHT="29">
							<String ID="string_41" HPOS="114" VPOS="411" WIDTH="136" HEIGHT="22" WC="0.93" CONTENT="Beträffande"/><SP WIDTH="24" VPOS="411" HPOS="250"/>
							<String ID="string_42" HPOS="274" VPOS="411" WIDTH="201" HEIGHT="29" WC="0.89" CONTENT="kanslipersonalens"/><SP WIDTH="23" VPOS="411" HPOS="475"/>
							<String ID="string_43" HPOS="498" VPOS="412" WIDTH="188" HEIGHT="28" WC="0.89" CONTENT="arbetsskyldighet"/><SP WIDTH="23" VPOS="412" HPOS="686"/>
							<String ID="string_44" HPOS="709" VPOS="412" WIDTH="94" HEIGHT="21" WC="0.93" CONTENT="deremot"/><SP WIDTH="21" VPOS="412" HPOS="803"/>
							<String ID="string_45" HPOS="824" VPOS="412" WIDTH="41" HEIGHT="21" WC="0.96" CONTENT="har"/>
						</TextLine>
						<TextLine ID="line_7" HPOS="116" VPOS="445" WIDTH="612" HEIGHT="31">
							<String ID="string_46" HPOS="116" VPOS="445" WIDTH="108" HEIGHT="23" WC="0.96" CONTENT="Utskottet"/><SP WIDTH="14" VPOS="445" HPOS="224"/>
							<String ID="string_47" HPOS="238" VPOS="445" WIDTH="71" HEIGHT="23" WC="0.96" CONTENT="funnit"/><SP WIDTH="14" VPOS="445" HPOS="309"/>
							<String ID="string_48" HPOS="323" VPOS="445" WIDTH="91" HEIGHT="29" WC="0.96" CONTENT="följande"/><SP WIDTH="16" VPOS="445" HPOS="414"/>
							<String ID="string_49" HPOS="430" VPOS="446" WIDTH="104" HEIGHT="30" WC="0.96" CONTENT="principer"/><SP WIDTH="14" VPOS="446" HPOS="534"/>
							<String ID="string_50" HPOS="548" VPOS="447" WIDTH="50" HEIGHT="21" WC="0.93" CONTENT="böra"/><SP WIDTH="15" VPOS="447" HPOS="598"/>
							<String ID="string_51" HPOS="613" VPOS="446" WIDTH="115" HEIGHT="21" WC="0.90" CONTENT="fasthållas:"/>
						</TextLine>
					</TextBlock>
					<TextBlock ID="block_2" HPOS="115" VPOS="480" WIDTH="751" HEIGHT="200">
						<TextLine ID="line_8" HPOS="184" VPOS="480" WIDTH="681" HEIGHT="29">
							<String ID="string_52" HPOS="184" VPOS="482" WIDTH="30" HEIGHT="19" WC="0.93" CONTENT="att"/><SP WIDTH="22" VPOS="482" HPOS="214"/>
							<String ID="string_53" HPOS="236" VPOS="481" WIDTH="156" HEIGHT="21" WC="0.92" CONTENT="sekreterarene"/><SP WIDTH="22" VPOS="481" HPOS="392"/>
							<String ID="string_54" HPOS="414" VPOS="481" WIDTH="38" HEIGHT="20" WC="0.93" CONTENT="hos"/><SP WIDTH="19" VPOS="481" HPOS="452"/>
							<String ID="string_55" HPOS="471" VPOS="481" WIDTH="155" HEIGHT="28" WC="0.91" CONTENT="Ridderskapet"/><SP WIDTH="17" VPOS="481" HPOS="626"/>
							<String ID="string_56" HPOS="643" VPOS="481" WIDTH="39" HEIGHT="21" WC="0.93" CONTENT="och"/><SP WIDTH="19" VPOS="481" HPOS="682"/>
							<String ID="string_57" HPOS="701" VPOS="480" WIDTH="72" HEIGHT="21" WC="0.91" CONTENT="Adeln"/><SP WIDTH="15" VPOS="480" HPOS="773"/>
							<String ID="string_58" HPOS="788" VPOS="480" WIDTH="77" HEIGHT="22" WC="0.94" CONTENT="samt"/><SP WIDTH="-13" VPOS="480" HPOS="865"/>
							<String ID="string_59" HPOS="852" VPOS="476" WIDTH="18" HEIGHT="37" WC="0.94" CONTENT="i"/>
						</TextLine>
						<TextLine ID="line_9" HPOS="115" VPOS="514" WIDTH="751" HEIGHT="29">
							<String ID="string_60" HPOS="115" VPOS="514" WIDTH="82" HEIGHT="22" WC="0.92" CONTENT="Preste-"/><SP WIDTH="15" VPOS="514" HPOS="197"/>
							<String ID="string_61" HPOS="212" VPOS="515" WIDTH="38" HEIGHT="20" WC="0.92" CONTENT="och"/><SP WIDTH="15" VPOS="515" HPOS="250"/>
							<String ID="string_62" HPOS="265" VPOS="515" WIDTH="181" HEIGHT="28" WC="0.90" CONTENT="Borgarestånden"/><SP WIDTH="16" VPOS="515" HPOS="446"/>
							<String ID="string_63" HPOS="462" VPOS="515" WIDTH="67" HEIGHT="21" WC="0.96" CONTENT="skulle"/><SP WIDTH="15" VPOS="515" HPOS="529"/>
							<String ID="string_64" HPOS="544" VPOS="523" WIDTH="50" HEIGHT="13" WC="0.96" CONTENT="vara"/><SP WIDTH="14" VPOS="523" HPOS="594"/>
							<String ID="string_65" HPOS="608" VPOS="514" WIDTH="95" HEIGHT="28" WC="0.96" CONTENT="skyldige"/><SP WIDTH="15" VPOS="514" HPOS="703"/>
							<String ID="string_66" HPOS="718" VPOS="516" WIDTH="31" HEIGHT="19" WC="0.96" CONTENT="att"/><SP WIDTH="13" VPOS="516" HPOS="749"/>
							<String ID="string_67" HPOS="762" VPOS="516" WIDTH="53" HEIGHT="20" WC="0.93" CONTENT="utan"/><SP WIDTH="10" VPOS="516" HPOS="815"/>
							<String ID="string_68" HPOS="825" VPOS="519" WIDTH="41" HEIGHT="16" WC="0.91" CONTENT="sär-"/>
						</TextLine>
						<TextLine ID="line_10" HPOS="115" VPOS="548" WIDTH="749" HEIGHT="29">
							<String ID="string_69" HPOS="115" VPOS="548" WIDTH="55" HEIGHT="22" WC="0.93" CONTENT="skild"/><SP WIDTH="15" VPOS="548" HPOS="170"/>
							<String ID="string_70" HPOS="185" VPOS="549" WIDTH="135" HEIGHT="28" WC="0.91" CONTENT="godtgörelse,"/><SP WIDTH="17" VPOS="549" HPOS="320"/>
							<String ID="string_71" HPOS="337" VPOS="549" WIDTH="48" HEIGHT="20" WC="0.96" CONTENT="med"/><SP WIDTH="15" VPOS="549" HPOS="385"/>
							<String ID="string_72" HPOS="400" VPOS="549" WIDTH="80" HEIGHT="21" WC="0.96" CONTENT="biträde"/><SP WIDTH="15" VPOS="549" HPOS="480"/>
							<String ID="string_73" HPOS="495" VPOS="549" WIDTH="24" HEIGHT="21" WC="0.96" CONTENT="af"/><SP WIDTH="12" VPOS="549" HPOS="519"/>
							<String ID="string_74" HPOS="531" VPOS="549" WIDTH="41" HEIGHT="21" WC="0.96" CONTENT="den"/><SP WIDTH="17" VPOS="549" HPOS="572"/>
							<String ID="string_75" HPOS="589" VPOS="548" WIDTH="65" HEIGHT="28" WC="0.93" CONTENT="öfriga"/><SP WIDTH="11" VPOS="548" HPOS="654"/>
							<String ID="string_76" HPOS="665" VPOS="548" WIDTH="199" HEIGHT="29" WC="0.91" CONTENT="kanslipersonalen,"/>
						</TextLine>
						<TextLine ID="line_11" HPOS="115" VPOS="582" WIDTH="749" HEIGHT="28">
							<String ID="string_77" HPOS="115" VPOS="582" WIDTH="120" HEIGHT="22" WC="0.92" CONTENT="handhafva"/><SP WIDTH="15" VPOS="582" HPOS="235"/>
							<String ID="string_78" HPOS="250" VPOS="583" WIDTH="249" HEIGHT="27" WC="0.91" CONTENT="sekreteraregöromålen"/><SP WIDTH="15" VPOS="583" HPOS="499"/>
							<String ID="string_79" HPOS="514" VPOS="583" WIDTH="35" HEIGHT="22" WC="0.96" CONTENT="vid"/><SP WIDTH="15" VPOS="583" HPOS="549"/>
							<String ID="string_80" HPOS="564" VPOS="583" WIDTH="60" HEIGHT="22" WC="0.93" CONTENT="dessa"/><SP WIDTH="14" VPOS="583" HPOS="624"/>
							<String ID="string_81" HPOS="638" VPOS="583" WIDTH="71" HEIGHT="21" WC="0.92" CONTENT="stånds"/><SP WIDTH="15" VPOS="583" HPOS="709"/>
							<String ID="string_82" HPOS="724" VPOS="583" WIDTH="95" HEIGHT="21" WC="0.93" CONTENT="enskilda"/><SP WIDTH="14" VPOS="583" HPOS="819"/>
							<String ID="string_83" HPOS="833" VPOS="585" WIDTH="31" HEIGHT="19" WC="0.93" CONTENT="ut-"/>
						</TextLine>
						<TextLine ID="line_12" HPOS="115" VPOS="616" WIDTH="750" HEIGHT="29">
							<String ID="string_84" HPOS="115" VPOS="617" WIDTH="57" HEIGHT="21" WC="0.96" CONTENT="skott"/><SP WIDTH="22" VPOS="617" HPOS="172"/>
							<String ID="string_85" HPOS="194" VPOS="616" WIDTH="107" HEIGHT="22" WC="0.92" CONTENT="äfvensom"/><SP WIDTH="21" VPOS="616" HPOS="301"/>
							<String ID="string_86" HPOS="322" VPOS="616" WIDTH="80" HEIGHT="28" WC="0.91" CONTENT="besörja"/><SP WIDTH="21" VPOS="616" HPOS="402"/>
							<String ID="string_87" HPOS="423" VPOS="617" WIDTH="169" HEIGHT="28" WC="0.92" CONTENT="renskrifningen"/><SP WIDTH="22" VPOS="617" HPOS="592"/>
							<String ID="string_88" HPOS="614" VPOS="616" WIDTH="24" HEIGHT="22" WC="0.96" CONTENT="af"/><SP WIDTH="19" VPOS="616" HPOS="638"/>
							<String ID="string_89" HPOS="657" VPOS="617" WIDTH="41" HEIGHT="21" WC="0.96" CONTENT="alla"/><SP WIDTH="14" VPOS="617" HPOS="698"/>
							<String ID="string_90" HPOS="712" VPOS="616" WIDTH="47" HEIGHT="22" WC="0.96" CONTENT="från"/><SP WIDTH="14" VPOS="616" HPOS="759"/>
							<String ID="string_91" HPOS="773" VPOS="616" WIDTH="92" HEIGHT="21" WC="0.96" CONTENT="nämnda"/>
						</TextLine>
						<TextLine ID="line_13" HPOS="115" VPOS="650" WIDTH="563" HEIGHT="30">
							<String ID="string_92" HPOS="115" VPOS="651" WIDTH="61" HEIGHT="22" WC="0.96" CONTENT="stånd"/><SP WIDTH="15" VPOS="651" HPOS="176"/>
							<String ID="string_93" HPOS="191" VPOS="652" WIDTH="39" HEIGHT="20" WC="0.96" CONTENT="och"/><SP WIDTH="14" VPOS="652" HPOS="230"/>
							<String ID="string_94" HPOS="244" VPOS="651" WIDTH="80" HEIGHT="21" WC="0.96" CONTENT="utskott"/><SP WIDTH="14" VPOS="651" HPOS="324"/>
							<String ID="string_95" HPOS="338" VPOS="650" WIDTH="104" HEIGHT="29" WC="0.96" CONTENT="utgående"/><SP WIDTH="16" VPOS="650" HPOS="442"/>
							<String ID="string_96" HPOS="458" VPOS="651" WIDTH="149" HEIGHT="29" WC="0.96" CONTENT="expeditioner,"/><SP WIDTH="17" VPOS="651" HPOS="607"/>
							<String ID="string_97" HPOS="624" VPOS="653" WIDTH="54" HEIGHT="19" WC="0.96" CONTENT="samt"/>
						</TextLine>
					</TextBlock>
					<TextBlock ID="block_3" HPOS="113" VPOS="684" WIDTH="752" HEIGHT="193">
						<TextLine ID="line_14" HPOS="183" VPOS="684" WIDTH="681" HEIGHT="29">
							<String ID="string_98" HPOS="183" VPOS="687" WIDTH="31" HEIGHT="19" WC="0.93" CONTENT="att"/><SP WIDTH="14" VPOS="687" HPOS="214"/>
							<String ID="string_99" HPOS="228" VPOS="684" WIDTH="275" HEIGHT="29" WC="0.89" CONTENT="sekreterarebefattningen"/><SP WIDTH="15" VPOS="684" HPOS="503"/>
							<String ID="string_100" HPOS="518" VPOS="686" WIDTH="8" HEIGHT="20" WC="0.93" CONTENT="i"/><SP WIDTH="14" VPOS="686" HPOS="526"/>
							<String ID="string_101" HPOS="540" VPOS="684" WIDTH="167" HEIGHT="22" WC="0.91" CONTENT="Bondeståndets"/><SP WIDTH="16" VPOS="684" HPOS="707"/>
							<String ID="string_102" HPOS="723" VPOS="684" WIDTH="95" HEIGHT="22" WC="0.93" CONTENT="enskilda"/><SP WIDTH="14" VPOS="684" HPOS="818"/>
							<String ID="string_103" HPOS="832" VPOS="687" WIDTH="32" HEIGHT="19" WC="0.93" CONTENT="ut-"/>
						</TextLine>
						<TextLine ID="line_15" HPOS="115" VPOS="718" WIDTH="750" HEIGHT="29">
							<String ID="string_104" HPOS="115" VPOS="719" WIDTH="56" HEIGHT="21" WC="0.96" CONTENT="skott"/><SP WIDTH="21" VPOS="719" HPOS="171"/>
							<String ID="string_105" HPOS="192" VPOS="718" WIDTH="108" HEIGHT="22" WC="0.96" CONTENT="äfvensom"/><SP WIDTH="22" VPOS="718" HPOS="300"/>
							<String ID="string_106" HPOS="322" VPOS="719" WIDTH="147" HEIGHT="28" WC="0.96" CONTENT="skyldigheten"/><SP WIDTH="22" VPOS="719" HPOS="469"/>
							<String ID="string_107" HPOS="491" VPOS="722" WIDTH="31" HEIGHT="19" WC="0.96" CONTENT="att"/><SP WIDTH="21" VPOS="722" HPOS="522"/>
							<String ID="string_108" HPOS="543" VPOS="719" WIDTH="8" HEIGHT="21" WC="0.96" CONTENT="i"/><SP WIDTH="22" VPOS="719" HPOS="551"/>
							<String ID="string_109" HPOS="573" VPOS="720" WIDTH="57" HEIGHT="21" WC="0.96" CONTENT="detta"/><SP WIDTH="22" VPOS="720" HPOS="630"/>
							<String ID="string_110" HPOS="652" VPOS="719" WIDTH="80" HEIGHT="22" WC="0.93" CONTENT="utskott"/><SP WIDTH="18" VPOS="719" HPOS="732"/>
							<String ID="string_111" HPOS="750" VPOS="718" WIDTH="115" HEIGHT="28" WC="0.91" CONTENT="tjenstgöra"/>
						</TextLine>
						<TextLine ID="line_16" HPOS="114" VPOS="752" WIDTH="750" HEIGHT="30">
							<String ID="string_112" HPOS="114" VPOS="753" WIDTH="68" HEIGHT="22" WC="0.96" CONTENT="såsom"/><SP WIDTH="14" VPOS="753" HPOS="182"/>
							<String ID="string_113" HPOS="196" VPOS="753" WIDTH="44" HEIGHT="22" WC="0.96" CONTENT="tolk"/><SP WIDTH="15" VPOS="753" HPOS="240"/>
							<String ID="string_114" HPOS="255" VPOS="754" WIDTH="39" HEIGHT="20" WC="0.96" CONTENT="och"/><SP WIDTH="15" VPOS="754" HPOS="294"/>
							<String ID="string_115" HPOS="309" VPOS="753" WIDTH="110" HEIGHT="22" WC="0.96" CONTENT="translator"/><SP WIDTH="15" VPOS="753" HPOS="419"/>
							<String ID="string_116" HPOS="434" VPOS="754" WIDTH="68" HEIGHT="21" WC="0.96" CONTENT="skulle"/><SP WIDTH="15" VPOS="754" HPOS="502"/>
							<String ID="string_117" HPOS="517" VPOS="754" WIDTH="67" HEIGHT="28" WC="0.92" CONTENT="åligga"/><SP WIDTH="11" VPOS="754" HPOS="584"/>
							<String ID="string_118" HPOS="595" VPOS="753" WIDTH="97" HEIGHT="23" WC="0.92" CONTENT="Ståndets"/><SP WIDTH="10" VPOS="753" HPOS="692"/>
							<String ID="string_119" HPOS="702" VPOS="753" WIDTH="65" HEIGHT="22" WC="0.96" CONTENT="första"/><SP WIDTH="9" VPOS="753" HPOS="767"/>
							<String ID="string_120" HPOS="776" VPOS="752" WIDTH="88" HEIGHT="26" WC="0.96" CONTENT="notarie,"/>
						</TextLine>
						<TextLine ID="line_17" HPOS="114" VPOS="786" WIDTH="751" HEIGHT="30">
							<String ID="string_121" HPOS="114" VPOS="788" WIDTH="12" HEIGHT="20" WC="0.85" CONTENT="&amp;"/><SP WIDTH="22" VPOS="788" HPOS="126"/>
							<String ID="string_122" HPOS="148" VPOS="787" WIDTH="88" HEIGHT="22" WC="0.96" CONTENT="hvilken"/><SP WIDTH="22" VPOS="787" HPOS="236"/>
							<String ID="string_123" HPOS="258" VPOS="788" WIDTH="35" HEIGHT="21" WC="0.93" CONTENT="det"/><SP WIDTH="20" VPOS="788" HPOS="293"/>
							<String ID="string_124" HPOS="313" VPOS="787" WIDTH="79" HEIGHT="29" WC="0.92" CONTENT="jemväl"/><SP WIDTH="22" VPOS="787" HPOS="392"/>
							<String ID="string_125" HPOS="414" VPOS="788" WIDTH="62" HEIGHT="21" WC="0.93" CONTENT="borde"/><SP WIDTH="19" VPOS="788" HPOS="476"/>
							<String ID="string_126" HPOS="495" VPOS="788" WIDTH="111" HEIGHT="21" WC="0.92" CONTENT="ankomma"/><SP WIDTH="15" VPOS="788" HPOS="606"/>
							<String ID="string_127" HPOS="621" VPOS="790" WIDTH="31" HEIGHT="20" WC="0.96" CONTENT="att"/><SP WIDTH="14" VPOS="790" HPOS="652"/>
							<String ID="string_128" HPOS="666" VPOS="788" WIDTH="86" HEIGHT="21" WC="0.93" CONTENT="bekosta"/><SP WIDTH="14" VPOS="788" HPOS="752"/>
							<String ID="string_129" HPOS="766" VPOS="786" WIDTH="99" HEIGHT="22" WC="0.90" CONTENT="renskrif-"/>
						</TextLine>
						<TextLine ID="line_18" HPOS="113" VPOS="821" WIDTH="752" HEIGHT="29">
							<String ID="string_130" HPOS="113" VPOS="822" WIDTH="79" HEIGHT="28" WC="0.91" CONTENT="ningen"/><SP WIDTH="23" VPOS="822" HPOS="192"/>
							<String ID="string_131" HPOS="215" VPOS="822" WIDTH="23" HEIGHT="20" WC="0.92" CONTENT="af"/><SP WIDTH="19" VPOS="822" HPOS="238"/>
							<String ID="string_132" HPOS="257" VPOS="821" WIDTH="99" HEIGHT="22" WC="0.92" CONTENT="Ständets"/><SP WIDTH="22" VPOS="821" HPOS="356"/>
							<String ID="string_133" HPOS="378" VPOS="822" WIDTH="144" HEIGHT="28" WC="0.92" CONTENT="expeditioner"/><SP WIDTH="18" VPOS="822" HPOS="522"/>
							<String ID="string_134" HPOS="540" VPOS="822" WIDTH="39" HEIGHT="21" WC="0.93" CONTENT="och"/><SP WIDTH="19" VPOS="822" HPOS="579"/>
							<String ID="string_135" HPOS="598" VPOS="822" WIDTH="75" HEIGHT="28" WC="0.91" CONTENT="nödiga"/><SP WIDTH="15" VPOS="822" HPOS="673"/>
							<String ID="string_136" HPOS="688" VPOS="821" WIDTH="177" HEIGHT="28" WC="0.87" CONTENT="öfversättningar"/>
						</TextLine>
						<TextLine ID="line_19" HPOS="114" VPOS="856" WIDTH="90" HEIGHT="21">
							<String ID="string_137" HPOS="114" VPOS="856" WIDTH="23" HEIGHT="20" WC="0.96" CONTENT="af"/><SP WIDTH="13" VPOS="856" HPOS="137"/>
							<String ID="string_138" HPOS="150" VPOS="856" WIDTH="54" HEIGHT="21" WC="0.96" CONTENT="dem."/>
						</TextLine>
					</TextBlock>
					<TextBlock ID="block_4" HPOS="112" VPOS="889" WIDTH="753" HEIGHT="505">
						<TextLine ID="line_20" HPOS="182" VPOS="889" WIDTH="683" HEIGHT="26">
							<String ID="string_139" HPOS="182" VPOS="889" WIDTH="136" HEIGHT="22" WC="0.89" CONTENT="Beträffande"/><SP WIDTH="15" VPOS="889" HPOS="318"/>
							<String ID="string_140" HPOS="333" VPOS="890" WIDTH="64" HEIGHT="20" WC="0.93" CONTENT="sedan"/><SP WIDTH="19" VPOS="890" HPOS="397"/>
							<String ID="string_141" HPOS="416" VPOS="889" WIDTH="120" HEIGHT="21" WC="0.92" CONTENT="Utskottens"/><SP WIDTH="10" VPOS="889" HPOS="536"/>
							<String ID="string_142" HPOS="546" VPOS="889" WIDTH="98" HEIGHT="26" WC="0.92" CONTENT="kanslier,"/><SP WIDTH="11" VPOS="889" HPOS="644"/>
							<String ID="string_143" HPOS="655" VPOS="890" WIDTH="37" HEIGHT="20" WC="0.93" CONTENT="har"/><SP WIDTH="11" VPOS="890" HPOS="692"/>
							<String ID="string_144" HPOS="703" VPOS="889" WIDTH="162" HEIGHT="22" WC="0.92" CONTENT="Statsutskottet"/>
						</TextLine>
						<TextLine ID="line_21" HPOS="114" VPOS="923" WIDTH="750" HEIGHT="26">
							<String ID="string_145" HPOS="114" VPOS="924" WIDTH="90" HEIGHT="21" WC="0.92" CONTENT="kommit"/><SP WIDTH="14" VPOS="924" HPOS="204"/>
							<String ID="string_146" HPOS="218" VPOS="924" WIDTH="32" HEIGHT="21" WC="0.96" CONTENT="till"/><SP WIDTH="16" VPOS="924" HPOS="250"/>
							<String ID="string_147" HPOS="266" VPOS="924" WIDTH="41" HEIGHT="21" WC="0.93" CONTENT="den"/><SP WIDTH="15" VPOS="924" HPOS="307"/>
							<String ID="string_148" HPOS="322" VPOS="923" WIDTH="125" HEIGHT="26" WC="0.92" CONTENT="erfarenhet,"/><SP WIDTH="15" VPOS="923" HPOS="447"/>
							<String ID="string_149" HPOS="462" VPOS="925" WIDTH="31" HEIGHT="20" WC="0.93" CONTENT="att"/><SP WIDTH="9" VPOS="925" HPOS="493"/>
							<String ID="string_150" HPOS="502" VPOS="924" WIDTH="259" HEIGHT="21" WC="0.92" CONTENT="utskottssekreterarenes"/><SP WIDTH="11" VPOS="924" HPOS="761"/>
							<String ID="string_151" HPOS="772" VPOS="923" WIDTH="92" HEIGHT="21" WC="0.92" CONTENT="arvoden"/>
						</TextLine>
						<TextLine ID="line_22" HPOS="114" VPOS="956" WIDTH="750" HEIGHT="30">
							<String ID="string_152" HPOS="114" VPOS="958" WIDTH="63" HEIGHT="21" WC="0.91" CONTENT="borde"/><SP WIDTH="23" VPOS="958" HPOS="177"/>
							<String ID="string_153" HPOS="200" VPOS="958" WIDTH="125" HEIGHT="22" WC="0.96" CONTENT="bestämmas"/><SP WIDTH="22" VPOS="958" HPOS="325"/>
							<String ID="string_154" HPOS="347" VPOS="957" WIDTH="53" HEIGHT="22" WC="0.93" CONTENT="efter"/><SP WIDTH="22" VPOS="957" HPOS="400"/>
							<String ID="string_155" HPOS="422" VPOS="958" WIDTH="104" HEIGHT="28" WC="0.95" CONTENT="mängden"/><SP WIDTH="22" VPOS="958" HPOS="526"/>
							<String ID="string_156" HPOS="548" VPOS="958" WIDTH="38" HEIGHT="21" WC="0.92" CONTENT="och"/><SP WIDTH="20" VPOS="958" HPOS="586"/>
							<String ID="string_157" HPOS="606" VPOS="957" WIDTH="171" HEIGHT="22" WC="0.64" CONTENT="beskaffenheten"/><SP WIDTH="15" VPOS="957" HPOS="777"/>
							<String ID="string_158" HPOS="792" VPOS="956" WIDTH="24" HEIGHT="22" WC="0.97" CONTENT="af"/><SP WIDTH="13" VPOS="956" HPOS="816"/>
							<String ID="string_159" HPOS="829" VPOS="957" WIDTH="35" HEIGHT="22" WC="0.96" CONTENT="det"/>
						</TextLine>
						<TextLine ID="line_23" HPOS="114" VPOS="991" WIDTH="750" HEIGHT="27">
							<String ID="string_160" HPOS="114" VPOS="993" WIDTH="77" HEIGHT="25" WC="0.96" CONTENT="arbete,"/><SP WIDTH="17" VPOS="993" HPOS="191"/>
							<String ID="string_161" HPOS="208" VPOS="1000" WIDTH="44" HEIGHT="13" WC="0.96" CONTENT="som"/><SP WIDTH="16" VPOS="1000" HPOS="252"/>
							<String ID="string_162" HPOS="268" VPOS="991" WIDTH="22" HEIGHT="22" WC="0.96" CONTENT="af"/><SP WIDTH="14" VPOS="991" HPOS="290"/>
							<String ID="string_163" HPOS="304" VPOS="992" WIDTH="48" HEIGHT="21" WC="0.93" CONTENT="dem"/><SP WIDTH="14" VPOS="992" HPOS="352"/>
							<String ID="string_164" HPOS="366" VPOS="991" WIDTH="84" HEIGHT="27" WC="0.96" CONTENT="utföres,"/><SP WIDTH="17" VPOS="991" HPOS="450"/>
							<String ID="string_165" HPOS="467" VPOS="992" WIDTH="38" HEIGHT="22" WC="0.93" CONTENT="och"/><SP WIDTH="15" VPOS="992" HPOS="505"/>
							<String ID="string_166" HPOS="520" VPOS="992" WIDTH="47" HEIGHT="21" WC="0.96" CONTENT="icke"/><SP WIDTH="14" VPOS="992" HPOS="567"/>
							<String ID="string_167" HPOS="581" VPOS="991" WIDTH="33" HEIGHT="22" WC="0.93" CONTENT="för"/><SP WIDTH="14" VPOS="991" HPOS="614"/>
							<String ID="string_168" HPOS="628" VPOS="992" WIDTH="82" HEIGHT="25" WC="0.96" CONTENT="månad,"/><SP WIDTH="16" VPOS="992" HPOS="710"/>
							<String ID="string_169" HPOS="726" VPOS="994" WIDTH="54" HEIGHT="20" WC="0.96" CONTENT="samt"/><SP WIDTH="14" VPOS="994" HPOS="780"/>
							<String ID="string_170" HPOS="794" VPOS="993" WIDTH="31" HEIGHT="20" WC="0.93" CONTENT="att"/><SP WIDTH="10" VPOS="993" HPOS="825"/>
							<String ID="string_171" HPOS="835" VPOS="999" WIDTH="29" HEIGHT="14" WC="0.92" CONTENT="er-"/>
						</TextLine>
						<TextLine ID="line_24" HPOS="114" VPOS="1025" WIDTH="751" HEIGHT="31">
							<String ID="string_172" HPOS="114" VPOS="1026" WIDTH="119" HEIGHT="28" WC="0.96" CONTENT="sättningen"/><SP WIDTH="15" VPOS="1026" HPOS="233"/>
							<String ID="string_173" HPOS="248" VPOS="1026" WIDTH="33" HEIGHT="22" WC="0.93" CONTENT="till"/><SP WIDTH="15" VPOS="1026" HPOS="281"/>
							<String ID="string_174" HPOS="296" VPOS="1026" WIDTH="95" HEIGHT="22" WC="0.80" CONTENT="tolkarne"/><SP WIDTH="15" VPOS="1026" HPOS="391"/>
							<String ID="string_175" HPOS="406" VPOS="1026" WIDTH="62" HEIGHT="22" WC="0.93" CONTENT="borde"/><SP WIDTH="16" VPOS="1026" HPOS="468"/>
							<String ID="string_176" HPOS="484" VPOS="1026" WIDTH="49" HEIGHT="28" WC="0.96" CONTENT="utgå"/><SP WIDTH="14" VPOS="1026" HPOS="533"/>
							<String ID="string_177" HPOS="547" VPOS="1026" WIDTH="33" HEIGHT="30" WC="0.94" CONTENT="till"/><SP WIDTH="15" VPOS="1026" HPOS="580"/>
							<String ID="string_178" HPOS="595" VPOS="1026" WIDTH="52" HEIGHT="21" WC="0.93" CONTENT="visst"/><SP WIDTH="14" VPOS="1026" HPOS="647"/>
							<String ID="string_179" HPOS="661" VPOS="1026" WIDTH="75" HEIGHT="28" WC="0.96" CONTENT="belopp"/><SP WIDTH="13" VPOS="1026" HPOS="736"/>
							<String ID="string_180" HPOS="749" VPOS="1026" WIDTH="33" HEIGHT="21" WC="0.93" CONTENT="för"/><SP WIDTH="9" VPOS="1026" HPOS="782"/>
							<String ID="string_181" HPOS="791" VPOS="1025" WIDTH="74" HEIGHT="29" WC="0.96" CONTENT="hvarje"/>
						</TextLine>
						<TextLine ID="line_25" HPOS="114" VPOS="1060" WIDTH="750" HEIGHT="28">
							<String ID="string_182" HPOS="114" VPOS="1061" WIDTH="159" HEIGHT="25" WC="0.91" CONTENT="sammanträde,"/><SP WIDTH="16" VPOS="1061" HPOS="273"/>
							<String ID="string_183" HPOS="289" VPOS="1062" WIDTH="52" HEIGHT="20" WC="0.96" CONTENT="utan"/><SP WIDTH="14" VPOS="1062" HPOS="341"/>
							<String ID="string_184" HPOS="355" VPOS="1062" WIDTH="31" HEIGHT="20" WC="0.93" CONTENT="att"/><SP WIDTH="15" VPOS="1062" HPOS="386"/>
							<String ID="string_185" HPOS="401" VPOS="1060" WIDTH="73" HEIGHT="22" WC="0.92" CONTENT="sädant"/><SP WIDTH="15" VPOS="1060" HPOS="474"/>
							<String ID="string_186" HPOS="489" VPOS="1060" WIDTH="68" HEIGHT="22" WC="0.96" CONTENT="skulle"/><SP WIDTH="15" VPOS="1060" HPOS="557"/>
							<String ID="string_187" HPOS="572" VPOS="1062" WIDTH="74" HEIGHT="26" WC="0.93" CONTENT="utgöra"/><SP WIDTH="14" VPOS="1062" HPOS="646"/>
							<String ID="string_188" HPOS="660" VPOS="1060" WIDTH="74" HEIGHT="21" WC="0.92" CONTENT="hinder"/><SP WIDTH="15" VPOS="1060" HPOS="734"/>
							<String ID="string_189" HPOS="749" VPOS="1060" WIDTH="32" HEIGHT="21" WC="0.93" CONTENT="för"/><SP WIDTH="15" VPOS="1060" HPOS="781"/>
							<String ID="string_190" HPOS="796" VPOS="1060" WIDTH="68" HEIGHT="21" WC="0.93" CONTENT="sekre-"/>
						</TextLine>
						<TextLine ID="line_26" HPOS="113" VPOS="1094" WIDTH="749" HEIGHT="28">
							<String ID="string_191" HPOS="113" VPOS="1097" WIDTH="97" HEIGHT="19" WC="0.93" CONTENT="terarene"/><SP WIDTH="15" VPOS="1097" HPOS="210"/>
							<String ID="string_192" HPOS="225" VPOS="1096" WIDTH="30" HEIGHT="20" WC="0.93" CONTENT="att"/><SP WIDTH="14" VPOS="1096" HPOS="255"/>
							<String ID="string_193" HPOS="269" VPOS="1094" WIDTH="13" HEIGHT="22" WC="0.80" CONTENT="&amp;"/><SP WIDTH="15" VPOS="1094" HPOS="282"/>
							<String ID="string_194" HPOS="297" VPOS="1094" WIDTH="47" HEIGHT="22" WC="0.93" CONTENT="dem"/><SP WIDTH="16" VPOS="1094" HPOS="344"/>
							<String ID="string_195" HPOS="360" VPOS="1094" WIDTH="158" HEIGHT="22" WC="0.95" CONTENT="tillkommande"/><SP WIDTH="16" VPOS="1094" HPOS="518"/>
							<String ID="string_196" HPOS="534" VPOS="1095" WIDTH="91" HEIGHT="21" WC="0.95" CONTENT="arvoden"/><SP WIDTH="15" VPOS="1095" HPOS="625"/>
							<String ID="string_197" HPOS="640" VPOS="1094" WIDTH="115" HEIGHT="26" WC="0.96" CONTENT="efterhand,"/><SP WIDTH="16" VPOS="1094" HPOS="755"/>
							<String ID="string_198" HPOS="771" VPOS="1094" WIDTH="28" HEIGHT="28" WC="0.93" CONTENT="pä"/><SP WIDTH="10" VPOS="1094" HPOS="799"/>
							<String ID="string_199" HPOS="809" VPOS="1102" WIDTH="53" HEIGHT="20" WC="0.96" CONTENT="resp."/>
						</TextLine>
						<TextLine ID="line_27" HPOS="113" VPOS="1128" WIDTH="751" HEIGHT="29">
							<String ID="string_200" HPOS="113" VPOS="1129" WIDTH="91" HEIGHT="22" WC="0.93" CONTENT="utskotts"/><SP WIDTH="15" VPOS="1129" HPOS="204"/>
							<String ID="string_201" HPOS="219" VPOS="1128" WIDTH="128" HEIGHT="29" WC="0.92" CONTENT="regvisition,"/><SP WIDTH="23" VPOS="1128" HPOS="347"/>
							<String ID="string_202" HPOS="370" VPOS="1128" WIDTH="53" HEIGHT="28" WC="0.96" CONTENT="lyfta"/><SP WIDTH="15" VPOS="1128" HPOS="423"/>
							<String ID="string_203" HPOS="438" VPOS="1129" WIDTH="79" HEIGHT="28" WC="0.96" CONTENT="skäliga"/><SP WIDTH="14" VPOS="1129" HPOS="517"/>
							<String ID="string_204" HPOS="531" VPOS="1128" WIDTH="95" HEIGHT="22" WC="0.95" CONTENT="förskott."/><SP WIDTH="31" VPOS="1128" HPOS="626"/>
							<String ID="string_205" HPOS="657" VPOS="1128" WIDTH="123" HEIGHT="22" WC="0.89" CONTENT="Utskottens"/><SP WIDTH="16" VPOS="1128" HPOS="780"/>
							<String ID="string_206" HPOS="796" VPOS="1128" WIDTH="68" HEIGHT="21" WC="0.93" CONTENT="sekre-"/>
						</TextLine>
						<TextLine ID="line_28" HPOS="112" VPOS="1162" WIDTH="752" HEIGHT="29">
							<String ID="string_207" HPOS="112" VPOS="1166" WIDTH="68" HEIGHT="19" WC="0.92" CONTENT="terare"/><SP WIDTH="22" VPOS="1166" HPOS="180"/>
							<String ID="string_208" HPOS="202" VPOS="1163" WIDTH="68" HEIGHT="22" WC="0.96" CONTENT="skulle"/><SP WIDTH="22" VPOS="1163" HPOS="270"/>
							<String ID="string_209" HPOS="292" VPOS="1164" WIDTH="36" HEIGHT="20" WC="0.96" CONTENT="det"/><SP WIDTH="18" VPOS="1164" HPOS="328"/>
							<String ID="string_210" HPOS="346" VPOS="1162" WIDTH="62" HEIGHT="22" WC="0.96" CONTENT="äfven"/><SP WIDTH="18" VPOS="1162" HPOS="408"/>
							<String ID="string_211" HPOS="426" VPOS="1162" WIDTH="70" HEIGHT="29" WC="0.96" CONTENT="åligga"/><SP WIDTH="16" VPOS="1162" HPOS="496"/>
							<String ID="string_212" HPOS="512" VPOS="1165" WIDTH="30" HEIGHT="19" WC="0.96" CONTENT="att"/><SP WIDTH="14" VPOS="1165" HPOS="542"/>
							<String ID="string_213" HPOS="556" VPOS="1162" WIDTH="64" HEIGHT="22" WC="0.96" CONTENT="hafva"/><SP WIDTH="14" VPOS="1162" HPOS="620"/>
							<String ID="string_214" HPOS="634" VPOS="1158" WIDTH="71" HEIGHT="37" WC="0.92" CONTENT="tillsyn"/><SP WIDTH="13" VPOS="1158" HPOS="705"/>
							<String ID="string_215" HPOS="718" VPOS="1162" WIDTH="63" HEIGHT="22" WC="0.92" CONTENT="öfver"/><SP WIDTH="14" VPOS="1162" HPOS="781"/>
							<String ID="string_216" HPOS="795" VPOS="1162" WIDTH="69" HEIGHT="28" WC="0.93" CONTENT="tryck-"/>
						</TextLine>
						<TextLine ID="line_29" HPOS="113" VPOS="1196" WIDTH="751" HEIGHT="30">
							<String ID="string_217" HPOS="113" VPOS="1197" WIDTH="79" HEIGHT="29" WC="0.96" CONTENT="ningen"/><SP WIDTH="19" VPOS="1197" HPOS="192"/>
							<String ID="string_218" HPOS="211" VPOS="1196" WIDTH="23" HEIGHT="23" WC="0.96" CONTENT="af"/><SP WIDTH="13" VPOS="1196" HPOS="234"/>
							<String ID="string_219" HPOS="247" VPOS="1198" WIDTH="25" HEIGHT="20" WC="0.96" CONTENT="de"/><SP WIDTH="15" VPOS="1198" HPOS="272"/>
							<String ID="string_220" HPOS="287" VPOS="1197" WIDTH="24" HEIGHT="21" WC="0.96" CONTENT="af"/><SP WIDTH="12" VPOS="1197" HPOS="311"/>
							<String ID="string_221" HPOS="323" VPOS="1197" WIDTH="48" HEIGHT="21" WC="0.96" CONTENT="dem"/><SP WIDTH="15" VPOS="1197" HPOS="371"/>
							<String ID="string_222" HPOS="386" VPOS="1199" WIDTH="98" HEIGHT="27" WC="0.96" CONTENT="uppsatta"/><SP WIDTH="14" VPOS="1199" HPOS="484"/>
							<String ID="string_223" HPOS="498" VPOS="1197" WIDTH="147" HEIGHT="22" WC="0.95" CONTENT="betänkanden"/><SP WIDTH="15" VPOS="1197" HPOS="645"/>
							<String ID="string_224" HPOS="660" VPOS="1199" WIDTH="53" HEIGHT="20" WC="0.96" CONTENT="samt"/><SP WIDTH="15" VPOS="1199" HPOS="713"/>
							<String ID="string_225" HPOS="728" VPOS="1204" WIDTH="89" HEIGHT="15" WC="0.95" CONTENT="ansvara"/><SP WIDTH="14" VPOS="1204" HPOS="817"/>
							<String ID="string_226" HPOS="831" VPOS="1196" WIDTH="33" HEIGHT="22" WC="0.96" CONTENT="för"/>
						</TextLine>
						<TextLine ID="line_30" HPOS="114" VPOS="1231" WIDTH="747" HEIGHT="29">
							<String ID="string_227" HPOS="114" VPOS="1232" WIDTH="128" HEIGHT="28" WC="0.96" CONTENT="riktigheten"/><SP WIDTH="16" VPOS="1232" HPOS="242"/>
							<String ID="string_228" HPOS="258" VPOS="1232" WIDTH="23" HEIGHT="21" WC="0.96" CONTENT="af"/><SP WIDTH="12" VPOS="1232" HPOS="281"/>
							<String ID="string_229" HPOS="293" VPOS="1232" WIDTH="26" HEIGHT="21" WC="0.96" CONTENT="de"/><SP WIDTH="14" VPOS="1232" HPOS="319"/>
							<String ID="string_230" HPOS="333" VPOS="1231" WIDTH="72" HEIGHT="29" WC="0.92" CONTENT="gjorda"/><SP WIDTH="15" VPOS="1231" HPOS="405"/>
							<String ID="string_231" HPOS="420" VPOS="1231" WIDTH="208" HEIGHT="29" WC="0.91" CONTENT="öfversättningarna,"/><SP WIDTH="16" VPOS="1231" HPOS="628"/>
							<String ID="string_232" HPOS="644" VPOS="1231" WIDTH="32" HEIGHT="21" WC="0.96" CONTENT="för"/><SP WIDTH="14" VPOS="1231" HPOS="676"/>
							<String ID="string_233" HPOS="690" VPOS="1231" WIDTH="73" HEIGHT="23" WC="0.96" CONTENT="hvilka"/><SP WIDTH="15" VPOS="1231" HPOS="763"/>
							<String ID="string_234" HPOS="778" VPOS="1231" WIDTH="83" HEIGHT="26" WC="0.96" CONTENT="arvode,"/>
						</TextLine>
						<TextLine ID="line_31" HPOS="112" VPOS="1265" WIDTH="750" HEIGHT="29">
							<String ID="string_235" HPOS="112" VPOS="1266" WIDTH="67" HEIGHT="22" WC="0.95" CONTENT="såsom"/><SP WIDTH="23" VPOS="1266" HPOS="179"/>
							<String ID="string_236" HPOS="202" VPOS="1266" WIDTH="82" HEIGHT="25" WC="0.69" CONTENT="hittills,"/><SP WIDTH="19" VPOS="1266" HPOS="284"/>
							<String ID="string_237" HPOS="303" VPOS="1266" WIDTH="68" HEIGHT="21" WC="0.96" CONTENT="skulle"/><SP WIDTH="16" VPOS="1266" HPOS="371"/>
							<String ID="string_238" HPOS="387" VPOS="1265" WIDTH="49" HEIGHT="29" WC="0.96" CONTENT="utgå"/><SP WIDTH="16" VPOS="1265" HPOS="436"/>
							<String ID="string_239" HPOS="452" VPOS="1266" WIDTH="52" HEIGHT="21" WC="0.96" CONTENT="efter"/><SP WIDTH="14" VPOS="1266" HPOS="504"/>
							<String ID="string_240" HPOS="518" VPOS="1266" WIDTH="70" HEIGHT="28" WC="0.96" CONTENT="tryckt"/><SP WIDTH="15" VPOS="1266" HPOS="588"/>
							<String ID="string_241" HPOS="603" VPOS="1265" WIDTH="43" HEIGHT="21" WC="0.93" CONTENT="ark."/><SP WIDTH="21" VPOS="1265" HPOS="646"/>
							<String ID="string_242" HPOS="667" VPOS="1278" WIDTH="20" HEIGHT="2" WC="0.92" CONTENT="—"/><SP WIDTH="18" VPOS="1278" HPOS="687"/>
							<String ID="string_243" HPOS="705" VPOS="1266" WIDTH="157" HEIGHT="22" WC="0.92" CONTENT="Vaktmästare-"/>
						</TextLine>
						<TextLine ID="line_32" HPOS="112" VPOS="1299" WIDTH="751" HEIGHT="29">
							<String ID="string_244" HPOS="112" VPOS="1300" WIDTH="121" HEIGHT="28" WC="0.91" CONTENT="göromålen"/><SP WIDTH="22" VPOS="1300" HPOS="233"/>
							<String ID="string_245" HPOS="255" VPOS="1300" WIDTH="35" HEIGHT="21" WC="0.96" CONTENT="vid"/><SP WIDTH="19" VPOS="1300" HPOS="290"/>
							<String ID="string_246" HPOS="309" VPOS="1300" WIDTH="107" HEIGHT="22" WC="0.96" CONTENT="utskotten"/><SP WIDTH="15" VPOS="1300" HPOS="416"/>
							<String ID="string_247" HPOS="431" VPOS="1300" WIDTH="77" HEIGHT="26" WC="0.96" CONTENT="kunde,"/><SP WIDTH="16" VPOS="1300" HPOS="508"/>
							<String ID="string_248" HPOS="524" VPOS="1300" WIDTH="68" HEIGHT="22" WC="0.96" CONTENT="såsom"/><SP WIDTH="15" VPOS="1300" HPOS="592"/>
							<String ID="string_249" HPOS="607" VPOS="1299" WIDTH="62" HEIGHT="22" WC="0.96" CONTENT="äfven"/><SP WIDTH="15" VPOS="1299" HPOS="669"/>
							<String ID="string_250" HPOS="684" VPOS="1308" WIDTH="30" HEIGHT="13" WC="0.95" CONTENT="nu"/><SP WIDTH="14" VPOS="1308" HPOS="714"/>
							<String ID="string_251" HPOS="728" VPOS="1300" WIDTH="56" HEIGHT="22" WC="0.95" CONTENT="varit"/><SP WIDTH="14" VPOS="1300" HPOS="784"/>
							<String ID="string_252" HPOS="798" VPOS="1300" WIDTH="65" HEIGHT="25" WC="0.96" CONTENT="fallet,"/>
						</TextLine>
						<TextLine ID="line_33" HPOS="112" VPOS="1333" WIDTH="751" HEIGHT="28">
							<String ID="string_253" HPOS="112" VPOS="1334" WIDTH="120" HEIGHT="27" WC="0.93" CONTENT="lämpligast"/><SP WIDTH="20" VPOS="1334" HPOS="232"/>
							<String ID="string_254" HPOS="252" VPOS="1333" WIDTH="126" HEIGHT="27" WC="0.91" CONTENT="ombesörjas"/><SP WIDTH="23" VPOS="1333" HPOS="378"/>
							<String ID="string_255" HPOS="401" VPOS="1334" WIDTH="23" HEIGHT="20" WC="0.96" CONTENT="af"/><SP WIDTH="20" VPOS="1334" HPOS="424"/>
							<String ID="string_256" HPOS="444" VPOS="1342" WIDTH="26" HEIGHT="12" WC="0.96" CONTENT="en"/><SP WIDTH="22" VPOS="1342" HPOS="470"/>
							<String ID="string_257" HPOS="492" VPOS="1334" WIDTH="54" HEIGHT="21" WC="0.95" CONTENT="enda"/><SP WIDTH="19" VPOS="1334" HPOS="546"/>
							<String ID="string_258" HPOS="565" VPOS="1340" WIDTH="81" HEIGHT="21" WC="0.96" CONTENT="person,"/><SP WIDTH="16" VPOS="1340" HPOS="646"/>
							<String ID="string_259" HPOS="662" VPOS="1342" WIDTH="44" HEIGHT="12" WC="0.93" CONTENT="som"/><SP WIDTH="16" VPOS="1342" HPOS="706"/>
							<String ID="string_260" HPOS="722" VPOS="1334" WIDTH="50" HEIGHT="26" WC="0.92" CONTENT="egde"/><SP WIDTH="16" VPOS="1334" HPOS="772"/>
							<String ID="string_261" HPOS="788" VPOS="1336" WIDTH="75" HEIGHT="24" WC="0.96" CONTENT="antaga"/>
						</TextLine>
						<TextLine ID="line_34" HPOS="112" VPOS="1367" WIDTH="193" HEIGHT="27">
							<String ID="string_262" HPOS="112" VPOS="1367" WIDTH="77" HEIGHT="27" WC="0.93" CONTENT="nödiga"/><SP WIDTH="14" VPOS="1367" HPOS="189"/>
							<String ID="string_263" HPOS="203" VPOS="1367" WIDTH="102" HEIGHT="21" WC="0.91" CONTENT="biträden."/>
						</TextLine>
					</TextBlock>
					<TextBlock ID="block_5" HPOS="113" VPOS="1399" WIDTH="750" HEIGHT="134">
						<TextLine ID="line_35" HPOS="181" VPOS="1399" WIDTH="681" HEIGHT="29">
							<String ID="string_264" HPOS="181" VPOS="1400" WIDTH="51" HEIGHT="21" WC="0.96" CONTENT="Men"/><SP WIDTH="22" VPOS="1400" HPOS="232"/>
							<String ID="string_265" HPOS="254" VPOS="1399" WIDTH="63" HEIGHT="22" WC="0.96" CONTENT="äfven"/><SP WIDTH="19" VPOS="1399" HPOS="317"/>
							<String ID="string_266" HPOS="336" VPOS="1399" WIDTH="53" HEIGHT="22" WC="0.93" CONTENT="efter"/><SP WIDTH="15" VPOS="1399" HPOS="389"/>
							<String ID="string_267" HPOS="404" VPOS="1400" WIDTH="136" HEIGHT="28" WC="0.93" CONTENT="landtdagens"/><SP WIDTH="15" VPOS="1400" HPOS="540"/>
							<String ID="string_268" HPOS="555" VPOS="1399" WIDTH="117" HEIGHT="23" WC="0.92" CONTENT="afslutande"/><SP WIDTH="16" VPOS="1399" HPOS="672"/>
							<String ID="string_269" HPOS="688" VPOS="1400" WIDTH="131" HEIGHT="22" WC="0.93" CONTENT="förekomma"/><SP WIDTH="14" VPOS="1400" HPOS="819"/>
							<String ID="string_270" HPOS="833" VPOS="1399" WIDTH="29" HEIGHT="23" WC="0.86" CONTENT="åt-"/>
						</TextLine>
						<TextLine ID="line_36" HPOS="113" VPOS="1434" WIDTH="750" HEIGHT="29">
							<String ID="string_271" HPOS="113" VPOS="1434" WIDTH="83" HEIGHT="29" WC="0.92" CONTENT="skilliga"/><SP WIDTH="16" VPOS="1434" HPOS="196"/>
							<String ID="string_272" HPOS="212" VPOS="1434" WIDTH="117" HEIGHT="23" WC="0.92" CONTENT="Ständerna"/><SP WIDTH="15" VPOS="1434" HPOS="329"/>
							<String ID="string_273" HPOS="344" VPOS="1434" WIDTH="87" HEIGHT="22" WC="0.96" CONTENT="rörande"/><SP WIDTH="11" VPOS="1434" HPOS="431"/>
							<String ID="string_274" HPOS="442" VPOS="1435" WIDTH="136" HEIGHT="22" WC="0.95" CONTENT="ekonomiska"/><SP WIDTH="10" VPOS="1435" HPOS="578"/>
							<String ID="string_275" HPOS="588" VPOS="1435" WIDTH="179" HEIGHT="28" WC="0.96" CONTENT="angelägenheter,"/><SP WIDTH="12" VPOS="1435" HPOS="767"/>
							<String ID="string_276" HPOS="779" VPOS="1435" WIDTH="84" HEIGHT="22" WC="0.96" CONTENT="hvilkas"/>
						</TextLine>
						<TextLine ID="line_37" HPOS="114" VPOS="1468" WIDTH="747" HEIGHT="29">
							<String ID="string_277" HPOS="114" VPOS="1469" WIDTH="168" HEIGHT="26" WC="0.91" CONTENT="handhafvande,"/><SP WIDTH="16" VPOS="1469" HPOS="282"/>
							<String ID="string_278" HPOS="298" VPOS="1469" WIDTH="126" HEIGHT="22" WC="0.96" CONTENT="åtminstone"/><SP WIDTH="16" VPOS="1469" HPOS="424"/>
							<String ID="string_279" HPOS="440" VPOS="1468" WIDTH="53" HEIGHT="23" WC="0.96" CONTENT="efter"/><SP WIDTH="10" VPOS="1468" HPOS="493"/>
							<String ID="string_280" HPOS="503" VPOS="1469" WIDTH="68" HEIGHT="22" WC="0.93" CONTENT="denna"/><SP WIDTH="10" VPOS="1469" HPOS="571"/>
							<String ID="string_281" HPOS="581" VPOS="1469" WIDTH="103" HEIGHT="28" WC="0.92" CONTENT="landtdag,"/><SP WIDTH="12" VPOS="1469" HPOS="684"/>
							<String ID="string_282" HPOS="696" VPOS="1470" WIDTH="63" HEIGHT="21" WC="0.95" CONTENT="borde"/><SP WIDTH="11" VPOS="1470" HPOS="759"/>
							<String ID="string_283" HPOS="770" VPOS="1469" WIDTH="23" HEIGHT="22" WC="0.93" CONTENT="af"/><SP WIDTH="8" VPOS="1469" HPOS="793"/>
							<String ID="string_284" HPOS="801" VPOS="1469" WIDTH="60" HEIGHT="22" WC="0.93" CONTENT="Stän-"/>
						</TextLine>
						<TextLine ID="line_38" HPOS="113" VPOS="1503" WIDTH="748" HEIGHT="30">
							<String ID="string_285" HPOS="113" VPOS="1504" WIDTH="63" HEIGHT="21" WC="0.96" CONTENT="derna"/><SP WIDTH="16" VPOS="1504" HPOS="176"/>
							<String ID="string_286" HPOS="192" VPOS="1504" WIDTH="80" HEIGHT="22" WC="0.96" CONTENT="ordnas."/><SP WIDTH="31" VPOS="1504" HPOS="272"/>
							<String ID="string_287" HPOS="303" VPOS="1503" WIDTH="93" HEIGHT="22" WC="0.84" CONTENT="Sålunda"/><SP WIDTH="15" VPOS="1503" HPOS="396"/>
							<String ID="string_288" HPOS="411" VPOS="1503" WIDTH="94" HEIGHT="22" WC="0.93" CONTENT="inträffar"/><SP WIDTH="15" VPOS="1503" HPOS="505"/>
							<String ID="string_289" HPOS="520" VPOS="1504" WIDTH="146" HEIGHT="29" WC="0.91" CONTENT="Expeditions-"/><SP WIDTH="14" VPOS="1504" HPOS="666"/>
							<String ID="string_290" HPOS="680" VPOS="1505" WIDTH="40" HEIGHT="20" WC="0.93" CONTENT="och"/><SP WIDTH="12" VPOS="1505" HPOS="720"/>
							<String ID="string_291" HPOS="732" VPOS="1504" WIDTH="129" HEIGHT="29" WC="0.91" CONTENT="Justerings-"/>
						</TextLine>
					</TextBlock>
					<TextBlock ID="block_6" HPOS="181" VPOS="1544" WIDTH="408" HEIGHT="18">
						<TextLine ID="line_39" HPOS="181" VPOS="1544" WIDTH="408" HEIGHT="18">
							<String ID="string_292" HPOS="181" VPOS="1544" WIDTH="149" HEIGHT="18" WC="0.92" CONTENT="Statsutskottets"/><SP WIDTH="14" VPOS="1544" HPOS="330"/>
							<String ID="string_293" HPOS="344" VPOS="1544" WIDTH="112" HEIGHT="18" WC="0.96" CONTENT="betänkande"/><SP WIDTH="12" VPOS="1544" HPOS="456"/>
							<String ID="string_294" HPOS="468" VPOS="1544" WIDTH="36" HEIGHT="18" WC="0.96" CONTENT="N:o"/><SP WIDTH="12" VPOS="1544" HPOS="504"/>
							<String ID="string_295" HPOS="516" VPOS="1545" WIDTH="27" HEIGHT="17" WC="0.93" CONTENT="14."/><SP WIDTH="38" VPOS="1545" HPOS="543"/>
							<String ID="string_296" HPOS="581" VPOS="1552" WIDTH="8" HEIGHT="9" WC="0.88" CONTENT="»"/>
						</TextLine>
					</TextBlock>
				</ComposedBlock>
			</PrintSpace>
		</Page>
	</Layout>
</alto>
