1036 1706
424 140 28 20 IL.
759 140 25 20 13

137 205 42 21 Det
201 207 24 19 är
247 206 47 21 icke
316 207 100 26 ovanligt,
440 209 33 19 att
495 208 35 20 vid
549 208 63 20 civila
627 208 51 21 eller
693 208 121 22 kriminella

64 238 55 21 mäls
141 239 159 27 handläggning
318 240 39 21 och
374 240 117 27 afgörande
506 241 7 21 i
528 242 113 20 underrätt
655 242 90 27 misstag
759 243 54 20 kun-

65 274 38 19 nat
121 273 133 21 förekomma
272 274 99 26 antingen
387 275 7 20 i
410 275 193 27 rättegängssättet
620 275 51 21 eller
687 276 35 21 vid
738 276 75 27 sjelfva

64 306 160 22 hufvudsakens
247 308 105 26 pröfning,
375 308 100 21 hvarföre
491 309 38 21 ock
545 309 148 21 erfarenheten
709 310 18 26 ej
744 311 68 20 sällan

64 340 64 26 visar,
152 343 32 19 att
206 342 96 21 sökande
324 342 51 21 eller
393 343 111 27 klagande"
518 345 73 25 parter
605 344 40 20 hos
661 344 151 21 öfverdomsto!

64 375 76 20 vunnit
162 376 90 26 ändring
267 376 7 20 i
290 376 40 20 den
352 376 59 27 lägre
429 377 121 21 instansens
571 377 100 27 ätgärder
687 378 52 21 eller
754 378 58 21 dom-

65 409 49 21 slut.
145 410 39 20 Att
206 410 48 21 med
276 410 107 21 statistisk
401 412 148 26 noggrannhet
568 412 77 20 utreda
660 412 59 21 detta
733 412 79 22 förhäl-

64 443 63 22 lande
150 444 33 21 för
205 445 163 26 ifrågavarande
388 446 31 20 tid
434 452 51 15 vore
501 446 53 21 dock
570 447 49 20 med
634 453 29 14 nu
678 447 134 26 tillgängliga

64 478 71 21 källor
150 479 102 27 omöjligt,
270 479 66 21 ehuru
352 486 25 15 en
393 480 66 21 sådan
470 481 114 26 utredning
593 481 78 26 jemväl
683 481 69 21 skulle
762 481 50 21 äda-

65 513 91 26 galägga
171 513 36 21 det
222 514 82 26 ganska
317 514 77 27 mänga
410 515 94 20 domslut
519 515 72 26 pillats
607 515 5 20 i
629 515 40 26 högre
704 516 108 21 instanser

65 547 39 20 och
120 547 90 21 sålunda
225 547 104 22 förblifvit
344 550 52 18 utan
406 548 70 27 någon
487 549 90 26 ändring
587 549 152 21 beständande.
762 550 50 21 Men

64 581 175 27 lagskipningens
258 582 56 26 gång
329 582 80 21 företer
424 582 62 21 äfven
502 589 25 14 cn
543 583 118 26 skuggsida
676 584 6 20 i
698 583 24 21 sä
737 584 74 26 måtto,

65 617 32 19 att
119 616 93 21 rättsfall
234 615 134 27 förefunnits,
388 617 72 20 hvilka
478 617 18 26 ej
513 617 82 21 kunnat
610 618 80 20 lemnas
706 618 106 21 beroende

64 650 36 21 vid
115 650 56 21 blott
186 651 90 26 ändring
291 651 23 20 af
328 651 99 26 utslaget,
444 652 88 20 emedan
548 652 102 26 derjemte
661 652 151 27 felaktigheter

64 684 71 21 blifvit
151 685 117 25 anmärkta,
281 691 45 14 som
336 685 34 20 för
380 685 40 20 den
432 686 106 20 allmänna
548 686 196 21 rättssäkerhetens
756 687 56 20 skull

64 718 87 27 påkalla
173 719 43 20 åtal
240 721 57 18 emot
318 719 160 21 vederbörande
502 720 90 21 embets-
615 720 39 21 och
677 721 135 26 tjenstemän.

64 752 43 21 För
123 753 76 20 sådant
214 753 98 21 ändamål
329 753 140 22 öfverlemnar
484 754 122 26 Hofrätten,
623 754 54 21 efter
692 761 52 20 egen
754 755 58 26 pröf-

64 787 51 26 ning
131 787 51 22 eller
198 788 39 20 ock
252 788 48 21 med
318 787 115 27 anledning
448 788 23 21 af
485 788 114 27 sakägares
615 788 85 27 klagan,
715 789 98 21 handlin-

64 828 65 21 garne
145 822 33 21 till
193 822 194 21 advokatfiskalens
404 823 82 26 ätgärd,
503 823 77 20 liksom
596 823 39 20 ock
647 823 67 21 denne
725 823 88 27 tjenste-

64 863 49 14 man
128 857 33 20 för
177 857 32 20 sin
225 857 34 20 del
275 857 47 25 kan,
339 857 35 20 vid
390 857 131 26 granskning
536 857 23 20 af
568 857 134 26 domböcker,
715 858 97 21 saköres-

64 891 89 26 längder
169 891 51 20 eiler
235 890 120 27 fänglistor,
371 890 58 22 finna
445 891 46 20 skäl
506 893 32 19 att
548 891 49 21 med
607 891 141 27 anmärkning
758 892 7 21 i
776 892 37 27 dy-

64 925 41 20 likt
128 925 54 26 syfte
205 925 33 20 till
260 924 115 21 Hofrätten
394 925 114 20 inkomma.
539 925 116 21 Dessutom
673 926 39 20 har
727 926 85 26 enhvar,

64 965 47 14 som
127 965 62 14 anser
205 959 32 25 sig
252 965 52 14 vara
319 965 76 20 genom
411 959 203 26 embetsmydighets
630 959 128 26 tillgörande
770 960 44 21 för-

64 993 95 25 närmad,
175 993 44 20 rätt
234 994 32 19 att
282 992 97 21 deröfver
394 993 65 26 klaga
473 993 39 20 hos
527 993 153 26 Prokuratorn,
697 999 46 15 som
759 993 55 22 efter

64 1027 172 20 vederbörandes
258 1026 94 21 hörande
375 1026 113 21 förordnar
506 1027 33 20 till
555 1027 134 20 anställande
704 1027 22 20 af
740 1027 50 26 ätal,
806 1027 7 21 i

64 1061 38 20 fall
122 1060 210 27 omständigheterna
350 1059 96 22 befinnas
465 1061 72 20 dertill
552 1061 121 26 föranleda;
690 1061 38 20 och
745 1061 68 21 slutli-

64 1101 41 20 gen
128 1094 42 21 kan
189 1094 62 21 äfven
271 1094 120 27 Kejserliga
407 1094 91 21 Senaten
514 1095 35 20 vid
564 1095 100 26 pröfning
680 1095 23 20 af
716 1095 49 26 mäl,
782 1095 31 21 uti

64 1129 73 21 hvilka
151 1128 67 27 något
232 1128 28 21 fel
276 1128 94 21 befinnes
386 1134 52 15 vara
453 1129 22 20 af
490 1129 230 26 embetsmyndigheter
734 1129 79 27 begän-

64 1165 43 24 get,
123 1162 130 21 öfverlemna
268 1163 153 26 handlingarne
437 1163 33 20 till
485 1163 158 21 Prokuratorns
659 1163 76 26 åtgärd
746 1164 7 20 i
765 1170 48 15 ena-

64 1197 72 20 handa
151 1196 61 27 syfte.

138 1231 42 20 Vid
194 1230 62 26 fräga
271 1236 34 15 om
318 1230 163 27 lagskipningen
493 1231 38 20 och
541 1231 100 26 lagarnes
651 1231 163 21 handhafvande

64 1265 8 20 i
87 1265 74 20 landet
175 1264 92 27 förtjena
283 1265 25 20 de
323 1263 111 22 fiskaliska
449 1264 125 21 aktionerna
590 1264 93 21 särskild
698 1265 115 26 uppmärk-

67 1298 89 26 samhet,
173 1298 88 21 emedan
277 1298 107 21 desamma
399 1298 7 20 i
422 1298 32 21 sin
470 1304 55 20 mon,
541 1298 72 21 fastän
627 1305 26 14 ur
668 1299 86 26 negativ
767 1305 48 20 syn-

65 1333 76 26 punkt,
157 1333 69 19 lemna
242 1338 25 13 en
282 1332 68 25 vigtig
365 1332 281 26 supplementär-belysning
661 1333 33 19 till
709 1333 57 20 hvad
781 1339 33 14 om

68 1365 155 21 domstolarnes
236 1365 136 20 verksamhet
381 1365 72 20 blifvit
463 1365 6 20 i
481 1365 152 20 ofvanstäende
644 1366 66 20 måtto
722 1366 92 21 anfördt.

138 1399 63 21 Hvad
216 1405 29 14 nu
260 1398 77 21 främst
352 1398 101 21 beträffar
468 1399 127 21 hithörande
611 1399 99 26 ärenden,
724 1405 45 15 som
780 1400 35 21 vid

67 1433 310 27 Prokurators-Expeditionen
396 1433 143 26 förekommit,
554 1433 39 21 har
613 1433 145 22 förhällandet
780 1441 35 14 va-

65 1469 30 21 rit
109 1468 103 27 följande:
