1050 1709
408 151 56 23 XIX.
775 151 12 23 7

133 216 69 20 Anm.
219 217 17 19 1.
267 216 31 20 De
313 216 34 21 för
362 216 156 26 kamrerarene,
533 217 126 21 kassörerne
675 217 39 20 och
728 215 89 22 bokhäl-

63 250 74 21 larene
152 250 7 20 i
174 250 91 25 banken,
284 252 56 19 samt
358 249 33 22 för
410 250 126 22 kassörerne
554 250 35 21 vid
604 251 104 21 kontoren
723 250 7 21 i
745 250 72 22 lands-

64 286 62 20 orten
148 284 112 21 bestämda
282 284 148 27 aflöningarna
452 285 52 21 ökas
522 285 54 21 efter
595 284 41 22 fem
656 284 35 22 års
710 284 107 27 oförvitlig

64 318 66 27 tjenst
144 318 7 20 i
166 325 82 14 samma
266 318 120 28 befattning
405 318 48 22 med
471 319 36 25 tio,
523 319 39 21 och
583 320 54 20 efter
651 318 69 22 andra
735 318 42 22 fem
793 317 24 22 är

65 352 47 22 med
127 352 125 28 ytterligare
266 353 31 21 tio
312 354 90 26 procent
417 353 24 21 af
455 353 40 21 den
510 352 33 22 för
558 352 91 28 tjensten
664 352 104 28 anslagna
783 359 34 14 or-

65 387 82 21 dinarie
162 386 42 27 lön,
220 386 72 22 hvilka
309 386 75 29 tillägg
403 387 64 22 likväl
482 387 34 21 vid
531 387 189 28 afskedstagandet
734 387 47 21 icke
796 385 22 23 fä

65 422 128 22 inberäknas
208 421 7 21 i
229 421 122 28 pensionen.

133 468 68 20 Anm.
218 468 18 20 2.
267 467 188 22 Vaktmästarenes
471 467 58 22 antal
544 467 34 21 vid
593 467 84 21 banken
692 468 25 20 är
732 467 40 21 här
782 474 36 14 en-

68 502 47 22 dast
130 502 123 28 förslagsvis
268 503 111 27 upptaget.

134 549 67 20 Anm.
218 549 19 19 3.
249 543 12 36 .
267 547 85 22 Arvode
366 548 33 20 för
414 547 96 22 bankens
525 549 88 26 agenter
627 548 57 22 inom
700 547 73 22 landet
782 548 36 21 be-

67 584 99 21 stämmes
183 583 7 21 i
205 582 74 28 hvarje
294 582 101 22 särskildt
410 582 38 22 fall
463 590 76 20 genom
553 582 107 22 kontrakt.

135 630 69 20 Anm.
215 630 19 20 4.
264 629 44 21 Der
323 628 57 22 lokal
394 628 35 22 för
443 628 67 28 något
524 629 95 21 bankens
635 629 77 21 kontor
726 629 7 20 i
748 628 71 21 lands-

68 666 61 20 orten
148 664 100 21 behöfver
267 664 116 28 upphyras,
398 663 128 22 bestämmes
540 663 165 28 hyresbeloppet
719 663 102 21 särskildt

68 699 34 21 för
116 699 74 27 hvarje
205 698 43 22 fall.

138 746 68 20 Anm.
218 745 18 20 5.
262 744 11 22 I
283 743 153 23 ofvanstäende
449 744 161 28 expensemedel
620 744 62 28 ingår
692 744 61 22 äfven
764 745 56 21 kost-

70 780 69 21 naden
155 780 33 20 för
203 779 38 21 ved
257 779 40 21 och
312 778 41 28 ljus
368 778 34 22 för
417 779 109 21 kontorets
540 779 71 21 behot.

388 1451 133 30 Helsingfors,

305 1498 17 19 J.
335 1498 19 18 C.
367 1498 93 18 Frenckell
472 1500 13 16 &
498 1499 40 21 Son,
552 1499 49 19 1876.
