1048 1703
224 164 12 21 6
470 163 29 22 U.
514 162 29 23 B.
559 175 28 3 —
601 162 70 23 XIX.

194 225 36 21 del
244 225 36 21 vid
295 225 61 22 sidan
372 225 22 22 af
407 225 102 22 Finlands
524 225 67 21 banks
602 226 55 20 samt
667 225 102 26 möjligen
780 224 63 22 äfven
853 224 50 21 leda
912 223 35 22 till

195 265 27 16 en
236 259 196 27 börsorganisation
446 260 8 21 i
469 259 79 22 landet.

261 293 42 21 Vid
317 293 59 22 tiden
391 293 56 21 efter
461 293 138 22 utfärdandet
614 293 23 22 af
651 293 56 21 1840
721 293 36 21 års
771 293 129 21 instruktion
913 292 34 21 för

192 328 103 21 Finlands
314 327 57 21 bank
388 333 39 15 var
445 328 80 20 dennas
543 327 136 21 verksamhet
694 327 71 21 såsom
780 327 130 21 förmedlare
925 327 24 20 af

192 362 42 21 den
252 361 165 22 internationela
434 361 95 21 handeln
546 361 112 21 inskränkt
675 361 33 21 till
727 360 108 27 invexling
849 360 25 22 af
886 360 61 27 ryskt

192 396 40 21 och
247 395 110 22 utländskt
372 397 64 25 mynt,
451 396 88 20 hvarom
552 395 7 21 i
571 395 11 27 $
593 395 14 21 5
617 395 23 21 af
648 395 92 21 berörda
749 394 130 22 instruktion
889 394 58 22 stad-

192 430 77 27 gades:
286 430 98 21 "Banken
398 429 84 27 åligger
494 429 80 27 jemväl
589 431 38 25 att,
642 430 8 20 i
664 436 50 15 mon
729 428 24 22 af
764 429 50 21 dess
824 428 123 28 tillgångar,

191 464 85 21 invexla
294 464 43 22 alla
355 464 35 21 för
404 464 66 26 öfrigt
484 464 8 20 i
506 464 164 27 Kejsaredömet
684 463 84 27 utgifna
783 463 40 22 och
837 463 110 27 gångbara

192 500 59 25 mynt
270 498 39 21 och
327 498 114 27 sedelslag,
460 498 110 22 äfvensom
585 498 133 22 främmande
732 498 62 26 guld-
809 498 40 20 och
864 497 83 22 silfver-

191 534 65 25 mynt,
276 532 56 22 efter
347 533 41 21 den
402 532 58 27 kurs,
476 539 46 16 som
536 533 7 21 i
557 532 75 28 hvarje
647 532 103 22 särskildt
764 532 38 22 fall
817 532 130 21 bestämmes

192 567 39 21 och
250 567 144 22 allmänheten
411 567 126 27 kungöres*.
569 567 46 22 När
633 567 123 21 sedermera
773 566 64 22 äfven
854 566 93 22 handeln

192 601 49 21 med
255 601 115 21 utländska
384 602 85 20 valutor
484 607 75 22 genom
573 601 116 27 kejserliga
704 601 152 26 förordningen
868 601 41 20 den
921 601 26 21 13

190 635 61 27 April
271 635 55 22 1859
345 635 87 27 gjordes
450 635 34 22 till
503 641 27 16 en
544 635 24 22 af
580 635 96 22 bankens
691 635 129 26 funktioner,
835 635 112 21 förordna-

191 669 38 21 des
248 669 7 21 i
274 669 12 27 $
306 669 26 22 39
352 669 23 21 af
392 670 68 26 sagda
477 669 136 27 författning:
632 669 98 21 "Banken
749 669 55 21 låter
822 669 7 21 i
844 669 103 21 Finlands

190 703 114 21 Allmänna
327 703 91 27 Tidning
440 704 96 27 kungöra
558 704 27 22 de
603 704 83 26 kurser,
704 703 109 22 hvarefter
831 703 116 21 utländska

190 738 74 21 vexlar
282 738 24 21 af
322 738 125 21 densamma
465 738 135 22 diskonteras
619 738 40 21 och
677 738 106 27 försäljas,
799 737 40 22 och
854 737 93 21 Senaten

190 778 52 20 eger
258 774 100 20 närmare
372 772 118 22 bestämma
505 773 41 21 den
560 772 115 28 provision,
691 778 46 16 som
751 772 34 21 för
800 772 73 27 dylika
892 772 56 21 samt

190 804 34 22 för
238 806 114 21 inländska
366 806 74 22 vexlar
454 807 39 21 och
503 807 137 27 anvisningar
649 806 34 22 får
693 806 23 22 af
724 806 85 22 banken
818 806 129 26 beräknas";

190 840 110 21 äfvensom
315 841 8 21 i
338 840 12 28 &
366 842 28 20 14
408 841 24 21 af
444 841 117 27 kejserliga
575 842 154 26 förordningen
745 842 40 20 den
800 842 13 20 9
828 842 119 21 December

190 874 66 22 1867:
273 875 99 21 "Banken
387 876 45 25 bör,
449 876 70 21 såsom
534 876 83 26 hittills,
633 876 97 26 kungöra
745 876 26 21 de
786 875 83 27 kurser,
884 876 62 21 hvar-

190 908 56 22 efter
263 909 115 21 utländska
395 910 73 21 vexlar
488 909 22 22 af
527 910 124 22 densamma
667 910 134 21 diskonteras
817 910 39 21 och
870 910 77 21 försäl-

187 942 43 27 jas,
249 945 56 19 samt
319 943 101 22 fortsätta
435 944 47 21 sina
496 944 145 26 vexelaffärer,
657 944 55 21 dock
726 944 49 21 med
789 944 66 26 nödig
869 944 78 27 försig-

189 977 87 27 tighet".
306 977 32 21 På
352 979 44 20 sätt
409 978 64 21 häraf
486 978 101 27 framgår,
598 978 119 22 föreskrefs
727 978 64 22 alltså
805 978 8 21 i
823 978 63 21 ofvan
897 978 50 22 äbe-

189 1011 81 26 ropade
284 1011 152 27 författningar
449 1014 32 19 att
490 1012 105 21 kurserna
605 1012 70 21 skulle
685 1012 33 21 till
729 1012 156 22 allmänhetens
895 1012 51 21 kän-

189 1045 77 22 nedom
281 1045 115 27 kungöras,
412 1052 48 15 men
475 1046 226 27 bankförvaltningens
715 1045 130 28 befogenhet
859 1048 32 19 att
900 1046 46 21 vid-

188 1081 52 25 taga
254 1079 152 28 förändringar
420 1081 8 20 i
443 1081 69 26 dessa,
528 1080 24 22 så
567 1080 46 22 ofta
627 1080 96 22 bankens
739 1080 100 21 säkerhet
853 1080 40 21 och
903 1080 43 21 för-

190 1113 36 21 del
240 1114 76 27 gjorde
331 1114 81 22 sådana
426 1115 84 26 nödiga,
525 1114 62 21 torde
602 1115 8 20 i
625 1114 54 27 följd
693 1113 64 22 deraf
768 1114 47 21 icke
830 1113 53 22 böra
898 1114 49 22 dra-

189 1153 39 20 gas
243 1148 8 20 i
265 1147 136 22 tvifvelsmål.
431 1149 11 20 I
455 1148 221 22 öfverensstämmelse
686 1149 89 21 härmed
785 1149 88 26 stadgar
883 1148 63 22 äfven

190 1181 152 27 ofvanintagna
360 1182 12 28 $
392 1183 27 21 70
433 1183 7 20 i
455 1189 29 15 nu
498 1183 101 27 gällande
613 1182 132 27 reglemente
760 1183 76 21 endast
850 1184 32 20 att
896 1183 50 21 kur-

188 1221 64 16 serna
267 1216 69 22 under
350 1217 41 21 den
405 1217 39 26 tid,
459 1218 27 20 de
501 1219 38 19 äro
553 1217 106 26 gällande,
675 1217 61 21 skola
750 1217 69 21 hållas
835 1217 110 27 anslagna,

189 1249 102 21 hvarmed
302 1250 135 27 synbarligen
447 1250 47 22 icke
504 1250 91 27 åsyftats
606 1252 32 19 att
647 1250 111 21 förhindra
767 1251 27 21 de
804 1252 70 20 tätare
884 1251 62 21 kurs-

188 1283 117 26 vexlingar,
320 1289 47 15 som
377 1283 212 22 förhandenvarande
600 1284 184 26 omständigheter
793 1285 69 21 under
871 1284 74 28 hvarje

188 1316 33 22 tid
235 1317 71 22 kunde
320 1317 94 28 påkalla.

256 1352 43 21 Vid
314 1352 36 22 det
364 1352 112 22 Utskottet
489 1352 91 23 sålunda
593 1353 70 22 håller
672 1353 47 22 före
729 1355 33 20 att
772 1353 41 22 den
822 1354 124 21 nuvarande

187 1386 97 27 lydelsen
300 1386 24 22 af
332 1387 12 28 $
356 1387 28 21 70
392 1387 48 22 icke
449 1387 104 28 pälägger
563 1387 133 22 direktionen
706 1388 50 22 dess
766 1387 59 22 förut
834 1388 111 27 iakttagna

188 1420 124 23 förfarande
326 1421 36 22 vid
376 1421 177 28 kurssättningar,
570 1422 71 22 såvidt
653 1423 119 21 detsamma
781 1422 104 23 befunnes
896 1423 50 22 stri-

187 1456 71 21 dande
275 1458 46 20 mot
337 1456 96 22 bankens
451 1457 100 22 säkerhet
569 1457 40 22 och
627 1457 75 26 fördel,
721 1457 60 22 delar
796 1457 111 23 Utskottet
925 1458 20 27 ej

255 1496 139 19 Bankutskottets
405 1497 105 18 betänkande
522 1497 35 18 N:o
570 1499 15 16 4.
