1050 1706
230 126 27 19 40
459 124 21 24 U.
498 125 21 22 B.
533 137 29 3 —
577 124 136 22 1II—-XVIIL.

584 190 118 28 Transport
724 191 47 27 Za;
804 192 97 26 639,898:
918 193 34 20 86.

201 223 99 22 Fondens
308 223 86 22 fordran
402 224 29 27 pä
439 224 37 22 do-

230 258 167 27 nationsgodsen
435 276 4 4 .
471 259 57 27 .Fry
538 260 118 26 6,064,086:
668 260 33 20 36.

201 292 97 22 Kontant
311 292 123 28 behållning
471 310 4 4 =.
501 310 8 8 ,
573 294 83 25 52,842:
668 295 33 19 30.
734 316 9 9 ,
783 300 119 25 6,116,928:
919 302 32 19 66.

201 344 38 21 ger
251 338 41 22 den
303 338 7 21 i
319 338 118 22 relationen
445 340 110 26 upptagna
561 339 141 21 slutsumman

231 372 22 22 af
264 372 100 28 utgående
372 368 159 37 kreditbalansen
552 374 32 20 till
591 375 54 19 1876
652 374 52 21 eller
719 374 48 27 Zn
783 375 118 25 6,756,827:
919 376 33 20 52.

269 436 127 22 Relationen
412 436 100 22 omfattar
527 437 84 22 säledes
628 436 60 23 äfven
704 437 76 27 medel,
793 437 70 22 hvilka
879 439 73 25 antag-

201 471 57 27 ligen
273 471 48 28 gätt
336 477 76 21 genom
426 471 165 22 landtränteriet
605 471 7 22 i
627 472 94 27 Wiborg,
739 472 38 21 der
790 472 91 27 troligen
893 471 61 23 äfven

202 506 41 22 den
251 505 173 28 öfverskjutande
433 507 103 21 kontanta
544 506 150 27 behållningen
703 507 52 22 eller
763 507 48 28 my?
819 509 99 24 464,268:
927 509 26 19 03

200 540 102 22 förvaras.
333 540 124 27 Oegentligt
473 540 108 23 förefaller
597 541 37 22 det
649 541 118 22 emellertid
783 543 32 20 att
831 541 69 22 denna
915 547 39 15 un-

201 575 39 22 der
259 575 131 22 Ständernas
410 575 83 27 garanti
511 575 89 22 stäende
620 575 53 22 affär
690 576 48 21 icke
758 576 145 27 nägonstädes
915 575 38 21 fin-

200 615 39 16 nes
255 609 7 22 i
277 610 33 21 sin
325 609 73 22 helhet
412 609 96 27 bokförd,
525 610 24 21 sä
564 612 32 19 att
612 611 41 20 den
667 610 73 22 kunde
755 609 120 28 föreläggas
887 610 36 21 det
934 609 23 22 af

202 644 120 22 Ständerna
336 644 91 22 tillsatta
443 644 174 23 Statsutskottet.

269 691 48 22 Mot
334 691 118 22 relationen
471 693 24 20 är
509 691 8 21 i
532 691 64 27 öfrigt
610 692 32 21 att
657 691 110 26 anmärka,
783 693 33 19 att
831 691 124 21 densamma

202 725 112 28 uppgifver
333 726 26 21 de
374 726 55 21 intill
444 726 109 27 utgången
569 725 22 22 af
606 727 54 20 1875
676 725 94 22 försälda
785 725 170 28 obligationerna

201 761 33 21 till
250 762 31 21 ett
294 760 103 22 nominelt
411 761 79 27 belopp
507 760 22 21 af
548 778 1 4 .
584 778 1 3 .
615 777 4 4 .
651 777 4 4 .
686 777 4 4 .
721 761 48 26 ry
785 762 119 25 6,914,600:
921 772 27 3 —

203 795 67 22 ehuru
286 795 61 22 detta
362 795 114 28 rätteligen
492 797 23 20 är
531 795 90 22 endast.
655 811 1 5 .
687 813 4 3 .
739 813 10 8 +»
785 797 120 24 6,900,100:
921 807 27 3 —

201 830 131 28 Återstoden
365 853 4 4 .
401 853 4 4 .
437 853 4 4 .
687 853 4 4 2
723 837 47 26 Fang
799 826 11 41 —
823 837 82 25 14,500:
922 848 27 3 —

202 870 39 22 har
259 871 107 26 nemligen
382 871 67 26 aldrig
463 853 69 39 blifvit
545 853 88 44 försåld,
650 849 89 52 ötnedan
755 871 26 21 de
798 870 96 22 deremot
908 876 47 16 sva-

201 905 68 22 rande
285 905 168 27 obligationerna
468 904 69 22 blifvit
552 905 112 26 utlottade,
678 905 66 21 innan
759 905 26 22 de
801 905 76 21 hunnit
891 905 65 27 utgif-

201 946 44 15 vas.
265 939 79 22 Vidare
360 942 24 19 är
397 940 183 26 kapitalrabatten
595 939 33 22 för
644 940 26 22 de
680 939 95 22 försålda
787 939 169 28 obligationerna

201 974 116 27 uppgifven
337 975 76 25 14,500
433 974 47 27 Za
498 974 73 27 högre,
588 976 27 19 än
634 974 41 21 den
692 974 110 28 verkligen
816 974 61 27 varit,
893 974 63 21 hvar-

202 1010 58 20 emot
282 1009 41 21 den
347 1009 13 21 ä
382 1008 169 27 obligationerna
573 1008 111 28 upplupna
709 1010 78 20 räntan
813 1008 70 22 blifvit
907 1009 49 21 med

202 1043 112 22 enahanda
329 1049 83 16 summa
426 1042 34 23 för
474 1044 46 26 lågt
533 1046 115 24 upptagen.
679 1043 48 21 Alla
743 1043 65 22 dessa
821 1043 90 27 misstag
921 1044 34 20 ut-

199 1077 72 29 jemna
295 1077 54 22 dock
371 1078 125 26 hvarandra,
518 1078 25 21 sä
564 1080 33 20 att
615 1078 40 21 den
673 1078 108 27 utgående
800 1078 104 22 balansen
919 1078 37 21 det

203 1112 90 22 oaktadt
309 1114 23 19 är
347 1112 71 27 riktig.

270 1152 105 26 Slutligen
391 1158 63 16 anser
469 1153 33 27 sig
516 1152 113 22 Utskottet
644 1153 53 21 böra
712 1152 113 22 framhälla
839 1154 38 24 att,
889 1152 67 26 enligt

201 1186 59 22 Hans
283 1186 120 28 Kejserliga
424 1187 113 27 Majestäts
559 1188 32 20 till
616 1188 54 20 1867
693 1188 35 20 ärs
751 1187 104 27 landtdag
877 1186 79 22 aflätna

201 1220 78 28 nådiga
299 1221 134 27 proposition
456 1222 110 26 angående
589 1221 83 22 inlösen
695 1220 24 23 af
737 1222 219 26 donationsgodsen
946 1216 15 37 i

200 1256 100 25 Wiborgs
325 1256 41 20 och
388 1256 33 20 S:t
441 1256 90 20 Michels
549 1256 36 20 län
601 1257 55 19 samt
672 1255 131 21 Ständernas
819 1255 8 20 i
841 1254 114 27 anledning

202 1288 62 22 deraf
277 1288 79 28 afgifna
371 1289 146 27 underdåniga
533 1294 54 21 svar,
604 1288 138 28 upptagande
758 1288 22 22 af
793 1289 36 21 lån
844 1288 33 22 för
889 1289 65 21 dona-

201 1324 151 26 tionsgodsens
371 1323 83 22 inlösen
468 1324 68 21 borde
550 1323 155 28 ifrågakomma
720 1324 77 22 endast
811 1324 33 22 för
859 1324 37 21 det
910 1323 43 27 fall,

201 1360 32 21 att
255 1358 136 28 uppstående
413 1358 139 28 besparingar
572 1359 12 21 å
600 1358 141 23 statsmedlen
756 1358 69 23 blefve
840 1358 33 22 för
888 1359 65 22 ända-

201 1394 66 22 målet
289 1393 146 27 otillräckliga.
472 1393 35 23 Då
529 1394 141 22 statsverkets
693 1394 120 22 inkomster
835 1394 119 22 emellertid

200 1429 69 22 under
287 1429 41 21 den
347 1430 96 20 närmast
460 1428 100 22 förflutna
578 1428 144 27 tidsperoden,
738 1429 28 27 på
781 1430 45 20 sätt
840 1428 113 23 Utskottet

269 1469 135 18 Statsutskottets
415 1470 107 17 betänkande
533 1470 36 17 N:o
582 1469 27 18 11.
