1036 1698
440 131 28 40 II.
663 136 3 5 ”
773 142 27 20 25

76 207 35 21 för
127 208 57 21 stöld
202 210 36 19 ute
258 208 13 20 å
286 208 88 21 marken
392 208 58 27 gjort
466 208 33 27 sig
514 208 105 26 förfallne,
637 209 39 21 och
690 209 140 26 hvarigenom

77 242 41 20 den
135 248 39 20 ena
189 242 23 20 af
226 242 47 21 dem
289 242 83 21 ådömts
388 242 117 26 lindrigare
520 248 77 15 ansvar
613 244 27 19 än
656 243 37 21 ske
708 243 75 25 bordt;

149 274 33 22 till
199 276 25 20 10
240 276 60 20 daler
315 276 33 20 för
364 276 36 20 det
416 282 25 15 en
458 276 22 20 af
494 276 137 21 förenämnde
646 276 106 22 tilltalade
763 277 68 26 tagits

77 309 34 21 till
126 310 43 20 last
184 309 189 27 fylleri-förseelse,
389 311 52 19 utan
457 311 32 19 att
504 310 117 26 angifvelse
637 310 73 21 derom
726 310 68 26 skett;

150 343 34 21 till
201 344 25 20 10
242 343 59 21 daler
316 343 33 21 för
367 343 123 21 underlåtet
504 344 99 26 yttrande
620 350 34 14 om
670 350 80 15 samma
764 344 67 21 tillta-

78 378 59 20 lades
154 379 58 19 emot
226 380 78 19 tvenne
319 383 103 21 personer
436 377 111 22 föröfvade
563 378 140 26 misshandel;

150 412 33 21 till
199 413 27 20 20
242 412 59 21 daler
318 412 34 21 för
370 412 79 26 oriktig
468 412 224 27 ansvarsbestämning
712 412 7 21 i
735 413 36 21 det
786 414 45 20 mot

79 452 81 15 samma
175 446 106 22 tilltalade
296 446 87 21 utförda
398 447 66 21 målet
479 447 109 27 angående
603 447 161 26 inbrottsstöld;

150 481 33 21 till
202 482 27 19 30
248 480 60 22 daler
326 480 33 21 för
374 481 36 21 det
426 482 118 20 ännämnde
563 481 106 21 tilltalade
689 481 66 26 tagits
769 481 61 21 råns-

79 515 60 21 brott
154 515 32 21 till
202 515 42 21 last
259 516 6 20 i
282 515 72 21 stället
370 515 33 21 för
419 515 162 27 sjelfpantning;

150 549 34 21 till
200 550 26 19 10
242 549 59 21 daler
316 550 33 20 för
364 549 80 26 oriktig
459 549 136 26 förvandling
610 549 23 21 af
647 549 61 21 böter
723 550 7 20 i
742 551 31 19 ett
787 550 43 20 mål

78 582 110 27 angående
206 582 72 27 oloflig
297 583 228 26 bränvinsförsäljning
541 583 39 20 och
596 583 158 26 sabbatsbrott;
775 585 55 19 samt

149 617 33 20 till
198 617 26 20 20
241 617 59 20 daler
318 617 32 20 för
366 617 126 20 utsättande
508 617 22 20 af
539 617 124 26 ovilkorligt
673 617 159 26 fängelsestraff

78 651 37 20 vid
131 652 72 19 vatten
219 651 38 20 och
274 651 53 20 bröd
342 651 7 20 i
360 652 31 20 ett
405 651 43 20 mål
463 651 91 21 rörande
570 651 164 26 ärekränkning.
760 651 70 21 Dessa

79 685 63 20 böter
158 686 76 25 utgöra
250 684 90 27 tillhopa
357 685 39 21 150
412 685 66 25 daler,
489 685 150 21 motsvarande
653 685 40 20 288
704 685 70 25 mark;
792 685 38 21 och

79 719 100 25 utslaget,
195 719 114 20 hvaröfver
325 718 169 22 domhafvanden
505 719 70 21 anfört
590 719 146 26 underdåniga
746 719 83 25 besvär,

79 754 24 19 är
119 752 23 22 af
159 752 120 27 Kejserliga
298 753 101 20 Senatens
418 753 254 26 Justitie-Departement
692 753 40 20 den
751 754 25 19 21
794 753 36 20 Ja-

79 787 63 21 nuari
159 787 53 20 1873
228 787 83 26 gilladt.

152 821 93 20 Medelst
264 821 71 26 utslag
354 821 40 20 den
413 821 12 20 9
445 821 117 20 December
584 821 50 20 1871
656 820 38 21 har
709 821 122 26 Kejserlige

80 856 66 20 Wasa
156 855 94 25 Hofrätt,
260 856 87 20 emedan
356 855 106 26 lagfarts-,
471 855 151 25 intecknings-,
631 855 199 27 förmynderskaps-

81 890 38 20 och
139 889 335 27 äktenskapsförords-protokoll
492 889 33 21 för
544 889 45 21 Juli
607 889 78 21 månad
703 895 81 15 samma
799 889 31 26 år,

79 923 73 21 hvilka
171 923 47 21 från
237 930 26 14 en
282 923 166 21 Rådstufvurätt
466 923 63 21 bordt
547 929 51 15 vara
617 923 34 20 till
669 922 115 22 Hofrätten
799 923 31 20 in-

81 958 67 21 sända
164 958 40 20 sist
222 958 40 21 den
278 959 25 19 31
323 958 161 26 derpåföljande
504 957 98 27 Augusti,
618 957 55 21 först
689 957 40 21 den
745 958 26 20 23
788 956 43 22 Ok-

80 992 62 21 tober
157 992 93 20 nämnda
265 992 23 20 år
304 992 38 20 och
358 992 84 20 således
458 993 26 19 52
501 992 66 26 dagar
583 997 75 15 senare
669 991 31 21 dit
711 991 119 25 inkommit,

80 1027 48 21 fällt
147 1026 192 21 Rådstufvurätten
354 1028 32 18 att
404 1026 58 26 böta,
478 1026 54 21 efter
547 1027 12 19 3
576 1026 59 20 daler
649 1025 34 21 för
699 1025 74 27 dagen,
792 1026 38 20 156

80 1060 59 22 daler
158 1060 52 21 eller
228 1061 42 20 299
286 1060 60 20 mark
365 1060 26 20 52
407 1060 70 26 penni,
495 1061 32 19 att
541 1060 75 26 gäldas
632 1059 23 21 af
668 1060 163 25 borgmästaren

80 1095 34 21 till
129 1094 81 21 hälften
226 1094 37 21 och
280 1094 23 21 af
316 1096 76 19 tvenne
408 1094 88 21 rådmän
512 1094 105 20 hvardera
632 1093 32 21 till
681 1099 24 15 on
721 1093 111 27 fjerdedel.

152 1129 32 20 En
207 1128 151 21 tillförordnad
380 1128 161 25 domhafvande,
562 1134 45 14 som
629 1127 34 20 för
685 1127 67 26 några
774 1128 58 20 emot

79 1163 80 21 honom
174 1162 76 21 väckta
270 1162 43 20 åtal
329 1161 70 21 blifvit
412 1161 85 27 jemlikt
518 1161 122 27 Kejserlige
661 1155 47 27 Åbo
731 1160 101 21 Hofrätts

81 1197 40 21 den
138 1197 11 20 7
168 1196 96 21 Oktober
285 1196 53 20 1870
357 1195 101 27 vidtagna
477 1195 71 21 beslut
564 1195 56 21 skild
635 1194 48 21 från
698 1194 40 21 den
754 1195 78 20 honom

81 1230 140 22 anförtrodda
235 1230 131 26 förvaltning
381 1230 23 20 af
418 1229 181 21 domareembetet
614 1229 7 21 i
637 1235 21 14 en
673 1229 109 26 domsaga,
793 1228 39 22 har

81 1264 116 22 Hofrätten
217 1264 127 25 sedermera,
360 1264 36 20 vid
412 1264 74 25 slutlig
500 1263 100 27 pröfning
616 1262 23 22 af
653 1263 63 21 dessa
731 1262 50 26 åtal,
797 1268 36 20 ge-

81 1304 49 16 nom
146 1298 72 26 utslag
234 1298 40 21 den
290 1298 25 21 27
331 1298 91 20 Januari
439 1298 53 21 1873
509 1298 58 20 dömt
582 1297 34 21 till
631 1297 62 21 böter
708 1296 34 22 för
757 1296 77 28 följan-

81 1333 27 20 de
123 1331 118 27 tjenstefel:

153 1365 33 21 till
208 1366 28 19 40
259 1365 59 21 daler
340 1364 33 21 för
392 1365 94 26 oriktiga
508 1364 250 26 ansvarsbestämningar
776 1364 7 20 i
802 1365 32 20 ett

81 1402 58 19 emot
158 1401 32 20 tre
209 1399 94 21 häktade
322 1405 102 20 personer
442 1398 83 21 utfördt
545 1397 118 27 stöldsmål,
678 1397 89 22 hvarvid
780 1397 54 27 jem-

81 1435 34 21 väl
131 1434 27 21 de
177 1433 115 22 sakfälldes
312 1435 62 19 namn
394 1433 72 21 blifvit
484 1433 7 20 i
510 1433 131 21 domstolens
659 1433 72 26 utslag
750 1431 85 23 förvex-

81 1469 58 26 lade;
