1045 1703
233 160 12 20 8
428 157 29 19 U.
469 158 27 17 B.
509 167 23 3 —
544 157 78 21 Prop.
635 156 43 18 N:o
691 156 43 18 46.

205 227 78 21 strativ
297 228 41 24 väg
353 226 102 21 förordna
469 225 161 27 upphäfvandet
645 224 23 21 af
682 225 41 21 den
736 224 123 22 metalliska
869 224 91 21 rubelns.

205 261 134 27 gångbarhet
354 260 7 22 i
376 260 98 21 Finland.
504 260 76 26 Någon
602 260 79 20 tvekan
700 266 34 14 om
754 259 166 27 olämpligheten
936 258 26 21 af

205 297 13 20 5
237 295 70 21 francs
323 294 85 28 stycket
421 294 8 21 i
444 294 52 27 guld
518 294 67 22 borde
605 294 64 21 också
683 294 48 21 icke
746 294 74 26 längre
834 293 122 26 förefinnas,

207 330 66 21 sedan
288 330 119 21 detsamma
422 329 57 20 inom
495 329 37 21 det
547 328 94 22 latinska
656 328 177 27 myntförbundet
847 328 28 27 på
888 328 69 27 grund.

207 364 23 21 af
243 369 84 16 vunnen
342 363 122 21 erfarenhet
478 363 48 21 icke
540 369 46 15 mer
600 363 63 20 torde
677 364 116 25 utmyntas.

277 398 11 21 I
312 397 100 22 afseende
428 397 12 20 å
455 397 11 27 $
484 398 25 20 13
524 397 40 21 har
579 397 57 21 inom
650 397 109 24 utskottet
776 397 80 27 jemväl
879 396 78 26 ifråga-

207 434 55 19 satts
285 438 25 15 en
334 431 176 26 omformulering
524 431 8 21 i
548 431 40 21 den
610 431 103 26 riktning,
736 433 32 19 att
787 437 26 14 ur
829 431 129 26 stadgandet

207 467 49 20 med
271 466 40 21 full
326 465 86 21 klarhet
426 465 125 26 framginge,
568 467 32 19 att
615 465 40 21 den
671 465 102 26 enskilde,
790 471 45 15 som
846 465 34 20 till
890 466 70 25 mynt-

207 501 76 20 verket
304 500 106 21 inlemnar
432 499 39 21 sitt
493 499 51 27 guld
566 499 33 21 till
622 499 142 27 utmyntning,
781 501 52 19 utan
856 499 102 26 dröjsmål

210 535 55 21 skall
281 535 21 20 få
318 535 39 20 sitt
371 534 131 26 guldbelopp
523 534 124 21 undersökt.
677 534 105 21 Flertalet
800 534 57 20 inom
875 533 88 21 utskot-

207 571 32 19 tet
254 569 39 21 har
308 568 54 21 dock
378 569 72 20 ansett
465 570 33 19 att
512 568 70 26 någon
597 574 70 14 annan
683 568 90 26 tydning
788 568 23 20 af
825 568 134 26 ordalagen
944 564 19 35 i

207 603 93 21 berörda
316 602 10 28 $
343 602 46 21 icke
404 602 72 21 kunde
491 602 8 21 i
514 602 61 27 fråga
590 602 91 26 komma,
697 604 28 19 än
740 604 32 19 att
788 608 26 15 en
829 602 59 26 hvar,
904 602 57 21 efter

207 637 136 22 inlemnande
359 636 22 21 af
395 636 74 27 guldet
485 636 33 22 till
533 636 140 28 myntverket,
691 636 24 22 så
725 636 46 22 vidt
785 637 84 26 möjligt
884 638 76 25 genast

207 672 40 20 bör
262 672 21 20 få
299 672 118 20 detsamma
431 670 107 27 pröfvadt,
561 668 137 29 hvarigenom
717 670 70 27 någon
802 671 121 26 kränkning
938 670 27 21 af

208 706 41 21 den
264 705 107 21 enskildes
386 706 45 20 rätt
446 705 46 20 icke
508 705 62 20 torde
584 711 52 14 vara
651 707 32 19 att
698 706 87 20 emotse.

279 739 31 22 På
332 739 26 21 de
376 739 23 20 af
412 739 155 26 myntkomitén
583 739 90 21 anförda
689 739 46 21 skäl
751 739 39 22 och
805 739 56 21 hvad
875 739 40 20 här
930 739 30 21 vi-

209 775 51 20 dare
275 774 8 21 i
298 775 72 20 ämnet
384 773 128 21 framställts
527 773 34 21 får
576 773 107 21 utskottet
703 773 65 22 alltså
786 773 39 21 hos
845 773 116 22 ständerna

208 809 110 20 vördsamt
332 807 115 27 tillstyrka,

416 879 32 18 att
463 876 117 21 ständerna
591 876 42 27 för
647 877 35 20 sin
697 877 34 20 del
745 877 50 21 ville
810 879 53 19 utan
876 877 84 27 förän-

345 911 65 28 dring
432 913 82 25 antaga
531 911 149 27 förevarande
697 911 92 28 förslag
809 912 34 21 till
864 911 48 28 ,lag
928 918 35 15 om

347 945 206 27 Storfurstendömet
567 945 108 21 Finlands
690 948 76 25 mynt".

278 1081 34 21 Då
327 1081 107 21 utskottet
449 1081 88 22 dernäst
552 1082 33 21 till
601 1082 101 27 pröfning
712 1082 94 21 förehaft
816 1083 37 20 det
863 1083 7 20 i
881 1089 82 15 samma

209 1115 80 27 nådiga
310 1115 134 27 proposition
463 1116 68 21 under
550 1122 62 15 mom.
629 1117 12 20 2
657 1116 88 27 intagna
759 1116 82 27 förslag
856 1117 33 20 till
905 1133 5 10 ,
912 1117 50 26 för-

211 1150 91 26 ordning
317 1150 93 21 rörande
426 1149 116 28 öfvergång
557 1150 33 21 till
606 1150 144 27 guldmyntfot
765 1151 7 20 i
789 1150 172 22 Storfurstendö-

210 1186 45 19 met
276 1184 111 26 Finland",
406 1184 40 21 har
464 1184 108 21 utskottet
587 1185 33 20 väl
636 1184 47 21 icke
698 1184 83 21 kunnat
795 1185 72 26 undgå
882 1187 33 19 att
929 1191 33 15 er-

211 1219 76 25 känna,
297 1218 115 21 huruledes
427 1217 161 22 fastställandet
601 1218 24 21 af
633 1225 26 14 en
670 1219 142 26 allmängiltig
821 1225 68 20 norm,
900 1219 66 21 hvar-

211 1252 55 21 efter
281 1251 42 21 alla
338 1251 13 21 å
366 1251 36 21 det
417 1251 96 21 härintill
528 1252 99 26 gällande
637 1254 82 25 myntet
729 1253 92 26 lydande
831 1253 131 26 betalnings-

211 1285 143 22 förbindelser
374 1285 61 20 skola
449 1285 7 20 i
473 1285 37 21 det
524 1291 42 21 nya
580 1287 82 25 myntet
678 1286 119 21 öfverföras
813 1287 52 20 eller
880 1287 96 26 gäldas,
967 1281 12 36 .

211 1320 49 21 med
278 1320 87 27 hänsigt
383 1320 33 21 till
432 1320 73 27 dylika
520 1320 143 21 förbindelser
678 1321 98 21 enskilda
792 1321 96 26 emellan,
904 1322 62 21 inne--

211 1355 66 20 fattar
300 1356 31 20 ett
353 1355 89 26 ingrepp
465 1355 48 20 från
536 1355 179 21 statsmakternas
739 1356 47 20 sida
808 1356 58 20 inom
889 1357 73 21 desses

212 1388 107 27 rättssfer,
342 1388 82 22 hvilket
446 1388 28 27 på
496 1391 48 19 rent
562 1389 171 27 privaträttsliga
750 1390 95 26 grunder
859 1390 47 21 icke
921 1390 45 22 kan

212 1423 148 27 rättfärdigas.
390 1423 40 21 Om
453 1423 107 21 utskottet
583 1424 59 20 detta
658 1424 89 21 oaktadt
762 1424 105 27 enhälligt
882 1425 82 21 biträdt

212 1458 41 20 den
269 1458 6 20 i
291 1458 79 26 nådiga
391 1458 161 26 propositionen
571 1458 96 21 uttalade
683 1459 58 26 åsigt
756 1466 34 14 om
805 1460 160 26 nödvändighe-

279 1497 140 22 Myntutskottets
432 1497 105 18 betänkande
550 1502 27 13 n:o
590 1498 14 17 1.
