1048 1709
420 155 56 21 XIX.
789 158 11 20 3

414 219 11 26 $
443 220 45 19 137.

143 251 46 21 Den
211 251 90 21 embets-
324 252 51 20 eller
397 252 127 27 tjensteman
547 252 51 21 eller
621 252 87 28 betjent,
728 259 52 19 som,
799 252 29 28 på

74 292 53 20 egen
146 284 101 28 begäran,
267 284 92 22 erhåller
377 286 74 21 afsked
467 294 26 13 ur
508 286 95 22 bankens
619 286 71 27 tjenst,
707 288 25 20 är
746 287 34 21 för
795 287 32 21 sin

74 317 135 23 återstående
231 319 66 21 lifstid
321 320 120 27 berättigad
460 320 32 21 till
511 319 54 29 årlig
584 320 89 28 pension
692 320 23 21 af
731 320 95 22 bankens

74 353 75 26 medel,
164 353 46 21 ifall
229 354 42 21 han
290 352 27 23 då
335 353 93 28 uppnått
446 354 117 22 trettiofem
580 353 35 23 års
631 354 59 22 ålder
706 355 40 21 och
761 354 65 22 minst

74 387 80 21 femton
170 386 24 22 år
209 388 55 22 varit
278 389 7 20 i
300 388 79 22 allmän
394 388 75 28 tjenst;
485 396 48 14 men
548 388 77 22 varder
640 389 42 21 han
698 389 64 21 dömd
772 389 54 27 tjen-

74 423 46 19 sten
136 421 98 29 förlustig
249 422 58 26 eller,
323 424 52 20 utan
389 430 53 20 egen
452 423 125 27 ansökning,
589 422 94 22 derifrån
694 423 70 27 skiljd,
775 423 51 21 eller

73 455 96 22 inträder
187 456 50 26 han,
256 457 35 21 vid
309 457 32 21 sin
360 456 79 28 afgång
458 457 52 21 eller
527 457 54 22 efter
600 457 146 26 afskedandet,
761 457 7 21 i
783 459 42 19 sta-

74 491 46 20 tens
136 490 71 28 tjenst,
223 490 39 22 har
277 491 43 21 han
335 490 91 22 förlorat
440 491 104 27 rättighet
559 491 32 21 till
601 491 95 27 pension.
722 491 105 27 Beloppet

74 524 24 21 af
110 524 117 28 pensionen
245 525 127 21 bestämmes
388 526 22 20 af
424 525 196 28 Bankfullmäktige
639 525 65 27 enligt
720 525 26 21 de
762 532 64 20 grun-

74 559 44 26 der,
134 566 45 14 som
195 559 57 28 gälla
267 558 110 29 angående
392 560 89 27 pension
496 560 35 21 vid
542 560 73 21 afsked
627 567 25 14 ur
663 562 81 19 statens
755 560 71 27 tjenst.

74 593 61 21 Dock
153 592 35 22 må
205 594 201 28 Bankfullmäktige,
424 594 47 22 ifall
489 602 26 14 en
534 594 134 28 synnerligen
687 594 139 27 förtjenstfull

75 628 134 22 verksamhet
224 629 6 21 i
245 628 95 22 bankens
355 629 71 27 tjenst,
442 629 115 28 sjuklighet
573 628 51 22 eller
639 628 69 22 andra
722 628 105 22 särskilda

75 662 182 28 omständigheter
272 663 71 22 dertill
357 664 118 26 föranleda,
490 664 73 21 kunna
577 663 153 27 undantagsvis
744 663 82 21 tilldela

76 697 177 27 afskedstagande
275 698 128 27 tjensteman
421 698 7 21 i
444 698 84 22 banken
546 698 89 27 pension
653 697 34 21 till
706 698 66 27 högre
790 698 36 21 be-

75 732 58 26 lopp,
149 732 28 20 än
193 731 40 27 det,
249 732 86 22 hvartill
353 732 43 22 han
416 732 65 28 enligt
496 732 139 22 förenämnda
650 732 94 28 grunder
759 732 67 21 skulle

75 766 55 21 varit
145 765 128 29 berättigad.
