1048 1706
86 729 122 15 Bankkommissa-

74 753 37 14 riers
116 753 93 17 tjenstledig-

75 775 30 15 het.

250 162 25 20 52
556 161 57 21 XIX.

220 228 100 23 förestått
334 236 42 14 von
390 228 98 22 Hausens
503 228 194 26 direktörsembete,
712 228 69 22 tillika
795 228 24 22 af
827 229 141 27 Fullmäktige

221 264 104 27 föreslogs
346 265 32 20 att
397 263 139 25 fortfarande,
553 263 68 21 under
639 263 41 21 den
695 263 30 21 tid
740 270 41 15 von
795 263 87 21 Hausen
898 264 71 21 kunde

220 297 83 23 erhälla
324 298 100 28 ledighet,
447 298 92 21 embetet
556 297 104 26 bestrida;
682 298 40 21 och
740 297 40 22 har
798 298 65 27 enligt
880 298 88 21 Finans-

221 332 139 27 Expeditions
378 332 109 21 skrifvelse
504 332 35 20 för
557 332 41 21 den
616 333 26 19 23
661 332 90 27 Augusti
768 333 53 19 1876
836 332 133 21 Bankdirek-

220 367 62 21 tören
299 373 42 15 von
359 366 98 21 Hausens
472 366 95 22 ansökan
583 365 40 22 och
636 365 204 28 Bankfullmäktiges
855 366 114 21 framställ-

221 400 51 28 ning
286 400 69 22 blifvit
370 400 23 22 af
406 400 120 28 Kejserliga
541 400 92 22 Senaten
647 400 66 28 sagde
727 400 43 28 dag
784 400 95 22 bifallna.

288 434 50 23 Med
352 435 115 28 anledning
482 435 24 21 af
518 434 203 22 Bankdirektionens
735 434 8 22 i
757 434 109 23 skrifvelse
881 435 34 22 för
928 434 41 23 den

221 471 27 19 26
263 469 43 28 Maj
324 471 54 20 1876
393 470 39 21 hos
446 469 193 28 Bankfullmäktige
654 469 77 28 gjorda
745 469 100 22 anmälan
859 469 110 28 angäende

221 511 27 14 en
265 504 25 21 af
305 504 149 22 Direktionens
472 503 129 23 ordförande
618 503 100 22 tillernad
735 503 180 28 inspektionsresa
936 504 33 22 till

222 538 26 21 de
262 539 73 21 städer
349 539 8 20 i
372 539 124 21 landsorten
510 538 39 22 der
562 537 101 22 Finlands
677 538 62 21 Bank
753 539 41 20 har
808 539 83 26 kontor,
906 539 64 21 hafva

220 573 195 28 Bankfullmäktige
430 573 40 22 den
486 575 26 19 30
528 574 8 20 i
551 579 81 15 samma
645 571 79 22 mänad
738 572 112 22 förordnat
864 573 105 22 Ombuds-

221 614 92 15 mannen
327 608 8 21 i
350 607 84 22 banken
448 607 56 22 Emil
519 607 125 26 Strömberg
659 609 32 19 att
704 607 69 21 under
788 607 41 22 den
843 607 31 22 tid
889 607 24 22 af
926 615 43 14 om-

221 641 63 28 kring
299 649 27 14 en
340 641 86 26 mänad,
441 649 47 14 som
502 641 94 22 nämnda
610 648 49 14 resa
672 641 84 21 komme
771 643 32 20 att
817 649 57 18 vara,
889 641 80 23 förestä

220 677 31 20 ett
266 676 194 21 direktörsembete.

288 711 40 20 2:0.
348 710 139 21 Beträffande
498 709 261 28 kommissarietjensterne
769 710 36 21 vid
815 710 95 21 bankens
917 711 51 21 kon-

220 746 35 21 tor
268 745 8 20 i
290 744 126 22 landsorten
430 744 66 21 hafva
510 744 200 27 Bankfullmäktige,
721 744 67 21 sedan
798 744 139 28 reglementet
947 745 24 22 af

221 779 41 21 den
273 780 27 19 26
312 779 44 21 Juli
370 779 53 20 1875
434 779 5 20 i
450 779 56 21 vissa
514 779 38 21 fall
560 778 138 22 öfverlemnat
705 778 24 22 ät
735 779 195 28 Bankfullmäktige
937 782 32 19 att

221 813 135 22 uteslutande
372 813 96 22 anordna
482 820 34 14 om
532 813 92 21 ärenden
639 813 25 21 af
676 812 67 22 sädan
758 813 155 27 beskaffenhet,
928 814 41 21 den

222 849 26 20 26
268 847 89 22 Januari
382 849 53 20 1876
454 847 112 22 förordnat
583 847 100 21 kassören
702 847 35 21 vid
754 847 95 22 bankens
867 848 78 22 kontor
961 849 8 21 i

222 882 133 27 Björneborg
374 881 54 22 Axel
446 881 134 28 Gripenberg
598 883 32 19 att
645 881 46 26 den,
707 881 54 22 efter
775 881 57 22 förre
846 883 123 21 innehafva-

222 923 48 14 rens
291 915 146 22 utnämnande
459 915 32 21 till
514 915 128 22 ordförande
663 916 7 20 i
687 915 194 22 Bankdirektionen
899 917 70 27 lediga

222 950 239 27 kommissarietjensten
479 949 43 22 tills
540 950 72 21 vidare
630 949 101 26 bestrida,
749 949 56 22 dock
822 949 97 27 sålunda,
937 953 32 19 att

222 991 34 14 om
275 984 69 21 denna
362 984 65 27 tjenst
445 983 47 22 icke
510 983 69 22 blefve
596 983 57 22 inom
670 983 37 22 två
724 982 103 23 månader
841 983 48 22 från
903 985 65 27 sagde

222 1019 42 27 dag
287 1017 118 22 äterbesatt
428 1018 40 21 och
485 1018 103 25 tillträdd,
606 1017 193 22 Bankdirektionen
817 1017 68 22 borde
901 1019 8 20 i
927 1019 42 27 god

222 1053 31 20 tid
271 1053 58 21 förut
348 1053 53 27 göra
419 1052 156 28 framställning
593 1059 35 14 om
645 1053 47 26 nytt
709 1052 144 22 förordnande
867 1053 33 21 till
914 1053 53 28 tjen-

222 1090 56 19 stens
289 1087 139 22 bestridande
441 1087 68 20 under
520 1086 41 22 den
576 1085 134 22 äterstäende
721 1087 127 27 ledigheten.
870 1087 34 21 Dä
915 1088 52 27 tjen-

221 1123 47 19 sten
286 1121 117 21 emellertid
420 1121 47 20 icke
481 1120 46 21 blef
539 1121 57 21 inom
610 1121 93 20 nämnda
717 1121 32 21 tid
762 1121 77 25 besatt,
854 1121 46 22 blef
912 1121 55 22 före-

220 1155 94 21 nämnda
335 1155 143 21 förordnande
500 1155 24 20 af
539 1154 199 28 Bankfullmäktige,
757 1162 46 14 som
822 1155 73 22 dervid
912 1156 55 22 hade

222 1189 32 27 sig
270 1189 82 21 bekant
366 1190 32 20 att
413 1189 36 20 det
462 1188 147 28 underdäniga
622 1188 103 28 förslaget
738 1189 33 21 till
786 1188 181 23 äterbesättandet

222 1223 24 21 af
259 1223 92 27 tjensten
365 1223 69 21 blifvit
452 1223 3 20 i
469 1223 119 27 Kejserliga
603 1223 91 21 Senaten
705 1223 128 28 föredraget,
843 1224 124 27 ytterligare

222 1256 110 27 förnyadt;
350 1256 113 21 hvarutom
480 1256 193 27 Bankfullmäktige
689 1257 8 19 i
711 1256 133 27 underdånig
859 1257 108 22 skrifvelse

221 1289 34 22 för
274 1290 40 21 den
334 1291 24 19 21
378 1289 61 28 April
456 1289 33 21 till
506 1289 59 21 Hans
579 1289 119 28 Kejserliga
712 1289 101 28 Majestät
829 1289 138 24 öfverlemnat

222 1323 120 22 Statsrådet
356 1323 85 22 Edvard
457 1324 143 28 Gripenbergs
615 1324 94 21 ansökan
724 1331 35 15 om
769 1324 158 29 tjenstledighet
938 1325 29 29 på

221 1362 33 18 tre
268 1358 103 23 månader
385 1358 49 22 från
448 1359 41 21 den
504 1359 12 21 6
529 1359 47 28 juni
592 1359 53 21 1876
661 1360 55 20 samt
731 1359 32 21 till
777 1359 54 22 hans
845 1360 80 22 vikarie
935 1361 31 22 fö-

222 1394 88 28 reslagit
331 1394 107 21 Kassören
456 1393 35 22 vid
508 1401 82 14 samma
608 1393 76 22 kontor
702 1393 50 22 Carl
769 1393 116 30 Holmberg
904 1398 60 24 samt,

221 1429 67 21 sedan
306 1429 62 21 dessa
386 1428 180 28 framställningar
584 1428 24 22 af
624 1429 118 28 Kejserliga
759 1428 93 23 Senaten
871 1430 93 27 bifallits,

222 1464 40 21 den
279 1465 25 19 12
319 1463 89 28 Augusti
423 1463 86 27 beviljat
523 1463 115 22 statsrådet
652 1463 139 28 Gripenberg,
806 1464 33 21 för
853 1465 54 21 hans
917 1466 48 21 med

210 1503 8 21 1
229 1498 122 26 äkarebevis
370 1497 81 28 styrkta
468 1497 119 28 sjuklighet,
605 1497 99 28 förlängd
721 1498 158 27 tjenstledighet
895 1499 29 27 på
939 1507 26 14 en
