1048 1720
428 140 57 38 XIX.
781 140 10 20 1

74 357 130 25 Finlands
232 358 128 25 Ständers
386 358 267 32 Bankfallmäktiges
679 358 144 24 berättelse

130 404 45 24 till
193 404 162 24 Ständernas
373 404 192 25 Bankutskott.
602 404 171 25 Omfattande

326 450 67 24 ären
411 450 166 24 1872—1876.

75 612 43 41 Da
137 625 202 28 Bankfullmäktige,
358 626 108 28 likmätigt
483 627 130 27 stadgandet
630 627 3 21 i
648 634 63 15 mom.
727 628 7 20 i
749 628 24 21 af
786 628 40 22 den

74 662 34 21 för
126 660 197 28 Bankfullmäktige
340 660 115 22 utfärdade
473 662 130 21 instruktion
617 662 24 21 af
655 662 40 22 den
710 663 12 20 9
738 662 88 22 Decem-

76 697 38 21 ber
131 697 61 24 1867,
207 694 132 23 härmedelst
353 695 32 21 till
401 695 166 23 Bankutskottet
578 696 110 22 vördsamt
700 696 80 28 afgifva
791 697 36 21 be-

76 731 88 21 rättelse
179 737 36 14 om
228 729 103 22 Finlands
346 730 72 21 Banks
433 730 102 26 tillständ,
551 731 80 21 rörelse
647 731 39 21 och
697 731 131 28 förvaltning

76 767 56 20 samt
151 765 26 21 de
195 764 39 22 hos
249 764 196 28 Bankfullmäktige
460 765 113 21 förehafda
587 764 164 29 hufvudsakliga
766 767 62 19 ären-

77 800 41 22 den
137 799 68 21 under
224 798 41 22 den
285 798 54 22 efter
357 798 143 22 aflemnandet
515 799 24 21 af
551 799 206 28 Bankfullmäktiges
772 800 56 21 före-

78 834 82 29 gäende
177 833 115 23 berättelse
311 833 103 21 förflutna
433 834 65 25 tiden,
514 834 67 27 jemte
596 834 79 21 allmän
690 834 102 27 öfversigt
806 834 25 22 af

78 869 97 22 bankens
193 868 135 21 närvarande
343 868 108 27 ställning,
466 869 62 21 torde
542 868 195 29 Bankfullmäktige
752 869 77 21 främst

77 904 54 21 böra
147 903 92 26 anmäla,
259 904 32 20 att
306 903 27 21 de
347 903 35 20 vid
398 902 131 29 landtdagen
543 902 25 22 är
585 904 53 20 1867
654 904 89 21 utsedde
758 903 70 22 Bank-

78 938 145 27 fullmäktiges
241 937 101 28 uppdrag
361 937 95 22 fortfarit
474 937 68 22 under
560 939 69 20 större
649 937 61 22 delen
730 937 24 23 af
770 938 59 22 tiden

78 973 34 22 för
128 974 54 20 1872
199 971 35 22 års
249 971 152 26 ständermöte,
418 974 55 19 samt
488 973 39 24 att,
544 971 27 22 dä
585 971 35 22 val
635 972 24 21 af
668 971 161 22 Pankfullmäk-

79 1008 43 27 tige
137 1007 69 21 under
222 1006 104 34 sistsagde
341 1006 114 28 Landtdag
468 1007 95 25 anstälts,
575 1006 174 22 undertecknade
760 1007 70 21 Mont-

79 1049 88 21 gomery
185 1041 41 22 och
245 1036 98 32 Örnberg
361 1042 57 20 samt
433 1048 17 14 e.
466 1048 19 14 o.
500 1041 94 21 Lektorn
610 1040 22 22 C.
648 1040 25 22 G.
688 1041 59 28 Borg
762 1041 69 21 blifvit

80 1076 24 21 af
116 1075 157 27 Ridderskapet
289 1075 40 21 och
344 1074 69 22 Adeln
429 1078 55 18 samt
498 1075 104 28 Borgare-
615 1076 38 20 och
665 1074 166 23 Bondeständen

80 1110 115 26 Stervalde,
215 1109 66 27 jemte
300 1109 35 21 det
354 1108 166 26 Presteständet,
540 1110 34 21 för
591 1109 81 21 hvilket
689 1109 142 28 fullmäktigs-

78 1144 155 28 befattningen,
250 1144 54 22 efter
319 1143 126 22 Professorn
460 1144 70 21 Johan
546 1144 99 22 Wilhelm
661 1144 135 28 Rosenborgs
807 1143 25 23 är

82 1181 54 20 1871
156 1178 115 22 inträffade
286 1177 106 27 fränfälle,
409 1179 94 21 utöfvats
518 1178 23 22 af
555 1178 66 22 förste
636 1179 141 27 suppleanten
792 1179 40 22 Re-

81 1213 270 22 ferendariesekreteraren
366 1212 115 28 Theologie
496 1212 96 22 Doktorn
609 1213 24 21 G.
645 1213 29 21 M.
686 1213 146 28 Weenerberg,

82 1248 33 22 till
137 1248 33 20 sin
189 1248 120 26 fullmäktig
328 1248 67 20 utsett
415 1247 160 21 undertecknad
593 1247 66 27 Hjelt.
692 1248 32 20 De
742 1247 91 22 sälunda

81 1282 90 21 utsedde
193 1282 196 27 Bankfullmäktige
408 1282 173 20 sammanträdde
603 1282 40 21 den
663 1283 25 19 10
707 1281 51 21 Juni
779 1283 53 20 1872

84 1316 40 22 och
141 1315 89 26 säledes,
248 1315 7 20 i
270 1315 220 21 öfverensstämmelse
504 1316 48 20 med
568 1317 11 26 &
596 1317 26 19 68
637 1316 7 20 i
660 1315 173 28 Landtdagsord-

82 1351 79 26 ningen
180 1349 24 20 af
221 1349 40 20 den
282 1351 25 18 15
322 1349 62 26 April
402 1351 60 22 1869,
482 1349 76 20 medan
574 1349 121 20 Ständerna
710 1350 58 19 ännu
783 1357 51 13 voro

82 1382 137 26 församlade,
242 1384 56 19 samt
319 1381 76 28 utsägo
416 1382 73 21 dervid
507 1383 161 20 undertecknad
686 1382 148 28 Montgomery

82 1417 33 21 till
137 1417 33 21 sin
188 1416 137 22 ordförande.
359 1416 49 21 Som
428 1423 17 14 e.
464 1423 19 14 o.
502 1416 94 21 Lektorn
615 1416 57 28 Borg
691 1416 118 22 emellertid
827 1417 8 20 i

83 1452 65 21 slutet
167 1451 24 22 af
207 1450 24 22 är
251 1452 53 20 1875
324 1451 24 21 af
366 1451 58 21 Hans
443 1451 120 28 Kejserliga
582 1451 101 27 Majestät
698 1451 7 21 i
720 1450 67 23 näder
802 1453 33 20 ut-

82 1486 104 22 nämndes
201 1486 33 21 till
248 1485 101 22 Direktör
364 1486 7 20 i
387 1486 101 21 Finlands
504 1486 136 21 Statskontor
655 1486 40 21 och
710 1485 61 22 Hans
785 1486 50 28 Kej-
