1700 1864
763 227 51 21 XIX
1100 228 27 20 39

409 296 66 22 häraf
491 296 39 22 hos
548 296 195 22 Bankdirektionen
762 297 77 21 ansökt
858 303 34 15 om
910 295 74 22 afsked
1001 294 48 23 frän
1064 296 92 27 tjensten

409 331 49 21 med
473 330 126 28 ätnjutande
613 330 24 22 af
649 330 98 27 pension;
763 338 48 14 men
826 329 28 22 dä
864 330 93 22 berörda
967 329 68 28 fräga,
1047 328 29 29 pä
1087 329 69 28 grund

408 365 26 21 af
447 364 109 22 skrifvelse
571 363 48 22 frän
634 363 194 23 Bankdirektionen
839 364 24 21 af
873 364 40 21 den
925 364 28 20 24
960 363 123 32 November
1094 364 62 25 1874,

409 398 69 22 under
500 398 41 22 den
563 399 26 20 29
608 398 8 21 i
635 404 82 15 samma
734 397 79 23 mänad
831 398 39 21 hos
888 397 194 28 Bankfullmäktige
1100 396 56 22 före-

408 433 90 21 kommit
512 433 8 21 i
534 432 101 22 afseende
649 431 14 22 &
674 432 296 28 ansökningshandlingarnas
980 431 133 23 insändande
1123 431 34 22 till

409 468 59 21 Hans
486 467 121 28 Kejserliga
624 466 109 28 Majestät,
755 467 64 21 hafva
836 466 201 28 Bankfullmäktige,
1059 473 46 15 som
1119 472 37 16 an-

409 503 42 20 sett
470 502 36 21 det
524 501 108 21 tilltänkta
650 500 67 23 ätalet
735 503 57 20 emot
810 500 114 29 Stählberg
941 502 47 21 icke
1005 501 54 22 böra
1076 499 23 23 fä
1113 500 43 22 för-

409 536 59 27 falla,
489 536 49 22 med
560 535 157 22 ätersändande
735 536 25 21 af
775 536 164 27 handlingarna,
961 536 76 21 endast
1055 535 102 22 anmodat

408 571 198 21 Bankdirektionen
621 571 33 20 att
669 569 45 23 låta
728 571 93 21 berörda
835 569 44 22 åtal
893 570 78 22 utföra.

478 624 40 20 6:0.
548 617 74 26 Redan
636 623 69 21 under
719 621 112 23 sisthällna
845 622 102 28 landtdag
959 622 55 21 hade
1025 621 131 23 Bankdirek-

408 657 72 21 tionen
493 657 67 27 jemte
576 656 109 22 skrifvelso
701 657 40 21 den
756 658 27 19 23
799 657 103 21 Februari
918 658 54 19 1872
987 656 85 21 insändt
1087 663 27 14 en
1124 656 33 21 till

408 691 139 21 Direktionen
561 690 109 22 inlemnad
685 691 40 21 och
740 690 33 22 till
788 691 120 21 Ständerna
923 690 64 22 ställd
1001 690 118 28 ansökning
1134 690 25 22 af

408 725 66 21 förste
489 725 102 21 kassören
607 725 70 21 Johan
693 725 82 21 Henrik
789 725 138 22 Rosenström
947 732 34 15 om
995 724 98 22 befrielse
1108 724 48 22 frän

406 759 80 22 honom
506 758 78 22 ädömd
603 759 120 28 skyldighet
743 761 32 19 att
793 759 92 22 betäcka
903 759 40 22 den
961 759 124 27 kassabrist,
1103 759 53 22 hvil-

409 793 47 27 ken,
472 792 28 29 pä
515 795 43 20 sätt
572 793 8 21 i
594 793 204 28 Bankfullmäktiges
813 794 33 21 till
859 793 166 22 Bankutskottet
1039 795 72 20 senast
1125 793 31 22 af

409 828 59 27 gifna
486 827 116 22 berättelse
616 827 71 22 unden
702 829 12 26 &
730 829 26 19 20
772 828 139 26 omförmälts,
929 829 76 26 yppats
1021 828 35 22 vid
1070 828 86 22 revisio-

408 869 41 15 nen
470 861 24 22 är
513 863 65 26 1868;
601 869 48 14 men
667 862 35 21 vid
721 862 35 21 det
774 862 148 22 Rosenströms
940 862 69 21 tillika
1027 863 77 28 gjorda
1119 869 37 15 an-

407 895 74 22 hällan
498 903 34 14 om
548 896 93 22 berörda
656 896 129 28 ansöknings
804 897 170 21 öfverlemnande
988 897 33 21 till
1036 897 121 22 Ständerna

408 931 49 21 med
472 930 205 28 Bankfullmäktiges
692 930 73 22 förord
781 931 41 21 den
834 933 25 19 26
871 931 103 21 Februari
987 932 53 20 1872
1053 931 24 22 af
1085 931 71 21 Bank-

408 965 134 28 fullmäktige
560 965 103 28 pröfvats,
683 965 64 22 hafva
765 965 148 28 Fullmäktige,
933 966 51 21 enär
1003 966 36 21 det
1052 966 47 21 icke
1114 965 42 22 till

408 1000 89 22 kommit
512 1000 48 22 dem
575 1001 32 21 att
622 1000 39 21 hos
677 999 120 23 Ständerna
812 1001 53 27 göra
879 1000 183 29 framställningar
1074 1007 34 15 om
1120 1007 36 15 en-

409 1034 69 22 skilda
500 1042 113 21 personers
633 1034 141 22 förbindelser
793 1035 32 21 till
843 1035 84 21 banken
947 1034 52 22 eller
1013 1036 33 20 att
1060 1035 96 22 enskilda

409 1070 144 28 ansökningar
574 1069 34 21 till
635 1069 121 22 Ständerna
777 1069 52 22 eller
851 1070 61 21 deras
934 1070 92 21 utskotts
1047 1069 108 27 befordra,

408 1104 70 21 funnit
496 1104 33 28 sig
548 1102 123 24 föranlätna
687 1105 32 20 att
733 1104 141 22 omförmälda
889 1104 118 28 ansökning
1021 1104 49 22 med
1085 1104 71 21 dertill

408 1138 96 22 hörande
518 1138 130 28 handlingar
662 1138 33 21 till
709 1138 195 22 Bankdirektionen
919 1137 120 23 ätersända.

477 1190 125 22 Sedermera
621 1190 40 21 har
675 1190 138 22 Rosenström
827 1190 40 22 hos
881 1190 60 22 Hans
956 1190 119 28 Kejserliga
1089 1190 67 28 Maje-

408 1225 44 20 stät
473 1225 8 20 i
499 1223 171 29 underdänighet
688 1224 76 22 ansökt
783 1231 34 15 om
835 1224 127 28 afskrifning
980 1224 23 22 af
1016 1224 140 22 förenämnda

408 1258 120 22 kassahrist
546 1258 41 22 och
605 1258 205 28 Bankfullmäktiges
829 1257 110 23 utlåtande
958 1258 58 22 öfver
1034 1258 67 28 sagda
1119 1266 37 14 an-

408 1293 92 27 sökning
515 1292 128 27 infordrats;
658 1292 8 22 i
681 1292 79 22 hvilket
774 1292 99 22 afseende
887 1292 195 28 Bankfullmäktige
1096 1293 8 21 i
1117 1300 39 14 un-

409 1326 104 28 derdänig
528 1326 110 22 skrifvelse
653 1326 24 22 af
690 1326 40 22 den
746 1328 26 19 25
787 1327 120 21 November
923 1328 54 20 1872
988 1326 123 27 framhållit,
1123 1330 33 19 att

408 1361 128 27 afskrifning
558 1361 25 21 af
602 1361 93 22 berörda
717 1361 124 27 kassabrist,
863 1362 66 27 enligt
950 1361 206 29 Bankfullmäktiges

409 1395 61 28 äsigt,
489 1395 71 22 kunde
575 1396 89 27 beviljas
679 1396 76 21 endast
769 1396 8 21 i
792 1396 41 21 den
847 1396 91 28 ordning
953 1396 58 28 Kejs.
1026 1396 129 22 Förordnin-

408 1436 41 20 gen
464 1430 24 20 af
501 1430 41 20 den
558 1430 11 20 9
585 1430 118 21 December
719 1431 54 19 1867
788 1430 7 20 i
811 1430 47 21 dess
875 1431 25 19 15
915 1431 12 26 $
942 1436 63 15 mom.
1021 1436 13 20 g
1047 1430 109 21 föreskrif-

408 1470 43 14 ver.
480 1462 75 28 Enligt
573 1463 56 22 hvad
648 1463 195 28 Bankfullmäktige
861 1463 118 22 emellertid
997 1463 75 22 erfarit
1090 1464 40 21 har
1148 1464 7 20 i

409 1496 140 29 frägakomna
567 1497 119 22 kassabrist
703 1497 70 22 blifvit
791 1497 33 22 till
841 1497 52 22 fullo
908 1497 87 23 betäckt
1009 1505 26 14 ur
1050 1497 105 28 köpeskil-

408 1532 72 28 lingen
496 1532 33 22 för
545 1539 26 15 en
586 1532 137 23 Rosenström
739 1532 95 29 tillhörig
849 1531 54 30 gård
917 1533 8 21 i
941 1532 69 23 denna
1024 1533 55 22 stad.
