1056 1714
408 147 54 21 N:o
480 145 46 23 45.

380 415 67 23 Hans
465 415 147 30 Kejserliga
627 416 136 29 Majestäts
780 416 78 30 nädiga

311 449 132 28 proposition
463 450 31 23 till
514 451 101 22 Finlands
636 451 94 29 Ständer,
750 450 109 30 angäende

310 489 26 18 en
359 483 125 30 förordning
506 491 32 17 om
558 483 139 32 rättegängen
713 486 7 23 i
735 487 61 23 vissa
811 485 47 30 mäl,

309 524 45 17 som
378 518 56 24 förut
455 519 49 23 hört
524 520 32 23 till
579 520 150 29 krigsdomstol
753 521 54 23 samt
825 527 32 17 om

310 553 62 23 straff
385 554 38 23 och
439 560 69 17 annan
523 552 78 31 påföljd
617 555 7 22 i
640 553 68 30 några
723 553 46 30 mål,
784 555 74 24 hvilka

311 587 47 24 röra
381 594 99 23 personer
506 589 54 22 utom
583 588 141 30 krigsstaten,
748 589 109 24 äfvensom

311 622 53 23 huru
384 623 105 28 häktning
504 622 33 24 mä
552 623 24 23 af
588 623 118 29 krigsbefäl
723 623 134 24 verkställas.

178 697 70 21 Sedan
262 697 102 21 Finlands
380 698 34 21 till
429 698 103 26 landtdag
548 698 24 21 år
589 699 53 20 1863
653 698 130 21 församlade
794 699 63 22 Stän-

106 731 44 26 der,
166 731 8 21 i
188 731 64 22 deras
267 731 148 27 underdäniga
431 738 49 15 svar
496 732 12 21 &
524 733 41 20 den
581 733 120 21 Ständerna
717 733 74 21 dervid
802 733 55 22 före-

104 766 65 27 lagda
190 766 79 27 nädiga
291 767 162 26 propositionen
468 773 34 14 om
518 767 133 21 afskaffande
666 767 23 21 af
702 767 58 21 vissa
776 768 81 21 derför-

105 801 65 21 innan
186 801 97 26 nyttjade
298 801 63 21 straff
374 801 39 21 och
429 801 63 21 deras
508 801 123 22 ersättande
646 801 120 22 tillsvidare
781 808 77 21 genom

104 835 69 21 andra
188 835 126 26 straffarter,
330 837 56 19 samt
401 841 34 15 om
445 835 164 27 verkställighet
619 835 23 21 af
650 835 144 27 frihetsstraff,
803 836 54 27 jem-

104 869 35 21 väl
157 869 97 26 uttryckt
272 869 41 21 den
329 869 88 26 önskan,
437 871 32 19 att
485 870 250 26 straffbestämningarne
750 871 7 20 i
772 871 85 20 landets

105 903 122 26 krigslagar
250 905 68 20 sattes
340 904 7 20 i
370 904 122 26 möjligaste
514 904 222 21 öfverensstämmelse
759 905 49 20 med
831 905 26 20 de

105 938 142 26 grundsatser
269 938 33 21 för
325 938 41 21 den
385 938 108 21 allmänna
508 939 183 26 hbrottmälslagen,
706 938 74 21 hvilka
796 938 61 21 Stän-

104 972 68 21 derna
195 972 27 21 dä
245 973 105 26 godkänt,
373 973 39 20 har
436 973 61 21 Hans
519 973 122 26 Kejserliga
663 973 103 26 Majestät
788 973 71 20 funnit

106 1007 68 26 sagda
188 1006 122 28 krigslagar
324 1007 59 25 böra,
400 1007 24 20 så
439 1007 46 20 vidt
500 1007 48 21 med
564 1006 101 21 afseende
681 1006 13 21 å
708 1007 103 20 Finlands
827 1007 31 20 öf-

105 1041 48 27 riga
167 1041 61 26 lagar
244 1042 38 21 och
297 1041 149 21 förhållanden
460 1041 72 21 kunde
548 1041 44 26 ske,
603 1041 87 26 bringas
701 1041 33 21 till
745 1042 113 20 samstäm-

105 1075 82 27 mighet
202 1076 48 21 med
264 1075 225 28 krigslagstiftningen
504 1076 7 20 i
526 1075 169 27 Kejsaredömet,
712 1077 55 19 samt
782 1075 7 21 i
804 1075 54 27 följd

106 1109 66 26 deraf,
188 1111 49 20 med
251 1109 151 28 upphäfvande
418 1110 23 21 af
454 1109 178 27 krigsartiklarne
643 1109 41 22 den
695 1111 25 20 31
731 1109 60 21 Mars
804 1110 54 20 1798

106 1144 39 21 och
168 1143 44 22 alla
234 1144 69 27 öfriga
319 1144 33 20 till
370 1144 151 27 krigslagarna
538 1143 96 22 hörande
650 1144 139 26 stadganden,
806 1143 53 21 fast-

105 1179 75 28 ställt.
194 1185 28 20 ny
241 1178 97 27 strafflag
359 1178 34 21 för
415 1179 70 20 finska
509 1179 114 24 militären,
647 1178 75 21 afsedd
744 1179 34 20 att
800 1177 59 27 tjena

107 1212 34 21 till
156 1213 146 21 efterrättelse
317 1212 77 21 endast
408 1213 34 20 för
457 1212 69 21 denna
540 1212 88 21 militär.

177 1247 34 21 Då
228 1247 119 21 emellertid
362 1247 26 21 de
403 1247 60 21 äldre
478 1247 150 26 krigslagarna
642 1246 34 21 till
692 1245 131 28 behandling
839 1247 23 20 af

106 1281 156 28 krigsdomstol
277 1281 140 22 öfverlemnat
431 1282 59 20 vissa
504 1281 49 26 mål,
569 1287 46 15 som
624 1283 51 18 röra
684 1286 104 21 personer
799 1282 59 20 utom

106 1316 140 27 krigsstaten,
262 1317 57 20 samt
334 1315 78 22 derhos
426 1315 108 21 innehålla
549 1315 133 26 stadganden
697 1320 35 15 om
748 1314 63 21 straff
819 1315 40 21 och

106 1355 70 16 annan
191 1349 82 26 påföljd
288 1349 8 21 i
310 1349 68 26 några
389 1349 81 20 sådana
479 1349 42 20 mål
530 1349 66 25 jemte
606 1348 136 20 föreskrifter
751 1353 35 14 om
796 1347 63 21 häkt-

107 1385 52 25 ning
181 1384 23 21 af
224 1383 141 26 medborgare
387 1383 7 20 i
417 1389 81 20 gemen,
521 1387 49 16 men
587 1381 107 21 särskilda
708 1381 153 26 förändringar

106 1418 208 27 härutinnan,
260 1410 6 39 :
272 1410 43 39 med
337 1417 82 27 hänsyn
441 1417 33 20 till
496 1415 84 22 landets
604 1415 107 21 allmänna
726 1414 135 27 lagstiftning

108 1454 40 21 och
171 1453 67 22 delvis
262 1452 62 21 äfven
347 1452 33 21 till
402 1451 54 27 följd
479 1451 23 21 af
520 1451 40 21 den
575 1457 42 20 nya
632 1449 229 27 militär-strafflagens

108 1488 101 26 innehåll,
234 1487 71 22 blifvit
324 1486 84 27 nödiga,
431 1485 39 21 har
485 1485 60 21 Haus
561 1484 120 27 Kejserliga
695 1483 106 27 Majestät
813 1483 50 21 låtit
