1048 1709
273 154 27 20 42
586 153 57 22 XIX.

244 221 139 27 byggnadens
397 221 143 27 uppförande;
556 222 40 21 och
611 221 65 22 hafva
690 220 195 28 Bankfullmäktige
900 221 7 21 i
918 220 72 22 anled-

244 255 54 27 ning
313 254 87 27 häraf,
391 250 10 37 i
415 255 108 22 skrifvelse
538 256 40 21 den
594 257 26 20 28
636 255 94 22 Oktober
748 256 60 25 1872,
823 256 39 20 hos
877 255 114 28 Magistra-

243 291 37 20 ten
299 290 7 21 i
327 289 68 22 denna
413 290 49 21 stad
481 289 89 22 anhällit
590 298 34 15 om
639 289 131 28 upplätande
786 290 24 21 af
822 289 41 22 den
877 289 33 22 för
925 290 66 21 ända-

245 322 68 23 målet
335 323 24 22 af
379 323 193 29 Banktfullmäktige
591 324 123 27 föreslagna
732 324 39 21 och
791 323 79 28 jemväl
888 324 24 21 af
928 324 63 21 Stän-

245 358 67 21 derna
331 358 114 27 godkända
462 359 57 26 plats
537 360 57 20 öster
612 365 35 15 om
666 359 148 26 grekiskryska
828 358 163 27 församlingens

244 392 113 22 härstädes
376 393 70 27 gamla
464 393 74 28 kyrka,
558 395 56 20 samt
631 400 34 14 om
680 393 130 22 utverkande
825 393 24 21 af
861 392 75 28 nädigt
950 392 41 22 till-

244 425 63 23 stånd
326 427 32 21 till
378 427 40 22 den
436 427 125 28 förändring
582 428 8 21 i
608 427 86 22 stadens
712 427 58 28 plan,
786 434 44 15 som
846 427 95 27 platsens
956 426 36 23 be-

247 461 114 28 byggande
375 461 119 27 förutsatte,
509 462 112 21 hyarutom
636 468 120 21 gemensam
772 461 161 28 öfverläggning
943 461 49 22 med

245 495 194 22 Bankdirektionen
455 498 35 26 egt
504 503 48 14 rum
568 497 40 21 den
625 497 25 20 18
666 495 125 27 November,
808 495 27 22 dä
849 496 89 21 ärendet
952 495 39 22 lik-

243 530 36 21 väl
293 530 91 21 lemnats
399 529 28 28 pä
442 530 73 22 vidare
530 530 160 28 öfverläggning
705 530 114 22 framdeles
833 530 112 22 beroende.

312 565 11 20 I
339 564 99 22 afvaktan
458 564 29 29 pä
505 572 48 14 svar
568 564 48 22 från
631 564 140 29 Magistraten
785 564 82 22 beslöto
882 565 110 21 Bankfall-

246 599 96 27 mäktige
357 599 123 26 emellertid,
496 599 54 22 efter
564 599 124 29 ytterligare
699 606 121 21 gemensam
831 599 161 28 öfverläggning

246 633 48 21 med
309 633 194 22 Bankdirektionen
519 633 39 22 den
575 635 26 20 30
616 633 90 23 Januari
723 635 54 20 1873
789 633 39 22 och
840 632 152 29 försiggängna

245 667 97 22 enskilda
365 667 185 28 öfverlägeningar
572 667 90 22 emellan
682 667 204 28 Bankfullmäktige,
912 667 41 22 den
979 669 11 20 3

244 702 52 21 Juni
313 703 53 20 1873
382 703 32 20 att
428 702 32 21 till
475 702 112 27 pristäfan
602 702 88 21 utställa
704 702 150 28 uppgörandet
872 703 24 20 af
911 702 80 28 ritning

243 737 34 21 till
299 737 94 21 nämnda
414 737 107 28 byggnad,
544 738 5 21 i
573 737 218 22 öfverensstämmelse
812 737 50 22 med
882 744 109 21 program,

243 779 46 14 som
304 771 69 22 skulle
387 771 106 27 utfärdas,
512 773 40 20 och
567 772 87 21 hvartill
668 771 72 22 utkast
752 772 79 27 jemväl
846 771 24 22 af
881 771 110 22 Bankfull-

243 806 94 27 mäktige
355 806 124 27 uppgjorts;
502 814 48 14 men
568 807 89 21 emedan
675 807 85 25 visshet,
779 806 105 22 huruvida
902 806 40 22 den
957 806 34 22 för

243 841 150 28 bebyggandet
407 840 112 23 bestämda
533 841 83 28 platsen
630 840 56 29 finge
700 841 34 22 för
748 839 123 24 ändamålet
885 840 107 29 upplåtas,

244 876 46 21 icke
306 875 103 26 erhållits,
425 875 78 28 ansågs
517 875 162 28 publicerandet
694 876 24 21 af
726 876 132 27 uppmaning
869 875 33 22 till
913 877 6 20 i
931 875 62 29 fråga

244 910 94 21 varande
352 910 112 27 pristäflan
479 912 56 19 samt
550 910 36 21 det
601 910 107 21 definitiva
722 910 171 21 bestämmandet
908 911 24 20 af
944 917 49 20 pro-

244 946 106 25 grammet
371 943 54 22 böra
447 944 43 21 tills
512 945 73 20 vidare
607 943 67 23 anstå.
707 945 63 20 Först
792 945 41 21 den
853 946 25 19 12
898 945 95 21 Oktober

246 979 54 20 1875
319 978 58 27 fingo
395 977 195 29 Bankfullmäktige
607 977 48 22 från
669 978 141 28 Magistraten
825 979 7 20 i
847 979 109 21 skrifvelse
971 979 22 22 af

244 1013 42 20 den
304 1013 27 20 25
349 1011 142 28 förutgångne
509 1012 125 28 September
653 1015 109 25 emottaga
780 1013 155 21 underrättelse
955 1015 37 24 att,

244 1047 66 22 sedan
319 1047 40 21 den
367 1046 34 22 för
409 1047 132 28 Helsingfors
550 1047 47 22 stad
606 1048 121 27 uppgjorda
734 1054 42 21 nya
783 1047 115 28 plankarta
906 1046 87 23 dåmera

244 1081 69 22 blifvit
331 1080 86 29 nådigst
435 1081 113 27 fastställd,
567 1082 7 21 i
592 1081 62 28 fråga
672 1081 79 22 komna
768 1083 55 20 tomt
837 1082 61 21 stode
912 1083 32 20 att
959 1081 34 23 för

244 1115 191 22 öfverenskommet
451 1116 44 27 pris
510 1115 34 22 för
554 1115 85 22 banken
654 1115 102 26 erhållas;
770 1115 51 22 derå
832 1115 160 22 Bankfullmäk-

244 1150 50 27 tige,
312 1151 53 20 etter
381 1150 35 21 det
431 1145 185 26 Öfverdirektören
630 1150 26 20 A.
671 1150 26 21 H.
712 1149 142 26 Dahlströms,
871 1145 122 26 Öfverarki-

244 1184 74 21 tekten
333 1184 122 27 Lindqvists
469 1184 40 21 och
524 1184 125 22 Arkitekten
664 1185 22 20 F.
702 1185 25 20 A.
741 1184 115 27 Sjöströms
866 1183 127 23 utlåtanden

245 1218 59 21 öfver
327 1218 156 21 ofvannämnda
501 1219 72 21 utkast
590 1218 33 21 till
641 1225 101 21 program
760 1219 122 25 inhemtats,
906 1219 40 20 den
965 1220 26 19 22

246 1252 120 21 November
383 1253 53 18 1875
452 1253 120 20 fastställde
586 1254 31 19 ett
631 1252 7 19 i
652 1253 57 20 vissa
724 1252 59 21 delar
794 1251 47 22 från
853 1253 140 20 förenämnda

245 1285 74 21 utkast
333 1285 134 21 modifieradt
481 1291 109 21 program,
606 1287 55 19 samt
675 1285 7 21 i
693 1285 118 22 December
822 1285 78 22 månad
911 1292 82 15 samma

245 1318 24 23 år
284 1319 44 21 läto
343 1318 7 22 i
365 1318 105 23 särskilda
483 1319 32 21 in-
530 1320 40 21 och
585 1319 114 22 utländska
713 1319 109 28 tidningar
836 1319 88 22 utfärda
938 1327 54 20 upp-

246 1354 89 27 maning
349 1353 32 22 till
396 1353 65 22 täflan
477 1361 34 14 om
526 1355 78 21 tvänne
618 1354 25 21 af
655 1354 195 29 Bankfullmäktige
862 1355 80 27 jemväl
956 1355 36 21 be-

245 1389 85 22 stämda
345 1389 50 28 pris,
411 1388 36 22 det
461 1390 69 20 större
545 1396 34 15 om
595 1389 70 26 5,000,
680 1389 40 22 och
736 1389 36 22 det
786 1389 82 22 mindre
883 1396 34 15 om
929 1391 62 24 2,500

244 1424 68 26 mark,
327 1423 34 23 för
377 1423 171 29 eskissritningar
563 1424 40 22 och
618 1423 220 30 kostnadsberäkning
851 1424 33 22 till
898 1424 95 29 byggna-

245 1460 47 20 den.
323 1458 69 22 Sedan
411 1458 88 22 Banken
516 1458 49 22 med
584 1458 114 28 anledning
716 1459 24 22 af
756 1459 70 22 denna
843 1458 149 29 inbjudning
981 1454 16 37 i

247 1493 78 28 början
347 1493 24 22 af
391 1492 124 30 September
533 1492 78 23 mänad
629 1493 91 22 sistlidet
738 1492 25 23 är
781 1492 41 23 fätt
840 1495 108 27 emottaga
962 1494 29 21 tio
