1042 1700
786 162 15 21 5

80 229 55 26 syfte
156 229 34 21 till
213 228 130 23 Ständernas
366 229 147 22 Bankutskott
535 229 35 21 vid
595 230 54 21 1872
669 228 35 23 års
719 230 110 25 landtdag.

80 263 34 21 Då
129 263 119 21 emellertid
264 262 119 22 Ständerne
398 263 47 21 icke
459 263 47 21 lära
520 269 40 20 ega
574 263 33 21 till
622 263 101 27 pröfning
735 265 96 25 upptaga

80 296 99 21 enskilda
200 302 114 21 personers
338 297 52 20 eller
408 297 85 26 privata
508 297 155 26 inrättningars
678 297 153 21 framställnin-

80 336 44 21 gar,
140 330 72 21 kunde
226 331 147 26 ansökningen
387 330 47 22 icke
448 330 65 22 hafva
526 330 70 27 någon
607 331 88 27 påföljd,
706 332 52 20 utan
769 331 62 21 vardt

80 364 124 21 densamma
219 365 145 22 öfverlemnad
378 365 34 20 till
427 364 203 27 Bankfullmäktige,
647 371 45 15 som
708 365 51 24 åter;
769 365 62 21 torde

81 400 71 20 ansett
168 399 32 26 sig
216 400 68 21 sakna
297 399 131 27 befogenhet
442 400 33 20 att
490 399 78 27 bevilja
583 399 128 27 afskrifning
725 399 51 22 eller
786 399 45 22 leu-

80 433 100 26 teration,
203 433 27 22 då
253 434 47 21 icke
324 433 66 22 sådan
412 433 115 27 anledning
545 433 72 22 dertill
632 433 115 27 förefanns,
763 439 46 16 som
824 433 8 22 i

80 467 100 22 Bankens
195 469 130 26 reglemente
340 467 34 22 för
389 468 37 27 thy
441 467 38 22 fall
494 467 135 22 förutsättes.

152 502 41 21 Till
208 502 53 27 följd
276 501 62 23 deraf
351 501 39 22 har
406 501 239 28 Hypoteksföreningen
661 503 54 20 trott
731 503 32 26 sig
779 503 52 21 böra

80 536 55 27 våga
152 537 39 20 hos
210 537 83 21 Eders
308 536 154 27 Kejserliga
476 536 128 27 Majestät
618 536 7 21 i
641 536 98 28 djupaste
754 537 77 21 under-

81 571 102 27 dånighet
204 571 92 27 anhålla,
320 571 36 21 det
377 571 83 21 täcktes
483 571 84 21 Eders
585 571 138 27 Majestät,
739 571 94 21 medelst

80 605 72 27 Nådig
166 606 135 26 proposition
316 605 33 21 till
364 611 29 15 nu
408 605 110 27 pågående
533 605 104 27 landtdag
653 605 130 22 öfverlemna
798 606 34 21 till

84 639 120 22 Ständerna
226 640 70 21 denna
310 639 137 27 föreningens
462 639 148 28 underdåniga
625 639 164 28 framställning,
805 640 28 27 på

83 674 36 21 det
140 674 122 21 Ständerna
282 675 68 21 måtte
368 674 86 21 komma
468 674 7 21 i
490 674 85 21 tillfälle
591 675 32 20 att
638 674 114 27 öfverväga
767 675 65 20 huru-

82 708 50 21 vida
155 709 47 21 icke
224 702 62 33 giltig
308 708 115 27 anledning
445 707 115 22 förefinnes
583 709 32 20 att
637 708 49 21 med
704 709 101 21 afseende
821 709 13 21 &

82 742 100 22 Bankens
204 743 88 21 fordran
314 743 40 21 hos
376 741 240 28 Hypoteksföreningen
639 742 109 27 medgifva
770 742 63 22 ofvan

83 777 93 22 berörda
191 777 83 28 åtgärd.

154 811 50 22 Men
219 811 240 27 Hypoteksföreningen
474 817 35 16 ser
524 811 34 26 sig
573 813 73 25 tyvärr
661 811 47 22 icke
718 811 73 22 kunna
800 811 34 22 till

83 847 37 20 det
135 846 90 21 anförda
239 846 119 21 inskränka
373 846 38 21 sitt
420 846 106 27 vädjande
536 846 34 21 till
585 846 83 21 Eders
683 845 152 28 Kejserliga

83 880 140 27 Majestäts
240 880 78 27 nådiga
334 880 99 21 omtanke
448 886 34 15 om
498 880 78 21 allmän
592 880 39 21 och
647 880 83 21 enskild
746 880 88 22 välfärd.

84 915 68 21 Ofvan
167 914 135 22 framställda
320 915 77 25 siffror,
417 914 79 26 hvilka,
513 921 33 14 om
563 915 39 20 ock
617 915 34 20 till
667 920 26 15 en
709 915 34 20 del
759 915 76 20 endast

83 948 177 27 approximativa,
280 948 55 21 dock
350 948 62 21 torde
426 954 52 15 vara
492 948 8 21 i
516 949 36 20 det
566 950 109 20 närmaste
690 948 144 27 tillförlitliga,

84 983 134 26 ådagalägga
233 984 33 20 att
280 982 41 21 den
336 982 62 27 brist,
414 982 34 21 för
462 982 87 22 hvilken
565 983 127 26 delegarene
707 983 7 20 i
730 983 26 21 de
767 983 68 21 förut-

84 1017 92 21 nämnda
192 1018 32 19 tre
239 1017 63 20 länen
318 1016 85 21 komme
418 1017 34 20 att
466 1022 99 20 ansvara,
581 1017 48 20 icke
639 1017 62 21 torde
711 1017 125 27 understiga

85 1058 25 14 en
126 1051 82 21 million
224 1050 183 21 tvåhundratusen
423 1050 67 21 mark.
516 1046 68 25 Äfven
599 1051 7 20 i
623 1051 36 21 det
673 1051 38 20 fall
726 1052 32 19 att
774 1051 62 21 Stän-

84 1085 66 21 derna
172 1084 64 27 ginge
257 1084 135 26 Föreningen
413 1084 33 21 till
467 1086 69 20 mötes
551 1084 49 22 med
615 1084 100 22 afseende
730 1085 13 20 å
758 1084 78 22 omför-

83 1119 72 22 mälda
178 1118 63 22 skuld
259 1119 34 21 till
311 1118 95 27 Banken,
424 1118 69 21 skulle
510 1118 128 27 ställningen
653 1118 66 22 likväl
733 1118 104 22 innebära

84 1153 110 26 betänklig
216 1153 55 21 våda
292 1153 34 21 för
343 1153 98 21 bemälde
456 1153 106 26 delegare.
591 1153 136 27 Föreningen
742 1155 46 19 tror
803 1153 33 27 sig

85 1188 85 21 derföre
192 1187 53 21 böra
263 1187 39 21 hos
321 1187 83 21 Eders
423 1187 151 26 Kejserliga
589 1187 126 27 Majestät
730 1187 107 22 underdå-

84 1223 59 26 nigst
158 1222 120 26 hemställa,
294 1227 34 16 om
344 1221 46 22 icke
405 1221 49 21 från
470 1221 124 21 statsmedel
608 1221 71 21 kunde
689 1221 94 22 tilldelas
794 1221 43 22 för-

85 1257 91 26 eningen
199 1262 25 14 en
247 1255 128 22 subvention
397 1255 23 21 af
441 1255 56 21 ända
515 1255 33 21 till
569 1255 185 22 sexhundratusen
769 1256 68 26 mark,

86 1297 46 15 som
147 1290 70 21 skulle
232 1290 76 21 utfalla
322 1290 69 21 under
405 1290 74 27 loppet
495 1289 23 21 af
531 1290 68 26 några
615 1289 24 21 år
654 1290 49 21 med
714 1291 32 20 ett
755 1290 83 21 mindre

86 1325 78 26 belopp
180 1324 81 25 årligen
277 1324 7 20 i
300 1325 40 20 den
355 1324 50 20 män
420 1324 28 20 de
462 1323 137 21 förestående
619 1323 131 21 förlusterna
765 1324 12 19 å
792 1330 46 14 rea-

84 1358 115 21 lisationen
221 1357 23 20 af
264 1357 137 26 föreningens
416 1357 125 26 lägenheter
555 1357 124 26 framträda,
697 1357 39 21 och
751 1357 86 21 hvilken

87 1393 77 20 endast
179 1391 69 22 skulle
264 1391 45 22 afse
325 1393 32 20 att
372 1391 92 22 afvända
479 1391 115 22 exekution
611 1391 38 22 och
665 1391 48 22 ruin
728 1391 48 22 från
787 1391 52 22 flere

86 1427 110 22 hundrade
209 1426 151 28 jordbrukare.
390 1426 239 28 Hypoteksföreningen
644 1425 43 22 kan
703 1426 47 22 icke
760 1426 78 22 under-

87 1463 45 22 låta
147 1464 33 20 att
194 1461 76 23 härvid
286 1461 156 27 underdånigst
451 1461 71 22 uttala
532 1461 41 22 den
583 1461 118 28 förmodan,
713 1463 32 20 att
755 1461 83 22 Eders
