1048 1706
420 144 57 38 XIX.
786 150 13 19 9

78 216 42 22 het.
155 216 42 22 Det
215 217 8 20 i
240 216 89 22 Banken
350 216 112 28 befintliga
483 216 73 22 förråd
575 218 24 20 af
615 217 58 27 guld,
696 224 46 14 som
759 216 70 22 under

78 257 150 21 gynsammare
245 250 57 22 tider
319 250 41 22 och
378 252 53 20 utan
450 250 105 22 särskilda
569 250 149 28 uppoffringar
734 250 34 22 för
782 251 46 21 lan-

79 284 35 21 det
129 284 124 26 anskaffats,
268 285 62 21 torde
344 285 74 21 kunna
432 292 63 14 anses
509 292 46 14 mer
570 287 28 19 än
612 285 126 27 tillräckligt
751 285 34 21 för
797 286 32 20 att

78 318 55 22 efter
147 318 117 22 verkställd
278 318 136 28 utmyntning
425 319 87 27 vidtaga
522 319 113 22 reformen.
658 319 41 21 Väl
710 320 42 20 blir
763 321 65 26 ytter-

77 352 69 28 ligare
164 352 129 28 indragning
308 352 25 22 af
344 352 110 29 betydliga
469 354 79 27 belopp
563 354 24 21 af
599 353 93 22 nämnde
706 353 74 22 metall
794 353 35 22 för

78 388 32 20 att
131 388 8 20 i
161 387 84 21 banken
265 388 59 21 bilda
343 394 26 15 en
387 387 34 22 för
439 388 118 21 reformens
576 388 168 22 säkerställande
763 388 65 28 nödig

78 422 61 20 stark
153 422 64 20 kassa
231 422 8 19 i
254 422 118 27 guldmynt,
384 422 181 27 omedelbarligen
576 422 25 21 af
609 422 100 21 behofvet
719 421 109 28 påkallad,

78 455 91 22 emedan
183 463 26 14 en
224 455 65 22 kassa
302 457 8 20 i
325 455 111 29 guldmynt
451 456 140 21 öfverhufvud
605 457 26 20 är
645 456 106 28 rörligare
765 457 27 20 än
803 464 26 14 en

78 490 152 22 silfvervaluta.
260 491 50 21 Men
329 490 61 22 äfven
409 491 72 20 dertill
496 491 77 21 saknas
589 489 128 23 åtminstone
731 491 34 21 för
780 493 50 19 när-

78 525 95 21 varande
188 525 47 21 icke
249 527 98 26 utvägar,
363 525 71 22 hvilka
449 525 35 22 väl
498 525 35 22 för
547 525 84 22 banken
641 525 105 22 innebära
757 524 72 29 någon

78 559 124 28 uppoffring
217 559 24 22 af
253 560 162 26 ränteinkomst,
436 567 49 14 men
499 560 8 21 i
522 559 66 28 öfrigt
602 559 48 22 med
665 559 78 22 lätthet
756 559 74 23 kunna

79 594 84 21 anlitas.
193 593 33 22 De
243 594 124 28 fordringar
384 594 89 22 Banken
491 595 39 21 hos
549 595 46 21 sina
613 594 80 21 ombud
710 595 8 20 i
732 594 98 23 utlandet

79 635 50 22 eger
147 628 77 22 liksom
243 629 95 22 bankens
356 628 116 29 tillgångar
486 630 8 20 i
508 629 116 21 utländska
638 630 138 26 statspapper
791 631 38 20 äro

78 663 48 22 med
141 663 111 28 undantag
267 663 25 22 af
308 664 31 20 ett
351 663 156 28 jemförelsevis
521 663 63 28 ringa
598 663 79 28 belopp
692 663 65 27 ryska
771 663 59 22 valu-

78 699 35 20 tor
135 697 113 28 samtligen
267 697 122 28 fordringar
408 696 13 22 å
439 697 117 28 guldmynt.
591 697 30 21 Af
637 697 26 21 de
682 697 148 22 förstnämnda

78 732 73 21 kunna
166 732 111 27 ansenliga
287 739 94 14 summor
392 733 53 20 utan
457 731 92 28 omgång
561 732 39 21 och
611 732 59 21 inom
681 732 64 27 högst
756 735 75 19 trenne

77 765 104 22 månader
195 768 64 26 göras
275 766 121 27 disponibla
407 766 34 21 för
452 766 87 28 uppköp
551 766 24 21 af
585 766 59 27 guld,
656 767 40 21 och
707 768 123 26 statspapp-

78 808 39 14 ren
131 801 89 27 utgöras
235 800 33 21 till
283 801 81 21 största
379 800 61 22 delen
456 801 23 21 af
492 801 68 20 första
574 800 96 22 klassens
682 801 148 26 börsartiklar,

78 835 72 21 hvilka
165 835 124 28 visserligen
303 835 47 21 icke
364 834 61 22 alltid
440 834 149 22 brådstörtadt
603 835 73 20 kunna
689 837 53 19 utan
753 835 77 22 förlust

79 869 107 27 försäljas,
205 876 49 15 men
271 869 66 22 likväl
355 869 113 21 efterhand
486 868 91 27 erbjuda
595 875 26 15 en
640 869 64 21 säker
718 871 65 26 utväg
799 871 32 19 att

78 903 34 22 för
130 910 83 15 samma
231 903 100 22 ändamål
349 903 85 21 anlitas.
464 903 45 21 Allt
529 903 59 21 detta
607 903 55 21 dock
680 903 68 22 under
762 903 68 22 förut-

79 937 96 28 sättning
189 939 33 19 att
236 936 219 23 affärsverkamheten
470 938 8 20 i
492 936 74 22 landet
580 936 35 22 får
625 938 53 20 utan
689 936 87 22 svårare
787 938 44 20 stö-

79 972 74 27 ringar
171 970 78 29 fortgå,
272 971 25 22 så
316 973 32 20 att
365 971 47 21 icke
430 971 8 21 i
456 970 53 28 följd
531 970 23 22 af
570 971 102 21 hämmad
688 973 77 26 export
780 971 51 22 eller

80 1006 55 21 ökad
154 1007 80 26 import
252 1005 150 29 ifrågakomna
418 1004 117 29 tillgångar
555 1005 72 22 alltför
645 1006 85 27 mycket
750 1005 81 22 medta-

79 1047 38 21 gas
137 1040 34 22 för
188 1040 85 22 landets
291 1040 72 26 behof,
381 1040 8 20 i
404 1040 85 21 hvilken
504 1040 102 21 händelse
621 1039 55 21 dock
691 1040 61 21 alltid
768 1040 40 21 den
823 1041 8 20 i

80 1074 52 22 sista
151 1081 63 15 mom.
230 1074 24 21 af
267 1076 12 19 7
296 1075 11 27 &
323 1074 7 21 i
344 1074 148 28 Reglementet
506 1073 125 22 förutsedda
645 1075 66 27 utväg
726 1076 33 20 att
774 1075 58 21 möta

81 1110 31 21 ett
126 1108 120 23 oförutsedt
260 1108 68 22 behof
341 1108 24 22 af
377 1108 73 22 valuta
464 1107 46 23 stär
526 1109 76 27 öppen.

147 1212 12 20 I
176 1211 96 22 bankens
289 1210 120 29 utlänings-
428 1211 40 21 och
484 1210 244 28 diskonteringsrörelse,
744 1210 41 22 den
800 1218 32 14 se-

80 1252 52 16 nare
151 1244 70 23 sävidt
239 1246 41 21 den
299 1246 47 21 haft
363 1246 35 21 till
416 1244 90 22 föremål
524 1244 112 22 inhemska
651 1244 80 26 vexlar,
746 1244 40 22 har
801 1247 31 19 ett

78 1280 69 28 jemnt
168 1278 195 23 framåtskridande
385 1281 37 26 egt
443 1286 55 15 rum.
531 1278 60 22 Ifrån
613 1280 127 25 15,095,000
763 1279 68 26 mark,

80 1322 46 14 som
149 1314 162 27 sammanlagda
328 1314 104 27 beloppet
449 1314 24 21 af
488 1313 37 22 län
543 1314 40 21 och
601 1313 156 22 kassakreditiv
775 1315 57 20 samt

81 1348 150 22 diskonterade
245 1347 112 22 inhemska
371 1348 73 21 vexlar
458 1347 100 27 utgjorde
569 1346 35 22 vid
615 1346 109 28 utgängen
735 1346 25 22 af
770 1348 61 25 1871,

80 1382 57 22 hade
151 1381 118 23 detsamma
284 1381 35 22 vid
334 1382 66 21 slutet
410 1381 24 22 af
445 1382 54 20 1875
511 1381 59 28 stigit
581 1380 33 21 till
625 1381 127 26 23,639,000
763 1380 68 27 mark,

81 1416 108 22 hvarefter
203 1416 69 22 under
287 1416 26 21 de
328 1416 69 22 första
412 1414 132 24 mänaderna
559 1415 24 21 af
595 1414 100 23 sistlidna
709 1414 25 22 är
745 1422 87 21 synner-

81 1453 48 26 gast
147 1451 33 21 till
199 1451 54 27 följd
271 1450 24 22 af
312 1450 41 23 den
370 1450 70 22 under
456 1449 178 29 nästföregäende
653 1448 25 23 är
696 1457 77 20 genom
788 1449 43 22 för-

79 1485 92 23 svärade
193 1485 156 28 konjunkturer
369 1485 67 28 något
453 1485 126 22 inskränkta
597 1486 103 27 exporten
718 1485 25 22 af
758 1485 74 28 skogs-
