<?xml version="1.0" encoding="UTF-8"?>
<alto xmlns="http://www.loc.gov/standards/alto/ns-v3#" xmlns:xlink="http://www.w3.org/1999/xlink" xmlns:xsi="http://www.w3.org/2001/XMLSchema-instance" xsi:schemaLocation="http://www.loc.gov/standards/alto/ns-v3# http://www.loc.gov/alto/v3/alto-3-0.xsd">
	<Description>
		<MeasurementUnit>pixel</MeasurementUnit>
		<sourceImageInformation>
			<fileName>/tmp/tess_c4qt_ihl_input.PNG</fileName>
		</sourceImageInformation>
		<OCRProcessing ID="OCR_0">
			<ocrProcessingStep>
				<processingSoftware>
					<softwareName>tesseract 5.3.4</softwareName>
				</processingSoftware>
			</ocrProcessingStep>
		</OCRProcessing>
	</Description>
	<Layout>
		<Page WIDTH="1036" HEIGHT="1700" PHYSICAL_IMG_NR="0" ID="page_0">
			<PrintSpace HPOS="0" VPOS="0" WIDTH="1036" HEIGHT="1700">
				<ComposedBlock ID="cblock_0" HPOS="416" VPOS="140" WIDTH="352" HEIGHT="24">
					<TextBlock ID="block_0" HPOS="416" VPOS="140" WIDTH="352" HEIGHT="24">
						<TextLine ID="line_0" HPOS="416" VPOS="140" WIDTH="352" HEIGHT="24">
							<String ID="string_0" HPOS="416" VPOS="140" WIDTH="17" HEIGHT="21" WC="0.48" CONTENT="I."/><SP WIDTH="310" VPOS="140" HPOS="433"/>
							<String ID="string_1" HPOS="743" VPOS="143" WIDTH="25" HEIGHT="21" WC="0.95" CONTENT="19"/>
						</TextLine>
					</TextBlock>
				</ComposedBlock>
				<ComposedBlock ID="cblock_1" HPOS="46" VPOS="204" WIDTH="754" HEIGHT="717">
					<TextBlock ID="block_1" HPOS="46" VPOS="204" WIDTH="751" HEIGHT="203">
						<TextLine ID="line_1" HPOS="120" VPOS="204" WIDTH="677" HEIGHT="34">
							<String ID="string_2" HPOS="120" VPOS="210" WIDTH="47" HEIGHT="20" WC="0.92" CONTENT="56:0"/><SP WIDTH="17" VPOS="210" HPOS="167"/>
							<String ID="string_3" HPOS="184" VPOS="216" WIDTH="33" HEIGHT="15" WC="0.93" CONTENT="om"/><SP WIDTH="16" VPOS="216" HPOS="217"/>
							<String ID="string_4" HPOS="233" VPOS="204" WIDTH="381" HEIGHT="27" WC="0.86" CONTENT="Åbo—Tammerfors—Tavastehus"/><SP WIDTH="15" VPOS="204" HPOS="614"/>
							<String ID="string_5" HPOS="629" VPOS="210" WIDTH="168" HEIGHT="28" WC="0.92" CONTENT="jernvägsbygg-"/>
						</TextLine>
						<TextLine ID="line_2" HPOS="48" VPOS="244" WIDTH="748" HEIGHT="27">
							<String ID="string_6" HPOS="48" VPOS="244" WIDTH="53" HEIGHT="20" WC="0.91" CONTENT="nads"/><SP WIDTH="16" VPOS="244" HPOS="101"/>
							<String ID="string_7" HPOS="117" VPOS="244" WIDTH="113" HEIGHT="21" WC="0.95" CONTENT="utförande"/><SP WIDTH="16" VPOS="244" HPOS="230"/>
							<String ID="string_8" HPOS="246" VPOS="244" WIDTH="33" HEIGHT="21" WC="0.96" CONTENT="för"/><SP WIDTH="15" VPOS="244" HPOS="279"/>
							<String ID="string_9" HPOS="294" VPOS="245" WIDTH="82" HEIGHT="19" WC="0.95" CONTENT="statens"/><SP WIDTH="14" VPOS="245" HPOS="376"/>
							<String ID="string_10" HPOS="390" VPOS="244" WIDTH="98" HEIGHT="26" WC="0.96" CONTENT="räkning,"/><SP WIDTH="12" VPOS="244" HPOS="488"/>
							<String ID="string_11" HPOS="500" VPOS="244" WIDTH="39" HEIGHT="21" WC="0.96" CONTENT="har"/><SP WIDTH="10" VPOS="244" HPOS="539"/>
							<String ID="string_12" HPOS="549" VPOS="244" WIDTH="60" HEIGHT="20" WC="0.96" CONTENT="Hans"/><SP WIDTH="11" VPOS="244" HPOS="609"/>
							<String ID="string_13" HPOS="620" VPOS="244" WIDTH="121" HEIGHT="27" WC="0.93" CONTENT="Kejserliga"/><SP WIDTH="10" VPOS="244" HPOS="741"/>
							<String ID="string_14" HPOS="751" VPOS="245" WIDTH="45" HEIGHT="21" WC="0.91" CONTENT="Ma-"/>
						</TextLine>
						<TextLine ID="line_3" HPOS="46" VPOS="277" WIDTH="750" HEIGHT="25">
							<String ID="string_15" HPOS="46" VPOS="277" WIDTH="67" HEIGHT="25" WC="0.92" CONTENT="jestät"/><SP WIDTH="22" VPOS="277" HPOS="113"/>
							<String ID="string_16" HPOS="135" VPOS="278" WIDTH="49" HEIGHT="20" WC="0.96" CONTENT="låtit"/><SP WIDTH="22" VPOS="278" HPOS="184"/>
							<String ID="string_17" HPOS="206" VPOS="278" WIDTH="41" HEIGHT="21" WC="0.96" CONTENT="den"/><SP WIDTH="22" VPOS="278" HPOS="247"/>
							<String ID="string_18" HPOS="269" VPOS="278" WIDTH="27" HEIGHT="20" WC="0.95" CONTENT="20"/><SP WIDTH="15" VPOS="278" HPOS="296"/>
							<String ID="string_19" HPOS="311" VPOS="277" WIDTH="103" HEIGHT="21" WC="0.96" CONTENT="Februari"/><SP WIDTH="21" VPOS="277" HPOS="414"/>
							<String ID="string_20" HPOS="435" VPOS="278" WIDTH="54" HEIGHT="20" WC="0.96" CONTENT="1874"/><SP WIDTH="15" VPOS="278" HPOS="489"/>
							<String ID="string_21" HPOS="504" VPOS="278" WIDTH="7" HEIGHT="20" WC="0.96" CONTENT="i"/><SP WIDTH="15" VPOS="278" HPOS="511"/>
							<String ID="string_22" HPOS="526" VPOS="280" WIDTH="72" HEIGHT="19" WC="0.96" CONTENT="ämnet"/><SP WIDTH="14" VPOS="280" HPOS="598"/>
							<String ID="string_23" HPOS="612" VPOS="278" WIDTH="86" HEIGHT="21" WC="0.93" CONTENT="utfärda"/><SP WIDTH="16" VPOS="278" HPOS="698"/>
							<String ID="string_24" HPOS="714" VPOS="278" WIDTH="82" HEIGHT="21" WC="0.92" CONTENT="förord-"/>
						</TextLine>
						<TextLine ID="line_4" HPOS="48" VPOS="311" WIDTH="749" HEIGHT="28">
							<String ID="string_25" HPOS="48" VPOS="311" WIDTH="58" HEIGHT="27" WC="0.95" CONTENT="ning,"/><SP WIDTH="23" VPOS="311" HPOS="106"/>
							<String ID="string_26" HPOS="129" VPOS="312" WIDTH="34" HEIGHT="20" WC="0.95" CONTENT="till"/><SP WIDTH="21" VPOS="312" HPOS="163"/>
							<String ID="string_27" HPOS="184" VPOS="312" WIDTH="51" HEIGHT="27" WC="0.96" CONTENT="följe"/><SP WIDTH="19" VPOS="312" HPOS="235"/>
							<String ID="string_28" HPOS="254" VPOS="312" WIDTH="76" HEIGHT="21" WC="0.96" CONTENT="hvaraf"/><SP WIDTH="13" VPOS="312" HPOS="330"/>
							<String ID="string_29" HPOS="343" VPOS="312" WIDTH="162" HEIGHT="26" WC="0.93" CONTENT="ifrågavarande"/><SP WIDTH="16" VPOS="312" HPOS="505"/>
							<String ID="string_30" HPOS="521" VPOS="312" WIDTH="195" HEIGHT="27" WC="0.91" CONTENT="byggnadsföretag"/><SP WIDTH="15" VPOS="312" HPOS="716"/>
							<String ID="string_31" HPOS="731" VPOS="313" WIDTH="66" HEIGHT="21" WC="0.96" CONTENT="också"/>
						</TextLine>
						<TextLine ID="line_5" HPOS="49" VPOS="346" WIDTH="747" HEIGHT="22">
							<String ID="string_32" HPOS="49" VPOS="346" WIDTH="66" HEIGHT="21" WC="0.93" CONTENT="redan"/><SP WIDTH="19" VPOS="346" HPOS="115"/>
							<String ID="string_33" HPOS="134" VPOS="346" WIDTH="116" HEIGHT="22" WC="0.91" CONTENT="fulländats"/><SP WIDTH="20" VPOS="346" HPOS="250"/>
							<String ID="string_34" HPOS="270" VPOS="348" WIDTH="56" HEIGHT="20" WC="0.96" CONTENT="samt"/><SP WIDTH="18" VPOS="348" HPOS="326"/>
							<String ID="string_35" HPOS="344" VPOS="346" WIDTH="70" HEIGHT="21" WC="0.93" CONTENT="banan"/><SP WIDTH="15" VPOS="346" HPOS="414"/>
							<String ID="string_36" HPOS="429" VPOS="346" WIDTH="84" HEIGHT="22" WC="0.89" CONTENT="utöfver"/><SP WIDTH="15" VPOS="346" HPOS="513"/>
							<String ID="string_37" HPOS="528" VPOS="348" WIDTH="31" HEIGHT="20" WC="0.96" CONTENT="ett"/><SP WIDTH="14" VPOS="348" HPOS="559"/>
							<String ID="string_38" HPOS="573" VPOS="346" WIDTH="56" HEIGHT="21" WC="0.96" CONTENT="halft"/><SP WIDTH="15" VPOS="346" HPOS="629"/>
							<String ID="string_39" HPOS="644" VPOS="346" WIDTH="35" HEIGHT="22" WC="0.95" CONTENT="års"/><SP WIDTH="15" VPOS="346" HPOS="679"/>
							<String ID="string_40" HPOS="694" VPOS="347" WIDTH="32" HEIGHT="20" WC="0.96" CONTENT="tid"/><SP WIDTH="15" VPOS="347" HPOS="726"/>
							<String ID="string_41" HPOS="741" VPOS="348" WIDTH="55" HEIGHT="20" WC="0.96" CONTENT="varit"/>
						</TextLine>
						<TextLine ID="line_6" HPOS="49" VPOS="380" WIDTH="398" HEIGHT="27">
							<String ID="string_42" HPOS="49" VPOS="380" WIDTH="102" HEIGHT="26" WC="0.95" CONTENT="upplåten"/><SP WIDTH="16" VPOS="380" HPOS="151"/>
							<String ID="string_43" HPOS="167" VPOS="381" WIDTH="32" HEIGHT="21" WC="0.95" CONTENT="till"/><SP WIDTH="15" VPOS="381" HPOS="199"/>
							<String ID="string_44" HPOS="214" VPOS="380" WIDTH="145" HEIGHT="27" WC="0.95" CONTENT="regelbunden"/><SP WIDTH="14" VPOS="380" HPOS="359"/>
							<String ID="string_45" HPOS="373" VPOS="380" WIDTH="74" HEIGHT="26" WC="0.95" CONTENT="trafik;"/>
						</TextLine>
					</TextBlock>
					<TextBlock ID="block_2" HPOS="49" VPOS="414" WIDTH="748" HEIGHT="165">
						<TextLine ID="line_7" HPOS="120" VPOS="414" WIDTH="676" HEIGHT="23">
							<String ID="string_46" HPOS="120" VPOS="416" WIDTH="47" HEIGHT="19" WC="0.92" CONTENT="57:0"/><SP WIDTH="20" VPOS="416" HPOS="167"/>
							<String ID="string_47" HPOS="187" VPOS="416" WIDTH="33" HEIGHT="19" WC="0.96" CONTENT="att"/><SP WIDTH="18" VPOS="416" HPOS="220"/>
							<String ID="string_48" HPOS="238" VPOS="417" WIDTH="32" HEIGHT="18" WC="0.96" CONTENT="ett"/><SP WIDTH="18" VPOS="417" HPOS="270"/>
							<String ID="string_49" HPOS="288" VPOS="414" WIDTH="64" HEIGHT="21" WC="0.96" CONTENT="finskt"/><SP WIDTH="19" VPOS="414" HPOS="352"/>
							<String ID="string_50" HPOS="371" VPOS="415" WIDTH="136" HEIGHT="21" WC="0.95" CONTENT="seminarium"/><SP WIDTH="15" VPOS="415" HPOS="507"/>
							<String ID="string_51" HPOS="522" VPOS="415" WIDTH="34" HEIGHT="21" WC="0.93" CONTENT="för"/><SP WIDTH="15" VPOS="415" HPOS="556"/>
							<String ID="string_52" HPOS="571" VPOS="415" WIDTH="108" HEIGHT="22" WC="0.91" CONTENT="blifvande"/><SP WIDTH="14" VPOS="415" HPOS="679"/>
							<String ID="string_53" HPOS="693" VPOS="416" WIDTH="103" HEIGHT="21" WC="0.91" CONTENT="folkskol-"/>
						</TextLine>
						<TextLine ID="line_8" HPOS="49" VPOS="448" WIDTH="748" HEIGHT="29">
							<String ID="string_54" HPOS="49" VPOS="448" WIDTH="70" HEIGHT="21" WC="0.96" CONTENT="lärare"/><SP WIDTH="13" VPOS="448" HPOS="119"/>
							<String ID="string_55" HPOS="132" VPOS="449" WIDTH="39" HEIGHT="21" WC="0.96" CONTENT="och"/><SP WIDTH="11" VPOS="449" HPOS="171"/>
							<String ID="string_56" HPOS="182" VPOS="449" WIDTH="120" HEIGHT="21" WC="0.96" CONTENT="lärarinnor"/><SP WIDTH="11" VPOS="449" HPOS="302"/>
							<String ID="string_57" HPOS="313" VPOS="449" WIDTH="66" HEIGHT="21" WC="0.96" CONTENT="måtte"/><SP WIDTH="12" VPOS="449" HPOS="379"/>
							<String ID="string_58" HPOS="391" VPOS="449" WIDTH="48" HEIGHT="21" WC="0.96" CONTENT="med"/><SP WIDTH="17" VPOS="449" HPOS="439"/>
							<String ID="string_59" HPOS="456" VPOS="449" WIDTH="36" HEIGHT="21" WC="0.96" CONTENT="det"/><SP WIDTH="15" VPOS="449" HPOS="492"/>
							<String ID="string_60" HPOS="507" VPOS="451" WIDTH="96" HEIGHT="19" WC="0.96" CONTENT="snaraste"/><SP WIDTH="19" VPOS="451" HPOS="603"/>
							<String ID="string_61" HPOS="622" VPOS="450" WIDTH="98" HEIGHT="25" WC="0.95" CONTENT="inrättas,"/><SP WIDTH="15" VPOS="450" HPOS="720"/>
							<String ID="string_62" HPOS="735" VPOS="450" WIDTH="62" HEIGHT="27" WC="0.96" CONTENT="ingår"/>
						</TextLine>
						<TextLine ID="line_9" HPOS="49" VPOS="482" WIDTH="748" HEIGHT="28">
							<String ID="string_63" HPOS="49" VPOS="482" WIDTH="158" HEIGHT="27" WC="0.95" CONTENT="framställning"/><SP WIDTH="15" VPOS="482" HPOS="207"/>
							<String ID="string_64" HPOS="222" VPOS="490" WIDTH="33" HEIGHT="15" WC="0.93" CONTENT="om"/><SP WIDTH="17" VPOS="490" HPOS="255"/>
							<String ID="string_65" HPOS="272" VPOS="483" WIDTH="136" HEIGHT="22" WC="0.91" CONTENT="anskaffande"/><SP WIDTH="16" VPOS="483" HPOS="408"/>
							<String ID="string_66" HPOS="424" VPOS="483" WIDTH="23" HEIGHT="21" WC="0.93" CONTENT="af"/><SP WIDTH="14" VPOS="483" HPOS="447"/>
							<String ID="string_67" HPOS="461" VPOS="484" WIDTH="71" HEIGHT="21" WC="0.92" CONTENT="dertill"/><SP WIDTH="15" VPOS="484" HPOS="532"/>
							<String ID="string_68" HPOS="547" VPOS="484" WIDTH="79" HEIGHT="26" WC="0.96" CONTENT="nödiga"/><SP WIDTH="7" VPOS="484" HPOS="626"/>
							<String ID="string_69" HPOS="633" VPOS="485" WIDTH="74" HEIGHT="25" WC="0.95" CONTENT="medel,"/><SP WIDTH="10" VPOS="485" HPOS="707"/>
							<String ID="string_70" HPOS="717" VPOS="485" WIDTH="31" HEIGHT="20" WC="0.96" CONTENT="uti"/><SP WIDTH="8" VPOS="485" HPOS="748"/>
							<String ID="string_71" HPOS="756" VPOS="485" WIDTH="41" HEIGHT="20" WC="0.96" CONTENT="den"/>
						</TextLine>
						<TextLine ID="line_10" HPOS="50" VPOS="517" WIDTH="747" HEIGHT="28">
							<String ID="string_72" HPOS="50" VPOS="517" WIDTH="78" HEIGHT="26" WC="0.95" CONTENT="nådiga"/><SP WIDTH="16" VPOS="517" HPOS="128"/>
							<String ID="string_73" HPOS="144" VPOS="518" WIDTH="138" HEIGHT="26" WC="0.96" CONTENT="proposition,"/><SP WIDTH="17" VPOS="518" HPOS="282"/>
							<String ID="string_74" HPOS="299" VPOS="517" WIDTH="109" HEIGHT="27" WC="0.90" CONTENT="angående"/><SP WIDTH="15" VPOS="517" HPOS="408"/>
							<String ID="string_75" HPOS="423" VPOS="518" WIDTH="203" HEIGHT="27" WC="0.90" CONTENT="bevillningsanslag"/><SP WIDTH="8" VPOS="518" HPOS="626"/>
							<String ID="string_76" HPOS="634" VPOS="518" WIDTH="33" HEIGHT="21" WC="0.91" CONTENT="för"/><SP WIDTH="15" VPOS="518" HPOS="667"/>
							<String ID="string_77" HPOS="682" VPOS="519" WIDTH="115" HEIGHT="20" WC="0.91" CONTENT="folkskole-"/>
						</TextLine>
						<TextLine ID="line_11" HPOS="50" VPOS="552" WIDTH="746" HEIGHT="27">
							<String ID="string_78" HPOS="50" VPOS="552" WIDTH="108" HEIGHT="26" WC="0.96" CONTENT="väsendet,"/><SP WIDTH="19" VPOS="552" HPOS="158"/>
							<String ID="string_79" HPOS="177" VPOS="552" WIDTH="87" HEIGHT="22" WC="0.93" CONTENT="hvilken"/><SP WIDTH="19" VPOS="552" HPOS="264"/>
							<String ID="string_80" HPOS="283" VPOS="553" WIDTH="12" HEIGHT="20" WC="0.92" CONTENT="å"/><SP WIDTH="18" VPOS="553" HPOS="295"/>
							<String ID="string_81" HPOS="313" VPOS="552" WIDTH="69" HEIGHT="22" WC="0.92" CONTENT="denna"/><SP WIDTH="18" VPOS="552" HPOS="382"/>
							<String ID="string_82" HPOS="400" VPOS="553" WIDTH="102" HEIGHT="26" WC="0.92" CONTENT="landtdag"/><SP WIDTH="15" VPOS="553" HPOS="502"/>
							<String ID="string_83" HPOS="517" VPOS="555" WIDTH="24" HEIGHT="19" WC="0.93" CONTENT="är"/><SP WIDTH="16" VPOS="555" HPOS="541"/>
							<String ID="string_84" HPOS="557" VPOS="553" WIDTH="118" HEIGHT="21" WC="0.92" CONTENT="Ständerna"/><SP WIDTH="15" VPOS="553" HPOS="675"/>
							<String ID="string_85" HPOS="690" VPOS="553" WIDTH="106" HEIGHT="26" WC="0.91" CONTENT="förelagd;"/>
						</TextLine>
					</TextBlock>
					<TextBlock ID="block_3" HPOS="50" VPOS="586" WIDTH="749" HEIGHT="268">
						<TextLine ID="line_12" HPOS="122" VPOS="586" WIDTH="675" HEIGHT="27">
							<String ID="string_86" HPOS="122" VPOS="588" WIDTH="47" HEIGHT="20" WC="0.92" CONTENT="58:0"/><SP WIDTH="12" VPOS="588" HPOS="169"/>
							<String ID="string_87" HPOS="181" VPOS="593" WIDTH="33" HEIGHT="15" WC="0.96" CONTENT="om"/><SP WIDTH="11" VPOS="593" HPOS="214"/>
							<String ID="string_88" HPOS="225" VPOS="587" WIDTH="130" HEIGHT="26" WC="0.96" CONTENT="tillökning"/><SP WIDTH="-10" VPOS="587" HPOS="355"/>
							<String ID="string_89" HPOS="345" VPOS="582" WIDTH="14" HEIGHT="35" WC="0.93" CONTENT="i"/><SP WIDTH="8" VPOS="582" HPOS="359"/>
							<String ID="string_90" HPOS="367" VPOS="587" WIDTH="152" HEIGHT="26" WC="0.91" CONTENT="statsanslaget"/><SP WIDTH="10" VPOS="587" HPOS="519"/>
							<String ID="string_91" HPOS="529" VPOS="587" WIDTH="34" HEIGHT="21" WC="0.96" CONTENT="för"/><SP WIDTH="9" VPOS="587" HPOS="563"/>
							<String ID="string_92" HPOS="572" VPOS="586" WIDTH="70" HEIGHT="22" WC="0.93" CONTENT="finska"/><SP WIDTH="10" VPOS="586" HPOS="642"/>
							<String ID="string_93" HPOS="652" VPOS="586" WIDTH="145" HEIGHT="27" WC="0.91" CONTENT="Vetenskaps-"/>
						</TextLine>
						<TextLine ID="line_13" HPOS="51" VPOS="620" WIDTH="746" HEIGHT="28">
							<String ID="string_94" HPOS="51" VPOS="621" WIDTH="122" HEIGHT="26" WC="0.95" CONTENT="societeten,"/><SP WIDTH="24" VPOS="621" HPOS="173"/>
							<String ID="string_95" HPOS="197" VPOS="621" WIDTH="38" HEIGHT="21" WC="0.96" CONTENT="har"/><SP WIDTH="22" VPOS="621" HPOS="235"/>
							<String ID="string_96" HPOS="257" VPOS="621" WIDTH="60" HEIGHT="21" WC="0.95" CONTENT="Hans"/><SP WIDTH="23" VPOS="621" HPOS="317"/>
							<String ID="string_97" HPOS="340" VPOS="621" WIDTH="120" HEIGHT="27" WC="0.96" CONTENT="Kejserliga"/><SP WIDTH="22" VPOS="621" HPOS="460"/>
							<String ID="string_98" HPOS="482" VPOS="621" WIDTH="103" HEIGHT="27" WC="0.96" CONTENT="Majestät"/><SP WIDTH="17" VPOS="621" HPOS="585"/>
							<String ID="string_99" HPOS="602" VPOS="621" WIDTH="7" HEIGHT="20" WC="0.96" CONTENT="i"/><SP WIDTH="15" VPOS="621" HPOS="609"/>
							<String ID="string_100" HPOS="624" VPOS="620" WIDTH="72" HEIGHT="26" WC="0.96" CONTENT="nåder,"/><SP WIDTH="17" VPOS="620" HPOS="696"/>
							<String ID="string_101" HPOS="713" VPOS="620" WIDTH="33" HEIGHT="22" WC="0.92" CONTENT="till"/><SP WIDTH="15" VPOS="620" HPOS="746"/>
							<String ID="string_102" HPOS="761" VPOS="621" WIDTH="36" HEIGHT="20" WC="0.92" CONTENT="be-"/>
						</TextLine>
						<TextLine ID="line_14" HPOS="50" VPOS="655" WIDTH="747" HEIGHT="27">
							<String ID="string_103" HPOS="50" VPOS="656" WIDTH="119" HEIGHT="26" WC="0.95" CONTENT="främjande"/><SP WIDTH="19" VPOS="656" HPOS="169"/>
							<String ID="string_104" HPOS="188" VPOS="655" WIDTH="23" HEIGHT="21" WC="0.93" CONTENT="af"/><SP WIDTH="17" VPOS="655" HPOS="211"/>
							<String ID="string_105" HPOS="228" VPOS="656" WIDTH="127" HEIGHT="20" WC="0.93" CONTENT="societetens"/><SP WIDTH="17" VPOS="656" HPOS="355"/>
							<String ID="string_106" HPOS="372" VPOS="656" WIDTH="104" HEIGHT="26" WC="0.95" CONTENT="ändamål,"/><SP WIDTH="16" VPOS="656" HPOS="476"/>
							<String ID="string_107" HPOS="492" VPOS="656" WIDTH="47" HEIGHT="20" WC="0.93" CONTENT="icke"/><SP WIDTH="15" VPOS="656" HPOS="539"/>
							<String ID="string_108" HPOS="554" VPOS="655" WIDTH="91" HEIGHT="21" WC="0.92" CONTENT="allenast"/><SP WIDTH="16" VPOS="655" HPOS="645"/>
							<String ID="string_109" HPOS="661" VPOS="655" WIDTH="87" HEIGHT="27" WC="0.93" CONTENT="beviljat"/><SP WIDTH="16" VPOS="655" HPOS="748"/>
							<String ID="string_110" HPOS="764" VPOS="660" WIDTH="33" HEIGHT="15" WC="0.92" CONTENT="so-"/>
						</TextLine>
						<TextLine ID="line_15" HPOS="51" VPOS="688" WIDTH="746" HEIGHT="28">
							<String ID="string_111" HPOS="51" VPOS="690" WIDTH="90" HEIGHT="21" WC="0.92" CONTENT="cieteten"/><SP WIDTH="19" VPOS="690" HPOS="141"/>
							<String ID="string_112" HPOS="160" VPOS="691" WIDTH="32" HEIGHT="19" WC="0.96" CONTENT="ett"/><SP WIDTH="17" VPOS="691" HPOS="192"/>
							<String ID="string_113" HPOS="209" VPOS="690" WIDTH="65" HEIGHT="26" WC="0.96" CONTENT="årligt"/><SP WIDTH="18" VPOS="690" HPOS="274"/>
							<String ID="string_114" HPOS="292" VPOS="690" WIDTH="93" HEIGHT="20" WC="0.96" CONTENT="tillskott"/><SP WIDTH="15" VPOS="690" HPOS="385"/>
							<String ID="string_115" HPOS="400" VPOS="689" WIDTH="23" HEIGHT="21" WC="0.93" CONTENT="af"/><SP WIDTH="17" VPOS="689" HPOS="423"/>
							<String ID="string_116" HPOS="440" VPOS="690" WIDTH="62" HEIGHT="25" WC="0.92" CONTENT="5,000"/><SP WIDTH="14" VPOS="690" HPOS="502"/>
							<String ID="string_117" HPOS="516" VPOS="689" WIDTH="61" HEIGHT="21" WC="0.96" CONTENT="mark"/><SP WIDTH="15" VPOS="689" HPOS="577"/>
							<String ID="string_118" HPOS="592" VPOS="695" WIDTH="26" HEIGHT="14" WC="0.96" CONTENT="ur"/><SP WIDTH="15" VPOS="695" HPOS="618"/>
							<String ID="string_119" HPOS="633" VPOS="688" WIDTH="106" HEIGHT="21" WC="0.93" CONTENT="allmänna"/><SP WIDTH="15" VPOS="688" HPOS="739"/>
							<String ID="string_120" HPOS="754" VPOS="694" WIDTH="43" HEIGHT="15" WC="0.90" CONTENT="me-"/>
						</TextLine>
						<TextLine ID="line_16" HPOS="52" VPOS="722" WIDTH="745" HEIGHT="28">
							<String ID="string_121" HPOS="52" VPOS="724" WIDTH="40" HEIGHT="26" WC="0.96" CONTENT="del,"/><SP WIDTH="16" VPOS="724" HPOS="92"/>
							<String ID="string_122" HPOS="108" VPOS="726" WIDTH="53" HEIGHT="18" WC="0.96" CONTENT="utan"/><SP WIDTH="15" VPOS="726" HPOS="161"/>
							<String ID="string_123" HPOS="176" VPOS="724" WIDTH="40" HEIGHT="21" WC="0.93" CONTENT="ock"/><SP WIDTH="14" VPOS="724" HPOS="216"/>
							<String ID="string_124" HPOS="230" VPOS="724" WIDTH="112" HEIGHT="20" WC="0.91" CONTENT="förordnat"/><SP WIDTH="14" VPOS="724" HPOS="342"/>
							<String ID="string_125" HPOS="356" VPOS="725" WIDTH="32" HEIGHT="19" WC="0.96" CONTENT="att"/><SP WIDTH="16" VPOS="725" HPOS="388"/>
							<String ID="string_126" HPOS="404" VPOS="724" WIDTH="26" HEIGHT="20" WC="0.93" CONTENT="de"/><SP WIDTH="16" VPOS="724" HPOS="430"/>
							<String ID="string_127" HPOS="446" VPOS="724" WIDTH="61" HEIGHT="25" WC="0.92" CONTENT="6,543"/><SP WIDTH="14" VPOS="724" HPOS="507"/>
							<String ID="string_128" HPOS="521" VPOS="722" WIDTH="62" HEIGHT="22" WC="0.96" CONTENT="mark"/><SP WIDTH="11" VPOS="722" HPOS="583"/>
							<String ID="string_129" HPOS="594" VPOS="724" WIDTH="27" HEIGHT="20" WC="0.93" CONTENT="20"/><SP WIDTH="10" VPOS="724" HPOS="621"/>
							<String ID="string_130" HPOS="631" VPOS="723" WIDTH="69" HEIGHT="26" WC="0.89" CONTENT="penni,"/><SP WIDTH="12" VPOS="723" HPOS="700"/>
							<String ID="string_131" HPOS="712" VPOS="728" WIDTH="46" HEIGHT="15" WC="0.96" CONTENT="som"/><SP WIDTH="10" VPOS="728" HPOS="758"/>
							<String ID="string_132" HPOS="768" VPOS="728" WIDTH="29" HEIGHT="14" WC="0.95" CONTENT="nu"/>
						</TextLine>
						<TextLine ID="line_17" HPOS="52" VPOS="756" WIDTH="746" HEIGHT="30">
							<String ID="string_133" HPOS="52" VPOS="758" WIDTH="109" HEIGHT="28" WC="0.92" CONTENT="uppbäras"/><SP WIDTH="11" VPOS="758" HPOS="161"/>
							<String ID="string_134" HPOS="172" VPOS="758" WIDTH="23" HEIGHT="21" WC="0.96" CONTENT="af"/><SP WIDTH="11" VPOS="758" HPOS="195"/>
							<String ID="string_135" HPOS="206" VPOS="758" WIDTH="162" HEIGHT="21" WC="0.96" CONTENT="föreståndaren"/><SP WIDTH="8" VPOS="758" HPOS="368"/>
							<String ID="string_136" HPOS="376" VPOS="757" WIDTH="33" HEIGHT="21" WC="0.97" CONTENT="för"/><SP WIDTH="7" VPOS="757" HPOS="409"/>
							<String ID="string_137" HPOS="416" VPOS="757" WIDTH="123" HEIGHT="27" WC="0.93" CONTENT="Kejserliga"/><SP WIDTH="7" VPOS="757" HPOS="539"/>
							<String ID="string_138" HPOS="546" VPOS="756" WIDTH="252" HEIGHT="22" WC="0.91" CONTENT="Alexanders-Universi-"/>
						</TextLine>
						<TextLine ID="line_18" HPOS="53" VPOS="790" WIDTH="746" HEIGHT="30">
							<String ID="string_139" HPOS="53" VPOS="794" WIDTH="64" HEIGHT="21" WC="0.92" CONTENT="tetets"/><SP WIDTH="19" VPOS="794" HPOS="117"/>
							<String ID="string_140" HPOS="136" VPOS="792" WIDTH="134" HEIGHT="28" WC="0.96" CONTENT="magnetiska"/><SP WIDTH="19" VPOS="792" HPOS="270"/>
							<String ID="string_141" HPOS="289" VPOS="792" WIDTH="176" HEIGHT="26" WC="0.96" CONTENT="observatorium,"/><SP WIDTH="17" VPOS="792" HPOS="465"/>
							<String ID="string_142" HPOS="482" VPOS="792" WIDTH="61" HEIGHT="21" WC="0.95" CONTENT="skola"/><SP WIDTH="14" VPOS="792" HPOS="543"/>
							<String ID="string_143" HPOS="557" VPOS="790" WIDTH="54" HEIGHT="22" WC="0.96" CONTENT="efter"/><SP WIDTH="16" VPOS="790" HPOS="611"/>
							<String ID="string_144" HPOS="627" VPOS="792" WIDTH="78" HEIGHT="20" WC="0.93" CONTENT="dennes"/><SP WIDTH="15" VPOS="792" HPOS="705"/>
							<String ID="string_145" HPOS="720" VPOS="790" WIDTH="79" HEIGHT="26" WC="0.90" CONTENT="afgång"/>
						</TextLine>
						<TextLine ID="line_19" HPOS="52" VPOS="825" WIDTH="640" HEIGHT="29">
							<String ID="string_146" HPOS="52" VPOS="828" WIDTH="47" HEIGHT="21" WC="0.93" CONTENT="från"/><SP WIDTH="16" VPOS="828" HPOS="99"/>
							<String ID="string_147" HPOS="115" VPOS="827" WIDTH="65" HEIGHT="27" WC="0.91" CONTENT="sagde"/><SP WIDTH="15" VPOS="827" HPOS="180"/>
							<String ID="string_148" HPOS="195" VPOS="826" WIDTH="121" HEIGHT="27" WC="0.95" CONTENT="befattning"/><SP WIDTH="15" VPOS="826" HPOS="316"/>
							<String ID="string_149" HPOS="331" VPOS="825" WIDTH="85" HEIGHT="22" WC="0.93" CONTENT="tillfalla"/><SP WIDTH="15" VPOS="825" HPOS="416"/>
							<String ID="string_150" HPOS="431" VPOS="826" WIDTH="261" HEIGHT="26" WC="0.91" CONTENT="Vetenskapssocieteten;"/>
						</TextLine>
					</TextBlock>
					<TextBlock ID="block_4" HPOS="53" VPOS="860" WIDTH="747" HEIGHT="61">
						<TextLine ID="line_20" HPOS="123" VPOS="860" WIDTH="676" HEIGHT="28">
							<String ID="string_151" HPOS="123" VPOS="863" WIDTH="48" HEIGHT="20" WC="0.92" CONTENT="59:0"/><SP WIDTH="20" VPOS="863" HPOS="171"/>
							<String ID="string_152" HPOS="191" VPOS="868" WIDTH="33" HEIGHT="15" WC="0.96" CONTENT="om"/><SP WIDTH="19" VPOS="868" HPOS="224"/>
							<String ID="string_153" HPOS="243" VPOS="860" WIDTH="123" HEIGHT="28" WC="0.93" CONTENT="lagförslag,"/><SP WIDTH="18" VPOS="860" HPOS="366"/>
							<String ID="string_154" HPOS="384" VPOS="860" WIDTH="110" HEIGHT="27" WC="0.96" CONTENT="angående"/><SP WIDTH="18" VPOS="860" HPOS="494"/>
							<String ID="string_155" HPOS="512" VPOS="860" WIDTH="150" HEIGHT="26" WC="0.96" CONTENT="förändringar"/><SP WIDTH="14" VPOS="860" HPOS="662"/>
							<String ID="string_156" HPOS="676" VPOS="860" WIDTH="7" HEIGHT="20" WC="0.93" CONTENT="i"/><SP WIDTH="16" VPOS="860" HPOS="683"/>
							<String ID="string_157" HPOS="699" VPOS="860" WIDTH="100" HEIGHT="26" WC="0.91" CONTENT="stadgan-"/>
						</TextLine>
						<TextLine ID="line_21" HPOS="53" VPOS="894" WIDTH="747" HEIGHT="27">
							<String ID="string_158" HPOS="53" VPOS="898" WIDTH="54" HEIGHT="20" WC="0.92" CONTENT="dena"/><SP WIDTH="16" VPOS="898" HPOS="107"/>
							<String ID="string_159" HPOS="123" VPOS="903" WIDTH="34" HEIGHT="15" WC="0.93" CONTENT="om"/><SP WIDTH="15" VPOS="903" HPOS="157"/>
							<String ID="string_160" HPOS="172" VPOS="897" WIDTH="64" HEIGHT="20" WC="0.93" CONTENT="oäkta"/><SP WIDTH="16" VPOS="897" HPOS="236"/>
							<String ID="string_161" HPOS="252" VPOS="896" WIDTH="63" HEIGHT="21" WC="0.92" CONTENT="barns"/><SP WIDTH="16" VPOS="896" HPOS="315"/>
							<String ID="string_162" HPOS="331" VPOS="896" WIDTH="95" HEIGHT="25" WC="0.92" CONTENT="arfsrätt,"/><SP WIDTH="16" VPOS="896" HPOS="426"/>
							<String ID="string_163" HPOS="442" VPOS="897" WIDTH="24" HEIGHT="19" WC="0.93" CONTENT="är"/><SP WIDTH="15" VPOS="897" HPOS="466"/>
							<String ID="string_164" HPOS="481" VPOS="895" WIDTH="64" HEIGHT="26" WC="0.92" CONTENT="nädig"/><SP WIDTH="15" VPOS="895" HPOS="545"/>
							<String ID="string_165" HPOS="560" VPOS="894" WIDTH="134" HEIGHT="27" WC="0.96" CONTENT="proposition"/><SP WIDTH="14" VPOS="894" HPOS="694"/>
							<String ID="string_166" HPOS="708" VPOS="894" WIDTH="8" HEIGHT="20" WC="0.92" CONTENT="i"/><SP WIDTH="12" VPOS="894" HPOS="716"/>
							<String ID="string_167" HPOS="728" VPOS="894" WIDTH="72" HEIGHT="21" WC="0.92" CONTENT="ämnet"/>
						</TextLine>
					</TextBlock>
				</ComposedBlock>
				<ComposedBlock ID="cblock_2" HPOS="53" VPOS="929" WIDTH="465" HEIGHT="27">
					<TextBlock ID="block_5" HPOS="53" VPOS="929" WIDTH="465" HEIGHT="27">
						<TextLine ID="line_22" HPOS="53" VPOS="929" WIDTH="465" HEIGHT="27">
							<String ID="string_168" HPOS="53" VPOS="932" WIDTH="120" HEIGHT="21" WC="0.90" CONTENT="Ständerna"/><SP WIDTH="15" VPOS="932" HPOS="173"/>
							<String ID="string_169" HPOS="188" VPOS="938" WIDTH="12" HEIGHT="14" WC="0.91" CONTENT="&amp;"/><SP WIDTH="16" VPOS="938" HPOS="200"/>
							<String ID="string_170" HPOS="216" VPOS="931" WIDTH="68" HEIGHT="21" WC="0.93" CONTENT="denna"/><SP WIDTH="14" VPOS="931" HPOS="284"/>
							<String ID="string_171" HPOS="298" VPOS="930" WIDTH="103" HEIGHT="26" WC="0.92" CONTENT="landtdag"/><SP WIDTH="15" VPOS="930" HPOS="401"/>
							<String ID="string_172" HPOS="416" VPOS="929" WIDTH="102" HEIGHT="27" WC="0.93" CONTENT="förelagd."/>
						</TextLine>
					</TextBlock>
				</ComposedBlock>
				<ComposedBlock ID="cblock_3" HPOS="54" VPOS="1024" WIDTH="748" HEIGHT="66">
					<TextBlock ID="block_6" HPOS="54" VPOS="1024" WIDTH="748" HEIGHT="66">
						<TextLine ID="line_23" HPOS="125" VPOS="1024" WIDTH="677" HEIGHT="32">
							<String ID="string_173" HPOS="125" VPOS="1031" WIDTH="10" HEIGHT="21" WC="0.93" CONTENT="I"/><SP WIDTH="16" VPOS="1031" HPOS="135"/>
							<String ID="string_174" HPOS="151" VPOS="1030" WIDTH="114" HEIGHT="26" WC="0.92" CONTENT="anledning"/><SP WIDTH="15" VPOS="1030" HPOS="265"/>
							<String ID="string_175" HPOS="280" VPOS="1028" WIDTH="23" HEIGHT="21" WC="0.93" CONTENT="af"/><SP WIDTH="12" VPOS="1028" HPOS="303"/>
							<String ID="string_176" HPOS="315" VPOS="1028" WIDTH="36" HEIGHT="21" WC="0.92" CONTENT="tvä"/><SP WIDTH="16" VPOS="1028" HPOS="351"/>
							<String ID="string_177" HPOS="367" VPOS="1027" WIDTH="69" HEIGHT="21" WC="0.93" CONTENT="skilda"/><SP WIDTH="15" VPOS="1027" HPOS="436"/>
							<String ID="string_178" HPOS="451" VPOS="1027" WIDTH="115" HEIGHT="27" WC="0.93" CONTENT="petitioner"/><SP WIDTH="15" VPOS="1027" HPOS="566"/>
							<String ID="string_179" HPOS="581" VPOS="1026" WIDTH="48" HEIGHT="20" WC="0.93" CONTENT="frän"/><SP WIDTH="18" VPOS="1026" HPOS="629"/>
							<String ID="string_180" HPOS="647" VPOS="1024" WIDTH="155" HEIGHT="29" WC="0.92" CONTENT="Ridderskapet"/>
						</TextLine>
						<TextLine ID="line_24" HPOS="54" VPOS="1059" WIDTH="393" HEIGHT="31">
							<String ID="string_181" HPOS="54" VPOS="1065" WIDTH="39" HEIGHT="23" WC="0.93" CONTENT="och"/><SP WIDTH="15" VPOS="1065" HPOS="93"/>
							<String ID="string_182" HPOS="108" VPOS="1064" WIDTH="66" HEIGHT="24" WC="0.92" CONTENT="Adeln"/><SP WIDTH="16" VPOS="1064" HPOS="174"/>
							<String ID="string_183" HPOS="190" VPOS="1065" WIDTH="55" HEIGHT="20" WC="0.93" CONTENT="samt"/><SP WIDTH="14" VPOS="1065" HPOS="245"/>
							<String ID="string_184" HPOS="259" VPOS="1059" WIDTH="188" HEIGHT="31" WC="0.92" CONTENT="Borgareständet:"/>
						</TextLine>
					</TextBlock>
				</ComposedBlock>
				<ComposedBlock ID="cblock_4" HPOS="55" VPOS="1116" WIDTH="749" HEIGHT="200">
					<TextBlock ID="block_7" HPOS="55" VPOS="1116" WIDTH="749" HEIGHT="200">
						<TextLine ID="line_25" HPOS="127" VPOS="1116" WIDTH="674" HEIGHT="29">
							<String ID="string_185" HPOS="127" VPOS="1123" WIDTH="47" HEIGHT="21" WC="0.81" CONTENT="60:0"/><SP WIDTH="10" VPOS="1123" HPOS="174"/>
							<String ID="string_186" HPOS="184" VPOS="1127" WIDTH="33" HEIGHT="16" WC="0.93" CONTENT="om"/><SP WIDTH="9" VPOS="1127" HPOS="217"/>
							<String ID="string_187" HPOS="226" VPOS="1119" WIDTH="121" HEIGHT="22" WC="0.96" CONTENT="inrättande"/><SP WIDTH="8" VPOS="1119" HPOS="347"/>
							<String ID="string_188" HPOS="355" VPOS="1119" WIDTH="35" HEIGHT="21" WC="0.93" CONTENT="vid"/><SP WIDTH="9" VPOS="1119" HPOS="390"/>
							<String ID="string_189" HPOS="399" VPOS="1118" WIDTH="120" HEIGHT="27" WC="0.93" CONTENT="Kejserliga"/><SP WIDTH="9" VPOS="1118" HPOS="519"/>
							<String ID="string_190" HPOS="528" VPOS="1116" WIDTH="273" HEIGHT="23" WC="0.91" CONTENT="Alexanders-Universite-"/>
						</TextLine>
						<TextLine ID="line_26" HPOS="57" VPOS="1150" WIDTH="744" HEIGHT="29">
							<String ID="string_191" HPOS="57" VPOS="1160" WIDTH="31" HEIGHT="19" WC="0.95" CONTENT="tet"/><SP WIDTH="15" VPOS="1160" HPOS="88"/>
							<String ID="string_192" HPOS="103" VPOS="1157" WIDTH="22" HEIGHT="22" WC="0.95" CONTENT="af"/><SP WIDTH="14" VPOS="1157" HPOS="125"/>
							<String ID="string_193" HPOS="139" VPOS="1163" WIDTH="26" HEIGHT="15" WC="0.92" CONTENT="en"/><SP WIDTH="9" VPOS="1163" HPOS="165"/>
							<String ID="string_194" HPOS="174" VPOS="1155" WIDTH="104" HEIGHT="22" WC="0.81" CONTENT="lärostoli"/><SP WIDTH="9" VPOS="1155" HPOS="278"/>
							<String ID="string_195" HPOS="287" VPOS="1153" WIDTH="91" HEIGHT="23" WC="0.93" CONTENT="svenska"/><SP WIDTH="8" VPOS="1153" HPOS="378"/>
							<String ID="string_196" HPOS="386" VPOS="1153" WIDTH="108" HEIGHT="21" WC="0.96" CONTENT="äfvensom"/><SP WIDTH="9" VPOS="1153" HPOS="494"/>
							<String ID="string_197" HPOS="503" VPOS="1151" WIDTH="150" HEIGHT="22" WC="0.96" CONTENT="fornnordiska"/><SP WIDTH="10" VPOS="1151" HPOS="653"/>
							<String ID="string_198" HPOS="663" VPOS="1151" WIDTH="91" HEIGHT="26" WC="0.96" CONTENT="språken"/><SP WIDTH="8" VPOS="1151" HPOS="754"/>
							<String ID="string_199" HPOS="762" VPOS="1150" WIDTH="39" HEIGHT="21" WC="0.97" CONTENT="och"/>
						</TextLine>
						<TextLine ID="line_27" HPOS="55" VPOS="1184" WIDTH="747" HEIGHT="32">
							<String ID="string_200" HPOS="55" VPOS="1193" WIDTH="143" HEIGHT="23" WC="0.93" CONTENT="litteraturen,"/><SP WIDTH="16" VPOS="1193" HPOS="198"/>
							<String ID="string_201" HPOS="214" VPOS="1190" WIDTH="38" HEIGHT="20" WC="0.96" CONTENT="har"/><SP WIDTH="15" VPOS="1190" HPOS="252"/>
							<String ID="string_202" HPOS="267" VPOS="1189" WIDTH="60" HEIGHT="20" WC="0.93" CONTENT="Hans"/><SP WIDTH="16" VPOS="1189" HPOS="327"/>
							<String ID="string_203" HPOS="343" VPOS="1187" WIDTH="121" HEIGHT="27" WC="0.92" CONTENT="Kejserliga"/><SP WIDTH="14" VPOS="1187" HPOS="464"/>
							<String ID="string_204" HPOS="478" VPOS="1187" WIDTH="101" HEIGHT="26" WC="0.92" CONTENT="Majestät"/><SP WIDTH="15" VPOS="1187" HPOS="579"/>
							<String ID="string_205" HPOS="594" VPOS="1185" WIDTH="49" HEIGHT="21" WC="0.92" CONTENT="lätit"/><SP WIDTH="14" VPOS="1185" HPOS="643"/>
							<String ID="string_206" HPOS="657" VPOS="1185" WIDTH="40" HEIGHT="20" WC="0.96" CONTENT="den"/><SP WIDTH="17" VPOS="1185" HPOS="697"/>
							<String ID="string_207" HPOS="714" VPOS="1185" WIDTH="25" HEIGHT="20" WC="0.96" CONTENT="16"/><SP WIDTH="11" VPOS="1185" HPOS="739"/>
							<String ID="string_208" HPOS="750" VPOS="1184" WIDTH="52" HEIGHT="21" WC="0.96" CONTENT="Juni"/>
						</TextLine>
						<TextLine ID="line_28" HPOS="58" VPOS="1219" WIDTH="744" HEIGHT="31">
							<String ID="string_209" HPOS="58" VPOS="1228" WIDTH="53" HEIGHT="20" WC="0.92" CONTENT="1876"/><SP WIDTH="23" VPOS="1228" HPOS="111"/>
							<String ID="string_210" HPOS="134" VPOS="1225" WIDTH="86" HEIGHT="22" WC="0.91" CONTENT="utfärda"/><SP WIDTH="21" VPOS="1225" HPOS="220"/>
							<String ID="string_211" HPOS="241" VPOS="1222" WIDTH="135" HEIGHT="28" WC="0.92" CONTENT="kungörelse,"/><SP WIDTH="19" VPOS="1222" HPOS="376"/>
							<String ID="string_212" HPOS="395" VPOS="1221" WIDTH="109" HEIGHT="27" WC="0.92" CONTENT="angäende"/><SP WIDTH="15" VPOS="1221" HPOS="504"/>
							<String ID="string_213" HPOS="519" VPOS="1219" WIDTH="121" HEIGHT="22" WC="0.90" CONTENT="inrättande"/><SP WIDTH="15" VPOS="1219" HPOS="640"/>
							<String ID="string_214" HPOS="655" VPOS="1219" WIDTH="23" HEIGHT="20" WC="0.96" CONTENT="af"/><SP WIDTH="14" VPOS="1219" HPOS="678"/>
							<String ID="string_215" HPOS="692" VPOS="1225" WIDTH="25" HEIGHT="14" WC="0.93" CONTENT="en"/><SP WIDTH="15" VPOS="1225" HPOS="717"/>
							<String ID="string_216" HPOS="732" VPOS="1220" WIDTH="70" HEIGHT="18" WC="0.92" CONTENT="extra-"/>
						</TextLine>
						<TextLine ID="line_29" HPOS="57" VPOS="1251" WIDTH="747" HEIGHT="35">
							<String ID="string_217" HPOS="57" VPOS="1260" WIDTH="108" HEIGHT="22" WC="0.92" CONTENT="ordinarie"/><SP WIDTH="22" VPOS="1260" HPOS="165"/>
							<String ID="string_218" HPOS="187" VPOS="1258" WIDTH="121" HEIGHT="28" WC="0.93" CONTENT="profession"/><SP WIDTH="17" VPOS="1258" HPOS="308"/>
							<String ID="string_219" HPOS="325" VPOS="1257" WIDTH="7" HEIGHT="19" WC="0.96" CONTENT="i"/><SP WIDTH="19" VPOS="1257" HPOS="332"/>
							<String ID="string_220" HPOS="351" VPOS="1255" WIDTH="91" HEIGHT="22" WC="0.93" CONTENT="svenska"/><SP WIDTH="18" VPOS="1255" HPOS="442"/>
							<String ID="string_221" HPOS="460" VPOS="1254" WIDTH="88" HEIGHT="26" WC="0.93" CONTENT="spräket"/><SP WIDTH="15" VPOS="1254" HPOS="548"/>
							<String ID="string_222" HPOS="563" VPOS="1254" WIDTH="39" HEIGHT="20" WC="0.93" CONTENT="och"/><SP WIDTH="15" VPOS="1254" HPOS="602"/>
							<String ID="string_223" HPOS="617" VPOS="1253" WIDTH="135" HEIGHT="20" WC="0.90" CONTENT="litteraturen"/><SP WIDTH="15" VPOS="1253" HPOS="752"/>
							<String ID="string_224" HPOS="767" VPOS="1251" WIDTH="37" HEIGHT="21" WC="0.96" CONTENT="vid"/>
						</TextLine>
						<TextLine ID="line_30" HPOS="58" VPOS="1292" WIDTH="250" HEIGHT="24">
							<String ID="string_225" HPOS="58" VPOS="1295" WIDTH="97" HEIGHT="21" WC="0.91" CONTENT="bemälda"/><SP WIDTH="15" VPOS="1295" HPOS="155"/>
							<String ID="string_226" HPOS="170" VPOS="1292" WIDTH="138" HEIGHT="23" WC="0.96" CONTENT="Universitet."/>
						</TextLine>
					</TextBlock>
				</ComposedBlock>
				<ComposedBlock ID="cblock_5" HPOS="129" VPOS="1382" WIDTH="500" HEIGHT="31">
					<TextBlock ID="block_8" HPOS="129" VPOS="1382" WIDTH="500" HEIGHT="31">
						<TextLine ID="line_31" HPOS="129" VPOS="1382" WIDTH="500" HEIGHT="31">
							<String ID="string_227" HPOS="129" VPOS="1390" WIDTH="11" HEIGHT="20" WC="0.95" CONTENT="I"/><SP WIDTH="15" VPOS="1390" HPOS="140"/>
							<String ID="string_228" HPOS="155" VPOS="1388" WIDTH="114" HEIGHT="25" WC="0.95" CONTENT="anledning"/><SP WIDTH="15" VPOS="1388" HPOS="269"/>
							<String ID="string_229" HPOS="284" VPOS="1386" WIDTH="23" HEIGHT="21" WC="0.93" CONTENT="af"/><SP WIDTH="13" VPOS="1386" HPOS="307"/>
							<String ID="string_230" HPOS="320" VPOS="1382" WIDTH="169" HEIGHT="26" WC="0.91" CONTENT="Presteständets"/><SP WIDTH="16" VPOS="1382" HPOS="489"/>
							<String ID="string_231" HPOS="505" VPOS="1383" WIDTH="124" HEIGHT="27" WC="0.93" CONTENT="petitioner:"/>
						</TextLine>
					</TextBlock>
				</ComposedBlock>
				<ComposedBlock ID="cblock_6" HPOS="62" VPOS="1437" WIDTH="744" HEIGHT="71">
					<TextBlock ID="block_9" HPOS="62" VPOS="1437" WIDTH="744" HEIGHT="71">
						<TextLine ID="line_32" HPOS="131" VPOS="1437" WIDTH="675" HEIGHT="34">
							<String ID="string_232" HPOS="131" VPOS="1447" WIDTH="47" HEIGHT="21" WC="0.89" CONTENT="61:0"/><SP WIDTH="16" VPOS="1447" HPOS="178"/>
							<String ID="string_233" HPOS="194" VPOS="1451" WIDTH="34" HEIGHT="15" WC="0.96" CONTENT="om"/><SP WIDTH="16" VPOS="1451" HPOS="228"/>
							<String ID="string_234" HPOS="244" VPOS="1443" WIDTH="116" HEIGHT="28" WC="0.92" CONTENT="lagförslag"/><SP WIDTH="15" VPOS="1443" HPOS="360"/>
							<String ID="string_235" HPOS="375" VPOS="1440" WIDTH="109" HEIGHT="28" WC="0.90" CONTENT="angäende"/><SP WIDTH="15" VPOS="1440" HPOS="484"/>
							<String ID="string_236" HPOS="499" VPOS="1438" WIDTH="149" HEIGHT="28" WC="0.92" CONTENT="upphäfvande"/><SP WIDTH="14" VPOS="1438" HPOS="648"/>
							<String ID="string_237" HPOS="662" VPOS="1437" WIDTH="23" HEIGHT="21" WC="0.96" CONTENT="af"/><SP WIDTH="8" VPOS="1437" HPOS="685"/>
							<String ID="string_238" HPOS="693" VPOS="1438" WIDTH="26" HEIGHT="20" WC="0.96" CONTENT="de"/><SP WIDTH="10" VPOS="1438" HPOS="719"/>
							<String ID="string_239" HPOS="729" VPOS="1442" WIDTH="77" HEIGHT="22" WC="0.96" CONTENT="genom"/>
						</TextLine>
						<TextLine ID="line_33" HPOS="62" VPOS="1471" WIDTH="744" HEIGHT="37">
							<String ID="string_240" HPOS="62" VPOS="1482" WIDTH="60" HEIGHT="23" WC="0.93" CONTENT="10:de"/><SP WIDTH="15" VPOS="1482" HPOS="122"/>
							<String ID="string_241" HPOS="137" VPOS="1480" WIDTH="95" HEIGHT="28" WC="0.93" CONTENT="punkten"/><SP WIDTH="15" VPOS="1480" HPOS="232"/>
							<String ID="string_242" HPOS="247" VPOS="1478" WIDTH="33" HEIGHT="22" WC="0.92" CONTENT="uti"/><SP WIDTH="14" VPOS="1478" HPOS="280"/>
							<String ID="string_243" HPOS="294" VPOS="1477" WIDTH="77" HEIGHT="27" WC="0.91" CONTENT="Kongl."/><SP WIDTH="15" VPOS="1477" HPOS="371"/>
							<String ID="string_244" HPOS="386" VPOS="1475" WIDTH="151" HEIGHT="28" WC="0.91" CONTENT="privilegierna"/><SP WIDTH="15" VPOS="1475" HPOS="537"/>
							<String ID="string_245" HPOS="552" VPOS="1474" WIDTH="41" HEIGHT="20" WC="0.96" CONTENT="den"/><SP WIDTH="16" VPOS="1474" HPOS="593"/>
							<String ID="string_246" HPOS="609" VPOS="1474" WIDTH="25" HEIGHT="20" WC="0.97" CONTENT="16"/><SP WIDTH="11" VPOS="1474" HPOS="634"/>
							<String ID="string_247" HPOS="645" VPOS="1472" WIDTH="95" HEIGHT="22" WC="0.96" CONTENT="Oktober"/><SP WIDTH="12" VPOS="1472" HPOS="740"/>
							<String ID="string_248" HPOS="752" VPOS="1471" WIDTH="54" HEIGHT="23" WC="0.96" CONTENT="1723"/>
						</TextLine>
					</TextBlock>
				</ComposedBlock>
			</PrintSpace>
		</Page>
	</Layout>
</alto>
