1036 1706
469 161 16 21 1.
799 162 24 20 11

105 233 52 15 nare
172 228 57 20 tider
243 228 59 26 gjort
317 229 33 26 sig
366 228 98 27 gällande
480 229 110 27 angående
605 230 152 27 lämpligheten
772 230 24 20 af
803 230 51 20 kur-

105 260 39 22 och
159 261 170 21 vårdanstalters
343 262 35 21 för
393 263 134 27 sinnessjuke
542 263 99 27 förening
656 265 7 20 i
679 270 24 14 en
720 264 39 21 och
773 270 81 14 samma

104 295 125 27 inrättning,
249 295 47 21 icke
315 296 82 21 kunnat
411 296 85 22 besluta
512 298 32 26 sig
559 297 34 21 för
608 298 120 27 beviljande
743 298 24 20 af
780 298 26 20 de
822 298 32 20 uti

103 329 67 27 sagde
185 330 136 26 proposition
337 330 79 22 eskade
431 332 69 20 medel
516 332 32 20 till
564 333 32 19 ett
611 333 56 20 stort
685 332 169 26 centraldårhus,

104 364 64 21 hvars
183 364 104 26 uppgifna
301 364 93 22 kostnad
410 367 61 25 synts
487 366 121 21 Ständerna
623 366 117 27 öfverstiga
754 366 56 21 hvad
821 366 34 22 för

103 398 164 27 ifrågavarande
283 399 99 21 ändamål
397 400 45 21 tills
458 400 72 22 vidare
546 400 71 22 kunde
632 400 115 28 uppoffras,
763 408 48 14 men
822 402 33 20 att

105 432 120 22 Ständerna
241 433 125 27 emellertid,
382 434 138 26 öfvertygade
532 441 34 15 om
577 435 185 27 nödvändigheten
774 435 23 21 af
806 435 49 21 dår-

103 468 92 20 vårdens
211 468 7 20 i
237 468 74 21 landet
333 469 171 26 reorganisation
526 470 39 20 och
588 471 33 19 att
644 470 37 20 det
698 470 7 21 i
725 469 77 21 sådant
824 469 30 22 af-

105 502 78 21 seende
198 502 137 27 lämpligaste
350 505 78 24 system
444 510 52 14 vore
510 504 134 21 inrättandet
658 504 24 20 af
694 504 72 21 lokala
776 504 78 21 kuran-

105 536 76 22 stalter
196 536 34 21 för
245 536 66 22 akuta
327 537 197 27 sinnessjukdomar
540 539 55 20 samt
611 538 70 21 skilda
696 538 158 22 vårdanstalter

104 571 53 21 eller
173 571 70 26 asyler
259 571 33 21 för
307 571 96 27 obotliga
418 572 70 26 dårar,
503 572 88 27 beviljat
602 578 25 14 en
638 578 82 15 summa
731 572 23 20 af
763 573 91 25 400,000

105 605 67 27 mark,
188 605 81 26 hvaraf,
286 606 66 20 sedan
368 612 25 14 en
407 606 28 26 på
451 606 66 26 sagde
532 608 80 25 system
628 607 97 25 grundad
736 606 118 27 detaljerad

105 640 50 26 plan
177 639 71 21 blifvit
263 640 24 21 af
301 646 25 15 en
342 640 79 21 komité
436 641 113 26 uppgjord,
566 647 26 15 en
608 640 33 20 del
657 640 67 22 borde
746 641 108 21 användas

105 674 34 21 för
161 674 122 22 inrättande
301 674 113 22 efterhand
432 675 23 21 af
468 675 147 21 kuranstalter
631 675 35 20 vid
681 675 173 27 länesjukhusen,

104 709 189 27 hufvudsakligast
315 710 34 20 för
371 710 79 20 vården
470 710 23 20 af
511 710 65 21 akuta
591 710 45 25 fall,
652 710 39 20 och
706 710 41 21 den
763 709 91 21 äterstä-

105 744 55 20 ende
175 744 61 20 delen
252 744 71 20 anslås
339 744 33 20 till
387 744 133 26 uppförande
534 744 28 26 på
577 744 103 26 lämpliga
695 744 82 26 platser
792 744 23 20 af
829 750 25 14 en

106 778 52 21 eller
177 778 52 21 flera
247 778 159 21 vårdanstalter
422 779 51 21 eller
489 778 70 27 asyler
574 778 34 21 för
623 784 102 21 personer
740 778 114 21 behäftade

105 812 49 21 med
170 812 88 21 kronisk
274 812 179 27 sinnessjukdom,
462 813 72 21 hvilka
549 812 71 27 asyler
635 812 66 21 borde
716 813 91 20 inrättas
824 812 30 25 så,

105 848 34 20 att
162 847 113 26 desamma,
296 847 54 21 efter
365 847 70 26 behof,
452 848 70 20 kunde
537 847 115 21 framdeles
668 846 114 22 förstoras:
799 848 57 19 samt

107 883 32 19 att
162 881 125 26 Ständerna,
309 882 65 26 jemte
398 881 35 21 det
456 882 26 20 de
504 881 48 21 med
575 881 130 26 ofvansagde
724 881 81 26 anslag,
822 880 33 21 för

105 916 82 21 hvilket
203 916 137 26 redovisning
356 916 22 20 af
392 916 48 20 dem
455 916 141 25 förbehällits,
613 915 65 21 afsett
693 915 77 21 endast
780 914 76 28 sjelfva

106 951 121 27 byggnads-
249 950 40 22 och
312 950 270 26 inredningskostnaderna
603 956 49 14 men
670 950 46 20 icke
739 949 67 27 några
821 950 34 20 ut-

105 985 67 27 gifter
186 985 34 21 för
235 985 80 21 vården
331 986 38 20 och
385 985 139 27 underhållet,
541 984 78 26 hvilka,
636 985 6 20 i
658 984 68 21 likhet
740 984 50 21 med
799 984 57 20 hvad

107 1020 61 22 fallet
182 1026 51 15 vore
247 1020 36 21 vid
299 1020 42 20 alla
356 1020 96 27 sjukhus,
468 1020 73 26 borde,
557 1019 33 21 till
606 1019 43 21 den
664 1018 34 22 del
714 1018 26 21 de
755 1018 47 21 icke
820 1018 36 21 be-

106 1054 83 22 täcktes
213 1055 23 20 af
257 1054 237 27 sjuksängsafgifterna,
517 1055 23 20 af
557 1054 107 20 allmänna
680 1053 125 21 statsmedel
820 1052 36 21 be-

107 1089 85 26 stridas,
209 1091 103 20 emotsett
330 1091 31 18 att
378 1089 34 21 vid
427 1095 26 15 en
469 1088 126 22 kommande
611 1088 101 25 landtdag
727 1087 65 26 nådig
807 1092 49 21 pro-

106 1124 95 27 position
224 1123 106 22 förelades
352 1124 92 20 rörande
467 1123 40 21 den
526 1123 123 26 bevillning,
670 1128 44 15 som
730 1121 84 21 utöfver
831 1121 26 21 de

107 1159 92 21 sälunda
220 1159 104 26 anslagna
345 1159 84 20 medlen
451 1158 143 27 tilläfventyrs
614 1157 71 20 kunde
701 1156 108 22 erfordras
824 1155 34 22 för

108 1195 32 20 ett
161 1193 138 26 fullständigt
320 1192 167 26 genomförande
506 1192 23 21 af
543 1191 131 22 därvärdens
689 1191 7 20 i
711 1190 74 21 landet
799 1196 59 15 reor-

107 1227 128 27 ganisation.

180 1261 76 26 Sedan,
275 1261 8 20 i
298 1260 54 27 följd
366 1260 67 26 häraf,
450 1259 155 22 ofvanberörde
621 1260 91 25 400,000
727 1258 63 22 mark
804 1265 54 20 upp-

108 1297 66 26 tagits
190 1296 32 20 uti
238 1296 79 26 nädiga
331 1295 144 26 kungörelsen
485 1294 24 21 af
517 1295 41 20 den
568 1295 28 20 24
606 1293 104 21 Februari
721 1293 53 21 1873
785 1292 74 21 ibland

106 1331 29 20 de
150 1331 81 24 anslag,
248 1336 45 14 som
309 1330 24 19 af
346 1329 121 20 Ständerna
481 1329 100 25 beviljats
597 1328 33 20 för
646 1328 109 25 ätskilliga
770 1327 90 20 allmänt

108 1364 84 27 nyttiga
214 1363 106 26 ändamål,
344 1364 56 19 samt
422 1369 26 14 en
471 1362 79 21 komit6
570 1361 24 21 af
608 1361 132 26 sakkunnige
756 1366 103 20 personer

107 1398 72 21 blifvit
194 1398 7 21 i
218 1397 35 21 det
269 1397 23 21 af
307 1396 119 21 Ständerna
448 1395 90 21 afsedda
556 1394 100 28 syftemäl
671 1394 87 21 nedsatt
772 1393 41 21 och
827 1393 33 21 fö-

108 1433 89 26 reslagit
212 1431 123 22 inrättande
350 1431 24 21 af
387 1430 152 21 kombinerade
554 1429 50 22 kur-
620 1429 41 21 och
675 1428 159 22 värdanstalter
847 1427 13 22 ä

108 1467 79 27 landet,
204 1467 32 21 uti
250 1466 74 21 hvilka
339 1465 96 26 obotliga
450 1465 65 20 därar
529 1464 85 21 komme
630 1465 33 20 att
676 1463 78 21 värdas
770 1462 90 21 tillsam-

107 1508 61 15 mans
184 1502 49 21 med
248 1499 219 30 andra”sinnessjuke
484 1499 39 21 och
538 1498 68 21 delvis
622 1497 69 22 hållas
706 1497 8 22 i
729 1503 132 21 gemensam-
