1048 1709
482 151 26 18 U.
526 152 27 17 B.
568 160 28 4 —
612 150 69 18 XIX.

430 421 304 22 Reservationer:

278 477 188 27 Undertecknade,
483 484 45 15 som
551 478 48 21 icke
621 477 7 21 i
648 477 43 22 alla
706 477 60 22 delar
780 477 74 22 kunna
869 478 88 21 ansluta

198 510 45 30 sig
258 512 34 21 till
309 511 126 22 Utskottets
451 512 57 27 äsigt
527 512 7 21 i
549 511 150 28 föreliggande
714 511 68 28 fråga,
797 517 52 16 anse
864 512 7 21 i
886 511 71 22 likhet

200 542 2 22 *
210 546 48 21 med
274 545 200 28 Bankfullmäktige
495 547 37 20 det
551 552 52 15 vara
617 545 123 28 betänkligt
754 547 34 20 att
801 546 8 21 i
824 547 33 20 ett
872 545 24 22 så
911 546 45 27 vig-

210 581 43 26 tigt
268 582 96 19 moment
378 586 46 15 som
441 581 35 21 det
492 580 134 22 närvarande
641 580 102 27 försvaga
760 580 91 27 banken,
868 580 24 22 så
899 587 57 21 myc-

210 614 38 21 ket
263 620 59 15 mera
337 620 46 15 som
398 615 55 20 efter
469 615 41 20 den
526 615 69 21 under
609 615 102 21 sednaste
718 615 76 26 period
802 614 155 28 försiggångna

211 649 87 26 hastiga
313 648 40 21 och
369 648 78 21 delvist
462 648 28 27 på
510 649 74 21 kredit
598 649 105 21 baserade
719 649 123 26 utveckling
858 649 23 21 af
894 649 63 21 indu-

211 683 40 21 stri
267 683 39 21 och
322 682 79 21 handel
424 683 65 26 högst
504 683 110 21 sannolikt
633 689 26 15 en
674 683 99 21 reaktion
788 683 63 21 äfven
866 683 39 21 hos
921 689 35 16 oss

212 718 60 20 snart
294 717 96 21 kommer
410 718 32 20 att
457 717 87 22 inträda
558 717 39 22 och
613 717 47 22 icke
676 717 61 22 torde
754 717 74 27 aflöpa
841 719 53 20 utan
910 718 47 21 svå-

211 757 48 16 rare
275 751 141 22 ekonomiska
430 752 140 27 rubbningar.

280 786 128 21 Emellertid
417 793 63 20 synes
489 793 35 15 oss
534 787 41 21 den
584 786 130 27 erfarenhet,
726 793 44 15 som
783 787 83 21 kunnat
880 786 77 23 vinnas

212 820 67 21 sedan
298 820 206 27 Bankreglementet
519 821 60 21 trädt
593 821 7 21 i
616 821 65 26 kraft,
697 827 52 15 vara
763 821 34 21 för
812 821 49 21 kort
876 821 34 22 för
926 822 33 21 att

212 854 105 22 motivera
333 856 31 20 ett
379 855 85 22 ökande
480 855 23 22 af
516 855 102 22 Bankens
633 856 153 27 grundkapital
802 856 48 21 med
861 856 42 21 fem
910 856 48 21 mil-

204 889 77 28 lioner
303 889 68 22 mark.
401 889 50 22 Med
473 890 101 21 afseende
598 890 53 21 härå
673 890 71 21 tillåta
761 891 22 20 vi
798 897 35 15 oss
848 891 111 21 vördsamt

213 924 89 21 föreslå:

280 960 31 19 att
327 957 28 28 af
367 957 97 22 Bankens
480 958 168 29 vinstöfverskott
663 961 30 18 tre
708 958 106 21 millioner
828 958 60 21 mark
896 959 63 21 måtte

282 991 78 22 lemnas
375 993 9 20 i
399 991 78 22 banken
493 993 173 20 innestående
629 987 39 39 till
672 993 168 21 nästkommande
848 993 111 28 landtdag.

214 1055 138 28 Helsingfors
368 1055 41 21 den
425 1056 27 20 16
467 1055 62 26 April
544 1055 62 21 1877.

287 1113 125 22 Wilhelm
427 1114 156 30 Hackman.
666 1113 27 22 J.
709 1113 31 21 A.
755 1113 137 27 Lindelöf.

281 1148 32 21 N.
329 1148 32 21 A,
379 1147 130 22 Gadolin.
633 1147 125 21 Theodor
772 1148 119 21 Aschan.

282 1247 59 20 Enär
355 1247 33 20 uti
403 1247 101 20 Bankens
519 1247 89 20 bokslut
623 1247 33 20 för
672 1247 40 20 den
728 1247 26 20 31
770 1246 119 21 December
904 1246 55 20 1876

214 1281 70 21 finnes
299 1280 71 22 säsom
384 1280 93 27 tillgäng
491 1281 84 26 intaget
590 1280 210 27 kopparskiljemynt
814 1280 35 21 till
856 1279 105 22 nominelt

215 1314 66 22 värde
304 1314 88 27 194,851
419 1313 61 22 mark
503 1315 26 20 43
555 1314 71 27 penni,
649 1319 48 16 men
713 1313 78 22 sädant
806 1313 48 22 icke
868 1313 93 22 allenast

216 1350 80 21 strider
312 1351 57 20 emot
384 1349 24 28 $$
424 1349 13 21 7
453 1349 40 21 och
508 1349 40 21 107
564 1349 7 21 i
586 1349 101 27 gällande
702 1349 191 26 bankreglemente
908 1351 53 19 utan

216 1384 63 22 äfven
294 1384 7 21 i
317 1384 40 21 och
371 1383 35 22 för
421 1383 33 27 sig
469 1386 24 19 är
507 1383 173 28 principvidrigt,
695 1383 47 27 ithy
757 1384 33 21 att
804 1383 70 28 dylikt
888 1383 73 27 skilje-

216 1420 66 27 mynt,
297 1419 50 22 med
362 1419 49 21 dess
426 1419 8 21 i
456 1418 136 22 förhällande
606 1418 35 22 till
656 1418 86 22 valören
759 1417 63 28 ringa
838 1417 123 23 metallvär-

217 1455 33 26 de,
266 1454 122 28 egentligen
411 1454 39 21 bör
472 1459 63 16 anses
559 1453 57 21 blott
638 1453 70 22 säsom
723 1453 77 21 tecken
814 1453 34 21 för
864 1452 61 22 delar
940 1452 23 22 af

216 1490 41 21 den
272 1488 99 28 verkliga
385 1488 161 28 myntenheten,
561 1487 171 27 silfvermarken,
752 1488 91 21 likasom
859 1487 100 22 sedlarne

283 1536 142 18 Bankutskottets
437 1534 112 19 Betänkande
562 1534 34 18 N:o
610 1534 17 21 1,
