3534 4594
326 356 222 26 Bankutskottets
566 358 96 32 förslag
680 359 43 24 till
741 360 249 32 sammanjemkning
1008 360 28 24 af
1052 361 32 23 de
1102 360 154 32 skiljaktiga
1273 361 94 29 beslut,
1389 360 77 25 hvari
1484 360 114 25 Stånden
1616 362 106 24 stannat
1739 362 42 47 vid
1774 412 2 4 I
1793 358 196 62 "behandlingen
2007 362 28 24 af
2046 362 223 25 Bankutskottets
2287 362 188 25 betänkanden
2494 371 39 17 n:o
2547 361 17 27 4
2577 356 131 39 angåehde
2721 362 95 34 förslag
2829 362 42 27 till
2883 341 174 56 förändringar
3075 366 4 6 i
3073 374 8 16 i
3094 363 247 35 bankreglementet

347 409 8 16 i
374 402 141 32 anledning
533 404 29 24 af
578 405 81 24 väckt
677 406 97 30 förslag
792 413 42 17 om
852 406 180 31 utsträckning
1050 406 29 24 af
1094 406 122 25 Finlands
1234 407 84 24 banks
1337 406 199 25 sedelemission.

190 456 796 15 ———O—O—

190 400 48 24 och
256 408 40 17 n:o
314 402 14 24 7
347 402 8 23 i

936 81 8 13 kä

1774 314 67 45 UB.
1857 314 69 23 XIX.

223 482 139 16 Bankutskottets

205 504 105 16 betänkande
323 510 26 11 n:o
361 506 15 15 4.

547 498 123 20 Ridderskapet
682 498 32 16 och
726 498 59 16 Adeln.

1144 498 132 18 Presteständet.

1684 499 143 23 Borgarestindet.

2219 500 131 18 Bondeständet.

2776 505 140 16 Bankutskottets
2927 506 161 20 jemkningsförslag.

266 573 12 27 8
292 558 22 46 6.

252 1682 11 26 S
282 1682 46 21 113.

248 2387 10 27 8
276 2388 47 21 129.

264 2615 104 23 Finlands

196 2648 67 24 banks
279 2653 49 19 stat.

208 3917 115 27 Ingressen
343 3917 7 21 i

179 3951 146 22 betänkandet
338 3952 13 20 &

178 3986 40 20 sid.
236 3986 32 21 15.

391 603 1 3 |
465 576 47 22 Den
528 577 24 21 af
566 577 110 22 Utskottet
691 578 7 20 i
714 578 146 22 betänkandet
869 584 31 16 n:o
911 579 13 21 4

392 632 1 9 |
409 610 124 27 föreslagna
549 612 91 26 ändring
656 612 22 20 af
690 612 10 27 &
712 612 13 21 6
736 612 131 28 godkändes,
878 619 45 15 men

407 644 147 22 betänkandet
570 646 198 22 äterremitterades
783 647 7 21 i
806 647 71 22 denna
891 648 33 20 del
938 647 1 28 |

408 678 33 22 till
461 678 112 23 Utskottet
594 680 35 21 för
648 680 114 22 införande
780 681 7 21 i
808 681 33 27 &n
860 681 22 22 af
895 678 44 25 ett
929 674 14 38 |

408 713 77 27 tillägg
503 714 7 20 i
534 714 38 21 det
586 714 56 28 syfte
657 714 32 22 Hr
704 715 151 27 Björkenheim
860 709 13 37 i
892 717 32 20 sin
938 724 1 10 !

408 748 134 21 reservation
558 749 33 21 till
603 749 178 22 Bankutskottets
792 750 132 22 betänkande
938 765 1 10 |

408 787 34 15 n:o
460 782 11 21 7
488 782 120 28 föreslagit.
938 778 1 3 |

466 908 124 22 Utskottets
615 909 135 21 betänkande
775 905 163 27 underkändes
926 901 14 39 |

409 942 39 20 och
472 943 41 21 den
536 943 24 21 af
581 944 197 27 Bankfullmäktige
804 944 120 28 föreslagna

408 976 92 28 ändring
514 977 7 21 i
537 978 33 27 8:n
588 979 82 26 antogs.

466 1239 48 21 Den
534 1239 24 21 af
574 1239 112 23 Utskottet
706 1241 124 27 föreslagna
845 1236 93 33 lydelse
930 1232 11 41 |

408 1273 132 27 godkändes,
558 1274 54 21 dock
627 1275 48 21 med
692 1276 41 20 den
746 1276 90 27 ändring
848 1278 31 20 att
888 1284 35 14 an-

408 1307 56 21 talet
479 1314 67 20 yngre
562 1308 125 22 bokhållare
704 1310 121 22 bestämdes
842 1311 31 21 till
885 1313 37 20 tre.

406 1716 112 22 Utskottet
533 1718 33 21 för
581 1718 130 27 vidtagande
727 1720 24 20 af
760 1720 65 20 sådan
834 1720 88 26 ändring

407 1752 33 20 att
462 1752 214 23 Bankkommissarie
699 1754 84 21 komme
806 1756 32 19 att
861 1756 19 19 stå
915 1760 7 14 i

407 1786 43 21 lika
475 1787 139 27 ansvarighet
641 1788 34 21 för
700 1789 54 21 brist
780 1789 8 21 i
814 1779 108 41 kontorets

406 1820 64 34 kassa
494 1827 45 15 som
563 1822 96 21 ledamot
678 1823 7 21 i
700 1823 180 21 Bankdirektionen
915 1823 6 20 i

406 1848 112 29 enahanda
534 1856 102 22 afseende
652 1859 25 19 är
692 1858 151 21 underkastad.

464 1683 66 21 Mom.
549 1684 13 20 8
582 1684 23 21 af
623 1684 33 28 8:n
679 1685 196 21 äterremitterades
882 1685 39 98 ja

878 1726 5 14 r

459 2384 123 32 Utskottets
598 2385 136 22 betänkande
750 2386 129 26 godkändes:
901 2400 2 16 |:

458 2612 129 23 Godkändes
607 2614 69 26 enligt
691 2614 123 22 Utskottets
829 2606 85 45 förslag,

398 2650 60 18 utom
477 2648 56 20 hvad
553 2648 67 26 angär
639 2649 163 21 nedannämnde
826 2646 89 41 embets-

400 2681 39 21 och
454 2682 141 26 tjenstemäns
610 2683 127 27 lönevilkor,
753 2683 72 22 hvilka
840 2675 75 30 ändrä-

399 2716 37 21 des
452 2716 28 26 pä
494 2716 95 27 följande
605 2719 53 19 sätt:
898 2726 2 18 i

898 2746 2 9 |

727 2757 35 18 För
774 2763 27 12 en.
826 2758 36 17 För
874 2758 40 28 alla.

398 2785 8 21 1
428 2784 134 23 Ordförande

454 2820 78 22 lön.
709 2838 5 4 .
730 2822 70 26 9,000.
898 2843 2 8 |

454 2847 134 39 hyresmedel
710 2872 4 5 .
730 2856 70 26 3,000.
898 2853 2 35 |

379 2900 2 7 |
454 2883 179 37 taffelpenningar
708 2906 4 5 «
729 2891 69 25 3,000.
838 2889 75 27 —.15,000

396 2923 12 21 2
424 2922 128 23 Direktörer

424 2956 37 22 lön
600 2974 4 6 +
622 2958 70 26 7,000.

423 2990 136 29 hyresmedel
600 3009 5 5 =.
621 2993 71 27 2,500.

900 2988 1 27 |

424 3026 180 34 taffelpenningar
624 3028 72 26 2,500.
713 3028 84 22 12.000.
829 3029 83 25 24,000;

398 3062 7 19 1
425 3061 143 19 Ofverkassör

451 3093 35 21 lön
707 3110 4 6 .
728 3094 70 27 6,000.

451 3128 127 27 hyresmedel
589 3128 11 21 .
705 3145 4 5 .
725 3129 71 25 2,000.
842 3129 68 25 —.8,000.

395 3162 10 20 1
423 3161 77 22 Förste
515 3162 78 22 kassör

424 3196 35 21 lön
490 3213 4 5 «
525 3213 5 5 ww
562 3214 5 4 +
598 3214 6 5 x
634 3214 6 5 %
707 3214 5 5 .
727 3198 71 27 4,600.

423 3230 279 29 missräkningspenningar
730 3232 70 26 2,400.
842 3232 68 26 7,000.

392 3264 14 21 3
420 3264 73 28 Yngre
508 3266 128 22 bokhällare
670 3254 15 44 =
702 3261 208 5 75770007

449 3300 37 21 lön
523 3316 5 6 .
595 3317 5 5 .
617 3301 71 27 2,400.

449 3334 155 28 hyresmedel.
641 3336 49 21 600.
720 3334 75 28 3.000.
840 3336 69 26 9,000.

456 3398 94 23 Bankens
566 3398 72 24 kontor
654 3399 6 22 i

392 3437 11 21 1
419 3437 213 24 Bankkommissarie

676 3399 30 23 S:t
722 3399 128 28 Petersburg.

447 3472 36 23 lön
558 3490 5 10 ,
594 3490 5 6 .
631 3490 5 6 0.
703 3491 5 5 .
726 3474 70 27 7,000.

414 3503 184 36 taffelpenningar
704 3525 4 5 .
725 3509 71 26 3,000.

445 3541 137 28 hyresmedel
700 3560 5 5 .
721 3544 71 26 2,000.
825 3544 82 26 12,000.

444 3604 30 22 Af
488 3606 26 21 de
530 3606 36 21 vid
583 3606 179 28 aflöningsstaten
778 3607 78 25 fogade
872 3613 36 15 an-
921 3598 1 7 |

386 3640 139 27 märkningar
544 3641 94 21 uteslöts
659 3648 55 15 anm.
736 3643 11 20 1
770 3641 38 21 och
824 3648 54 14 anm.
896 3642 10 21 7

386 3674 200 23 äterremitterades
603 3676 35 21 för
653 3676 113 21 införande
782 3676 46 21 deri
844 3676 24 21 af
877 3677 31 20 ett

386 3708 76 28 tillägg
481 3709 7 21 i
508 3710 38 20 det
564 3710 57 27 syfte
637 3712 33 20 att
686 3711 40 21 den
742 3710 100 22 beslutna
857 3711 50 21 ned-

386 3743 122 27 sättningen
527 3744 7 21 i
552 3744 124 28 aflöningen
692 3745 34 21 för
741 3744 77 22 Förste
833 3744 73 22 kassö-

386 3784 38 15 ren
446 3778 47 22 icke
516 3778 89 22 komme
628 3781 34 20 att
683 3780 117 26 tillämpas,
819 3779 87 27 sälänge

386 3812 123 22 nuvarande
529 3813 159 23 innehafvaren
704 3814 99 27 gvarstär
817 3814 8 21 i
840 3814 66 26 sagda

384 3846 126 28 befattning.

438 3915 70 22 Borde
530 3917 100 27 undergå
646 3918 43 21 den
705 3918 97 26 ändring,
818 3917 86 21 hvartill

381 3950 101 22 Ständets
500 3951 8 20 i
531 3952 93 21 ärendet
644 3952 84 22 fattade
743 3948 77 25 beslut
834 3952 70 20 föran-
910 3944 14 40 |
934 3953 12 19 ä

380 3984 70 22 ledde.

937 1020 2 3 |
955 1014 135 21 direktionen
1106 1014 61 26 äläge
1183 1015 31 19 att
1229 1014 109 21 fastställa
1348 1014 78 21 kurser
1436 1013 34 21 för

938 1044 1 24 |
953 1048 65 27 inköp
1034 1048 39 21 och
1088 1047 128 27 försäljning
1226 1048 24 21 af
1258 1048 65 26 ryska
1334 1048 38 21 och
1383 1048 86 21 utländ-

938 1197 1 10 |
954 1185 65 21 lande
1034 1185 34 21 för
1084 1186 41 21 den
1140 1186 38 25 tid,
1194 1186 26 21 de
1236 1187 37 19 äro
1290 1185 122 27 anslagna*.

937 3641 139 27 märkningar
1092 3640 90 22 uteslöts
1198 3645 57 15 anm.
1267 3638 17 27 I,
1297 3639 114 22 hvaremot
1422 3639 30 21 öf-

938 3676 46 26 riga
1014 3675 166 27 anmärkningar
1205 3675 52 20 utan
1283 3674 91 27 ändring

935 3710 88 22 kändes.

935 3986 67 21 mätto
1017 3984 82 22 fattade
1115 3984 72 22 beslut
1201 3984 63 28 gäfvo
1279 3984 123 28 anledning.

1011 578 129 22 Godkändes
1158 579 67 27 enligt
1240 579 122 22 Utskottets
1379 580 89 26 förslag.
1484 599 1 4 |

1011 904 203 27 Äterremitterades
1236 911 34 20 till
1289 910 113 22 Utskottet
1420 911 48 21 med

953 944 106 21 anmodan
1075 945 31 20 att
1117 944 67 22 första
1194 951 62 15 mom.
1269 944 23 22 af
1302 945 66 27 sagda
1379 945 11 27 $
1402 945 67 21 måtte

954 978 164 22 omformuleras
1141 979 7 21 i
1168 979 76 21 sädant
1263 979 55 27 syfte
1337 980 31 20 att
1387 980 82 26 ,Bank-

954 1082 38 21 ska
1015 1082 79 26 vexlar,
1119 1082 109 22 äfvensom
1252 1084 32 20 att
1306 1082 64 22 dessa
1392 1082 78 21 kurser

953 1116 68 22 borde
1036 1116 70 22 hållas
1122 1117 104 27 anslagna
1238 1117 12 21 å
1261 1117 102 26 lämpliga
1374 1116 79 21 ställen
1463 1116 7 21 i

954 1150 84 22 banken
1060 1151 39 21 och
1118 1151 50 21 dess
1186 1151 78 21 kontor
1282 1152 56 20 samt
1357 1157 52 15 vara
1424 1150 46 27 gäl-

1012 1242 122 22 Utskottets
1154 1242 80 27 förslag
1254 1242 33 21 till
1307 1242 117 21 förändrad
1440 1241 30 27 ly-

953 1277 59 21 delse
1028 1279 76 25 antogs
1122 1278 48 20 med
1186 1278 40 20 den
1242 1277 97 26 ändring,
1355 1278 32 19 att
1403 1276 67 20 orden

954 1311 41 26 »på
1014 1312 59 20 extra
1088 1313 53 20 stat"
1163 1312 6 20 i
1186 1312 66 21 slutet
1268 1311 23 21 af
1305 1311 68 21 första
1388 1310 82 22 menin-

953 1352 41 20 gen
1018 1346 34 21 för
1076 1346 117 27 tydlighets
1216 1346 56 20 skull
1292 1346 67 20 borde
1379 1345 92 21 sålunda

954 1381 116 26 omkastas,
1082 1382 31 19 att
1124 1381 110 21 desamma
1244 1380 71 21 blefve
1327 1380 71 21 stälda
1405 1379 65 21 fram-

952 1415 33 21 för
1012 1416 26 20 de
1062 1416 97 20 närmast
1175 1415 129 26 föregående
1331 1414 66 21 orden
1424 1414 46 25 två

953 1449 135 27 kanslister*,
1108 1451 56 19 samt
1184 1451 31 19 att
1234 1449 7 21 i
1260 1449 38 21 det
1315 1448 69 21 finska
1400 1454 70 15 exem-

952 1484 70 27 plaret
1050 1484 155 26 benämningen
1231 1482 182 26 ,vekselikassöri*
1438 1483 32 19 ut-

952 1519 70 27 byttes
1038 1520 45 19 mot
1100 1517 182 27 ,vaihtokassöri*.

1011 1686 129 21 Godkändes
1164 1686 67 26 enligt
1253 1685 123 21 Utskottets
1394 1685 75 21 betän-

952 1722 76 21 kande.

1004 2386 210 28 Pankfullmäktiges
1230 2386 172 28 tilläggsförslag
1413 2386 7 22 i
1431 2386 33 28 8:n

947 2423 83 25 antogs.

1004 2615 84 27 Antogs
1104 2616 67 26 enligt
1186 2615 122 21 Utskottets
1323 2616 81 27 förslag
1415 2617 47 20 med

945 2650 116 26 ändringar
1077 2650 6 20 i
1099 2650 164 21 nedanberörda
1278 2650 126 22 afseenden:

1273 2689 35 17 För
1321 2695 27 12 en.
1372 2690 36 18 För
1421 2690 41 18 alla.

946 2720 8 20 1
976 2718 135 22 Ordförande

1002 2753 36 21 lön
1256 2770 5 4 .
1277 2754 70 25 9,000.

1001 2788 134 27 hyresmedel
1255 2804 5 4 «
1276 2788 70 26 3,000.

1000 2818 179 34 taffelpenningar
1258 2839 4 4 .
1278 2823 72 25 3,000.
1377 2823 83 26 15,000.

945 2857 13 21 2
973 2856 127 22 Direktörer

971 2891 36 21 lön
1145 2907 5 5 .
1166 2891 70 26 8,000.

972 2925 136 27 hyresmedel
1146 2941 4 5 =.
1167 2925 71 26 2,500.

970 2960 178 27 taffelpenningar
1169 2960 69 26 1,500.
1260 2960 84 26 12,000.
1374 2960 85 26 24,000.

994 3606 30 21 Af
1038 3606 26 21 de
1079 3605 36 22 vid
1130 3604 177 27 aflöningsstaten
1322 3604 79 27 fogade
1416 3611 37 15 an-

1401 3674 51 27 g0d-

993 3910 203 27 Äterremitterades
1216 3915 34 21 för
1264 3916 32 20 att
1311 3915 97 27 undergå
1424 3915 26 22 de

948 3951 107 27 ndringar,
1071 3950 87 22 hvartill
1174 3950 100 22 Ständets
1290 3950 8 21 i
1312 3949 138 23 förestäende

366 4106 69 22 Bilaga
447 4106 27 17 till
486 4107 144 19 Bankutskottets
640 4108 104 20 betänkande
756 4118 30 12 n:o
798 4108 16 22 4,

1561 578 131 23 Godkändes
1710 580 67 27 enligt
1790 580 125 22 Utskottets
1931 580 82 27 förslag

1560 910 122 21 Utskottets
1698 910 132 22 betänkande
1845 911 132 26 godkändes.

1560 1239 130 23 Godkändes
1712 1240 66 27 enligt
1799 1240 121 33 Utskottets
1940 1241 74 21 betän-

1501 1274 77 22 kande.

1483 1683 2 18 |
1560 1683 128 22 Godkändes
1699 1678 47 28 med
1758 1669 39 37 den
1809 1684 22 21 af
1838 1684 111 21 Utskottet
1957 1684 57 21 före-

1499 1718 77 26 slagna
1592 1718 88 27 lydelse.
1772 1721 2 17 ä

1554 2384 122 21 Utskottets
1686 2382 134 23 betänkande
1828 2384 135 22 förkastades
1973 2384 39 22 och

1495 2418 33 21 Hr
1547 2418 25 22 A.
1593 2418 33 22 W.
1647 2412 136 36 Lagerborgs
1797 2419 72 21 dertill
1885 2418 77 28 fogade
1978 2425 33 15 re-

1496 2453 110 21 servation
1622 2453 131 26 godkändes.

1552 2618 123 21 Utskottets
1691 2618 81 27 förslag
1787 2620 75 28 jantogs
1878 2620 58 20 utom
1952 2620 6 20 i
1973 2626 37 15 ne-

1494 2652 136 22 dannämnda
1640 2653 65 27 delar,
1714 2653 70 30 hvilka
1793 2653 106 21 ändrades
1909 2654 100 21 sålunda:

1783 2699 4 17 |
1817 2692 35 18 För
1865 2698 27 12 en.
1916 2692 37 18 För
1967 2694 41 17 alla.

1495 2722 11 20 1
1525 2720 136 23 Ordförande
1783 2718 8 5 i

1551 2756 36 20 lön
1697 2772 5 5 :
1802 2772 5 5 .
1823 2756 70 27 9,000.

1552 2790 135 27 hyresmedel
1696 2805 9 7 ..
1790 2795 15 21 '.
1821 2790 70 27 3,000.

1550 2814 178 36 taffelpenningar
1785 2835 19 12 i.
1820 2820 69 25 3,000.
1921 2820 84 26 15,000.

1492 2853 13 21 2
1521 2853 128 22 Direktörer
1788 2863 1 17 i

1521 2887 36 21 lön
1696 2904 4 5 .
1716 2888 74 26 8,000.

1521 2921 136 27 hyresmedel
1694 2938 5 5 =.
1715 2912 75 41 2,500.

1522 2956 180 28 taffelpenningar
1717 2957 68 25 1,500.
1803 2958 84 25 12,000.
1917 2958 86 25 24,000.

1556 3008 94 23 Bankens
1666 3008 72 24 kontor
1754 3009 4 22 i
1775 3009 26 24 $:t
1816 3008 129 30 Petersburg.

1492 3050 10 18 1
1521 3049 209 21 Bankkommissarie

1548 3081 36 21 lön
1694 3099 4 5 4
1799 3100 4 4 .
1819 3084 70 26 7,000.

1546 3095 187 53 taffelpenningar
1798 3134 5 4 .
1818 3118 71 26 3,000.

1546 3150 127 27 hyresmedel
1684 3151 13 21 .
1781 3166 20 7 1.
1816 3152 71 26 2,000,
1916 3153 86 25 12,000.

1783 3212 4 22 i

1542 3607 34 21 De
1599 3607 56 21 efter
1677 3608 70 21 staten
1766 3608 76 27 fogade
1861 3609 137 21 anmärknin-

1483 3648 69 20 garna
1569 3643 91 25 antogos
1675 3642 92 22 förutom
1783 3648 53 16 anm.
1853 3643 16 27 I,
1883 3649 45 15 som
1939 3644 59 21 bort-

1483 3676 118 22 lemnades.

1542 3916 124 23 Utskottets
1692 3918 81 27 förslag
1795 3918 124 27 :godkändes
1942 3918 54 21 dock

1481 3951 51 21 med
1551 3951 26 21 de
1596 3951 157 29 förändringar,
1773 3959 44 15 som
1831 3952 128 28 betingades
1974 3952 23 22 af

1482 3985 102 22 Ständets
1603 3986 8 21 i
1630 3986 136 23 förestäende
1785 3983 65 50 mätto
1867 3987 82 22 fattade
1959 3987 36 21 be-

1480 4019 51 22 slut.

2101 582 47 21 Den
2176 582 23 21 af
2219 582 113 21 Utskottet
2354 582 7 21 i
2384 582 146 22 betänkandet

2044 622 34 14 n:o
2093 616 14 21 4
2123 616 124 27 föreslagna
2263 616 131 22 förändrade
2409 617 83 27 lydelse
2508 617 23 21 af

2045 650 11 27 8
2076 650 13 21 6
2109 652 82 25 antogs,
2207 657 49 15 men
2272 650 71 22 tillika
2359 651 71 21 beslöt
2445 651 84 21 Bonde-

2044 684 87 22 ståndet
2146 686 31 20 att
2191 685 33 21 till
2242 685 33 27 8:n
2292 685 71 21 skulle
2378 685 62 27 fogas
2453 687 31 19 ett
2494 686 35 20 til-

2047 718 51 27 lägg
2113 719 6 21 i
2135 719 37 21 det
2187 719 56 27 syfte
2258 719 32 21 Hr
2305 719 153 27 Björkenheim
2473 720 7 20 i
2497 720 30 21 sin

2044 753 132 22 reservation
2191 754 34 21 till
2241 754 147 21 hetänkandet
2403 760 34 15 n:o
2449 755 12 20 7
2472 754 56 21 före-

2045 787 71 27 slagit,
2135 788 7 20 i
2161 788 82 21 hvilket
2263 788 103 21 afseende
2382 788 75 26 frägan
2473 788 56 22 äter-

2044 822 151 22 remitterades
2209 822 35 22 till
2260 822 174 22 Bankutskottet.

2101 914 47 21 Den
2163 914 23 21 af
2195 914 198 26 Bankfullmäktige
2406 913 123 27 föreslagna

2044 948 90 26 ändring
2149 948 8 21 i
2172 948 33 27 8:n
2221 948 133 27 godkändes.

2103 1244 129 22 Godkändes
2255 1244 68 27 enligt
2343 1244 123 22 Utskottets
2486 1245 43 21 för-

2045 1278 54 28 slag,
2108 1279 54 21 dock
2169 1280 50 20 med
2227 1279 102 27 ändringi
2336 1280 40 20 den
2383 1274 66 36 finska
2456 1281 72 20 texten

2045 1313 23 21 af
2095 1313 157 27 benämningen
2284 1313 183 26 .,vekselikassöri*
2495 1314 33 21 till

2047 1363 4 9 v
2053 1347 178 27 VAihtokassöri*,
2247 1348 87 21 hvilken
2353 1348 91 26 ändring
2461 1348 68 21 borde

2045 1381 38 21 ske
2106 1382 62 21 äfven
2187 1382 28 26 pä
2235 1382 68 26 öfriga
2323 1382 80 22 ställen
2423 1383 8 20 i
2449 1384 79 25 texten,

2045 1416 39 21 der
2099 1416 60 21 detta
2175 1416 84 28 uttryck
2275 1416 152 22 förekommer.

2102 1676 205 28 Äterremitterades
2323 1683 33 21 till
2373 1683 113 21 Utskottet
2497 1684 34 20 för

2044 1716 112 22 införande
2181 1716 23 22 af
2227 1717 138 27 bestämning
2391 1718 80 26 derom,
2498 1719 32 20 att

2044 1750 211 22 Bankkommissarie
2270 1752 40 21 bör
2326 1752 34 21 stä
2375 1752 7 21 i
2399 1752 44 21 lika
2454 1758 75 15 ansva-

2047 1785 71 27 righet
2133 1785 34 22 för
2181 1786 56 21 brist
2251 1786 7 21 i
2273 1786 114 22 kontorets
2403 1786 65 22 kassa
2483 1793 46 15 som

2047 1820 94 20 ledamot
2157 1820 6 21 i
2183 1820 198 22 Bankdirektionen
2401 1821 6 21 i
2424 1821 59 21 detta
2498 1821 31 21 af-

2044 1854 78 21 seende
2138 1856 25 19 är
2177 1855 154 21 underkastad.

2100 2389 47 21 Den
2162 2389 23 21 af
2194 2389 199 27 Bankfullmäktige
2404 2390 123 26 föreslagna

2042 2424 82 27 lydelse
2140 2424 23 21 af
2177 2424 34 27 &:n
2226 2424 132 26 godkändes.

2098 2618 129 22 Godkändes
2252 2619 68 27 enligt
2339 2618 124 22 Utskottets
2483 2619 42 21 för-

2042 2653 47 26 slag
2107 2653 53 21 dock
2175 2653 49 21 med
2241 2653 95 27 följande
2352 2654 126 26 ändringar:

2335 2693 36 18 För
2383 2699 28 12 en.
2435 2694 36 18 För
2483 2694 42 18 alla.

2039 2722 9 21 1
2068 2722 135 22 Ordförande

2096 2756 35 21 lön
2244 2774 3 3 3
2316 2774 4 4 .
2337 2757 71 27 9,000.

2094 2790 135 28 hyresmede!
2245 2808 4 4 .
2316 2808 5 5 .
2337 2791 71 26 3,000.

2095 2825 179 28 taffelpenningar
2314 2842 5 5 —.
2335 2826 72 26 3,000.
2439 2827 84 25 15,000.

2081 2889 94 22 Bankens
2192 2889 73 23 kontor
2282 2890 5 22 i
2307 2889 31 23 S:t
2354 2889 130 28 Petersburg.

2038 2936 10 20 1
2065 2935 211 22 Bankkommissarie

2094 2970 36 21 lön
2279 2986 4 5 <
2315 2986 4 5 .
2336 2970 70 26 7,000.

2092 3004 181 28 taffelpenningar
2313 3021 5 5 =.
2335 3004 71 27 5,000.

2091 3040 136 25 hyresmedel
2241 3054 4 5 .
2311 3054 5 5 «
2333 3040 71 24 2,000.
2435 3040 84 24 12,000.

2087 3611 30 21 Af
2135 3612 26 20 de
2180 3612 36 21 vid
2236 3611 177 28 aflöningsstaten
2437 3612 78 27 fogade

2033 3646 167 27 anmärkningar
2222 3646 91 22 uteslöts
2336 3653 55 15 anm.
2415 3647 17 26 I,
2452 3647 62 21 hvar-

2029 3682 58 20 emot
2102 3681 27 21 de
2144 3680 69 28 öfriga
2224 3681 132 27 godkändes,
2368 3688 55 14 anm.
2436 3682 11 21 7
2459 3682 54 20 dock

2031 3715 49 21 med
2095 3715 91 27 ändring
2201 3715 23 22 af
2239 3715 78 22 årtalet
2333 3716 56 21 1877
2406 3716 33 21 till
2451 3716 62 21 1878.

2085 3911 204 27 Återremitterades
2304 3917 34 21 för
2354 3918 31 20 att
2401 3917 87 27 bringas
2503 3918 7 20 i

2027 3951 226 22 öfverensstämmelse
2268 3952 48 21 med
2327 3952 27 21 de
2365 3952 73 21 beslut
2449 3952 61 21 Stån-

2028 3986 36 21 det
2086 3986 8 20 i
2115 3986 116 27 anledning
2254 3986 23 22 af
2294 3986 123 22 Utskottets
2435 3987 75 21 betän-

2024 4020 71 22 kande
2111 4020 70 22 fattat.

2628 584 72 26 Enligt
2726 584 101 22 ståndens
2854 585 159 27 samstämmiga
3035 586 71 21 beslut
3127 586 99 21 kommer
3248 586 69 22 första

2559 624 63 16 mom.
2642 625 11 15 af
2677 619 11 27 8
2705 619 12 21 6
2733 620 32 20 att
2781 620 82 20 erhålla
2879 620 40 21 den
2935 620 22 21 af
2971 620 112 21 Utskottet
3096 620 8 21 i
3119 620 148 22 betänkandet
3281 627 35 15 n:o

2558 653 15 21 4
2592 652 121 28 föreslagna
2727 654 88 26 lydelse.
2846 654 50 21 Med
2912 654 116 27 anledning
3044 654 45 22 åter
3105 654 23 22 af
3143 654 107 22 Ståndens
3265 655 51 21 skil-

2557 686 84 28 jaktiga
2673 688 56 20 beslut
2744 688 132 22 beträffande
2892 689 178 21 Bankutskottets
3089 689 137 21 betänkande
3245 696 34 14 n:o
3297 690 18 26 7,

2559 721 34 21 fär
2612 721 115 27 Utskottet,
2748 722 27 21 dä
2795 723 6 21 i
2817 723 70 21 denna
2901 723 61 27 fräga
2977 723 36 22 tvä
3029 724 67 20 Ständ
3112 725 87 20 stannat
3213 726 45 18 mot
3273 724 43 26 tvä,

2559 756 109 21 vördsamt
2687 756 112 22 hemställa
2819 757 105 21 huruvida
2942 758 47 20 icke
3009 758 160 26 Ridderskapet
3187 758 40 21 och
3246 758 70 21 Adeln

2559 792 56 19 samt
2634 790 157 22 Bondeständet
2809 791 36 21 vid
2864 791 77 21 sådant
2958 792 135 21 förhållande
3113 792 63 21 äfven
3196 792 50 22 ville
3262 792 54 27 god-

2558 824 71 22 känna
2662 825 101 21 Utskottets
2779 826 132 21 sistnämnda
2926 826 136 22 betänkande
3077 828 56 20 samt
3148 826 45 21 låta
3209 826 36 22 det
3260 826 57 22 före-

2561 859 75 27 slagna
2653 860 96 27 tillägget
2763 860 34 21 till
2818 860 5 27 $
2839 860 12 21 6
2867 860 92 22 förfalla.

2627 916 19 21 Då
2675 916 40 22 den
2731 917 22 21 af
2767 917 144 27 Fullmäktige
2926 918 123 26 föreslagna
3065 918 90 26 ändring
3171 918 93 26 antagits
3281 924 36 15 en-

2559 950 48 21 dast
2626 950 27 21 af|
2664 951 159 27 Ridderskapet
2841 952 39 20 och
2899 952 69 20 Adeln
2988 953 55 20 samt
3058 952 162 20 Bondeståndet
3235 952 39 21 och
3290 952 27 21 de

2558 984 37 22 två
2617 985 64 56 an
2704 985 94 22 Stånden
2823 986 96 21 deremot
2943 986 36 22 vid
3000 986 105 27 förslaget
3123 986 48 21 icke
3189 986 45 21 fäst
3251 986 67 26 något

2556 1015 109 42 afseende,
2681 1020 74 21 såvida
2769 1020 173 22 Presteståndets
2957 1020 175 27 ändringsbeslut
3147 1021 77 21 endast
3237 1020 81 28 åsyftar

2559 1055 32 19 att
2601 1054 114 27 förtydliga
2725 1054 55 22 hvad
2791 1055 129 26 stadgandet
2930 1055 8 21 i
2948 1056 49 20 dess
3010 1056 123 20 nuvarande
3143 1055 83 27 lydelse
3235 1056 82 20 ansetts

2559 1088 67 21 redan
2643 1088 108 27 innebära,
2767 1089 34 21 får
2815 1089 112 21 Utskottet
2942 1090 6 20 i
2964 1089 101 21 afseende
3081 1089 13 21 å
3109 1089 209 27 sammanjemkning

2560 1122 80 22 föreslå
2650 1112 39 32 |att
2711 1124 26 20 de
2752 1124 33 20 tre
2801 1123 70 27 öfriga
2887 1123 93 22 Ständen
2996 1124 51 21 ville
3062 1124 74 21 förena
3153 1124 32 26 sig
3201 1124 49 20 med
3264 1124 54 20 Bor-

2559 1157 137 25 gareständet
2715 1158 73 21 derom
2808 1159 32 20 att
2858 1158 76 27 frågan
2957 1164 34 16 om
3014 1158 90 27 ändring
3123 1158 24 21 af
3161 1158 12 28 8
3190 1158 27 21 70
3233 1158 84 21 komme

2559 1192 32 20 att
2605 1183 92 29 förfalla.

2629 1248 76 22 Sävida
2725 1249 40 21 den
2785 1249 24 21 af
2825 1250 159 27 Ridderskapet
3003 1250 39 21 och
3061 1250 68 21 Adeln
3150 1250 76 26 gjorda
3245 1249 72 21 tillök-

2558 1282 51 28 ning
2624 1270 25 34 af
2660 1284 26 20 de
2701 1290 66 20 yngre
2782 1284 165 22 bokhällarenes
2961 1284 60 22 anta!
3035 1284 47 22 icke
3098 1284 71 22 blifvit
3184 1284 134 21 understödd

2559 1316 23 22 af
2603 1318 65 27 nägot
2687 1320 65 19 annat
2771 1318 72 27 Stånd,
2863 1320 62 20 torde
2945 1320 123 20 densamma
3086 1318 94 22 förfalla.

2560 1351 33 21 får
2612 1351 111 22 Utskottet
2741 1353 110 21 vördsamt
2870 1354 89 26 inbjuda
2979 1353 70 27 öfriga
3065 1353 67 21 Stånd
3148 1354 31 20 att
3195 1352 74 22 förena
3285 1352 33 27 sig

2559 1392 35 14 om
2609 1386 173 22 Presteständets
2798 1388 251 26 redaktionsförändring
3065 1388 22 20 af
3101 1388 46 26 $:ns
3163 1387 92 21 svenska
3266 1388 51 25 text,

2559 1420 89 30 sålunda
2671 1422 32 20 att
2727 1422 65 21 orden
2815 1422 120 26 ,äfvensom
2954 1422 35 21 två
3008 1422 111 21 kanslister
3134 1422 33 26 pä
3185 1423 60 19 extra
3263 1422 54 20 stat"

2559 1451 139 26 förändrades
2713 1456 33 21 till
2764 1456 120 26 ,äfvensom
2898 1457 30 25 pä
2944 1458 58 19 extra
3017 1458 42 19 stat
3073 1456 35 20 två
3118 1455 133 26 kanslister*,
3263 1457 56 20 samt

2559 1496 34 14 om
2609 1490 84 21 Preste-
2709 1490 39 21 och
2763 1491 177 21 Bondeständens
2955 1491 78 26 beslut,
3050 1492 31 20 att
3095 1491 8 20 i
3115 1491 40 21 den
3166 1490 69 21 finska
3245 1491 73 20 texten

2559 1524 155 27 benämningen
2739 1524 181 26 ,vekselikassöri*
2946 1525 105 27 förbyttes
3072 1526 34 20 till
3133 1524 184 26 ,vaihtokassöri*,

2559 1559 85 20 hvilken
2659 1560 91 24 ändring
2765 1560 35 19 vid
2817 1560 152 25 reglementets
2984 1560 147 26 omtryckning
3141 1560 68 19 borde
3220 1559 98 25 vidtagas

2561 1591 62 21 äfven
2639 1592 26 27 pä
2681 1592 70 27 öfriga
2767 1593 77 21 ställen
2859 1593 8 21 i
2881 1594 80 25 texten,
2976 1593 89 21 hvarest
3079 1593 68 26 sagda
3161 1592 86 28 uttryck
3262 1592 57 21 förc-

2559 1624 115 33 kommer.
2667 1620 11 41 -

2629 1682 68 31 Sedan
2713 1683 11 27 $
2741 1684 41 20 113
2797 1683 24 21 af
2834 1685 77 20 tvenne
2929 1683 66 22 Stånd
3011 1683 71 22 blifvit
3095 1684 34 20 till
3139 1683 113 21 Utskottet
3263 1682 56 22 äter-

2559 1717 123 27 remitterad
2693 1717 33 21 för
2736 1719 32 19 att
2778 1718 7 20 i
2796 1718 75 26 antydt
2881 1718 102 21 afseende
2994 1718 152 26 omredigeras,
3158 1718 33 20 fär
3199 1717 118 25 Utskottet,

2561 1757 45 15 som
2622 1751 61 21 äfven
2698 1751 33 21 för
2747 1752 33 21 sin
2797 1752 34 21 del
2847 1758 64 16 anser
2926 1753 41 21 den
2981 1752 128 27 ifrägasatta
3125 1752 118 26 ändringen
3255 1751 63 21 önsk-

2560 1786 58 26 värd,
2638 1787 109 21 vördsamt
2765 1786 82 22 föreslä
2865 1789 32 19 att
2916 1793 63 15 mom.
2999 1788 12 20 8
3032 1787 23 21 af
3069 1787 10 27 $
3097 1787 41 21 113
3153 1787 67 21 mätte
3237 1786 82 22 erhälla

2559 1819 93 28 följande
2667 1821 129 21 förändrade
2811 1822 93 27 lydelse:

2646 1868 2 11 i
2765 1872 8 9 »
2778 1855 44 21 För
2838 1856 53 21 brist
2905 1856 9 21 i
2928 1856 159 26 hufvudkassan
3103 1856 35 20 vid
3153 1855 103 21 Bankens
3267 1854 51 21 kon-

2643 1885 6 34 i
2729 1891 32 19 tor
2776 1889 9 21 i
2801 1889 119 22 landsorten
2937 1890 36 20 och
2988 1890 9 20 i
3011 1890 35 21 S:t
3060 1889 127 27 Petersburg
3201 1890 35 20 stä
3246 1889 72 21 veder-

2647 1922 2 18 i
2729 1924 90 21 börande
2835 1924 210 21 Bankkommissarie
3061 1924 36 21 och
3113 1924 84 21 Kassör
3215 1924 9 20 i
3238 1930 81 14 samma

2542 1964 2 12 |
2647 1959 3 15 i
2730 1958 139 27 ansvarighet,
2885 1966 45 14 som
2946 1958 110 27 ofvanföre
3071 1958 94 27 stadgats
3179 1958 36 26 för
3231 1957 89 21 ledamot

2729 1993 9 21 i
2760 1992 195 22 Bankdirektionen
2976 1993 37 21 och
3039 1987 165 32 Öfverkassören
3226 1992 9 21 i
3256 1992 64 26 fråga

2729 2034 33 14 om
2778 2027 53 21 brist
2844 2027 9 21 i
2868 2027 183 21 centralkontorets
3066 2026 151 27 hufvudkassa,
3228 2025 92 22 sålunda

2731 2061 104 27 nemligen
2858 2063 30 20 att
2909 2061 238 21 Bankkommissariens
3169 2060 124 27 delaktighet
3311 2060 10 20 i

2729 2102 77 14 ansvar
2823 2095 68 27 gäller
2910 2096 74 21 endast
3001 2095 77 27 riktiga
3097 2094 78 22 antalet
3194 2094 27 27 af
3237 2094 81 26 buntar,

2653 2133 1 13 |
2725 2130 70 26 påsar
2811 2130 36 21 och
2863 2130 48 21 kärl
2925 2137 48 14 men
2983 2130 121 21 Kassörens
3115 2130 92 20 deremot
3216 2128 102 27 fullstän-

2730 2164 49 27 diga
2797 2164 116 21 innehållet
2931 2164 24 26 af
2972 2164 71 27 hvarje
3062 2164 57 26 bunt,
3135 2164 56 26 påse
3213 2163 36 21 och
3264 2162 54 22 kärl.

2731 2198 39 21 Om
2789 2198 92 22 Banken
2899 2198 103 27 tillhörigt
3015 2198 167 27 fordringsbevis
3198 2197 49 21 eller
3257 2198 61 26 pant,

2727 2240 46 14 som
2792 2232 69 27 blifvit
2879 2233 8 21 i
2906 2232 105 22 kontorets
3029 2232 145 27 hufvudkassa
3193 2232 71 26 insatt,
3282 2232 37 20 der

2655 2282 2 6 ;
2728 2266 44 22 icke
2784 2267 121 27 återfinnes,
2917 2268 39 20 äro
2967 2266 210 22 Bankkommissarie
3188 2266 37 21 och
3235 2266 84 21 Kassör

2726 2303 129 25 gemensamt
2876 2302 93 26 skyldige
2993 2303 29 19 att
3041 2302 98 26 antingen
3158 2300 161 27 tillrättaskaffa

2655 2345 4 26 i
2728 2336 47 20 dem
2795 2336 49 20 eller
2861 2336 102 27 godtgöra
2981 2335 92 22 Banken
3091 2336 62 20 deras
3173 2334 55 27 fulla
3246 2334 71 22 värde.

2627 2393 56 21 Enär
2705 2393 87 22 Preste-
2815 2393 39 21 och
2873 2394 166 21 Bondeständen
3059 2393 82 27 antagit
3160 2392 157 26 Fullmäktiges

2557 2426 82 28 förslag
2661 2434 48 14 men
2731 2428 185 26 Borgareständet
2935 2428 97 21 deremot
3050 2427 79 21 uttalat
3148 2427 33 27 sig
3199 2427 8 21 i
3227 2426 90 22 alldeles

2557 2463 89 19 motsatt
2658 2462 105 26 riktning,
2783 2468 64 15 anser
2866 2461 112 22 Utskottet
2993 2462 170 26 Ridderskapets
3179 2461 40 21 och
3234 2460 83 22 Adelns

2558 2495 72 22 beslut
2653 2496 51 21 böra
2726 2496 120 27 uppställas
2866 2497 71 21 säsom
2956 2496 302 27 sammanjemkningsförslag
3278 2495 39 22 och

2557 2530 34 21 fär
2605 2530 57 28 förty
2677 2531 110 21 vördsamt
2801 2531 90 27 inbjuda
2906 2530 87 22 Preste-
3007 2531 106 26 Borgare-
3129 2530 39 22 och
3183 2530 134 21 Bondestän-

2557 2565 41 21 den
2614 2566 32 20 att
2660 2566 113 26 godkänna
2788 2565 123 22 Utskottets
2927 2566 142 21 betänkande.

2626 2622 76 22 Sävida
2715 2623 43 21 alla
2771 2622 66 22 Ständ
2849 2623 96 27 godkänt
2957 2622 161 22 Ordförandens
3130 2622 121 21 lönevilkor
3262 2622 7 20 i
3281 2628 35 14 en-

2556 2656 68 27 lighet
2632 2657 46 21 med
2687 2657 156 27 Fullmäktiges
2851 2658 82 26 förslag
2942 2658 55 20 samt
3005 2659 33 21 tre
3048 2657 67 21 Ständ
3124 2656 113 22 bibehällit
3245 2656 71 21 Bank-
3331 2673 1 15 |

2555 2690 174 23 kommissariens
2744 2692 36 21 vid
2795 2692 102 21 kontoret
2907 2692 7 20 i
2925 2692 32 21 S:t
2967 2692 132 26 Petersburg
3110 2691 160 21 löneförmäner
3280 2690 36 22 vid
3331 2696 1 31 |

2555 2726 63 21 deras
2633 2726 122 21 nuvarande
2771 2726 78 26 belopp
2866 2726 23 21 af
2905 2726 76 26 12,000
2997 2726 68 26 mark,
3081 2726 97 21 kommer
3193 2725 124 21 Utskottets

2555 2760 81 27 förslag
2651 2761 31 20 att
2696 2760 7 21 i
2719 2760 64 22 dessa
2799 2761 61 21 delar
2875 2760 97 27 undergå
2988 2761 26 20 de
3030 2760 122 26 ändringar,
3164 2766 45 15 som
3221 2759 24 21 af
3255 2759 61 21 Stän-
3330 2756 2 16 |

2555 2794 76 22 dernas
2647 2794 70 22 beslut
2727 2796 38 20 äro
2776 2795 123 27 betingade.
2922 2795 63 21 Hvad
2996 2795 165 21 Direktörernes
3174 2794 93 26 aflöning
3279 2800 36 14 an-
3331 2795 1 11 |

2553 2828 45 27 går,
2618 2829 61 21 torde
2699 2830 124 20 densamma
2843 2836 76 20 genom
2935 2831 34 19 tre
2985 2829 79 21 Ständs
3079 2829 72 21 beslut
3166 2828 65 22 hafva
3246 2828 71 21 blifvit

2554 2863 86 27 förhöjd
2655 2863 32 21 till
2704 2864 78 26 12,000
2797 2864 62 21 mark
2874 2864 34 21 för
2923 2864 113 26 hvardera,
3051 2863 90 22 hvarvid
3158 2863 55 21 dock
3228 2862 89 27 skiljak-
3330 2856 2 41 |

2553 2896 69 28 tighet
2637 2897 6 21 i
2659 2897 97 22 besluten
2771 2898 117 21 förefinnes
2904 2898 92 21 emellan
3011 2897 160 27 Ridderskapet
3191 2897 40 21 och
3246 2896 70 22 Adeln

2553 2931 12 21 å
2581 2937 40 15 ena
2636 2932 59 21 sidan
2711 2934 56 19 samt
2782 2932 87 21 Preste-
2885 2932 40 22 och
2940 2932 187 26 Borgareständen
3143 2932 13 20 ä
3171 2932 68 20 andra
3255 2931 61 21 sidan

2551 2965 132 22 beträffande
2703 2966 26 22 de
2749 2966 108 22 särskilda
2877 2966 204 27 aflöningstitlarnes
3100 2966 85 26 belopp.
3216 2966 11 20 I
3242 2966 73 20 anled-

2551 3000 51 28 ning
2629 3000 61 22 deraf
2715 3000 39 22 har
2778 3000 113 22 Utskottet
2919 3000 70 23 såsom
3013 3000 302 27 sammanjemkningsförslag

2553 3037 72 18 ansett
2640 3036 39 25 sig,
2693 3036 47 18 böra
2756 3036 109 24 uppställa
2880 3036 86 19 Preste-
2983 3036 39 19 och
3037 3036 201 24 Borgareständens
3253 3035 6 19 i
3271 3036 44 18 äm-

2551 3069 37 20 net
2603 3068 67 21 fattade
2699 3068 236 22 öfverensstämmande
2951 3068 72 22 beslut
3038 3068 39 21 och
3091 3068 34 21 får
3136 3068 58 27 förty
3204 3068 111 21 vördsamt

2551 3102 88 27 inbjuda
2655 3102 158 28 Ridderskapet
2828 3103 39 21 och
2879 3103 69 21 Adeln
2960 3104 55 20 samt
3025 3102 162 22 Bondeständet
3197 3104 32 20 att
3240 3102 73 22 derom

2551 3136 32 27 sig
2607 3108 78 50 e)
2719 3136 34 21 Dä
2777 3137 98 21 deremot
2893 3137 122 21 Utskottets
3035 3136 82 27 förslag
3136 3137 7 21 i
3164 3136 69 27 öfriga
3253 3137 60 21 delar

2550 3170 71 22 blifvit
2636 3170 23 22 af
2680 3177 23 15 tre
2720 3170 67 22 Ständ
2798 3173 94 25 antaget,
2904 3171 85 21 komma
2999 3171 170 27 Ridderskapets
3181 3171 38 21 och
3230 3171 81 21 Adelns

2553 3205 46 21 deri
2613 3205 75 27 gjorda
2704 3205 107 22 särskilda
2826 3206 118 27 ändringar
2959 3207 32 20 att
3005 3205 93 22 förfalla.

2673 3247 2 16 |

2612 3612 30 21 Af
2656 3597 24 37 de
2695 3613 36 21 vid
2747 3612 176 27 aflöningsstaten
2939 3612 77 28 fogade
3033 3612 195 28 anmärkningarna
3238 3612 65 28 utgår

2544 3654 55 14 anm.
2615 3648 10 20 I
2641 3647 26 27 på
2681 3648 70 26 grund
2767 3647 23 21 af
2805 3647 106 21 Ständens
2923 3647 160 27 samstämmiga
3093 3647 78 27 beslut,
3182 3647 120 27 hvarjemte

2545 3682 26 21 de
2591 3682 68 27 öfriga
2671 3674 210 45 janmärkningarnes
2901 3682 190 26 ordningsnumror
3109 3682 53 21 böra
3182 3682 7 20 i
3205 3682 98 26 enlighet

2545 3716 87 22 dermed
2648 3709 73 40 rättas.
2751 3716 104 21 Deremot
2865 3716 62 21 torde
2939 3716 26 21 de
2980 3716 23 21 af
3012 3716 159 27 Ridderskapet
3181 3716 40 21 och
3231 3716 70 21 Adeln

2544 3752 56 20 samt
2622 3738 165 39 Bondeständet,
2808 3750 103 22 särskildt
2929 3750 24 22 af
2970 3750 115 22 hvartdera
3104 3750 97 27 Ständet,
3225 3750 77 27 gjorda

2543 3785 142 27 ändringarna
2707 3785 8 21 i
2737 3791 55 15 anm.
2817 3785 12 21 7
2853 3784 87 22 förfalla
2959 3784 70 22 säsom
3048 3784 47 22 icke
3113 3785 148 22 understödda
3279 3784 24 22 af

2542 3820 67 21 andra
2623 3815 72 26 Ständ.

2610 3917 10 21 I
2635 3917 94 27 enlighet
2743 3917 50 21 med
2808 3917 56 21 hvad
2879 3916 112 22 Utskottet
3000 3917 8 21 i
3017 3916 136 22 förestäende
3165 3917 67 21 mätto
3243 3917 56 21 före-

2543 3951 70 27 slagit,
2634 3951 123 22 hemställer
2776 3951 111 21 Utskottet
2906 3951 102 27 slutligen
3027 3952 32 20 att
3073 3951 114 27 ingressen
3202 3952 8 21 i
3225 3952 74 21 betän-

2539 3986 80 21 kandet
2633 3986 113 26 för|öfrigt
2760 3986 67 21 måtte
2843 3985 66 22 blifva
2925 3985 130 21 oförändrad
3070 3987 58 20 utom
3144 3988 33 19 att
3191 3986 29 26 pä
3229 3986 70 27 fjerde

2540 4021 67 21 raden
2621 4020 24 22 af
2659 4021 124 21 densamma
2797 4020 217 28 paragrafnumrorna.
3029 4020 34 27 66,
3080 4020 33 27 78,
3129 4020 40 22 och
3185 4021 28 21 80
3229 4020 70 22 skulle

2538 4055 58 28 utgä.

3214 1318 105 21 Deremot
3332 1323 2 7 |

2679 4106 120 23 Helsingfors,
2811 4106 17 18 J.
2841 4106 20 18 C.
2873 4106 94 18 Frenckell
2979 4108 13 16 &
3005 4106 42 23 Son,
3061 4107 50 19 1877.

3526 534 8 32 |

3526 567 8 34 |

3527 2068 7 18 n

3495 2088 2 31 |
3527 2083 4 18 L
