1039 1703
228 159 12 20 6
557 157 37 20 XI.

201 226 109 21 inrättade
328 225 65 21 kanal
411 225 47 21 icke
477 225 57 21 varit
553 225 202 26 tillfyllestgörande
771 223 34 22 för
821 223 132 22 obehindrad

201 259 65 22 trafik
288 260 49 21 med
360 259 81 22 sädana
463 259 116 26 farkoster,
603 265 46 15 som
663 259 72 21 kunde
754 264 89 21 passera
858 257 96 22 Walkia-

200 295 63 20 koski
278 294 154 26 hufvudkanal,
448 294 40 21 har
502 294 61 21 Hans
579 293 122 27 Kejserliga
716 293 109 27 Majestät,
841 292 29 27 pä
881 292 36 21 det
928 292 26 21 de

200 335 77 20 genom
292 328 150 21 Walkiakoski
458 328 164 27 kanalbyggnad
637 327 125 27 päräknade
777 327 95 21 fördelar
887 326 67 21 mätte

200 363 34 21 till
249 362 53 21 fullo
321 362 82 26 vinnas,
419 362 7 20 i
441 361 73 21 Näder
529 362 82 26 tillätit,
627 363 33 19 att
675 367 26 15 en
716 361 127 27 ytterligare
857 360 97 27 fördjup-

200 397 52 26 ning
270 396 23 21 af
311 396 55 27 Apia
384 396 64 21 kanal
464 396 39 20 och
518 396 149 21 Rönninsalmi
683 396 55 20 sund
753 395 56 27 finge
824 395 130 21 verkställas

202 432 55 20 samt
272 432 33 20 att
320 430 120 22 kostnaden
456 430 78 26 derför,
550 430 111 21 beräknad
675 430 32 20 till
721 430 74 26 15,100
806 429 67 26 mark,
885 429 70 21 skulle

200 466 109 20 bestridas
328 471 26 15 ur
372 464 284 26 kommunikationsfonden,
676 464 60 21 hvari
753 464 147 21 inkomsterna
916 464 39 20 och

201 499 119 27 utgifterna
334 499 34 21 för
387 499 148 21 Walkiakoski
551 499 64 21 kanal
631 499 66 21 sedan
713 499 134 21 sistnämnda
862 498 24 21 är
902 498 52 21 bok-

201 534 55 21 förts
272 534 40 21 och
327 534 121 21 redovisats
464 534 39 21 och
519 534 33 21 till
567 534 87 21 hvilken
669 533 52 22 fond
736 539 53 16 rena
804 533 150 26 behällningen

201 569 49 21 frän
264 569 93 21 kanalen
372 568 34 21 för
421 569 24 20 är
462 569 54 21 1872
529 569 79 26 jemväl
625 568 121 21 öfverförts.

274 603 10 21 I
294 603 54 28 följd
358 603 64 21 häraf
430 603 39 21 har
480 603 76 26 åtgärd
566 603 7 21 i
584 603 100 21 afseende
696 603 12 20 å
718 603 114 21 utförande
843 602 23 21 af
876 602 79 27 ifräga-

201 638 95 21 varande
311 638 74 21 arbete
403 637 71 22 blifvit
490 638 68 21 under
573 637 25 21 år
614 639 53 20 1876
684 637 101 27 vidtagen
801 637 39 21 och
855 637 37 21 det
907 637 48 20 här-

202 673 34 21 för
255 673 105 26 beviljade
379 673 98 25 anslaget
492 673 48 20 från
556 672 282 21 Kommunikationsfonden
853 672 103 20 utanord-

202 707 58 21 nadt.
