<?xml version="1.0" encoding="UTF-8"?>
<alto xmlns="http://www.loc.gov/standards/alto/ns-v3#" xmlns:xlink="http://www.w3.org/1999/xlink" xmlns:xsi="http://www.w3.org/2001/XMLSchema-instance" xsi:schemaLocation="http://www.loc.gov/standards/alto/ns-v3# http://www.loc.gov/alto/v3/alto-3-0.xsd">
	<Description>
		<MeasurementUnit>pixel</MeasurementUnit>
		<sourceImageInformation>
			<fileName>/tmp/tess_cup48ja4_input.PNG</fileName>
		</sourceImageInformation>
		<OCRProcessing ID="OCR_0">
			<ocrProcessingStep>
				<processingSoftware>
					<softwareName>tesseract 5.3.4</softwareName>
				</processingSoftware>
			</ocrProcessingStep>
		</OCRProcessing>
	</Description>
	<Layout>
		<Page WIDTH="1048" HEIGHT="1706" PHYSICAL_IMG_NR="0" ID="page_0">
			<PrintSpace HPOS="0" VPOS="0" WIDTH="1048" HEIGHT="1706">
				<ComposedBlock ID="cblock_0" HPOS="367" VPOS="152" WIDTH="153" HEIGHT="19">
					<TextBlock ID="block_0" HPOS="367" VPOS="152" WIDTH="153" HEIGHT="19">
						<TextLine ID="line_0" HPOS="367" VPOS="152" WIDTH="153" HEIGHT="19">
							<String ID="string_0" HPOS="367" VPOS="152" WIDTH="29" HEIGHT="19" WC="0.93" CONTENT="U."/><SP WIDTH="11" VPOS="152" HPOS="396"/>
							<String ID="string_1" HPOS="407" VPOS="153" WIDTH="31" HEIGHT="18" WC="0.90" CONTENT="B."/><SP WIDTH="12" VPOS="153" HPOS="438"/>
							<String ID="string_2" HPOS="450" VPOS="154" WIDTH="70" HEIGHT="17" WC="0.87" CONTENT="XIX."/>
						</TextLine>
					</TextBlock>
				</ComposedBlock>
				<ComposedBlock ID="cblock_1" HPOS="266" VPOS="364" WIDTH="544" HEIGHT="105">
					<TextBlock ID="block_1" HPOS="266" VPOS="364" WIDTH="544" HEIGHT="105">
						<TextLine ID="line_1" HPOS="311" VPOS="364" WIDTH="499" HEIGHT="25">
							<String ID="string_3" HPOS="311" VPOS="364" WIDTH="195" HEIGHT="24" WC="0.88" CONTENT="Bankutskottets"/><SP WIDTH="15" VPOS="364" HPOS="506"/>
							<String ID="string_4" HPOS="521" VPOS="366" WIDTH="126" HEIGHT="22" WC="0.91" CONTENT="berättelse"/><SP WIDTH="14" VPOS="366" HPOS="647"/>
							<String ID="string_5" HPOS="661" VPOS="365" WIDTH="68" HEIGHT="23" WC="0.84" CONTENT="öfver"/><SP WIDTH="14" VPOS="365" HPOS="729"/>
							<String ID="string_6" HPOS="743" VPOS="367" WIDTH="67" HEIGHT="22" WC="0.92" CONTENT="verk-"/>
						</TextLine>
						<TextLine ID="line_2" HPOS="266" VPOS="405" WIDTH="543" HEIGHT="29">
							<String ID="string_7" HPOS="266" VPOS="405" WIDTH="61" HEIGHT="23" WC="0.90" CONTENT="stäld"/><SP WIDTH="15" VPOS="405" HPOS="327"/>
							<String ID="string_8" HPOS="342" VPOS="406" WIDTH="145" HEIGHT="28" WC="0.96" CONTENT="granskning"/><SP WIDTH="17" VPOS="406" HPOS="487"/>
							<String ID="string_9" HPOS="504" VPOS="406" WIDTH="27" HEIGHT="22" WC="0.96" CONTENT="af"/><SP WIDTH="12" VPOS="406" HPOS="531"/>
							<String ID="string_10" HPOS="543" VPOS="406" WIDTH="113" HEIGHT="22" WC="0.96" CONTENT="Finlands"/><SP WIDTH="14" VPOS="406" HPOS="656"/>
							<String ID="string_11" HPOS="670" VPOS="406" WIDTH="75" HEIGHT="23" WC="0.93" CONTENT="banks"/><SP WIDTH="18" VPOS="406" HPOS="745"/>
							<String ID="string_12" HPOS="763" VPOS="407" WIDTH="46" HEIGHT="27" WC="0.93" CONTENT="sty-"/>
						</TextLine>
						<TextLine ID="line_3" HPOS="266" VPOS="447" WIDTH="250" HEIGHT="22">
							<String ID="string_13" HPOS="266" VPOS="447" WIDTH="62" HEIGHT="22" WC="0.91" CONTENT="relse"/><SP WIDTH="14" VPOS="447" HPOS="328"/>
							<String ID="string_14" HPOS="342" VPOS="447" WIDTH="44" HEIGHT="22" WC="0.93" CONTENT="och"/><SP WIDTH="14" VPOS="447" HPOS="386"/>
							<String ID="string_15" HPOS="400" VPOS="447" WIDTH="116" HEIGHT="22" WC="0.92" CONTENT="tillständ."/>
						</TextLine>
					</TextBlock>
				</ComposedBlock>
				<ComposedBlock ID="cblock_2" HPOS="79" VPOS="524" WIDTH="734" HEIGHT="1017">
					<TextBlock ID="block_2" HPOS="79" VPOS="524" WIDTH="734" HEIGHT="645">
						<TextLine ID="line_4" HPOS="136" VPOS="524" WIDTH="674" HEIGHT="31">
							<String ID="string_16" HPOS="136" VPOS="524" WIDTH="69" HEIGHT="22" WC="0.93" CONTENT="Sedan"/><SP WIDTH="15" VPOS="524" HPOS="205"/>
							<String ID="string_17" HPOS="220" VPOS="525" WIDTH="167" HEIGHT="22" WC="0.81" CONTENT="Bankutskottet"/><SP WIDTH="14" VPOS="525" HPOS="387"/>
							<String ID="string_18" HPOS="401" VPOS="533" WIDTH="89" HEIGHT="14" WC="0.96" CONTENT="numera"/><SP WIDTH="13" VPOS="533" HPOS="490"/>
							<String ID="string_19" HPOS="503" VPOS="526" WIDTH="98" HEIGHT="29" WC="0.96" CONTENT="fullgjort"/><SP WIDTH="15" VPOS="526" HPOS="601"/>
							<String ID="string_20" HPOS="616" VPOS="526" WIDTH="39" HEIGHT="21" WC="0.96" CONTENT="den"/><SP WIDTH="21" VPOS="526" HPOS="655"/>
							<String ID="string_21" HPOS="676" VPOS="527" WIDTH="67" HEIGHT="27" WC="0.93" CONTENT="enligt"/><SP WIDTH="14" VPOS="527" HPOS="743"/>
							<String ID="string_22" HPOS="757" VPOS="527" WIDTH="11" HEIGHT="27" WC="0.91" CONTENT="&amp;"/><SP WIDTH="15" VPOS="527" HPOS="768"/>
							<String ID="string_23" HPOS="783" VPOS="527" WIDTH="27" HEIGHT="20" WC="0.96" CONTENT="38"/>
						</TextLine>
						<TextLine ID="line_5" HPOS="80" VPOS="558" WIDTH="733" HEIGHT="30">
							<String ID="string_24" HPOS="80" VPOS="559" WIDTH="6" HEIGHT="20" WC="0.93" CONTENT="i"/><SP WIDTH="15" VPOS="559" HPOS="86"/>
							<String ID="string_25" HPOS="101" VPOS="558" WIDTH="243" HEIGHT="28" WC="0.91" CONTENT="Landtdagsordningen"/><SP WIDTH="15" VPOS="558" HPOS="344"/>
							<String ID="string_26" HPOS="359" VPOS="559" WIDTH="111" HEIGHT="22" WC="0.92" CONTENT="Utskottet"/><SP WIDTH="17" VPOS="559" HPOS="470"/>
							<String ID="string_27" HPOS="487" VPOS="559" WIDTH="113" HEIGHT="28" WC="0.92" CONTENT="äliggande"/><SP WIDTH="15" VPOS="559" HPOS="600"/>
							<String ID="string_28" HPOS="615" VPOS="560" WIDTH="160" HEIGHT="28" WC="0.96" CONTENT="undersökning"/><SP WIDTH="14" VPOS="560" HPOS="775"/>
							<String ID="string_29" HPOS="789" VPOS="560" WIDTH="24" HEIGHT="21" WC="0.97" CONTENT="af"/>
						</TextLine>
						<TextLine ID="line_6" HPOS="79" VPOS="592" WIDTH="732" HEIGHT="29">
							<String ID="string_30" HPOS="79" VPOS="592" WIDTH="103" HEIGHT="22" WC="0.96" CONTENT="Finlands"/><SP WIDTH="16" VPOS="592" HPOS="182"/>
							<String ID="string_31" HPOS="198" VPOS="593" WIDTH="68" HEIGHT="21" WC="0.93" CONTENT="banks"/><SP WIDTH="16" VPOS="593" HPOS="266"/>
							<String ID="string_32" HPOS="282" VPOS="593" WIDTH="88" HEIGHT="28" WC="0.93" CONTENT="styrelse"/><SP WIDTH="19" VPOS="593" HPOS="370"/>
							<String ID="string_33" HPOS="389" VPOS="594" WIDTH="39" HEIGHT="21" WC="0.92" CONTENT="och"/><SP WIDTH="25" VPOS="594" HPOS="428"/>
							<String ID="string_34" HPOS="453" VPOS="594" WIDTH="119" HEIGHT="21" WC="0.92" CONTENT="tillständet"/><SP WIDTH="14" VPOS="594" HPOS="572"/>
							<String ID="string_35" HPOS="586" VPOS="595" WIDTH="48" HEIGHT="20" WC="0.96" CONTENT="med"/><SP WIDTH="24" VPOS="595" HPOS="634"/>
							<String ID="string_36" HPOS="658" VPOS="594" WIDTH="49" HEIGHT="21" WC="0.93" CONTENT="dess"/><SP WIDTH="22" VPOS="594" HPOS="707"/>
							<String ID="string_37" HPOS="729" VPOS="594" WIDTH="82" HEIGHT="26" WC="0.92" CONTENT="fonder,"/>
						</TextLine>
						<TextLine ID="line_7" HPOS="80" VPOS="627" WIDTH="731" HEIGHT="30">
							<String ID="string_38" HPOS="80" VPOS="627" WIDTH="33" HEIGHT="21" WC="0.96" CONTENT="får"/><SP WIDTH="15" VPOS="627" HPOS="113"/>
							<String ID="string_39" HPOS="128" VPOS="627" WIDTH="110" HEIGHT="22" WC="0.92" CONTENT="Utskottet"/><SP WIDTH="15" VPOS="627" HPOS="238"/>
							<String ID="string_40" HPOS="253" VPOS="627" WIDTH="97" HEIGHT="22" WC="0.92" CONTENT="deröfver"/><SP WIDTH="14" VPOS="627" HPOS="350"/>
							<String ID="string_41" HPOS="364" VPOS="627" WIDTH="34" HEIGHT="22" WC="0.89" CONTENT="till"/><SP WIDTH="8" VPOS="627" HPOS="398"/>
							<String ID="string_42" HPOS="406" VPOS="628" WIDTH="119" HEIGHT="21" WC="0.89" CONTENT="Ständerna"/><SP WIDTH="14" VPOS="628" HPOS="525"/>
							<String ID="string_43" HPOS="539" VPOS="628" WIDTH="80" HEIGHT="29" WC="0.80" CONTENT="afgifva"/><SP WIDTH="11" VPOS="628" HPOS="619"/>
							<String ID="string_44" HPOS="630" VPOS="629" WIDTH="95" HEIGHT="27" WC="0.93" CONTENT="följande"/><SP WIDTH="15" VPOS="629" HPOS="725"/>
							<String ID="string_45" HPOS="740" VPOS="629" WIDTH="71" HEIGHT="21" WC="0.92" CONTENT="berät-"/>
						</TextLine>
						<TextLine ID="line_8" HPOS="79" VPOS="661" WIDTH="733" HEIGHT="30">
							<String ID="string_46" HPOS="79" VPOS="661" WIDTH="61" HEIGHT="26" WC="0.90" CONTENT="telse,"/><SP WIDTH="23" VPOS="661" HPOS="140"/>
							<String ID="string_47" HPOS="163" VPOS="661" WIDTH="131" HEIGHT="22" WC="0.93" CONTENT="omfattande"/><SP WIDTH="15" VPOS="661" HPOS="294"/>
							<String ID="string_48" HPOS="309" VPOS="661" WIDTH="120" HEIGHT="28" WC="0.93" CONTENT="tidrymden"/><SP WIDTH="19" VPOS="661" HPOS="429"/>
							<String ID="string_49" HPOS="448" VPOS="662" WIDTH="48" HEIGHT="21" WC="0.96" CONTENT="från"/><SP WIDTH="22" VPOS="662" HPOS="496"/>
							<String ID="string_50" HPOS="518" VPOS="662" WIDTH="77" HEIGHT="29" WC="0.91" CONTENT="början"/><SP WIDTH="16" VPOS="662" HPOS="595"/>
							<String ID="string_51" HPOS="611" VPOS="663" WIDTH="24" HEIGHT="21" WC="0.96" CONTENT="af"/><SP WIDTH="13" VPOS="663" HPOS="635"/>
							<String ID="string_52" HPOS="648" VPOS="663" WIDTH="24" HEIGHT="21" WC="0.96" CONTENT="är"/><SP WIDTH="17" VPOS="663" HPOS="672"/>
							<String ID="string_53" HPOS="689" VPOS="663" WIDTH="53" HEIGHT="21" WC="0.93" CONTENT="1872"/><SP WIDTH="13" VPOS="663" HPOS="742"/>
							<String ID="string_54" HPOS="755" VPOS="663" WIDTH="57" HEIGHT="21" WC="0.95" CONTENT="intill"/>
						</TextLine>
						<TextLine ID="line_9" HPOS="81" VPOS="696" WIDTH="730" HEIGHT="29">
							<String ID="string_55" HPOS="81" VPOS="697" WIDTH="42" HEIGHT="20" WC="0.96" CONTENT="den"/><SP WIDTH="16" VPOS="697" HPOS="123"/>
							<String ID="string_56" HPOS="139" VPOS="697" WIDTH="25" HEIGHT="20" WC="0.95" CONTENT="31"/><SP WIDTH="12" VPOS="697" HPOS="164"/>
							<String ID="string_57" HPOS="176" VPOS="696" WIDTH="119" HEIGHT="21" WC="0.96" CONTENT="December"/><SP WIDTH="16" VPOS="696" HPOS="295"/>
							<String ID="string_58" HPOS="311" VPOS="697" WIDTH="60" HEIGHT="25" WC="0.96" CONTENT="1876,"/><SP WIDTH="14" VPOS="697" HPOS="371"/>
							<String ID="string_59" HPOS="385" VPOS="696" WIDTH="34" HEIGHT="21" WC="0.93" CONTENT="för"/><SP WIDTH="14" VPOS="696" HPOS="419"/>
							<String ID="string_60" HPOS="433" VPOS="697" WIDTH="85" HEIGHT="21" WC="0.92" CONTENT="hvilken"/><SP WIDTH="16" VPOS="697" HPOS="518"/>
							<String ID="string_61" HPOS="534" VPOS="697" WIDTH="41" HEIGHT="28" WC="0.93" CONTENT="dag"/><SP WIDTH="14" VPOS="697" HPOS="575"/>
							<String ID="string_62" HPOS="589" VPOS="697" WIDTH="96" HEIGHT="22" WC="0.92" CONTENT="bankens"/><SP WIDTH="11" VPOS="697" HPOS="685"/>
							<String ID="string_63" HPOS="696" VPOS="697" WIDTH="115" HEIGHT="22" WC="0.92" CONTENT="räkenska-"/>
						</TextLine>
						<TextLine ID="line_10" HPOS="84" VPOS="731" WIDTH="729" HEIGHT="28">
							<String ID="string_64" HPOS="84" VPOS="738" WIDTH="38" HEIGHT="20" WC="0.96" CONTENT="per"/><SP WIDTH="16" VPOS="738" HPOS="122"/>
							<String ID="string_65" HPOS="138" VPOS="733" WIDTH="72" HEIGHT="19" WC="0.96" CONTENT="senast"/><SP WIDTH="15" VPOS="733" HPOS="210"/>
							<String ID="string_66" HPOS="225" VPOS="732" WIDTH="37" HEIGHT="20" WC="0.93" CONTENT="äro"/><SP WIDTH="15" VPOS="732" HPOS="262"/>
							<String ID="string_67" HPOS="277" VPOS="731" WIDTH="112" HEIGHT="21" WC="0.91" CONTENT="afslutade."/><SP WIDTH="30" VPOS="731" HPOS="389"/>
							<String ID="string_68" HPOS="419" VPOS="731" WIDTH="40" HEIGHT="21" WC="0.96" CONTENT="Vid"/><SP WIDTH="13" VPOS="731" HPOS="459"/>
							<String ID="string_69" HPOS="472" VPOS="731" WIDTH="69" HEIGHT="21" WC="0.96" CONTENT="denna"/><SP WIDTH="10" VPOS="731" HPOS="541"/>
							<String ID="string_70" HPOS="551" VPOS="731" WIDTH="159" HEIGHT="28" WC="0.96" CONTENT="undersökning"/><SP WIDTH="10" VPOS="731" HPOS="710"/>
							<String ID="string_71" HPOS="720" VPOS="731" WIDTH="40" HEIGHT="22" WC="0.93" CONTENT="har"/><SP WIDTH="14" VPOS="731" HPOS="760"/>
							<String ID="string_72" HPOS="774" VPOS="731" WIDTH="39" HEIGHT="22" WC="0.93" CONTENT="Ut-"/>
						</TextLine>
						<TextLine ID="line_11" HPOS="81" VPOS="765" WIDTH="730" HEIGHT="28">
							<String ID="string_73" HPOS="81" VPOS="765" WIDTH="81" HEIGHT="22" WC="0.96" CONTENT="skottet"/><SP WIDTH="21" VPOS="765" HPOS="162"/>
							<String ID="string_74" HPOS="183" VPOS="765" WIDTH="46" HEIGHT="22" WC="0.93" CONTENT="icke"/><SP WIDTH="21" VPOS="765" HPOS="229"/>
							<String ID="string_75" HPOS="250" VPOS="765" WIDTH="92" HEIGHT="21" WC="0.91" CONTENT="allenast"/><SP WIDTH="22" VPOS="765" HPOS="342"/>
							<String ID="string_76" HPOS="364" VPOS="766" WIDTH="124" HEIGHT="27" WC="0.93" CONTENT="genomgått"/><SP WIDTH="13" VPOS="766" HPOS="488"/>
							<String ID="string_77" HPOS="501" VPOS="765" WIDTH="206" HEIGHT="28" WC="0.87" CONTENT="Bankfullmäktiges"/><SP WIDTH="16" VPOS="765" HPOS="707"/>
							<String ID="string_78" HPOS="723" VPOS="766" WIDTH="33" HEIGHT="21" WC="0.93" CONTENT="till"/><SP WIDTH="18" VPOS="766" HPOS="756"/>
							<String ID="string_79" HPOS="774" VPOS="766" WIDTH="37" HEIGHT="21" WC="0.93" CONTENT="Ut-"/>
						</TextLine>
						<TextLine ID="line_12" HPOS="81" VPOS="799" WIDTH="731" HEIGHT="28">
							<String ID="string_80" HPOS="81" VPOS="800" WIDTH="82" HEIGHT="21" WC="0.92" CONTENT="skottet"/><SP WIDTH="22" VPOS="800" HPOS="163"/>
							<String ID="string_81" HPOS="185" VPOS="799" WIDTH="81" HEIGHT="28" WC="0.90" CONTENT="afgifna"/><SP WIDTH="22" VPOS="799" HPOS="266"/>
							<String ID="string_82" HPOS="288" VPOS="799" WIDTH="114" HEIGHT="22" WC="0.96" CONTENT="berättelse"/><SP WIDTH="22" VPOS="799" HPOS="402"/>
							<String ID="string_83" HPOS="424" VPOS="800" WIDTH="40" HEIGHT="21" WC="0.93" CONTENT="och"/><SP WIDTH="21" VPOS="800" HPOS="464"/>
							<String ID="string_84" HPOS="485" VPOS="799" WIDTH="206" HEIGHT="22" WC="0.90" CONTENT="Bankrevisorernes"/><SP WIDTH="21" VPOS="799" HPOS="691"/>
							<String ID="string_85" HPOS="712" VPOS="800" WIDTH="35" HEIGHT="21" WC="0.93" CONTENT="för"/><SP WIDTH="14" VPOS="800" HPOS="747"/>
							<String ID="string_86" HPOS="761" VPOS="801" WIDTH="51" HEIGHT="20" WC="0.96" CONTENT="åren"/>
						</TextLine>
						<TextLine ID="line_13" HPOS="82" VPOS="833" WIDTH="730" HEIGHT="28">
							<String ID="string_87" HPOS="82" VPOS="834" WIDTH="138" HEIGHT="21" WC="0.88" CONTENT="1871—1875"/><SP WIDTH="22" VPOS="834" HPOS="220"/>
							<String ID="string_88" HPOS="242" VPOS="833" WIDTH="84" HEIGHT="22" WC="0.88" CONTENT="aflätna"/><SP WIDTH="20" VPOS="833" HPOS="326"/>
							<String ID="string_89" HPOS="346" VPOS="834" WIDTH="231" HEIGHT="21" WC="0.91" CONTENT="revisionsberättelser"/><SP WIDTH="26" VPOS="834" HPOS="577"/>
							<String ID="string_90" HPOS="603" VPOS="836" WIDTH="51" HEIGHT="19" WC="0.93" CONTENT="utan"/><SP WIDTH="23" VPOS="836" HPOS="654"/>
							<String ID="string_91" HPOS="677" VPOS="834" WIDTH="62" HEIGHT="21" WC="0.92" CONTENT="äfven"/><SP WIDTH="18" VPOS="834" HPOS="739"/>
							<String ID="string_92" HPOS="757" VPOS="834" WIDTH="55" HEIGHT="27" WC="0.96" CONTENT="tagit"/>
						</TextLine>
						<TextLine ID="line_14" HPOS="80" VPOS="867" WIDTH="731" HEIGHT="28">
							<String ID="string_93" HPOS="80" VPOS="867" WIDTH="122" HEIGHT="22" WC="0.90" CONTENT="kännedom"/><SP WIDTH="23" VPOS="867" HPOS="202"/>
							<String ID="string_94" HPOS="225" VPOS="875" WIDTH="34" HEIGHT="13" WC="0.94" CONTENT="om"/><SP WIDTH="23" VPOS="875" HPOS="259"/>
							<String ID="string_95" HPOS="282" VPOS="867" WIDTH="25" HEIGHT="21" WC="0.94" CONTENT="de"/><SP WIDTH="18" VPOS="867" HPOS="307"/>
							<String ID="string_96" HPOS="325" VPOS="867" WIDTH="39" HEIGHT="21" WC="0.93" CONTENT="hos"/><SP WIDTH="22" VPOS="867" HPOS="364"/>
							<String ID="string_97" HPOS="386" VPOS="868" WIDTH="141" HEIGHT="27" WC="0.92" CONTENT="Fullmäktige"/><SP WIDTH="15" VPOS="868" HPOS="527"/>
							<String ID="string_98" HPOS="542" VPOS="868" WIDTH="63" HEIGHT="21" WC="0.92" CONTENT="förda"/><SP WIDTH="18" VPOS="868" HPOS="605"/>
							<String ID="string_99" HPOS="623" VPOS="869" WIDTH="109" HEIGHT="26" WC="0.91" CONTENT="protokoll"/><SP WIDTH="11" VPOS="869" HPOS="732"/>
							<String ID="string_100" HPOS="743" VPOS="869" WIDTH="68" HEIGHT="26" WC="0.92" CONTENT="jemte"/>
						</TextLine>
						<TextLine ID="line_15" HPOS="79" VPOS="901" WIDTH="732" HEIGHT="28">
							<String ID="string_101" HPOS="79" VPOS="901" WIDTH="33" HEIGHT="21" WC="0.94" CONTENT="till"/><SP WIDTH="16" VPOS="901" HPOS="112"/>
							<String ID="string_102" HPOS="128" VPOS="901" WIDTH="63" HEIGHT="22" WC="0.93" CONTENT="dessa"/><SP WIDTH="17" VPOS="901" HPOS="191"/>
							<String ID="string_103" HPOS="208" VPOS="902" WIDTH="95" HEIGHT="21" WC="0.96" CONTENT="hörande"/><SP WIDTH="18" VPOS="902" HPOS="303"/>
							<String ID="string_104" HPOS="321" VPOS="901" WIDTH="89" HEIGHT="28" WC="0.96" CONTENT="bilagor,"/><SP WIDTH="19" VPOS="901" HPOS="410"/>
							<String ID="string_105" HPOS="429" VPOS="902" WIDTH="37" HEIGHT="21" WC="0.93" CONTENT="der"/><SP WIDTH="19" VPOS="902" HPOS="466"/>
							<String ID="string_106" HPOS="485" VPOS="902" WIDTH="76" HEIGHT="21" WC="0.96" CONTENT="sådant"/><SP WIDTH="22" VPOS="902" HPOS="561"/>
							<String ID="string_107" HPOS="583" VPOS="904" WIDTH="81" HEIGHT="19" WC="0.93" CONTENT="ansetts"/><SP WIDTH="23" VPOS="904" HPOS="664"/>
							<String ID="string_108" HPOS="687" VPOS="903" WIDTH="76" HEIGHT="26" WC="0.91" CONTENT="nödigt"/><SP WIDTH="14" VPOS="903" HPOS="763"/>
							<String ID="string_109" HPOS="777" VPOS="902" WIDTH="34" HEIGHT="21" WC="0.94" CONTENT="för"/>
						</TextLine>
						<TextLine ID="line_16" HPOS="82" VPOS="935" WIDTH="730" HEIGHT="29">
							<String ID="string_110" HPOS="82" VPOS="935" WIDTH="123" HEIGHT="22" WC="0.92" CONTENT="erhällande"/><SP WIDTH="16" VPOS="935" HPOS="205"/>
							<String ID="string_111" HPOS="221" VPOS="936" WIDTH="24" HEIGHT="21" WC="0.93" CONTENT="af"/><SP WIDTH="13" VPOS="936" HPOS="245"/>
							<String ID="string_112" HPOS="258" VPOS="936" WIDTH="128" HEIGHT="28" WC="0.91" CONTENT="upplysning"/><SP WIDTH="19" VPOS="936" HPOS="386"/>
							<String ID="string_113" HPOS="405" VPOS="943" WIDTH="35" HEIGHT="14" WC="0.93" CONTENT="om"/><SP WIDTH="15" VPOS="943" HPOS="440"/>
							<String ID="string_114" HPOS="455" VPOS="936" WIDTH="72" HEIGHT="21" WC="0.91" CONTENT="skälen"/><SP WIDTH="16" VPOS="936" HPOS="527"/>
							<String ID="string_115" HPOS="543" VPOS="936" WIDTH="34" HEIGHT="21" WC="0.96" CONTENT="för"/><SP WIDTH="14" VPOS="936" HPOS="577"/>
							<String ID="string_116" HPOS="591" VPOS="937" WIDTH="26" HEIGHT="20" WC="0.96" CONTENT="de"/><SP WIDTH="16" VPOS="937" HPOS="617"/>
							<String ID="string_117" HPOS="633" VPOS="936" WIDTH="24" HEIGHT="21" WC="0.93" CONTENT="af"/><SP WIDTH="12" VPOS="936" HPOS="657"/>
							<String ID="string_118" HPOS="669" VPOS="936" WIDTH="143" HEIGHT="28" WC="0.92" CONTENT="Fullmäktige"/>
						</TextLine>
						<TextLine ID="line_17" HPOS="81" VPOS="969" WIDTH="730" HEIGHT="30">
							<String ID="string_119" HPOS="81" VPOS="970" WIDTH="101" HEIGHT="28" WC="0.92" CONTENT="vidtagna"/><SP WIDTH="15" VPOS="970" HPOS="182"/>
							<String ID="string_120" HPOS="197" VPOS="970" WIDTH="70" HEIGHT="21" WC="0.96" CONTENT="beslut"/><SP WIDTH="15" VPOS="970" HPOS="267"/>
							<String ID="string_121" HPOS="282" VPOS="970" WIDTH="39" HEIGHT="21" WC="0.93" CONTENT="och"/><SP WIDTH="16" VPOS="970" HPOS="321"/>
							<String ID="string_122" HPOS="337" VPOS="969" WIDTH="147" HEIGHT="29" WC="0.92" CONTENT="förfoganden;"/><SP WIDTH="15" VPOS="969" HPOS="484"/>
							<String ID="string_123" HPOS="499" VPOS="971" WIDTH="40" HEIGHT="21" WC="0.96" CONTENT="och"/><SP WIDTH="11" VPOS="971" HPOS="539"/>
							<String ID="string_124" HPOS="550" VPOS="977" WIDTH="46" HEIGHT="15" WC="0.93" CONTENT="som"/><SP WIDTH="11" VPOS="977" HPOS="596"/>
							<String ID="string_125" HPOS="607" VPOS="971" WIDTH="153" HEIGHT="28" WC="0.92" CONTENT="Fullmäktiges"/><SP WIDTH="15" VPOS="971" HPOS="760"/>
							<String ID="string_126" HPOS="775" VPOS="971" WIDTH="36" HEIGHT="21" WC="0.91" CONTENT="be-"/>
						</TextLine>
						<TextLine ID="line_18" HPOS="81" VPOS="1005" WIDTH="732" HEIGHT="26">
							<String ID="string_127" HPOS="81" VPOS="1005" WIDTH="95" HEIGHT="26" WC="0.96" CONTENT="rättelse,"/><SP WIDTH="16" VPOS="1005" HPOS="176"/>
							<String ID="string_128" HPOS="192" VPOS="1005" WIDTH="84" HEIGHT="21" WC="0.95" CONTENT="hvilken"/><SP WIDTH="18" VPOS="1005" HPOS="276"/>
							<String ID="string_129" HPOS="294" VPOS="1005" WIDTH="67" HEIGHT="21" WC="0.93" CONTENT="redan"/><SP WIDTH="17" VPOS="1005" HPOS="361"/>
							<String ID="string_130" HPOS="378" VPOS="1005" WIDTH="70" HEIGHT="21" WC="0.96" CONTENT="blifvit"/><SP WIDTH="17" VPOS="1005" HPOS="448"/>
							<String ID="string_131" HPOS="465" VPOS="1005" WIDTH="64" HEIGHT="22" WC="0.79" CONTENT="bland"/><SP WIDTH="22" VPOS="1005" HPOS="529"/>
							<String ID="string_132" HPOS="551" VPOS="1005" WIDTH="105" HEIGHT="22" WC="0.92" CONTENT="Ständens"/><SP WIDTH="17" VPOS="1005" HPOS="656"/>
							<String ID="string_133" HPOS="673" VPOS="1005" WIDTH="140" HEIGHT="22" WC="0.96" CONTENT="medlemmar"/>
						</TextLine>
						<TextLine ID="line_19" HPOS="83" VPOS="1039" WIDTH="730" HEIGHT="28">
							<String ID="string_134" HPOS="83" VPOS="1040" WIDTH="94" HEIGHT="26" WC="0.96" CONTENT="utdelad,"/><SP WIDTH="22" VPOS="1040" HPOS="177"/>
							<String ID="string_135" HPOS="199" VPOS="1040" WIDTH="116" HEIGHT="21" WC="0.95" CONTENT="innefattar"/><SP WIDTH="20" VPOS="1040" HPOS="315"/>
							<String ID="string_136" HPOS="335" VPOS="1039" WIDTH="135" HEIGHT="28" WC="0.96" CONTENT="redogörelse"/><SP WIDTH="20" VPOS="1039" HPOS="470"/>
							<String ID="string_137" HPOS="490" VPOS="1039" WIDTH="34" HEIGHT="22" WC="0.97" CONTENT="för"/><SP WIDTH="15" VPOS="1039" HPOS="524"/>
							<String ID="string_138" HPOS="539" VPOS="1040" WIDTH="36" HEIGHT="21" WC="0.93" CONTENT="det"/><SP WIDTH="21" VPOS="1040" HPOS="575"/>
							<String ID="string_139" HPOS="596" VPOS="1039" WIDTH="171" HEIGHT="28" WC="0.45" CONTENT="hufvudsaklisa,"/><SP WIDTH="22" VPOS="1039" HPOS="767"/>
							<String ID="string_140" HPOS="789" VPOS="1040" WIDTH="24" HEIGHT="21" WC="0.96" CONTENT="af"/>
						</TextLine>
						<TextLine ID="line_20" HPOS="81" VPOS="1073" WIDTH="731" HEIGHT="29">
							<String ID="string_141" HPOS="81" VPOS="1074" WIDTH="56" HEIGHT="21" WC="0.92" CONTENT="hvad"/><SP WIDTH="17" VPOS="1074" HPOS="137"/>
							<String ID="string_142" HPOS="154" VPOS="1073" WIDTH="34" HEIGHT="22" WC="0.93" CONTENT="vid"/><SP WIDTH="17" VPOS="1073" HPOS="188"/>
							<String ID="string_143" HPOS="205" VPOS="1074" WIDTH="93" HEIGHT="21" WC="0.90" CONTENT="bankens"/><SP WIDTH="16" VPOS="1074" HPOS="298"/>
							<String ID="string_144" HPOS="314" VPOS="1074" WIDTH="88" HEIGHT="28" WC="0.92" CONTENT="styrelse"/><SP WIDTH="15" VPOS="1074" HPOS="402"/>
							<String ID="string_145" HPOS="417" VPOS="1075" WIDTH="40" HEIGHT="20" WC="0.96" CONTENT="och"/><SP WIDTH="10" VPOS="1075" HPOS="457"/>
							<String ID="string_146" HPOS="467" VPOS="1074" WIDTH="130" HEIGHT="27" WC="0.93" CONTENT="förvaltning"/><SP WIDTH="9" VPOS="1074" HPOS="597"/>
							<String ID="string_147" HPOS="606" VPOS="1073" WIDTH="143" HEIGHT="26" WC="0.92" CONTENT="förekommit,"/><SP WIDTH="9" VPOS="1073" HPOS="749"/>
							<String ID="string_148" HPOS="758" VPOS="1081" WIDTH="54" HEIGHT="19" WC="0.93" CONTENT="upp-"/>
						</TextLine>
						<TextLine ID="line_21" HPOS="82" VPOS="1107" WIDTH="729" HEIGHT="28">
							<String ID="string_149" HPOS="82" VPOS="1110" WIDTH="60" HEIGHT="25" WC="0.93" CONTENT="tagas"/><SP WIDTH="18" VPOS="1110" HPOS="142"/>
							<String ID="string_150" HPOS="160" VPOS="1107" WIDTH="40" HEIGHT="22" WC="0.96" CONTENT="här"/><SP WIDTH="18" VPOS="1107" HPOS="200"/>
							<String ID="string_151" HPOS="218" VPOS="1107" WIDTH="76" HEIGHT="22" WC="0.93" CONTENT="endast"/><SP WIDTH="18" VPOS="1107" HPOS="294"/>
							<String ID="string_152" HPOS="312" VPOS="1108" WIDTH="81" HEIGHT="21" WC="0.91" CONTENT="sädana"/><SP WIDTH="20" VPOS="1108" HPOS="393"/>
							<String ID="string_153" HPOS="413" VPOS="1107" WIDTH="73" HEIGHT="28" WC="0.91" CONTENT="frägor"/><SP WIDTH="21" VPOS="1107" HPOS="486"/>
							<String ID="string_154" HPOS="507" VPOS="1108" WIDTH="40" HEIGHT="21" WC="0.93" CONTENT="och"/><SP WIDTH="19" VPOS="1108" HPOS="547"/>
							<String ID="string_155" HPOS="566" VPOS="1107" WIDTH="99" HEIGHT="26" WC="0.90" CONTENT="ärenden,"/><SP WIDTH="18" VPOS="1107" HPOS="665"/>
							<String ID="string_156" HPOS="683" VPOS="1107" WIDTH="72" HEIGHT="22" WC="0.92" CONTENT="hvilka"/><SP WIDTH="17" VPOS="1107" HPOS="755"/>
							<String ID="string_157" HPOS="772" VPOS="1107" WIDTH="39" HEIGHT="20" WC="0.92" CONTENT="Ut-"/>
						</TextLine>
						<TextLine ID="line_22" HPOS="82" VPOS="1141" WIDTH="729" HEIGHT="28">
							<String ID="string_158" HPOS="82" VPOS="1143" WIDTH="80" HEIGHT="20" WC="0.92" CONTENT="skottet"/><SP WIDTH="15" VPOS="1143" HPOS="162"/>
							<String ID="string_159" HPOS="177" VPOS="1143" WIDTH="69" HEIGHT="20" WC="0.93" CONTENT="ansett"/><SP WIDTH="15" VPOS="1143" HPOS="246"/>
							<String ID="string_160" HPOS="261" VPOS="1141" WIDTH="54" HEIGHT="22" WC="0.92" CONTENT="böra"/><SP WIDTH="11" VPOS="1141" HPOS="315"/>
							<String ID="string_161" HPOS="326" VPOS="1141" WIDTH="66" HEIGHT="22" WC="0.90" CONTENT="blifva"/><SP WIDTH="11" VPOS="1141" HPOS="392"/>
							<String ID="string_162" HPOS="403" VPOS="1142" WIDTH="89" HEIGHT="21" WC="0.93" CONTENT="föremäl"/><SP WIDTH="12" VPOS="1142" HPOS="492"/>
							<String ID="string_163" HPOS="504" VPOS="1141" WIDTH="33" HEIGHT="22" WC="0.96" CONTENT="för"/><SP WIDTH="12" VPOS="1141" HPOS="537"/>
							<String ID="string_164" HPOS="549" VPOS="1149" WIDTH="26" HEIGHT="14" WC="0.93" CONTENT="en"/><SP WIDTH="10" VPOS="1149" HPOS="575"/>
							<String ID="string_165" HPOS="585" VPOS="1143" WIDTH="98" HEIGHT="20" WC="0.92" CONTENT="närmare"/><SP WIDTH="9" VPOS="1143" HPOS="683"/>
							<String ID="string_166" HPOS="692" VPOS="1141" WIDTH="119" HEIGHT="28" WC="0.91" CONTENT="belysning."/>
						</TextLine>
					</TextBlock>
					<TextBlock ID="block_3" HPOS="81" VPOS="1175" WIDTH="731" HEIGHT="335">
						<TextLine ID="line_23" HPOS="137" VPOS="1175" WIDTH="674" HEIGHT="28">
							<String ID="string_167" HPOS="137" VPOS="1176" WIDTH="47" HEIGHT="20" WC="0.92" CONTENT="Den"/><SP WIDTH="21" VPOS="1176" HPOS="184"/>
							<String ID="string_168" HPOS="205" VPOS="1175" WIDTH="125" HEIGHT="27" WC="0.92" CONTENT="tidsperiod,"/><SP WIDTH="19" VPOS="1175" HPOS="330"/>
							<String ID="string_169" HPOS="349" VPOS="1183" WIDTH="44" HEIGHT="14" WC="0.93" CONTENT="som"/><SP WIDTH="21" VPOS="1183" HPOS="393"/>
							<String ID="string_170" HPOS="414" VPOS="1175" WIDTH="120" HEIGHT="22" WC="0.91" CONTENT="Utskottets"/><SP WIDTH="19" VPOS="1175" HPOS="534"/>
							<String ID="string_171" HPOS="553" VPOS="1176" WIDTH="130" HEIGHT="27" WC="0.92" CONTENT="granskning"/><SP WIDTH="18" VPOS="1176" HPOS="683"/>
							<String ID="string_172" HPOS="701" VPOS="1176" WIDTH="110" HEIGHT="25" WC="0.96" CONTENT="omfattar,"/>
						</TextLine>
						<TextLine ID="line_24" HPOS="82" VPOS="1209" WIDTH="729" HEIGHT="28">
							<String ID="string_173" HPOS="82" VPOS="1209" WIDTH="39" HEIGHT="20" WC="0.84" CONTENT="har"/><SP WIDTH="18" VPOS="1209" HPOS="121"/>
							<String ID="string_174" HPOS="139" VPOS="1209" WIDTH="35" HEIGHT="21" WC="0.96" CONTENT="för"/><SP WIDTH="18" VPOS="1209" HPOS="174"/>
							<String ID="string_175" HPOS="192" VPOS="1209" WIDTH="102" HEIGHT="21" WC="0.96" CONTENT="Finlands"/><SP WIDTH="18" VPOS="1209" HPOS="294"/>
							<String ID="string_176" HPOS="312" VPOS="1209" WIDTH="68" HEIGHT="21" WC="0.96" CONTENT="banks"/><SP WIDTH="18" VPOS="1209" HPOS="380"/>
							<String ID="string_177" HPOS="398" VPOS="1210" WIDTH="121" HEIGHT="27" WC="0.96" CONTENT="utveckling"/><SP WIDTH="18" VPOS="1210" HPOS="519"/>
							<String ID="string_178" HPOS="537" VPOS="1217" WIDTH="26" HEIGHT="14" WC="0.96" CONTENT="en"/><SP WIDTH="22" VPOS="1217" HPOS="563"/>
							<String ID="string_179" HPOS="585" VPOS="1209" WIDTH="91" HEIGHT="22" WC="0.96" CONTENT="särskild"/><SP WIDTH="19" VPOS="1209" HPOS="676"/>
							<String ID="string_180" HPOS="695" VPOS="1209" WIDTH="116" HEIGHT="28" WC="0.96" CONTENT="betydelse,"/>
						</TextLine>
						<TextLine ID="line_25" HPOS="83" VPOS="1243" WIDTH="729" HEIGHT="28">
							<String ID="string_181" HPOS="83" VPOS="1243" WIDTH="88" HEIGHT="22" WC="0.92" CONTENT="emedan"/><SP WIDTH="21" VPOS="1243" HPOS="171"/>
							<String ID="string_182" HPOS="192" VPOS="1243" WIDTH="106" HEIGHT="22" WC="0.92" CONTENT="derunder"/><SP WIDTH="23" VPOS="1243" HPOS="298"/>
							<String ID="string_183" HPOS="321" VPOS="1243" WIDTH="36" HEIGHT="22" WC="0.96" CONTENT="det"/><SP WIDTH="16" VPOS="1243" HPOS="357"/>
							<String ID="string_184" HPOS="373" VPOS="1243" WIDTH="35" HEIGHT="21" WC="0.96" CONTENT="vid"/><SP WIDTH="16" VPOS="1243" HPOS="408"/>
							<String ID="string_185" HPOS="424" VPOS="1244" WIDTH="54" HEIGHT="20" WC="0.93" CONTENT="1872"/><SP WIDTH="14" VPOS="1244" HPOS="478"/>
							<String ID="string_186" HPOS="492" VPOS="1245" WIDTH="35" HEIGHT="20" WC="0.92" CONTENT="ärs"/><SP WIDTH="15" VPOS="1245" HPOS="527"/>
							<String ID="string_187" HPOS="542" VPOS="1243" WIDTH="102" HEIGHT="28" WC="0.91" CONTENT="landtdag"/><SP WIDTH="15" VPOS="1243" HPOS="644"/>
							<String ID="string_188" HPOS="659" VPOS="1245" WIDTH="94" HEIGHT="25" WC="0.92" CONTENT="antagna"/><SP WIDTH="14" VPOS="1245" HPOS="753"/>
							<String ID="string_189" HPOS="767" VPOS="1243" WIDTH="45" HEIGHT="20" WC="0.93" CONTENT="för-"/>
						</TextLine>
						<TextLine ID="line_26" HPOS="82" VPOS="1277" WIDTH="729" HEIGHT="28">
							<String ID="string_190" HPOS="82" VPOS="1277" WIDTH="46" HEIGHT="28" WC="0.94" CONTENT="slag"/><SP WIDTH="18" VPOS="1277" HPOS="128"/>
							<String ID="string_191" HPOS="146" VPOS="1277" WIDTH="33" HEIGHT="21" WC="0.93" CONTENT="till"/><SP WIDTH="18" VPOS="1277" HPOS="179"/>
							<String ID="string_192" HPOS="197" VPOS="1277" WIDTH="128" HEIGHT="28" WC="0.92" CONTENT="reglemente"/><SP WIDTH="20" VPOS="1277" HPOS="325"/>
							<String ID="string_193" HPOS="345" VPOS="1277" WIDTH="34" HEIGHT="22" WC="0.93" CONTENT="för"/><SP WIDTH="17" VPOS="1277" HPOS="379"/>
							<String ID="string_194" HPOS="396" VPOS="1277" WIDTH="84" HEIGHT="22" WC="0.91" CONTENT="banken"/><SP WIDTH="16" VPOS="1277" HPOS="480"/>
							<String ID="string_195" HPOS="496" VPOS="1278" WIDTH="76" HEIGHT="21" WC="0.91" CONTENT="vunnit"/><SP WIDTH="19" VPOS="1278" HPOS="572"/>
							<String ID="string_196" HPOS="591" VPOS="1277" WIDTH="64" HEIGHT="28" WC="0.93" CONTENT="nädig"/><SP WIDTH="17" VPOS="1277" HPOS="655"/>
							<String ID="string_197" HPOS="672" VPOS="1277" WIDTH="139" HEIGHT="21" WC="0.92" CONTENT="stadfästelse"/>
						</TextLine>
						<TextLine ID="line_27" HPOS="83" VPOS="1308" WIDTH="728" HEIGHT="32">
							<String ID="string_198" HPOS="83" VPOS="1311" WIDTH="40" HEIGHT="22" WC="0.93" CONTENT="och"/><SP WIDTH="15" VPOS="1311" HPOS="123"/>
							<String ID="string_199" HPOS="138" VPOS="1311" WIDTH="58" HEIGHT="22" WC="0.93" CONTENT="trädt"/><SP WIDTH="14" VPOS="1311" HPOS="196"/>
							<String ID="string_200" HPOS="210" VPOS="1312" WIDTH="7" HEIGHT="21" WC="0.96" CONTENT="i"/><SP WIDTH="15" VPOS="1312" HPOS="217"/>
							<String ID="string_201" HPOS="232" VPOS="1311" WIDTH="98" HEIGHT="29" WC="0.96" CONTENT="gällande"/><SP WIDTH="14" VPOS="1311" HPOS="330"/>
							<String ID="string_202" HPOS="344" VPOS="1311" WIDTH="59" HEIGHT="21" WC="0.93" CONTENT="kraft"/><SP WIDTH="14" VPOS="1311" HPOS="403"/>
							<String ID="string_203" HPOS="417" VPOS="1308" WIDTH="67" HEIGHT="25" WC="0.82" CONTENT="den&#39;1"/><SP WIDTH="16" VPOS="1308" HPOS="484"/>
							<String ID="string_204" HPOS="500" VPOS="1311" WIDTH="90" HEIGHT="22" WC="0.96" CONTENT="Januari"/><SP WIDTH="17" VPOS="1311" HPOS="590"/>
							<String ID="string_205" HPOS="607" VPOS="1312" WIDTH="59" HEIGHT="21" WC="0.93" CONTENT="1876."/><SP WIDTH="20" VPOS="1312" HPOS="666"/>
							<String ID="string_206" HPOS="686" VPOS="1311" WIDTH="33" HEIGHT="21" WC="0.96" CONTENT="Då"/><SP WIDTH="15" VPOS="1311" HPOS="719"/>
							<String ID="string_207" HPOS="734" VPOS="1318" WIDTH="77" HEIGHT="20" WC="0.96" CONTENT="genom"/>
						</TextLine>
						<TextLine ID="line_28" HPOS="84" VPOS="1345" WIDTH="728" HEIGHT="27">
							<String ID="string_208" HPOS="84" VPOS="1346" WIDTH="70" HEIGHT="20" WC="0.93" CONTENT="denna"/><SP WIDTH="13" VPOS="1346" HPOS="154"/>
							<String ID="string_209" HPOS="167" VPOS="1345" WIDTH="128" HEIGHT="27" WC="0.92" CONTENT="författning"/><SP WIDTH="15" VPOS="1345" HPOS="295"/>
							<String ID="string_210" HPOS="310" VPOS="1345" WIDTH="118" HEIGHT="26" WC="0.91" CONTENT="väsentliga"/><SP WIDTH="15" VPOS="1345" HPOS="428"/>
							<String ID="string_211" HPOS="443" VPOS="1345" WIDTH="39" HEIGHT="20" WC="0.93" CONTENT="och"/><SP WIDTH="14" VPOS="1345" HPOS="482"/>
							<String ID="string_212" HPOS="496" VPOS="1345" WIDTH="180" HEIGHT="27" WC="0.92" CONTENT="genomgripande"/><SP WIDTH="15" VPOS="1345" HPOS="676"/>
							<String ID="string_213" HPOS="691" VPOS="1345" WIDTH="121" HEIGHT="21" WC="0.92" CONTENT="förändrin-"/>
						</TextLine>
						<TextLine ID="line_29" HPOS="83" VPOS="1378" WIDTH="726" HEIGHT="28">
							<String ID="string_214" HPOS="83" VPOS="1386" WIDTH="38" HEIGHT="20" WC="0.93" CONTENT="gar"/><SP WIDTH="14" VPOS="1386" HPOS="121"/>
							<String ID="string_215" HPOS="135" VPOS="1378" WIDTH="71" HEIGHT="21" WC="0.95" CONTENT="blifvit"/><SP WIDTH="14" VPOS="1378" HPOS="206"/>
							<String ID="string_216" HPOS="220" VPOS="1378" WIDTH="100" HEIGHT="28" WC="0.96" CONTENT="vidtagna"/><SP WIDTH="14" VPOS="1378" HPOS="320"/>
							<String ID="string_217" HPOS="334" VPOS="1379" WIDTH="7" HEIGHT="20" WC="0.93" CONTENT="i"/><SP WIDTH="14" VPOS="1379" HPOS="341"/>
							<String ID="string_218" HPOS="355" VPOS="1378" WIDTH="100" HEIGHT="27" WC="0.93" CONTENT="reglorna"/><SP WIDTH="9" VPOS="1378" HPOS="455"/>
							<String ID="string_219" HPOS="464" VPOS="1379" WIDTH="34" HEIGHT="20" WC="0.93" CONTENT="för"/><SP WIDTH="7" VPOS="1379" HPOS="498"/>
							<String ID="string_220" HPOS="505" VPOS="1379" WIDTH="95" HEIGHT="21" WC="0.96" CONTENT="bankens"/><SP WIDTH="10" VPOS="1379" HPOS="600"/>
							<String ID="string_221" HPOS="610" VPOS="1378" WIDTH="133" HEIGHT="21" WC="0.96" CONTENT="verksamhet"/><SP WIDTH="10" VPOS="1378" HPOS="743"/>
							<String ID="string_222" HPOS="753" VPOS="1380" WIDTH="56" HEIGHT="19" WC="0.95" CONTENT="samt"/>
						</TextLine>
						<TextLine ID="line_30" HPOS="82" VPOS="1407" WIDTH="729" HEIGHT="34">
							<String ID="string_223" HPOS="82" VPOS="1412" WIDTH="163" HEIGHT="29" WC="0.83" CONTENT="tillämpningen"/><SP WIDTH="15" VPOS="1412" HPOS="245"/>
							<String ID="string_224" HPOS="260" VPOS="1413" WIDTH="24" HEIGHT="21" WC="0.93" CONTENT="af"/><SP WIDTH="12" VPOS="1413" HPOS="284"/>
							<String ID="string_225" HPOS="296" VPOS="1413" WIDTH="108" HEIGHT="21" WC="0.93" CONTENT="desamma"/><SP WIDTH="19" VPOS="1413" HPOS="404"/>
							<String ID="string_226" HPOS="423" VPOS="1414" WIDTH="57" HEIGHT="20" WC="0.93" CONTENT="ännu"/><SP WIDTH="20" VPOS="1414" HPOS="480"/>
							<String ID="string_227" HPOS="500" VPOS="1413" WIDTH="47" HEIGHT="21" WC="0.93" CONTENT="icke"/><SP WIDTH="18" VPOS="1413" HPOS="547"/>
							<String ID="string_228" HPOS="565" VPOS="1407" WIDTH="77" HEIGHT="27" WC="0.96" CONTENT="hunnit"/><SP WIDTH="23" VPOS="1407" HPOS="642"/>
							<String ID="string_229" HPOS="665" VPOS="1419" WIDTH="77" HEIGHT="21" WC="0.93" CONTENT="genom"/><SP WIDTH="15" VPOS="1419" HPOS="742"/>
							<String ID="string_230" HPOS="757" VPOS="1412" WIDTH="54" HEIGHT="21" WC="0.91" CONTENT="erfa-"/>
						</TextLine>
						<TextLine ID="line_31" HPOS="83" VPOS="1447" WIDTH="728" HEIGHT="28">
							<String ID="string_231" HPOS="83" VPOS="1447" WIDTH="102" HEIGHT="22" WC="0.93" CONTENT="renheten"/><SP WIDTH="15" VPOS="1447" HPOS="185"/>
							<String ID="string_232" HPOS="200" VPOS="1447" WIDTH="93" HEIGHT="28" WC="0.92" CONTENT="stadgas,"/><SP WIDTH="15" VPOS="1447" HPOS="293"/>
							<String ID="string_233" HPOS="308" VPOS="1448" WIDTH="39" HEIGHT="21" WC="0.93" CONTENT="har"/><SP WIDTH="12" VPOS="1448" HPOS="347"/>
							<String ID="string_234" HPOS="359" VPOS="1447" WIDTH="111" HEIGHT="22" WC="0.93" CONTENT="Utskottet"/><SP WIDTH="13" VPOS="1447" HPOS="470"/>
							<String ID="string_235" HPOS="483" VPOS="1448" WIDTH="71" HEIGHT="21" WC="0.93" CONTENT="ansett"/><SP WIDTH="15" VPOS="1448" HPOS="554"/>
							<String ID="string_236" HPOS="569" VPOS="1454" WIDTH="25" HEIGHT="15" WC="0.96" CONTENT="en"/><SP WIDTH="15" VPOS="1454" HPOS="594"/>
							<String ID="string_237" HPOS="609" VPOS="1447" WIDTH="158" HEIGHT="27" WC="0.93" CONTENT="framställning"/><SP WIDTH="14" VPOS="1447" HPOS="767"/>
							<String ID="string_238" HPOS="781" VPOS="1447" WIDTH="30" HEIGHT="21" WC="0.92" CONTENT="äf-"/>
						</TextLine>
						<TextLine ID="line_32" HPOS="81" VPOS="1481" WIDTH="730" HEIGHT="29">
							<String ID="string_239" HPOS="81" VPOS="1489" WIDTH="41" HEIGHT="15" WC="0.96" CONTENT="ven"/><SP WIDTH="15" VPOS="1489" HPOS="122"/>
							<String ID="string_240" HPOS="137" VPOS="1482" WIDTH="24" HEIGHT="21" WC="0.96" CONTENT="af"/><SP WIDTH="12" VPOS="1482" HPOS="161"/>
							<String ID="string_241" HPOS="173" VPOS="1481" WIDTH="27" HEIGHT="22" WC="0.97" CONTENT="de"/><SP WIDTH="14" VPOS="1481" HPOS="200"/>
							<String ID="string_242" HPOS="214" VPOS="1482" WIDTH="57" HEIGHT="21" WC="0.93" CONTENT="olika"/><SP WIDTH="15" VPOS="1482" HPOS="271"/>
							<String ID="string_243" HPOS="286" VPOS="1481" WIDTH="115" HEIGHT="28" WC="0.92" CONTENT="meningar,"/><SP WIDTH="15" VPOS="1481" HPOS="401"/>
							<String ID="string_244" HPOS="416" VPOS="1489" WIDTH="46" HEIGHT="15" WC="0.97" CONTENT="som"/><SP WIDTH="14" VPOS="1489" HPOS="462"/>
							<String ID="string_245" HPOS="476" VPOS="1481" WIDTH="7" HEIGHT="22" WC="0.93" CONTENT="i"/><SP WIDTH="15" VPOS="1481" HPOS="483"/>
							<String ID="string_246" HPOS="498" VPOS="1481" WIDTH="103" HEIGHT="29" WC="0.92" CONTENT="vigtigare"/><SP WIDTH="14" VPOS="1481" HPOS="601"/>
							<String ID="string_247" HPOS="615" VPOS="1481" WIDTH="72" HEIGHT="29" WC="0.92" CONTENT="frägor"/><SP WIDTH="14" VPOS="1481" HPOS="687"/>
							<String ID="string_248" HPOS="701" VPOS="1482" WIDTH="58" HEIGHT="22" WC="0.93" CONTENT="inom"/><SP WIDTH="13" VPOS="1482" HPOS="759"/>
							<String ID="string_249" HPOS="772" VPOS="1481" WIDTH="39" HEIGHT="22" WC="0.92" CONTENT="Ut-"/>
						</TextLine>
					</TextBlock>
					<TextBlock ID="block_4" HPOS="129" VPOS="1521" WIDTH="275" HEIGHT="20">
						<TextLine ID="line_33" HPOS="129" VPOS="1521" WIDTH="275" HEIGHT="20">
							<String ID="string_250" HPOS="129" VPOS="1521" WIDTH="153" HEIGHT="20" WC="0.92" CONTENT="Bankutskottets"/><SP WIDTH="14" VPOS="1521" HPOS="282"/>
							<String ID="string_251" HPOS="296" VPOS="1522" WIDTH="108" HEIGHT="19" WC="0.96" CONTENT="Berättelse."/>
						</TextLine>
					</TextBlock>
				</ComposedBlock>
			</PrintSpace>
		</Page>
	</Layout>
</alto>
