1045 1703
422 158 79 21 XVII.
782 159 27 20 25

168 400 146 24 Relation
330 401 89 23 rörande
434 401 82 23 inlösen
532 402 23 23 af
569 401 75 29 Haugö
657 402 99 28 jernväg.

160 465 69 21 Sedan
245 465 121 27 Kejserliga
382 466 98 26 Senaten,
490 466 54 21 efter
556 466 72 21 dertill
639 466 115 21 utverkadt
764 465 75 27 nädigt

87 500 104 25 tillständ,
215 500 91 20 medelst
324 500 119 21 resolution
461 500 23 21 af
498 500 40 21 den
556 501 25 20 10
596 500 121 21 November
734 500 53 21 1869
802 499 37 21 be-

89 534 62 27 viljat
166 534 127 21 koncession
309 534 33 22 för
358 535 100 21 bildande
474 534 23 21 af
509 536 31 20 ett
551 534 122 27 aktiebolag
683 534 34 22 för
727 534 112 26 byggande

87 568 23 21 af
132 575 24 15 en
181 568 116 22 lokomotiv
318 569 90 27 jernväg
430 570 90 20 emellan
539 569 76 26 Hangö
635 569 64 21 hamn
715 568 38 21 och
768 568 71 26 någon

86 603 70 27 punkt
175 603 36 21 vid
230 603 298 27 Helsingfors—Tavastehns
545 604 105 26 jernbana
664 604 48 20 med
728 603 7 20 i
750 603 89 20 konces-

87 637 206 21 sionsresolutionen
316 637 116 27 medgifvet
454 638 104 20 nominelt
576 636 224 28 anlägenineskapital
818 636 24 21 af

87 672 27 20 28
131 672 99 25 miljoner
245 672 80 20 Finska
340 672 67 25 mark,
423 672 76 20 hvaraf
514 673 12 19 8
542 672 97 26 miljoner
654 672 7 20 i
677 672 69 20 aktier
762 671 39 20 och
812 671 27 20 20

87 705 98 27 miljoner
196 705 7 21 i
215 705 141 27 obligationer
372 706 120 27 (prioritets
508 706 86 27 aktier),
610 705 63 21 hafva
688 705 151 21 aktionärerne

88 740 7 20 i
111 740 93 26 bolaget,
225 742 50 19 enär
291 741 26 20 de
332 740 47 21 icke
395 740 82 27 lyckats
493 740 33 21 till
541 740 121 27 päräknadt
677 740 44 26 pris
737 739 103 21 realisera

88 774 242 27 obligationskapitalet,
346 775 68 20 under
430 775 72 26 loppet
516 775 23 20 af
548 781 119 15 sommaren
680 775 54 20 1874
744 773 95 27 utbjudit

89 808 42 21 den
154 809 126 26 emellertid,
304 809 48 21 med
375 809 33 20 till
432 811 69 18 större
521 809 60 21 delen
600 809 103 20 särskildt
718 808 121 27 upplänade

88 843 75 25 medel,
180 843 123 21 fulländade
319 843 69 21 banan
404 843 23 21 af
441 843 65 26 nägot
521 849 59 15 mera
595 845 26 18 än
637 844 39 20 139
687 844 69 19 versts
768 841 70 27 längd,

85 877 66 26 jemte
175 877 71 21 dertill
266 877 94 21 hörande
380 878 170 26 hamnbyggnad,
569 878 31 20 till
618 877 52 26 salu,
687 877 102 26 antingen
804 882 36 21 ge-

88 917 48 14 nom
156 911 93 20 enskildt
269 911 42 26 köp
331 911 52 21 eller
403 912 39 20 ock
457 918 76 19 genom
548 911 88 26 frivillig
651 911 95 20 auktion.
777 910 10 21 I
803 916 36 15 an-

87 945 89 26 ledning
199 945 62 20 häraf
281 945 55 21 hade
360 945 98 26 Senaten,
482 946 33 21 för
538 946 40 21 den
597 945 102 21 händelse
722 947 32 18 att
769 944 70 21 banan

88 979 69 21 skulle
180 979 125 26 hembjudas
329 979 69 22 finska
414 980 131 21 statsverket
560 980 33 20 till
609 979 82 21 inlösen
714 979 28 26 pä
757 979 24 20 sä
797 979 43 20 för-

90 1014 109 25 delaktiga
214 1014 69 20 vilkor
299 1015 33 19 att
347 1013 92 21 Senaten
455 1014 64 21 funne
534 1015 81 19 banans
627 1013 151 21 förvärfvande
789 1019 50 14 vara

89 1048 48 20 med
156 1048 85 20 landets
261 1048 92 21 intresse
370 1048 237 26 öfverensstämmande,
624 1048 38 20 hos
678 1048 60 20 Hans
753 1047 86 27 Kejser-

88 1081 43 27 liga
146 1082 103 27 Majestät
264 1082 6 20 i
286 1082 171 26 underdånighet
472 1082 109 22 hemställt
596 1088 34 15 om
646 1082 98 20 tillstånd
759 1081 34 21 för
803 1081 37 21 Se-

89 1118 64 18 naten
169 1118 31 18 att
216 1116 63 20 träda
291 1116 6 20 i
307 1116 172 26 underhandling
494 1117 79 25 derom,
590 1118 55 19 samt
661 1118 36 24 att,
713 1116 45 20 ifall
774 1116 66 26 köpe-

90 1150 52 21 aftal
158 1150 27 26 på
201 1150 109 26 antagliga
325 1150 69 20 vilkor
410 1150 71 22 kunde
495 1151 139 26 preleminärt
650 1152 114 25 uppgöras,
776 1150 22 20 få
809 1149 30 21 öf-

89 1185 106 20 verlemna
211 1184 75 26 frågan
302 1184 32 21 till
350 1185 60 20 Hans
426 1185 121 27 Kejserliga
562 1185 113 27 Majestäts
691 1185 78 26 nådiga
781 1184 59 27 pröf-

88 1219 52 25 ning
163 1218 39 22 och
225 1219 117 26 afgörande
366 1219 39 21 och
420 1219 70 21 tillika
506 1219 79 27 afgifva
600 1219 143 26 underdånigt
758 1218 82 26 förslag

86 1252 133 22 beträffande
235 1253 156 26 liqviderandet
407 1253 23 21 af
443 1253 160 27 köpesumman.
633 1253 41 21 Till
691 1253 68 21 denna
775 1252 64 21 fram-

89 1287 102 27 ställning
207 1288 83 20 täcktes
306 1287 60 21 Hans
382 1287 121 27 Kejserliga
518 1288 107 26 Majestät,
644 1288 85 26 jemlikt
746 1287 93 21 Statsse-

88 1321 140 21 kretariatets
244 1322 113 20 skrifvelse
372 1322 33 20 till
421 1322 33 20 för
469 1323 59 19 tiden
537 1322 37 21 t.f.
591 1322 226 26 Generalguvernören
833 1321 7 19 i

88 1355 73 20 landet
177 1354 23 21 af
214 1355 40 20 den
271 1355 46 25 1%,
334 1355 44 20 Juli
396 1356 60 24 1874,
472 1355 88 26 nädigst
575 1355 80 20 bifalla.

161 1388 9 21 I
187 1388 49 21 stöd
258 1388 23 21 af
302 1389 91 20 nämnde
415 1388 79 27 nådiga
516 1389 169 26 bemyndigande
708 1389 39 20 och
774 1388 66 21 sedan

87 1423 236 21 hufvudaktionärerne
338 1423 7 20 i
360 1423 70 21 banan
446 1423 169 27 tillkännagifvit
631 1423 32 21 sin
675 1423 81 21 önskan
767 1424 33 20 att
810 1422 30 21 af-

86 1457 46 21 läta
154 1457 124 22 densamma
300 1457 23 21 ät
337 1457 69 21 finska
422 1457 136 27 statsverket,
574 1458 55 20 hade
644 1457 197 27 underhandlingar

85 1492 8 21 i
110 1492 66 21 saken
195 1492 90 21 emellan
302 1491 109 28 Styrelsen
430 1492 38 21 och
485 1492 97 21 bemälde
597 1492 123 22 aktionärer
735 1494 36 25 egt
786 1498 53 20 rum,
