1048 1709
249 162 13 20 8
572 161 56 21 XIX.

221 228 128 27 silfrets;har
370 230 85 21 banken
476 229 29 28 pä
523 230 35 21 det
576 230 89 26 inköpta
687 227 149 29 guldförrädet
857 227 112 22 realiserat

222 270 26 14 en
262 264 65 27 högst
341 264 95 28 betydlig
450 264 7 21 i
472 264 174 27 räkenskaperna
662 263 17 27 ej
696 263 69 28 synlig
779 263 62 21 vinst.
863 261 106 23 Förrädet

221 298 24 21 af
262 298 73 22 silfver
352 298 8 21 i
378 300 59 26 mynt
455 299 40 21 och
509 298 79 28 plants,
603 305 46 15 som
664 297 35 22 vid
713 296 109 29 utgången
837 296 24 22 af
873 296 25 22 år
914 297 54 20 1871

221 340 37 14 var
271 334 126 25 11,687,938
408 333 62 21 mark
482 334 26 20 53
519 333 65 27 penni
595 332 40 22 och
646 332 69 21 under
727 333 54 20 1872
789 331 49 21 med
850 338 26 14 en
883 331 86 27 indrag-

220 367 156 27 ningskostnad
405 367 24 21 af
452 368 62 25 9,808
540 367 62 22 mark
627 367 27 20 59
679 366 64 28 penni
768 366 128 21 förstärktes
921 365 50 21 med

222 402 143 25 1,873,253,31
380 402 40 21 har
436 401 92 22 derefter
542 402 8 20 i
564 400 54 28 följd
633 400 24 22 af
669 400 142 28 utmyntning,
826 400 41 21 och
882 399 89 22 oaktadt

221 435 74 22 tidtals
311 436 72 22 silfver
399 436 45 22 dels
458 436 8 22 i
481 436 61 22 rubel
557 436 41 21 och
614 435 45 22 dcls
673 435 8 21 i
695 435 73 27 plants
783 434 25 22 af
817 434 96 22 enskilde
923 440 48 21 spe-

221 470 106 26 kulanter,
346 470 55 22 dock
418 470 47 22 icke
483 470 33 22 till
534 470 136 28 synnerligen
689 469 122 29 betydande
827 468 86 28 belopp,
928 468 43 22 till-

221 504 54 22 förts
289 504 92 27 banken,
399 504 66 28 något
479 505 146 25 förminskats,
644 503 24 22 så
683 505 32 20 att
731 504 118 21 detsamma
864 503 107 22 öfverhuf-

220 539 43 21 vad
278 539 83 28 utgjort
376 540 97 27 omkring
490 539 39 28 121
545 539 99 27 miljoner
659 538 68 26 mark,
743 538 44 21 tills
803 538 119 21 detsamma
932 544 40 14 un-

222 573 37 22 der
277 573 112 22 nästvikne
403 572 25 22 är
442 573 117 28 nedbragts
573 573 33 21 till
623 573 156 25 11,305,201,62
794 572 177 27 hufvudsakligen

221 608 7 21 i
242 608 55 27 följd
312 608 63 21 deraf
387 609 33 20 att
434 608 85 22 banken
533 608 69 21 under
612 614 121 14 sommaren
743 606 34 22 till
789 606 86 28 Sverige
885 606 86 28 utskep-

221 642 56 28 pade
293 643 90 25 154,000
399 642 176 27 specieriksdaler
589 642 35 21 för
640 643 32 19 att
685 642 8 20 i
709 641 98 27 Sveriges
821 640 103 22 riksbank
938 642 34 20 ut-

222 676 73 22 vexlas
311 678 57 20 emot
383 676 51 28 guld
449 676 66 28 enligt
530 676 41 22 den
585 676 34 22 för
635 675 144 28 öfvergängen
793 674 49 22 frän
857 674 72 22 silfver
939 674 33 22 till

222 710 145 28 guldmyntfot
385 718 76 21 genom
478 711 78 27 Kongl.
575 710 154 28 förordningen
748 710 41 22 den
808 711 26 19 30
852 709 44 27 Maj
917 710 56 20 1873

222 744 123 22 fastställda
366 745 59 21 kurs.
456 744 34 22 Då
511 745 102 21 Finlands
635 744 62 22 Bank
716 744 85 28 jemlikt
819 744 128 28 stadgandet
964 744 8 20 i

222 778 86 30 Nädiga
323 779 140 28 reglementet
477 780 34 21 för
526 779 84 21 banken
626 779 41 21 den
683 780 27 20 26
725 778 45 22 Juli
786 779 54 20 1875
855 779 12 27 &
883 780 12 19 7
911 778 61 22 alltid

222 814 40 21 bör
276 814 8 21 i
299 814 64 22 kassa
377 814 114 22 innehafva
505 814 65 22 minst
586 815 26 19 10
627 813 99 28 miljoner
740 813 63 21 mark
816 813 8 21 i
842 812 79 27 silfver,
931 813 44 21 har

222 848 223 28 bankförvaltningen,
460 848 89 22 oaktadt
564 848 26 22 de
602 848 66 22 sedan
679 847 68 28 några
759 846 104 23 månader
873 847 100 28 öppnade

223 883 120 27 utsigterna
361 882 33 22 för
413 882 73 22 landet
504 884 33 20 att
554 883 8 20 i
580 882 72 22 stället
671 882 34 22 för
723 882 74 22 silfver
815 881 82 23 erhälla
912 882 62 27 guld-

223 917 98 27 myntfot,
337 917 47 21 icke
398 917 83 21 kunnat
494 917 74 22 vidare
582 916 118 22 förminska
715 916 48 22 sina
778 915 195 29 silfvertillsängar,

223 950 56 22 helst
298 951 36 21 det
352 951 58 21 öfver
429 951 79 21 höfvan
525 951 128 27 nedtryckta
671 950 146 27 silfverpriset,
839 950 61 22 hvari
919 950 55 22 efter

224 984 100 22 sednaste
338 984 124 22 företeelser
475 984 30 28 pä
519 984 202 22 verldsmarknaden
736 991 27 15 en
777 983 104 29 ätergäng
891 984 44 22 kan
945 986 28 20 än

223 1018 74 22 vidare
312 1020 97 25 emotses,
425 1018 62 22 äfven
501 1018 83 28 utgjort
598 1020 31 20 ett
643 1018 77 22 hinder
732 1018 101 22 deremot.
855 1018 12 21 I
881 1018 38 22 fall
930 1018 44 22 för-

223 1052 166 28 hoppningarna
407 1060 34 14 om
460 1052 124 23 erhällande
601 1052 25 24 af
642 1052 143 28 guldmyntfot
800 1052 69 22 skulle
883 1052 91 28 verklig-

223 1088 70 26 göras,
309 1087 70 22 blefve
392 1087 36 21 väl
441 1086 72 29 någon
528 1087 34 21 del
577 1088 24 20 af
614 1086 151 28 behållningen
779 1087 8 21 i
802 1087 72 21 silfver
887 1087 86 21 obehöf-

223 1120 31 28 lig
273 1121 40 22 och
331 1121 71 22 kunde
420 1121 35 21 vid
470 1121 130 21 inträffande
614 1128 89 21 gynsam
718 1121 131 27 konjunktur
864 1121 111 28 föryttras,

224 1162 49 14 men
291 1162 27 15 en
336 1156 47 21 icke
400 1156 63 27 ringa
481 1155 35 22 del
534 1154 68 23 mäste
616 1155 65 21 likväl
696 1162 121 14 reserveras
832 1154 45 22 dels
892 1155 34 21 för
941 1157 32 19 ut-

224 1190 111 26 myntning
357 1190 24 20 af
401 1190 72 21 silfver
491 1190 121 28 skiljemynt
631 1190 40 20 och
691 1189 45 21 dels
754 1189 34 21 för
807 1191 32 19 att
857 1190 35 21 vid
910 1189 66 21 behof

225 1223 73 22 kunna
311 1222 176 23 tillhandahållas
501 1224 114 26 industrin,
634 1224 51 21 enär
700 1224 103 21 Finlands
822 1223 61 22 Bank
898 1222 76 23 ätmin-

224 1259 61 19 stone
307 1257 117 21 tillsvidare
441 1258 48 20 icke
506 1258 62 20 torde
586 1258 74 20 kunna
677 1256 73 28 undgä
767 1259 33 19 att
817 1258 8 20 i
843 1257 74 21 landet
931 1257 44 21 för-

224 1290 72 22 medla
311 1290 93 22 handeln
420 1291 49 21 med
483 1291 51 21 ädla
548 1291 104 21 metaller.

295 1324 81 23 Genom
399 1324 41 22 den
461 1325 120 22 metalliska
603 1326 88 21 kassans
713 1326 135 22 närvarande
870 1326 60 22 skick
949 1327 27 21 är

225 1359 64 23 alltsä
305 1366 26 16 en
345 1360 140 28 myntreform
499 1360 8 22 i
521 1360 77 29 antydt
608 1360 55 28 syfte
673 1360 146 28 väsendtligen
829 1360 145 22 underlättad.

225 1394 48 22 Den
287 1394 115 29 svårighet,
418 1402 46 14 :om
478 1395 7 21 i
501 1395 68 22 andra
583 1394 77 22 länder
674 1396 55 21 mött
744 1395 113 23 enahanda
870 1396 105 22 reformer

225 1430 49 22 med
289 1430 100 22 afseende
400 1428 13 24 å
423 1430 145 22 kostnaderna
579 1430 35 22 för
626 1430 40 22 den
677 1437 40 15 ena
729 1430 111 22 metallens
851 1431 123 22 ersättande

225 1464 49 22 med
289 1464 42 23 den
345 1465 69 21 andra
428 1465 52 21 eller
495 1465 140 22 anskaffande
647 1466 24 21 af
679 1466 126 28 tillräckligt
815 1465 74 22 förråd
899 1466 24 22 af
933 1466 42 21 den

225 1499 140 27 sistnämnda,
383 1500 25 21 är
426 1498 83 24 således
526 1500 34 22 för
578 1500 91 22 Finland
686 1500 47 22 icke
751 1500 25 22 af
788 1499 71 29 någon
873 1500 101 29 betyden-
