1042 1700
412 173 69 21 XVII
782 175 25 20 19

333 241 119 27 Transport
467 242 119 26 9,704,846:
602 243 33 19 25.
654 243 133 25 19,827,094:
803 243 33 20 62.

97 282 34 20 2:0
149 282 228 26 Premieobligationer
399 283 51 19 utan

126 317 63 19 ränta
224 316 112 26 —2,400,000
372 316 76 25 —thaler,

126 349 178 21 hvarafäterstod
310 350 139 26 1,948,333!/3

128 384 77 25 thaler,
221 384 166 20 motsvarande.
413 399 4 4 .
448 400 4 4 .
470 384 117 25 7,233,187:
604 384 33 20 50.
655 390 132 26 16,938,033:
803 391 33 20 75.

84 423 24 26 d)
124 423 43 21 Det
185 423 7 21 i
208 423 106 27 Ryssland
332 424 24 21 är
377 424 53 21 1859
446 426 109 25 upptagna
574 424 35 21 län
625 424 12 21 &

141 459 114 26 4,000,000
274 458 60 21 rubel
355 458 12 21 &
382 460 13 19 4
411 457 26 30 9,
456 458 75 21 hvaraf
545 458 12 21 &
573 460 64 19 stats-

142 492 86 21 verkets
244 493 68 26 andel,
329 493 113 26 2,500,000
458 493 66 26 rubel,
540 492 97 21 återstod

145 527 111 26 1,960,000
272 527 67 26 rubel,
356 527 154 21 motsvarande
526 543 4 4 .
597 544 4 9 >»
633 543 4 4 +
668 528 120 25 7,840,000:
804 539 27 3 —

538 567 86 21 Summa
654 568 134 27 44,605,128:
805 570 34 19 37.

154 613 126 21 Sedermera
299 613 63 21 hafva
378 615 75 19 trenne
469 614 91 21 statslän
580 614 130 26 tillkommit,
731 614 22 21 af
766 614 74 21 hvilka

86 649 32 20 ett
134 648 109 26 upptagits
258 648 34 20 för
310 648 113 26 byggande
439 648 23 20 af
479 648 40 20 den
534 648 24 20 år
575 649 54 19 1876
645 648 123 21 fulländade
781 648 59 27 jern-

85 683 69 25 vägen
170 682 89 20 emellan
275 676 54 31 Åbo,
345 681 144 21 Tammerfors
508 682 37 20 och
561 682 139 26 Tavastehus,
713 682 38 21 och
762 684 78 19 tvänne

88 716 35 20 lån
138 716 34 20 för
187 715 82 21 inlösen
288 715 24 21 af
326 715 168 27 donationsgods
509 716 7 20 i
531 716 101 26 Wiborgs
649 716 38 21 och
704 716 32 20 S:t
750 716 90 21 Michels

87 750 43 21 län.

157 783 69 21 Sedan
242 784 103 21 Finlands
356 784 35 21 vid
407 785 53 19 1872
472 784 34 21 års
518 784 102 26 landtdag
633 784 130 22 församlade
779 784 62 22 Stän-

89 819 38 21 der
142 819 7 20 i
164 818 172 26 underdånighet
352 818 89 21 anhållit
457 820 37 25 att,
515 818 2 21 i
537 818 102 21 händelse
658 819 40 21 den
717 818 23 22 åt
758 818 84 22 enskild

88 859 79 21 person
187 852 114 21 utfärdade
320 852 128 21 koncession
468 853 12 20 &
495 853 111 26 byggande
622 852 23 22 af
658 847 184 27 Åbo—Tammer-

90 887 207 21 fors—Tavastehus
315 887 90 26 jernväg
426 887 84 21 komme
525 888 32 20 att
572 887 117 26 förverkas,
706 888 66 25 sagde
785 888 58 26 jern-

90 924 41 24 väg
145 921 67 21 måtte
228 921 33 21 för
280 922 82 20 statens
378 921 91 26 räkning
487 921 88 27 byggas,
591 922 57 20 samt
663 921 120 21 Ständerna
798 922 45 20 åta-

90 956 32 26 git
137 956 33 26 sig
189 955 84 27 garanti
292 954 33 22 för
344 961 41 20 nya
404 955 103 21 statslåns
527 955 137 27 upptagande
683 956 33 20 till
732 956 112 26 jernvägs-

90 991 72 19 nätets
177 989 154 21 utsträckande
347 990 39 20 och
402 989 7 20 i
425 989 77 21 sådant
517 989 101 21 afseende
628 990 93 26 anslagit
731 989 68 22 medel
811 990 34 20 till

91 1024 122 20 annuiteter
235 1023 33 21 för
287 1023 36 21 lån
345 1023 23 21 af
389 1024 55 20 ända
463 1024 33 20 till
512 1023 61 27 tjugu
593 1024 98 26 miljoner
706 1024 67 25 mark,
789 1024 56 20 hade

92 1057 60 22 Hans
170 1057 122 27 Kejserliga
310 1057 108 27 Majestät,
438 1057 54 21 efter
511 1058 36 20 det
563 1057 140 21 omförmälda
718 1058 127 21 koncessior

92 1092 41 20 den
153 1092 27 20 20
203 1091 103 21 Februari
327 1092 55 20 1874
404 1091 116 21 förklarats
543 1092 122 26 förverkad,
685 1098 76 20 genom
780 1091 65 27 nådig

91 1126 127 27 förordning
237 1126 22 21 af
277 1131 81 16 samma
377 1126 42 26 dag
437 1125 112 22 förordnat
568 1127 33 20 att
615 1126 123 27 Kejserliga
753 1126 94 21 Scnaten

92 1161 133 21 oförtöfvadt
247 1160 54 26 egde
319 1160 88 26 vidtaga
430 1160 77 26 åtgärd
527 1166 32 15 om
578 1160 115 21 utförande
711 1160 34 21 för
763 1161 82 20 statens

92 1195 92 26 räkning
200 1195 23 20 af
234 1194 167 26 ifrågavarande
409 1194 208 27 jernvägsbyggnad,
630 1194 108 21 äfvensom
749 1194 27 26 gå
786 1193 7 21 i
803 1194 44 21 för-

92 1229 94 26 fattning
205 1235 33 14 om
258 1228 136 27 upptagande
414 1228 23 21 af
454 1228 36 21 det
505 1228 48 21 utaf
571 1227 119 22 Ständerna
705 1228 142 26 garanterade

91 1262 145 29 jernvägslån.

167 1298 9 20 I
187 1296 54 28 följd
251 1296 63 21 häraf
323 1297 39 20 och
374 1296 65 21 sedan
453 1296 121 28 Kejserliga
589 1296 92 21 Senaten
691 1296 158 27 bemyndigats,

96 1333 33 19 att
144 1332 49 20 med
208 1331 103 20 Finlands
326 1330 58 20 bank
399 1330 40 20 och
454 1331 65 26 något
534 1330 113 20 utländskt
656 1330 125 25 bankirhus,
792 1330 58 26 uppå

95 1364 131 22 föreskrifna
241 1364 77 26 vilkor,
329 1364 81 20 afsluta
425 1364 216 21 öfverenskommelse
652 1369 34 15 om
697 1363 153 27 öfvertagande

96 1400 23 21 af
132 1398 164 28 ifrågavarande
316 1398 98 26 statslån,
430 1398 39 21 har
489 1404 76 21 genom
579 1397 72 27 Nådig
665 1397 130 27 kungörelse
810 1398 41 20 den

97 1436 12 20 8
120 1434 44 26 Maj
178 1434 54 21 1874
243 1432 107 22 faststälts
362 1434 31 20 ett
403 1433 49 21 med
460 1432 101 22 Finlands
572 1432 62 21 Bank
645 1434 56 19 samt
710 1432 142 22 bankirhuset

98 1469 30 22 M.
144 1469 25 21 A.
186 1474 42 15 von
243 1467 128 22 Rothschild
386 1467 17 21 &
420 1467 70 22 Söhne
504 1467 8 21 i
527 1466 117 22 Frankfurt
655 1473 33 15 am
703 1466 60 22 Main
773 1467 41 21 den
825 1468 27 19 20

99 1504 62 27 April
176 1509 82 15 samma
274 1503 23 21 år
313 1502 126 28 upprättadt
454 1501 141 28 lånefördrag,
607 1501 141 21 dessmedelst
761 1502 92 21 nämnde
