1048 1711
214 174 27 21 10
523 174 30 23 U.
568 175 28 22 B.

349 237 67 27 Jjestät
444 237 57 28 ingå,
532 238 36 21 och
594 237 183 28 framställningeu
805 238 132 27 oförändrad

354 272 73 21 vinner
441 272 75 27 nådigt
534 272 68 26 bifall,
617 272 58 27 höjas
690 272 48 22 med
752 274 28 19 ett
793 273 52 21 visst
855 273 79 27 belopp,

355 306 51 22 dock
420 306 43 22 icke
477 306 82 27 utöfver
574 306 43 27 fem
631 306 104 22 millioner
749 306 79 22 mark.

550 360 102 24 Robert
668 359 200 31 Björkenheim.

253 486 98 21 Emedan
365 485 111 22 Utskottet
495 486 86 21 stadnat
595 485 35 22 vid
645 485 93 22 beslutet
753 487 32 20 att
795 486 46 21 icke
851 486 88 22 förorda

185 520 90 27 ändring
293 520 24 22 af
334 521 12 27 8
362 521 13 20 6
390 520 7 21 i
415 520 100 27 gällande
536 520 197 27 Bankreglemente,
755 522 57 20 emot
826 521 110 21 Bankfull-

186 555 105 27 mäktiges
306 555 8 21 i
329 555 62 21 deras
407 555 113 21 skrifvelse
536 555 108 27 uttryckta
660 555 87 26 önskan,
763 555 33 21 till
811 555 82 21 hvilket
902 555 37 22 be-

188 589 45 21 slut
247 589 63 21 äfven
323 589 38 27 jag
375 589 100 27 bidragit,
489 596 49 14 men
553 589 61 27 först,
630 589 65 21 sedan
711 589 27 21 de
748 589 24 21 af
780 589 43 27 mig
833 590 8 20 i
851 589 88 22 Utskot-

186 624 33 21 tet
233 623 122 27 föreslagne
370 624 115 26 ändringar
499 623 24 22 af
536 623 134 27 paragrafen,
686 624 7 21 i
708 624 19 21 så
737 624 74 26 måtto,
822 625 32 20 att
864 624 75 22 endast

187 658 100 27 beloppet
302 658 72 27 *tjugu
388 658 99 27 miljoner
502 658 79 26 mark,"
592 658 70 22 skulle
672 658 95 28 uttbytas
777 660 50 24 mot,
838 659 101 27 antingen

186 692 67 22 trettio
277 692 54 22 eller
349 691 102 28 tjugufem
469 692 99 28 miljoner
585 692 67 27 mark,
671 692 72 22 blifvit
761 692 134 28 förkastade;
915 693 25 22 sä

186 727 39 21 har
241 727 38 27 jag
294 728 71 20 ansett
379 727 44 27 mig
437 727 53 21 böra
505 727 33 21 för
554 727 120 22 Ständerna
688 728 110 21 vördsamt
813 727 126 28 framställa,

186 762 105 21 huruvida
305 762 46 21 icke
367 761 36 22 det
417 762 8 21 i
441 762 206 27 Bankfullmäktiges
656 762 92 22 berörda
759 762 112 22 skrifvelse
881 762 58 22 inne-

186 796 101 28 liggande
305 796 54 22 eller
377 796 96 28 äsyftade
492 796 72 27 mälet,
586 797 28 27 pä
633 796 27 22 de
677 796 24 22 af
718 796 195 28 Bankfullmäktige
932 798 8 21 i

188 831 127 22 skrifvelsen
337 831 120 26 framlagda
476 832 53 26 skäl,
549 832 75 21 lättast
642 832 39 21 och
701 832 84 21 säkrast
804 838 81 16 vunnes
905 838 34 16 om

188 865 120 22 Ständerna
322 865 51 22 ville
387 865 94 22 besluta:

427 907 30 20 att
475 905 10 21 i
502 905 15 29 $
534 907 13 19 6
562 906 24 26 af
601 905 194 28 Bankreglementet
809 906 27 27 af
847 908 31 19 26
892 906 49 22 Juli

357 941 60 20 1875
431 940 84 28 vidtaga
526 940 40 21 den
576 941 135 27 förändring,
723 942 30 20 att
764 941 93 27 beloppet
869 941 71 28 ,tjugu

357 974 96 28 miljoner
473 975 73 26 mark,
566 975 79 28 utbytes
664 977 42 20 mot
724 975 103 28 tjugufem
843 976 97 27 miljoner

359 1009 65 22 mark.

599 1051 30 25 A.
647 1052 42 25 W.
707 1052 163 34 Lagerborg.

351 1519 117 22 Helsingfors,
481 1518 16 18 J.
510 1517 19 18 C.
541 1519 95 19 Frenckell
649 1521 12 16 &
674 1519 41 24 Son,
728 1520 50 20 1877,
