1039 1709
271 156 80 23 Ständ.
366 156 37 24 Sv.
418 169 26 3 —
460 158 70 27 Prop.
545 157 39 22 N:o
599 158 36 22 49.
778 158 15 20 3

148 224 72 22 hvilka
236 224 89 21 bränvin
340 225 34 20 till
389 225 71 27 någon
478 225 153 28 hufvudsaklig
647 226 34 20 del
695 226 71 27 ingår,
782 225 37 27 äf-

148 265 83 15 vensom
245 259 9 20 i
268 258 99 27 afseende
386 259 13 20 &
414 259 70 21 andra
506 259 84 22 brända
611 260 52 21 eller
681 259 138 22 destillerade

148 293 35 21 in-
198 293 51 20 eller
264 292 115 21 utländska
393 294 120 25 spritvaror
528 293 36 21 och
580 293 95 28 drycker,
690 293 71 21 hvilka
777 295 38 18 äro

149 327 86 21 dermed
250 326 110 29 tillagade,
379 326 66 22 likväl
459 329 53 19 utan
534 334 73 15 annan
630 327 158 27 inskränkning
810 327 8 20 i

149 360 124 22 handlande
298 360 116 21 tillerkänd
435 363 45 19 rätt
501 363 31 18 att
553 361 100 28 försälja
672 361 145 21 nästnämnda

148 396 121 27 spritvaror
283 395 37 21 och
334 394 182 29 tillblandningar
532 395 69 28 deraf,
617 397 29 19 än
661 399 32 18 att
705 397 47 26 fem
766 395 53 21 kan-

148 436 41 15 nor
203 431 26 19 är
244 429 35 22 det
294 429 78 21 minsta
386 430 69 27 parti,
470 436 44 15 som
533 429 30 28 af
574 429 72 28 hvarje
659 430 48 27 slag
719 429 42 28 får
770 429 50 27 för-

148 466 71 25 yttras
237 464 37 20 och
289 463 94 28 utgifvas
402 464 23 20 åt
438 463 100 28 köparen,
554 464 84 21 hvilken
653 464 43 21 icke
711 465 35 20 må
761 464 59 21 tillå-

149 500 34 19 tas
198 500 32 19 att
244 499 67 27 något
326 497 67 28 deraf
403 499 13 20 å
431 498 72 21 stället
513 499 91 27 förtära
620 499 51 20 eller
685 499 79 20 utdela.

216 531 114 22 Likaledes
344 531 57 22 skall
416 532 55 21 hvad
486 539 33 15 om
533 533 148 21 minuthandel
695 533 47 21 med
755 532 63 23 brän-

149 567 35 21 vin
203 569 26 18 är
243 567 108 28 stadgadt,
368 567 168 28 undantagande
550 567 173 28 föreskrifterna
738 568 9 19 i
760 567 15 28 $
790 569 27 19 49

149 601 38 21 och
210 601 156 22 bestämmelsen
388 603 8 19 i
413 602 15 27 $
446 602 28 20 57
492 609 32 14 om
546 602 122 21 bränvinets
691 603 76 26 rening
783 601 35 22 och

148 635 82 29 styrka,
246 636 60 28 gälla
320 635 64 28 äfven
394 635 41 28 för
450 636 60 28 dylik
524 636 79 21 handel
617 636 9 20 i
640 637 49 20 stad
703 636 46 21 med
759 637 61 26 före-

149 671 94 20 nämnda
263 670 72 21 andra
353 670 80 21 brände
453 670 51 21 eller
524 670 133 21 distillerade
672 671 32 20 in-
720 670 51 21 eller
786 673 32 18 ut-

150 704 90 21 ländska
259 705 122 26 spritvaror
401 704 37 21 och
456 704 69 28 deraf
536 704 103 27 tillagade
654 704 97 27 drycker,
766 704 53 21 dock

150 741 32 18 att
200 739 92 20 idkande
311 738 29 25 af
354 745 74 14 annan
446 738 78 21 handel
542 738 45 21 icke
605 740 63 25 utgör
686 737 77 22 hinder
777 737 40 28 för

149 773 109 21 vinnande
279 772 29 28 af
320 772 103 28 rättighet
443 773 34 21 till
494 771 203 29 minutförsäljning
717 772 30 28 af
758 773 62 20 dessa

149 813 71 15 varor.
242 806 33 21 På
290 806 74 22 landet
378 807 35 21 må
426 807 68 21 sådan
503 806 150 22 minuthandel
661 806 43 21 icke
715 814 39 20 ega
765 814 52 13 rum.

149 871 102 22 Finlands
266 871 90 23 Ständer
371 871 117 22 framhärda
503 874 38 20 etc.

149 935 139 29 Helsingfors,
305 936 40 21 den
362 936 25 24 15
400 936 90 22 Januari
506 936 59 22 1878.
