1036 1709
307 136 25 18 U.
345 137 28 17 B.
385 147 22 3 —
418 138 78 22 Prop.
508 138 42 18 N:o
562 138 36 17 48.

273 435 189 25 Statsutskottets
483 437 146 23 betänkande
652 444 38 16 n:o
704 437 26 22 15
748 437 9 22 i
774 443 38 16 an-

216 471 95 28 ledning
328 472 27 21 af
371 472 64 23 Hans
451 471 133 30 Kejserliga
597 472 117 28 Majestäts
726 472 84 27 nådiga

216 506 145 28 proposition
384 506 99 23 rörande
507 506 273 29 Hypoteksföreningens
802 507 8 20 i

215 541 81 22 landet
310 540 159 27 underdåniga
483 540 131 28 ansökning
630 547 38 16 om
676 539 136 24 understöd.

142 602 68 21 Sedan
233 603 70 21 denna
325 603 78 28 nådiga
420 603 133 28 proposition
568 603 24 22 af
604 603 154 27 Ridderskapet
773 603 39 21 och

86 636 68 22 Adeln
177 639 55 19 samt
251 637 181 28 Borgareståndet
451 637 129 22 remitterats
595 637 32 22 till
643 637 169 26 Statsutskottet,

86 678 48 15 men
149 671 24 21 af
191 671 159 22 Presteståndet
364 672 34 21 till
412 671 165 22 Bankutskottet
592 672 40 21 och
646 672 24 21 af
682 671 132 21 Bondestån-

86 706 37 21 det
140 705 33 22 till
189 707 139 20 sammansatt
343 706 67 21 Stats-
425 706 40 22 och
477 706 195 26 Ekonomiutskott,
687 705 64 22 hafva
765 706 48 21 sist-

86 740 92 22 nämnda
199 741 36 20 två
256 740 69 26 stånd,
341 741 27 26 på
383 741 61 28 gjord
459 741 133 26 hemställan,
608 741 119 22 äfvenledes
742 740 71 22 remit-

86 777 55 19 terat
156 775 122 21 densamma
292 775 34 21 till
340 775 169 26 Statsutskottet,
524 783 46 14 som
584 776 28 27 på
626 775 93 28 begäran
730 775 85 21 undfått

65 807 2 30 |
87 809 34 23 del
142 810 24 21 af
179 810 25 22 de
219 810 34 21 vid
268 809 98 22 ärendets
382 810 115 28 beredning
512 810 7 21 i
533 810 120 29 Kejserliga
668 810 90 21 Senaten
772 809 43 22 till-

86 844 78 23 komna
177 845 127 28 handlingar
315 845 66 28 jemte
395 844 137 23 meddelande
540 846 32 20 att
584 845 70 28 någon
666 842 148 29 omröstning
802 838 15 40 i

87 880 65 20 saken
160 879 47 22 icke
217 882 35 26 egt
258 887 48 14 rum
313 881 55 20 samt
376 879 23 21 af
406 879 246 28 Hypoteksföreningens
662 879 111 21 Direktion
782 878 34 21 till

87 913 138 28 begagnande
239 913 111 28 emottagit
364 913 105 21 särskilda
477 913 73 27 frågan
560 912 114 28 belysande
682 911 131 29 aktstycken.

144 997 246 29 Hypoteksföreningens
399 998 119 21 inrättande
526 998 109 21 utmärker
644 1005 26 14 en
677 997 65 28 vigtig
751 997 65 21 vänd-

88 1032 68 27 punkt
168 1032 6 21 i
191 1032 39 21 den
245 1033 70 20 finska
323 1032 230 29 jordbruksnäringens
561 1032 127 28 utveckling.
717 1033 42 20 Det
766 1032 49 21 vak-

89 1066 53 21 nade
158 1066 25 21 lif
194 1066 39 21 och
249 1066 39 21 den
304 1068 68 19 större
386 1067 207 26 verksamhetsanda,
606 1073 45 14 som
662 1066 35 21 vid
707 1066 41 21 den
757 1065 58 22 tiden

77 1119 1 4 |
88 1099 137 26 framträdde,
240 1100 70 21 kunde
324 1100 46 22 icke
385 1101 71 27 undgä
471 1103 31 19 att
516 1101 77 21 beröra
607 1100 61 21 äfven
679 1100 83 21 landets
772 1107 44 14 mo-

89 1133 120 28 dernäring.
237 1134 48 21 Den
299 1134 70 27 gamla
384 1134 128 22 slentrianen
527 1136 68 19 mäste
609 1135 80 27 brytas,
703 1136 30 19 ett
748 1135 68 26 pära-

89 1167 87 21 tionella
193 1167 92 28 grunder
300 1168 58 21 stödt
371 1168 161 27 brukningssätt
539 1168 81 21 införas
632 1168 40 21 och
680 1168 70 21 rikare
756 1168 59 21 skör-

91 1201 38 21 dar
142 1201 104 28 aftvingas
262 1202 62 21 äfven
338 1202 101 21 Finlands
453 1202 91 27 frostiga
557 1204 66 25 tegar.
652 1202 42 21 För
708 1201 59 22 detta
778 1203 36 19 än-

91 1235 69 21 damäl
183 1235 101 22 behöfdes
299 1235 124 28 penningar,
438 1236 40 21 och
493 1236 62 21 dessa
569 1235 69 22 skulle
653 1242 75 21 genom
743 1235 72 28 Hypo-

91 1269 181 28 teksföreningens
294 1269 127 28 förmedling
442 1269 112 22 anskaffas.
588 1269 135 28 Riktigheten
738 1269 23 20 af
775 1269 40 20 den

91 1303 139 27 grundtanke,
249 1310 46 14 som
312 1303 60 28 gifvit
387 1303 82 28 upphof
481 1304 22 21 ät
517 1302 242 29 Hypoteksföreningen,
774 1303 42 20 kan

85 1335 52 32 icke
159 1337 76 27 jäfvas,
259 1338 40 20 och
317 1337 18 27 ej
350 1337 68 20 heller
431 1338 60 20 torde
506 1338 47 19 med
568 1337 36 27 fog
618 1337 72 20 kunna
704 1337 111 24 bestridas,

92 1373 32 19 att
137 1371 18 28 ej
171 1371 132 27 Föreningen
318 1371 55 20 varit
387 1371 23 20 af
422 1370 99 21 behofvet
535 1369 106 28 päkallad,
656 1370 39 21 och
710 1371 32 19 att
751 1369 25 28 ju
785 1370 31 20 ät-

93 1405 104 21 minstone
212 1406 70 26 någon
297 1404 34 21 del
345 1404 24 21 af
382 1404 170 28 deobestridliga
558 1404 102 28 framsteg
667 1403 83 22 landets
757 1403 60 28 jord-

93 1439 55 22 bruk
170 1440 28 26 pä
215 1439 26 21 de
255 1439 54 22 sista
323 1439 81 28 sjutton
418 1439 50 21 ären
483 1439 62 27 gjort,
560 1438 40 22 bör
614 1437 124 22 tillskrifvas
752 1437 64 22 Före-

92 1474 91 28 ningens
197 1473 141 21 verksamhet.

92 1503 1 4 i
162 1512 149 19 Statsutskottets
323 1512 115 18 betänkande
453 1512 33 18 N:o
501 1512 26 18 15.
