1039 1700
436 143 36 21 IX.
775 145 25 19 19

525 250 119 26 Transport
698 251 125 25 800,000|—|

101 291 21 23 o)
137 289 41 21 Till
198 291 62 19 ränta
278 290 38 20 och
332 290 130 25 amortering
477 289 12 20 &
505 289 90 21 statslän
610 289 33 20 för

155 324 149 26 jernvägarne,
328 325 32 19 att
376 323 50 26 ingä
445 323 31 20 uti
491 323 152 20 Kommunika-

157 357 136 21 tionsfonden
678 357 144 25 1,800,000/—

101 392 23 27 d)
140 391 41 21 Till
203 392 121 26 fördelning
346 374 90 38 emellan
455 374 98 44 samtliga
567 373 76 39 Jands-

158 426 39 20 och
213 425 186 21 stadskommuner
429 441 4 4 .
464 441 4 4 .
499 441 4 4 .
533 441 4 4 .
569 441 4 4 .
603 439 4 6 «
698 425 126 25 400,000/—

244 459 86 21 Summa
344 460 119 25 3,000,000:
478 471 26 2 —

100 493 133 26 Behällning,
256 494 33 20 att
310 493 50 26 ingä
382 493 33 20 till
434 492 210 21 Kommunikations-

129 527 79 21 fonden
356 543 3 4 i
391 543 4 4 m
427 543 39 4 108
497 543 4 4 i
679 526 145 26 1,800,000|
812 521 15 35 —

557 565 86 21 Summa
646 561 12 35 |
677 566 148 25 4,800,000(—

168 646 43 26 3:0,
246 644 328 28 Kommunikationsfonden.

329 691 91 26 Utgift.

101 732 383 27 ÄAbo—Tammerfors—Tavastehus
497 736 91 26 jernväg
604 751 4 4 .
699 734 126 26 600,000|—|

101 772 105 20 Annuitet
220 772 13 20 &
248 772 36 20 det
299 771 39 21 hos
353 770 145 21 Bankirhuset
513 776 40 14 von
569 769 75 21 Erlan-

130 812 37 20 ger
190 807 22 19 et
230 805 70 21 Söhne
322 811 27 15 m.
372 804 20 21 fl.
416 804 24 20 är
464 804 53 20 1868
535 804 109 26 upptagna

127 840 137 27 jernvägslän
288 855 4 4 .
680 836 146 25 1,115,000/—

101 875 52 20 Dito
175 874 13 20 ä
203 874 36 20 det
253 874 39 20 hos
308 855 101 39 Finlands
425 854 60 38 Bank
498 854 42 38 och
555 853 90 38 Bankir-

130 908 64 21 huset
215 908 29 20 M.
267 907 25 21 A.
315 913 41 15 von
370 906 127 21 Rothschild
512 906 21 20 et
553 904 70 21 Söhne
637 904 8 20 i

131 942 116 21 Frankfurt
262 948 19 14 a.
297 941 59 21 Main
371 940 24 21 är
407 941 53 20 1874
465 941 144 53 Kaia
587 938 58 27 jern-

130 976 90 27 vägslän
326 991 4 5 5
535 989 4 5 5
681 972 111 25 1,100,000|
800 982 26 2 —|

245 1010 86 21 Summa
346 991 19 45 2,
367 991 47 44 815,
416 990 53 40 000:
479 1020 29 3 —

103 1045 132 26 Behällning,
251 1046 33 19 att
298 1044 108 21 användas
421 1043 34 21 till
467 1041 178 22 kommunikatio-

131 1086 77 15 nernas
224 1078 149 22 förbättrande
572 1092 4 4 N
681 1074 146 25 1,697,400|—

561 1116 86 20 Summa|
680 1109 147 30 4,512,400/—
