1036 1703
236 156 26 19 32
568 155 28 21 IH.

207 222 87 20 dermed
309 222 101 21 förenade
430 222 163 26 löneförmoner,
609 222 110 21 hvaremot
734 222 133 22 beträffande
882 223 26 20 de
924 223 33 20 ut-

206 256 79 20 dömda
300 256 172 26 ersättningarne
488 256 66 20 borde
570 256 36 21 vid
621 256 126 21 Hofrättens
763 256 72 27 utslag
849 256 107 21 förblifva.

279 290 125 20 Sedermera
419 290 39 20 har
473 290 221 22 Justitierådmannen
709 290 124 26 Tammelin,
848 291 12 25 i
866 290 49 21 dess
926 290 31 21 of-

207 330 40 15 van
274 324 140 21 omförmälda
441 324 106 27 egenskap
570 324 23 21 af
614 324 130 21 ordförande
767 324 32 21 uti
821 324 136 27 Helsingfors

207 358 60 21 stads
283 358 156 26 Kämnersrätt,
455 358 125 27 ytterligare
595 358 71 21 blifvit
682 359 64 21 ställd
762 359 68 21 under
845 359 50 28 åtal,
912 364 45 15 som

206 392 7 20 i
230 392 153 27 sammanhang
401 393 48 21 med
465 393 26 20 de
506 393 128 26 föregående
650 399 62 20 synes
728 393 53 21 böra
796 393 40 20 här
850 394 107 25 upptagas

208 426 38 21 och
262 426 89 21 hvarvid
366 425 94 28 följande
477 427 183 26 omständigheter
674 427 146 21 förekommit:

278 462 32 19 att
326 460 65 21 sedan
406 461 178 20 Kämnersrätten
600 461 68 20 under
679 461 128 20 Tammelins
819 461 138 21 ordförande-

207 494 53 27 skap
277 495 23 20 år
318 495 53 20 1868
386 495 94 20 förehaft
497 495 160 26 undersökning
673 495 6 20 i
695 496 32 19 ett
741 495 42 20 mål
800 495 109 26 angående
924 497 34 19 ut-

205 529 116 26 prångling
340 528 23 21 af
380 535 25 15 en
426 529 58 20 sedel
501 530 12 20 å
527 529 105 27 tjugufem
648 529 60 21 rubel
725 529 79 26 silfver,
819 529 87 21 hvilken
921 529 36 21 be-

206 563 82 20 funnits
306 569 52 14 vara
375 563 57 20 falsk
451 563 38 20 och
509 563 145 21 efterhärmad
669 563 26 21 de
711 563 22 20 af
746 563 65 26 ryska
826 563 132 21 riksbanken

207 597 13 20 å
236 597 111 21 enahanda
361 597 78 26 belopp
456 597 114 21 utfärdade
586 597 76 26 sedlar,
680 598 55 19 samt
751 597 97 21 bemälde
862 599 44 19 rätt
916 597 41 21 den

208 632 26 20 10
249 631 110 26 Februari,
381 632 6 20 5
403 631 67 25 Mars,
492 633 5 19 7
514 631 43 27 Maj
578 631 39 21 och
633 632 40 20 den
691 632 24 19 15
731 631 51 21 Juni
799 631 54 21 1868
869 631 89 21 beslutit

206 666 33 20 till
255 665 107 21 aflätande
378 665 22 21 af
415 665 124 21 skrifvelser
550 666 6 20 i
568 665 66 21 saken
650 665 32 20 till
693 665 140 23 Guvernören
844 665 6 20 i
861 665 96 26 Nylands

207 699 43 26 län,
267 699 109 21 desamma
390 699 73 25 likväl,
481 699 66 27 enligt
557 698 56 22 hvad
624 699 139 21 Guvernören
774 699 93 27 upplyst,
879 699 18 27 ej
909 698 48 22 blif-

206 734 31 20 vit
254 734 150 26 expedierade;

278 769 33 19 att
326 768 55 21 efter
396 768 36 20 det
447 768 177 20 Kämnersrätten
640 774 75 20 genom
731 768 72 26 utslag
819 768 40 20 den
878 768 25 20 12
914 768 43 20 No-

207 802 87 21 vember
311 802 54 21 1868
381 802 106 21 förklarat
503 802 186 26 undersökningen
704 802 7 20 i
727 802 65 26 sagde
807 801 43 21 mål
864 808 52 14 vara
927 801 30 21 af-

208 836 71 20 slutad
292 836 39 21 och
344 835 140 21 öfverlemnat
493 835 66 21 saken
567 835 33 21 till
608 835 120 26 Kejserlige
737 830 46 26 Åbo
792 835 99 21 Hofrätts
899 835 58 27 pröf-

207 870 57 26 ning,
280 870 7 20 i
303 870 82 20 hvilket
407 869 100 21 afseende
530 870 158 25 ransakningen
705 870 69 20 skulle
793 870 33 20 till
842 870 116 20 Hofrätten

207 904 108 26 insändas,
339 904 116 20 Tammelin
475 904 64 20 likväl
559 903 115 21 uraktlåtit
689 905 32 19 att
736 903 93 27 fullgöra
844 904 60 20 detta
920 903 38 21 sitt

207 938 113 26 åliggande
340 938 38 20 och
397 937 96 25 sålunda,
511 937 69 21 såvidt
594 937 28 26 på
637 937 78 21 honom
731 937 123 25 ankommit,
870 937 88 26 nedlagt

207 972 75 25 saken;

279 1006 33 20 att
329 1005 65 20 sedan
410 1004 190 21 Advokatfiskalen
616 1004 40 20 den
672 1005 12 19 9
698 1004 51 21 Juni
761 1005 54 20 1873
826 1004 33 21 till
869 1004 88 21 Hofrät-

205 1041 37 18 ten
258 1039 103 21 inlemnat
376 1038 23 21 af
411 1039 78 20 honom
505 1038 103 21 särskildt
622 1037 153 22 införskaffade
791 1037 110 22 afskrifter
911 1037 49 21 utaf

206 1073 191 21 Kämnersrättens
419 1072 109 27 protokoll
543 1073 7 20 i
573 1072 139 21 förenämnda
727 1071 42 21 mål
788 1072 39 21 och
841 1071 116 22 Hofrätten

206 1107 8 20 i
229 1107 115 26 anledning
364 1107 63 20 deraf
440 1106 47 21 från
504 1105 117 22 Tammelin
635 1105 106 21 infordrat
757 1105 59 21 såväl
832 1106 40 21 den
888 1105 70 22 falska

205 1141 81 26 sedeln,
303 1147 45 14 som
365 1140 69 27 öfriga
449 1140 32 21 till
497 1139 177 22 Kämnersrätten
684 1139 83 26 ingifna
777 1139 105 27 originala
891 1139 67 22 hand-

206 1175 77 26 lingar,
306 1174 73 20 hvilka
400 1175 65 19 bordt
487 1173 75 27 åtfölja
583 1173 165 26 ransakningen,
771 1173 54 21 hade
841 1173 117 21 Tammelin

206 1208 81 22 anmält
303 1210 33 19 att
351 1208 108 22 desamma
478 1208 122 21 förkommit
616 1207 39 21 och
671 1208 17 26 ej
705 1207 73 21 vidare
793 1208 71 20 kunde
879 1207 77 21 tillrät-

206 1243 67 24 tafäs;

279 1277 33 19 att
326 1275 115 21 Hofrätten
457 1275 35 21 vid
506 1275 128 27 pröfningen
644 1275 24 20 af
676 1275 188 21 Kämnersrättens
875 1274 28 26 pä
914 1280 43 16 om-

203 1309 107 22 förmäldt
333 1310 43 20 sätt
399 1309 31 21 dit
452 1308 100 22 inkomna
571 1308 130 27 förrättning
716 1308 71 22 funnit
801 1308 81 26 nödigt,
899 1309 7 21 i
922 1314 36 16 an-

207 1344 79 21 seende
309 1344 33 20 till
366 1350 26 14 en
414 1344 79 25 mängd
508 1344 79 20 brister
602 1343 32 20 uti
650 1343 128 26 densamma,
795 1349 75 20 genom
886 1343 71 26 utslag

208 1379 41 20 den
264 1379 13 20 5
293 1377 120 22 November
430 1378 53 20 1873
499 1377 77 26 älägga
591 1377 193 22 Rädstufvurätten
798 1377 7 21 i
821 1377 136 27 Helsingfors

210 1414 32 19 att
265 1412 92 21 anställa
378 1418 28 20 ny
425 1411 160 26 undersökning
600 1411 6 21 i
622 1411 66 21 målet
707 1411 110 27 angående
832 1411 40 21 den
887 1411 71 22 falska

209 1447 87 21 sedelns
311 1446 144 27 utprängling,
471 1446 39 21 och
525 1445 55 22 först
596 1446 64 20 sedan
672 1445 68 22 denna
750 1446 161 27 undersökning
921 1447 37 26 ägt

208 1487 47 14 rum
271 1480 56 21 varit
342 1481 7 20 i
364 1479 85 22 tillfälle
465 1481 32 20 att
511 1479 91 21 medelst
617 1479 71 26 utslag
704 1479 41 22 den
760 1481 26 20 25
801 1480 90 21 Januari
903 1480 53 20 1875
