1039 1703
464 139 17 20 L.
795 141 25 20 15

96 208 45 19 rätt
156 208 32 20 att
204 206 59 21 öfver
280 206 282 28 stämpelpappersafgiften,
578 208 45 20 lika
637 208 48 21 med
701 208 68 20 andra
784 210 64 19 stats-

95 240 86 21 verkets
204 240 126 26 inkomster,
354 241 32 20 till
410 241 220 21 Storfurstendömets
653 247 56 21 gagn
728 242 39 20 och
786 242 65 21 bästa

95 274 91 27 förfoga,
210 274 50 21 lätit
282 275 40 21 den
339 276 11 20 9
370 275 3 21 i
390 281 80 15 samma
486 275 119 21 December
620 276 78 20 mänad
713 276 87 21 utfärda
816 276 32 21 of-

95 308 135 22 vanberörda
246 308 22 21 af
283 309 120 21 Ständerna
419 310 94 25 antagna
525 309 127 27 förordning
662 310 110 26 angäende
784 312 65 19 stäm-

94 342 228 27 pelpappersafgiften.

166 377 55 21 40:0.
251 376 50 21 Med
324 377 154 22 föranledande
501 377 23 21 af
546 377 132 22 Ständernas
701 378 147 28 underdäniga

94 417 49 15 svar
166 411 28 27 pä
216 411 79 27 nådiga
317 412 169 26 propositionen,
511 412 110 27 angående
641 413 119 27 utgörande
776 413 23 21 af
811 413 37 22 be-

93 445 90 28 villning
206 446 33 21 för
264 446 53 21 1873
342 446 39 21 och
403 446 123 27 päföljande
545 446 30 26 är,
596 447 39 20 har
650 447 60 22 Hans
726 447 121 27 Kejserliga

93 479 110 28 Majestät,
218 481 29 26 pä
262 481 64 20 hvars
342 480 118 27 befallning
475 481 79 26 nådiga
568 481 145 27 kungörelsen
729 482 23 21 af
767 482 39 21 den
820 484 26 19 29

93 514 52 21 Juni
163 515 60 26 1872,
240 521 34 14 om
289 515 151 26 upphörandet
456 515 22 20 af
492 516 40 20 den
546 515 159 27 sjöfartsafgift,
716 517 86 20 hvilken
814 519 33 18 ut-

93 549 48 26 gått
156 549 71 21 såsom
243 549 120 26 ersättning
378 549 34 20 för
428 549 151 22 Sundstullens
595 550 136 27 indragning,
751 551 97 20 emeller-

92 583 33 21 tid
147 583 121 26 utkommit,
292 583 49 21 låtit
364 583 47 21 icke
427 584 92 21 allenast
533 583 94 27 utfärda,
643 584 41 21 den
699 585 28 20 24
742 585 105 21 Februari

95 618 60 26 1873,
171 618 48 21 med
236 618 36 21 det
287 617 105 22 förbehåll
409 618 23 21 af
442 618 37 21 Sin
489 619 138 21 uteslutande
638 619 208 26 tull-lagstiftnings-

91 653 51 24 rätt,
166 652 88 21 hvarom
277 653 67 20 redan
366 653 68 20 under
457 653 41 20 N:o
521 654 26 20 29
570 653 8 20 i
602 653 69 21 denna
689 653 118 22 berättelse
822 655 25 19 är

91 686 96 26 nämndt,
204 686 130 27 kungörelse
349 687 92 21 rörande
458 687 40 21 den
514 687 22 21 af
551 687 120 21 Ständerna
683 687 34 21 för
727 688 52 21 åren
792 688 53 20 1873

91 721 34 21 till
149 721 40 21 och
209 722 48 20 med
274 722 54 21 1877
344 722 80 26 åtagna
438 722 124 26 bevillning,
580 728 81 15 samma
677 722 42 27 dag
734 728 25 15 en
775 728 71 15 annan

91 756 131 26 kungörelse
244 756 110 26 angående
370 756 26 21 de
412 756 23 21 af
449 756 121 22 Ständerna
592 756 107 27 beviljade
718 757 75 27 anslag
812 757 34 21 för

92 790 110 26 åtskilliga
224 790 90 22 allmänt
336 790 84 28 nyttiga
439 791 104 26 ändamål,
564 791 40 21 och
620 790 41 21 den
676 792 27 20 24
719 792 126 26 nästderpå-

91 824 94 28 följande
208 824 62 27 April
292 825 126 26 förordning
440 826 92 20 rörande
555 826 59 20 vissa
636 825 155 27 iakttaganden
809 826 36 20 vid

91 859 151 27 tillämpandet
264 859 24 21 af
308 859 158 21 ofvanberörda
487 860 130 27 kungörelse
635 866 34 14 om
689 860 39 20 den
745 860 23 20 af
783 860 61 21 Stän-

91 894 68 20 derna
174 894 80 25 åtagna
268 894 124 26 bevillning,
408 895 54 19 utan
477 894 62 21 äfven
554 900 77 20 genom
647 895 32 20 tre
696 894 76 26 skilda,
783 900 62 21 nyss-

91 928 91 21 nämnde
195 928 27 21 24
234 928 61 26 April
308 928 39 21 och
360 928 40 21 den
414 930 13 19 2
442 928 96 21 Oktober
554 929 53 20 1873
622 928 102 21 daterade
739 926 49 23 bref
797 928 48 21 från

91 962 124 27 Kejserliga
231 962 98 26 Senaten,
342 963 70 21 lemna
425 962 17 28 ej
459 962 83 22 mindre
558 962 164 22 Guvernörerne
738 963 7 21 i
760 963 85 21 landets

93 997 100 26 samtliga
208 997 35 21 län
259 998 27 19 än
302 996 227 27 Generalguvernören
546 997 34 21 del
597 997 22 21 af
632 997 146 26 hvarjehanda
789 997 57 21 före-

91 1031 88 21 skrifter
202 1031 133 21 beträffande
358 1031 190 26 verkställigheten
568 1031 23 21 af
609 1031 135 21 omförmälte
759 1031 92 22 författ--

90 1065 82 27 ningar.

161 1101 56 20 41:0.
247 1100 10 21 I
274 1099 222 22 öfverensstämmelse
512 1100 49 21 med
576 1100 57 21 hvad
649 1099 119 22 Ständerna
783 1100 7 21 i
806 1107 37 14 un-

90 1134 142 27 derdånighet
246 1134 114 27 föreslagit
375 1134 36 21 vid
428 1134 143 21 besvarandet
586 1134 23 21 af
622 1134 79 27 nådiga
713 1135 130 26 propositio-

89 1175 41 15 nen
147 1175 33 15 om
195 1169 131 20 utfärdande
341 1168 23 20 af
373 1175 26 14 en
410 1169 83 26 stadga,
506 1169 109 25 angående
625 1168 101 26 flottning
736 1169 23 20 af
769 1169 75 26 skogs-

90 1203 73 26 alster,
187 1203 39 20 har
245 1203 61 21 Hans
322 1202 121 27 Kejserliga
458 1202 104 28 Majestät
576 1202 49 21 låtit
644 1203 3 20 i
663 1204 72 20 ämnet
749 1202 94 27 utfärda,

91 1238 40 20 den
146 1238 28 20 24
190 1237 59 21 Mars
271 1238 53 20 1873
348 1236 126 27 förordning
498 1238 38 20 och
560 1236 40 21 den
616 1237 12 19 8
645 1237 62 26 April
725 1238 53 20 1875
795 1237 48 21 ord-

89 1271 151 27 ningsstadga;
264 1278 49 14 men
336 1277 45 15 som
405 1271 120 21 Ständerna
540 1271 6 21 i
563 1271 154 26 sammanhang
738 1271 50 21 med
807 1271 35 21 be-

89 1306 66 21 rörda
178 1312 49 15 svar
250 1306 60 21 äfven
334 1305 79 21 uttalat
436 1306 38 20 det
489 1305 168 27 önskningsmäl,
674 1307 31 19 att
721 1312 26 14 en
762 1305 80 21 komite

90 1340 23 21 af
134 1340 134 25 sakkunnige
291 1346 104 20 personer
414 1340 67 20 måtte
501 1340 45 20 före
562 1345 28 15 nu
606 1339 117 26 påstående
739 1339 103 26 landtdag

89 1374 90 21 beredas
203 1373 85 21 tillfälle
311 1375 33 19 att
357 1373 36 26 pä
415 1373 70 26 grund
504 1373 23 20 af
544 1373 40 20 den
601 1372 127 27 erfarenhet,
745 1379 46 14 som
806 1372 36 21 vid

88 1407 165 28 tillämpningen
268 1407 23 21 af
305 1407 66 27 sagde
386 1406 126 27 förordning
527 1406 93 26 vunnits,
635 1407 58 26 yttra
703 1407 33 26 sig
747 1413 34 14 om
792 1407 49 20 dess

89 1442 127 27 lämplighet
232 1442 45 27 och,
294 1442 38 21 der
346 1441 130 22 förändrade
492 1441 133 27 stadganden
640 1441 7 20 i
663 1447 26 14 en
705 1441 52 21 eller
772 1447 70 15 annan

90 1477 34 22 del
139 1477 77 22 funnes
232 1477 23 21 af
268 1477 101 21 behofvet
384 1476 120 28 päkallade,
520 1476 109 21 inkomma
647 1476 49 21 med
711 1475 82 28 förslag
808 1475 33 22 till
