1039 1692
210 144 12 19 2
534 144 29 19 :0
579 138 53 23 49.

182 210 44 20 stät
245 209 72 21 ansett
334 208 157 26 inskränkning
506 208 7 20 i
528 207 133 21 handlandes
677 206 94 26 antydda
786 207 44 19 rätt
844 211 53 15 vara
912 205 22 21 af

182 242 101 22 behofvet
298 242 107 26 påkallad.
435 241 42 21 För
489 242 32 20 att
531 242 37 20 det
579 240 88 22 afsedda
679 240 121 21 ändamålet
810 240 66 20 likväl
886 239 47 21 icke

184 276 68 21 måtte
274 275 90 21 förfelas
388 275 129 26 derigenom,
533 276 32 19 att
587 274 49 21 med
659 274 54 26 sprit
733 274 91 21 försatta
844 273 90 27 drycker

182 310 85 21 komme
290 311 32 19 att
345 310 69 20 under
433 309 128 26 benämning
579 308 23 21 af
623 308 59 21 viner
697 308 107 27 försäljas,
820 308 68 20 borde
903 308 31 21 in-

184 344 160 26 skränkningen
358 344 90 20 omfatta
464 343 62 21 äfven
542 344 59 20 viner
617 342 22 22 af
654 343 42 21 alla
712 343 52 26 slag,
781 344 55 19 samt
851 342 83 27 hvarje-

183 378 71 21 handa
273 378 142 26 blandningar
434 378 33 20 till
487 378 71 26 dryck,
579 377 7 21 i
601 377 73 21 hvilka
689 378 35 20 vin
741 376 51 22 eller
808 377 55 26 sprit
878 376 56 27 ingå.

184 411 42 22 Till
240 412 54 26 följd
309 411 63 21 häraf
386 412 39 20 och
442 411 26 21 då
484 412 47 20 skäl
546 412 47 20 icke
609 412 61 20 torde
686 410 115 22 förefinnas
817 411 33 21 till
860 411 76 21 vidare

183 446 151 21 bibehållande
350 446 23 20 af
386 445 139 21 föreskriften
541 452 34 15 om
591 446 33 20 att
639 445 72 27 dylika
727 445 90 27 drycker
832 445 54 21 böra
904 445 31 21 in-

184 479 92 22 nehafva
290 480 118 26 fyratiosex
424 482 100 24 procents
540 479 139 26 alkoholhalt,
693 479 40 21 har
743 479 60 21 Hans
814 479 122 27 Kejserliga

184 514 104 26 Majestät
302 514 58 21 velat
374 513 39 21 hos
429 513 187 22 Landtständerna
631 513 80 21 föreslå
725 514 32 20 att
772 514 10 26 $
799 514 26 20 55
840 514 7 20 i
863 513 73 21 ofvan-

184 548 92 21 berörde
299 548 126 26 förordning
448 548 22 20 af
489 548 40 20 den
549 549 12 20 9
577 548 52 20 Juni
646 548 53 20 1873
716 548 70 20 skulle
802 547 80 21 erhålla
897 547 39 21 föl-

183 582 65 26 jande
264 582 129 21 förändrade
409 582 91 26 lydelse:

524 673 25 27 1$
564 673 34 20 55.

391 712 49 21 Allt
458 712 56 21 hvad
533 713 8 20 i
557 712 140 27 förestående
712 714 65 20 måtto
794 715 26 19 är
834 712 104 28 stadgadt

322 754 34 14 om
366 747 98 21 otillåten
470 747 139 27 försäljning
625 747 38 21 och
678 748 112 27 utdelning
806 747 30 27 af
847 747 91 21 bränvin

321 781 71 27 gäller
399 780 65 28 äfven
473 788 31 13 om
513 781 46 20 alla
567 781 84 20 sådana
663 781 145 27 blandningar
819 782 35 20 till
864 781 73 27 dryck,

321 815 35 20 uti
370 814 72 21 hvilka
458 814 91 21 bränvin
565 814 34 21 till
609 815 72 27 någon
691 815 158 27 hufvudsaklig
860 815 34 21 del
904 816 34 20 in-

321 849 48 26 går,
392 847 110 28 äfvensom
526 849 7 19 i
553 848 102 27 afseende
673 849 13 20 å
701 849 72 20 andra
789 849 84 20 brända
888 849 51 20 eller

322 882 134 21 distillerade
471 882 34 20 in-
525 882 51 21 eller
595 882 117 21 utländska
731 882 147 28 spritdrycker
901 882 39 21 och

322 916 60 21 viner
396 916 31 27 af
438 916 45 21 alla
499 917 48 26 slag
562 919 56 18 samt
633 916 147 28 blandningar
791 917 71 26 deraf.
878 917 62 20 Dock

321 957 48 20 eger
384 950 46 25 den,
447 957 43 14 som
510 951 7 19 i
532 951 50 20 stad
597 951 51 20 eller
663 951 79 27 köping
757 951 65 20 idkar
836 950 80 21 handel
930 951 9 20 i

322 986 67 25 öppen
405 984 45 25 bod,
455 983 147 28 fortfarande
617 986 45 19 rätt
672 987 33 18 att
715 985 145 21 nästnämnda
871 985 68 27 sprit-

322 1025 70 18 varor,
401 1018 60 21 viner
475 1019 38 19 och
529 1018 146 27 blandningar
691 1019 69 26 deraf
766 1019 107 27 försälja,
884 1021 54 19 utan

322 1059 74 14 annan
418 1052 158 28 inskränkning
599 1054 29 19 än
647 1055 32 18 att
693 1053 48 26 fem
759 1053 85 20 kannor
862 1054 27 19 är
904 1053 35 21 det

322 1087 80 20 minsta
414 1087 68 26 parti,
499 1093 44 14 som
558 1086 30 27 af
603 1086 76 27 hvarje
697 1087 48 27 slag
763 1087 44 26 får
824 1086 115 28 föryttras

322 1120 38 21 och
375 1120 98 27 utgifvas
489 1121 24 19 åt
527 1120 100 27 köparen,
643 1120 85 21 hvilken
743 1120 45 21 icke
802 1121 36 20 må
854 1120 85 21 tillåtas

323 1156 33 18 att
370 1154 66 26 nåyot
452 1153 69 27 deraf
532 1154 13 19 å
561 1154 73 20 stället
645 1153 93 27 förtära
754 1153 52 21 eller
820 1154 80 21 utdela.

391 1192 70 21 Dessa
477 1192 90 28 drycker
577 1192 32 27 få
624 1193 9 20 i
647 1193 50 20 stad
712 1193 51 20 eller
778 1193 79 28 köping
868 1193 71 26 säljas

322 1226 65 27 äfven
402 1227 9 18 i
426 1227 75 24 minut,
517 1227 66 19 sedan
599 1227 79 24 dertill,
695 1227 8 18 i
718 1227 40 19 den
773 1227 93 26 ordning
881 1227 15 26 $
910 1227 30 20 47

317 1259 154 27 föreskrifver,
492 1259 108 20 utverkats
620 1259 105 25 tillstånd,
744 1259 79 21 hvilket
841 1260 36 20 må
893 1259 46 21 till-

322 1293 60 21 delas
388 1293 83 26 jemväl
481 1293 46 24 den,
538 1299 45 14 som
593 1293 85 26 drifver
689 1299 74 15 annan
773 1293 84 21 handel.
874 1292 66 22 Hvad

322 1327 8 21 i
353 1327 70 28 öfrigt
442 1326 71 27 finnes
536 1327 104 28 stadgadt
665 1333 33 15 om
719 1327 152 22 minuthandel
892 1327 48 21 med

322 1361 91 21 bränvin
435 1360 38 21 och
493 1360 118 29 påföljden
633 1361 41 27 för
697 1361 155 28 öfverträdelse
873 1361 70 28 deraf

320 1395 58 22 skall
400 1396 8 19 i
431 1395 132 28 tillämpliga
582 1395 61 21 delar
660 1396 62 27 gälla
740 1396 66 27 äfven
819 1396 43 27 för
878 1395 61 28 dylik

320 1429 79 22 handel
416 1429 47 21 med
478 1429 149 27 förenämnda
646 1430 71 21 andra
737 1430 84 21 brända
836 1430 52 21 eller
903 1430 35 21 di-

319 1463 111 22 stillerade
444 1463 35 21 in-
494 1463 51 21 eller
560 1463 118 22 utländska
693 1464 129 27 spritvaror,
836 1464 62 21 viner
911 1463 31 28 af
