1048 1709
370 150 27 18 U.
411 152 30 17 B.
454 152 69 18 XIX.
757 152 24 20 17

83 209 108 21 sättandet
210 210 23 20 af
250 210 150 24 Direktionens
416 214 136 20 medlemmar
567 214 46 20 icke
628 215 23 19 är
667 213 105 21 beroende
788 214 24 20 af

83 243 65 27 något
163 243 129 22 Ständernas
308 245 128 23 förtroende.
470 248 41 20 Det
526 247 66 21 andra
606 247 24 21 af
644 247 24 21 de
684 247 124 21 framstälda

82 276 114 27 förslagen,
219 280 32 18 att
269 278 34 21 för
325 280 56 20 vissa
399 280 79 27 vigtiga
503 281 93 20 ärenden
615 281 107 20 förstärka
739 280 71 21 Bank-

82 310 134 28 fullmäktige
230 312 48 21 med
294 320 25 13 en
335 314 114 27 suppleant
463 315 34 20 för
509 315 71 28 hvarje
596 315 68 25 ständ,
680 315 69 20 skulle
764 315 46 21 icke

82 344 66 21 heller
159 345 48 21 leda
222 345 32 21 till
270 347 132 22 ändamälets
416 349 111 26 vinnande,
543 349 86 21 emedan
646 349 24 21 af
683 349 71 28 dylika
768 349 43 21 till-

81 379 102 27 fälligtvis
202 380 39 20 och
260 380 54 21 blott
332 381 34 21 för
384 382 25 21 de
424 385 55 19 mest
490 383 186 28 maktpäliggande
691 383 74 28 frågor
780 384 31 20 in-

81 413 83 21 kallade
183 421 102 20 personer
305 416 46 21 icke
367 417 40 20 kan
427 419 74 20 väntas
515 418 40 21 den
571 418 108 28 oatlätliga
694 418 115 28 uppmärk-

82 449 82 20 samhet
186 450 28 25 pä
234 450 95 21 bankens
349 451 177 28 angelägenheter
546 452 52 21 eller
617 459 37 14 ens
670 453 35 20 det
718 452 94 22 intresse

80 483 35 21 för
128 483 96 22 bankens
240 484 62 21 bästa
317 485 39 21 och
373 486 39 21 den
427 487 229 27 ansvarighetskänsla,
668 494 46 14 som
730 489 82 19 ensamt

81 517 71 22 kunde
166 518 58 27 gifva
245 519 25 21 de
290 520 106 22 inkallade
411 528 141 20 personernas
566 522 85 27 mening
667 522 40 21 och
722 521 90 29 tillstyr-

81 552 40 21 kan
138 553 70 21 värde.
240 553 32 22 Dä
286 554 168 23 Bankutskottet
470 556 82 21 säledes
567 556 47 21 icke
629 556 82 21 kunnat
726 556 87 22 ansluta

81 587 32 27 sig
129 587 32 20 till
176 588 118 27 nägotdera
315 589 24 20 af
358 589 155 22 ofvanberörda
533 591 86 27 förslag,
635 591 74 21 tvekar
724 591 87 21 Utskot-

80 623 31 20 tet
126 621 46 22 icke
187 624 32 19 att
233 623 88 21 förorda
336 631 25 13 en
376 624 145 29 förstärkning
535 625 24 21 af
571 625 153 28 Fullmäktiges
751 625 59 22 antal

81 655 32 21 till
133 656 89 21 dubbelt
241 657 35 21 det
291 658 138 26 närvarande,
450 660 27 26 pä
493 661 43 19 sätt
551 659 5 20 i
572 660 26 20 68
615 660 11 27 &
642 659 23 21 af
678 659 132 28 Landtdags-

82 690 116 28 ordningen
214 691 123 28 medgifves.
371 693 175 28 Hinderligheten
565 694 23 21 af
602 696 30 19 ett
646 694 102 21 talrikare
763 693 45 21 kol-

90 725 68 28 egium
178 727 63 26 utgör
264 726 67 28 enligt
349 727 114 22 utskottets
486 728 85 28 mening
592 728 47 21 icke
658 729 66 27 nägot
739 727 72 29 giltigt

82 760 46 21 skäl
150 762 57 19 emot
228 761 68 20 denna
320 762 125 28 anordning,
465 763 101 21 eftersom
581 769 48 14 man
645 763 61 21 äfven
722 762 6 21 i
743 762 67 21 andra

81 796 75 21 länder
174 797 28 26 pä
224 796 69 27 grund
308 796 24 21 af
351 797 159 21 erfarenhetens
526 797 133 22 vittnesbörd
673 797 71 22 funnit
759 797 53 28 godt

82 831 130 22 öfverlemna
229 831 114 28 ledningen
361 833 23 19 af
400 834 68 19 större
485 833 201 27 bankinrättningar
702 833 22 20 ät
740 832 72 29 dylika

89 866 162 28 vankkonseljer.
285 866 111 21 Utskottet
410 867 33 21 får
461 867 82 21 således
559 867 109 20 vördsamt
682 867 80 21 föreslå
777 869 32 18 att

82 901 120 20 Ständerna
217 901 33 20 vid
266 901 142 21 innevarande
423 901 103 28 landtdag
537 902 65 20 måtte
617 903 48 19 utse
680 902 45 20 åtta
740 901 72 20 Bank-

88 935 134 27 fullmäktige,
245 935 35 21 två
303 935 34 20 för
361 936 72 27 hvarje
454 935 62 21 stånd
535 935 33 21 för
583 937 32 19 att
630 935 7 20 i
652 935 94 28 enlighet
760 935 48 21 med

83 969 40 21 den
139 969 23 21 af
175 969 120 21 Ständerna
302 969 113 22 faststälda
423 969 130 21 instruktion
570 971 55 20 samt
639 969 99 28 gällande
755 969 58 22 stad-

83 1003 82 28 gandan
196 1004 74 21 utöfva
298 1003 100 21 inseende
413 1003 60 21 öfver
488 1003 156 28 förvaltningen
660 1003 24 22 af
711 1003 102 22 Finlands

91 1038 49 21 bank
158 1038 56 21 intill
232 1037 177 22 nästkommande
426 1037 103 28 landtdag
545 1040 55 19 samt
615 1038 47 28 fyra
677 1038 138 27 suppleanter

90 1073 26 20 för
130 1072 74 27 hvarje
219 1071 62 22 stånd
299 1071 33 22 för
352 1074 31 19 att
403 1071 34 21 vid
455 1072 128 21 inträffande
598 1072 72 21 förfall
685 1072 74 28 intaga
776 1072 34 21 de-

84 1114 35 14 ras
134 1106 63 28 plats.

142 1163 133 28 Helsingfors
290 1163 39 22 den
345 1165 12 19 9
373 1163 42 28 Maj
433 1165 58 20 1877.

137 1522 152 19 Bankutskottets
302 1521 107 18 Berättelse.
