1048 1706
359 175 26 17 U.
402 175 27 17 B.
446 185 24 3 —
486 175 70 18 XIX.
795 175 13 19 3

93 240 69 20 vikas.
192 240 75 21 Under
278 240 82 21 sådana
374 240 150 22 förhållanden
535 246 63 20 synes
614 240 37 21 det
665 241 121 21 emellertid
801 242 36 19 nö-

94 274 54 26 digt,
158 274 32 20 att
205 275 32 19 ett
252 273 157 22 vidsträcktare
424 274 174 26 bemyndigande
613 276 27 18 än
655 275 37 20 det
707 274 58 21 förut
779 274 58 21 med-

94 307 77 21 delade
179 307 81 21 lemnas
269 307 23 21 åt
299 307 151 27 Fullmäktige,
458 308 28 26 pä
494 308 37 21 det
539 309 32 20 att
579 308 96 26 i;vidrigt
685 308 38 20 fall
731 308 67 26 några
806 308 31 21 in-

94 341 159 27 skränkningar
264 341 47 21 icke
323 341 93 21 behöfde
423 342 99 26 vidtagas
530 342 101 26 möjligen
640 342 63 21 äfven
711 342 7 20 i
727 342 26 21 de
761 342 77 21 anord-

94 376 83 26 ningar,
186 382 46 14 som
242 376 45 20 afse
296 376 96 20 bankens
401 376 101 21 säkerhet
510 376 39 22 och
556 376 153 26 inredningens
718 376 121 22 ändamåls-

95 409 101 27 enlighet.
227 409 113 22 Utskottet
361 410 39 21 har
424 410 84 21 således
523 411 73 20 ansett
611 410 33 26 sig
657 410 55 21 böra
726 410 113 21 understö-

95 444 27 21 da
137 443 157 27 Fullmäktiges
302 443 82 28 förslag
392 444 24 21 så
424 445 86 26 mycket
524 450 52 20 mer,
593 450 45 15 som
653 444 36 21 vid
704 451 29 14 nu
743 445 96 20 rådande

96 478 114 21 osäkerhet
221 478 6 20 i
238 477 85 22 landets
339 480 69 25 mynt-
418 479 39 20 och
466 477 196 28 prisförhållanden
673 478 43 21 alla
726 478 114 22 kostnads-

97 512 143 27 beräkningar
262 512 72 22 blefve
357 514 56 19 ännu
437 513 82 20 mindre
542 511 141 28 tillförlitliga
697 514 27 19 än
740 513 27 21 de
781 512 60 22 förut

95 547 127 28 uppgjorda.

163 581 32 21 På
216 581 71 27 grund
306 581 23 20 af
343 581 37 21 det
394 581 91 21 anförda
499 581 34 21 får
547 581 170 22 Bankutskottet
731 582 109 21 vördsam-

96 618 56 19 mast
166 615 80 22 föreslå

232 664 31 18 att
278 661 120 22 Ständerna
418 662 63 21 måtte
500 661 124 29 bemyndiga
644 661 198 29 Bankfullmäktige

164 698 30 18 att
210 695 45 21 låta
270 695 95 29 uppföra
380 695 38 21 den
428 696 36 20 vid
475 695 57 22 1872
547 696 35 21 års
597 695 138 21 ständermöte
750 695 92 21 beslutna

166 730 217 28 bankhusbyggnaden
398 731 9 19 i
421 730 89 28 enlighet
524 730 47 21 med
590 730 109 28 Professor
717 730 126 23 Bohnstedts

165 764 81 28 förslag
262 765 61 28 äfven
339 772 32 13 om
387 764 138 22 kostnaderna
539 764 78 21 komme
633 768 30 18 att
678 765 113 28 öfverstiga
810 765 33 21 det

167 800 28 21 då
206 800 27 28 af
242 799 120 22 Ständerna
372 799 34 20 till
417 799 95 28 omkring
524 798 105 28 500,000
639 799 60 21 mark
716 799 128 28 begränsade

168 833 101 28 beloppet.

198 885 136 27 Helsingfors
349 885 41 21 den
406 885 27 20 18
448 885 61 26 April
524 885 62 21 1877.
