1048 1706
300 140 28 22 U.
344 140 27 23 B.
387 153 29 3 —
431 140 75 29 Prop.
521 140 45 24 N:o
582 141 35 23 45.
791 143 13 21 3

81 204 67 21 rande
164 204 40 21 den
220 203 26 22 28
261 204 119 21 December
396 204 56 22 1875
467 206 57 20 emot
539 204 26 22 de
580 205 36 21 två
630 204 146 23 förstnämnda
790 206 43 21 för-

81 238 76 26 slagen
172 237 56 27 gjort
242 238 67 26 några
325 238 171 27 anmärkningar,
512 239 96 21 deremot
618 239 19 26 ej
648 239 69 21 funnit
727 240 65 26 något
802 241 33 20 att

82 272 72 21 erinra
171 271 131 22 beträffande
320 272 103 26 förslaget
433 272 34 21 till
478 272 253 28 landtdagsproposition,
742 286 29 3 —
778 274 57 21 samt

82 307 32 20 att
128 306 60 20 Hans
203 305 122 27 Kejserliga
339 304 106 28 Majestät,
462 306 66 21 sedan
544 306 92 22 Senaten
652 307 59 21 öfver
725 307 109 27 förslagen

83 339 84 27 afgifvit
185 339 142 27 underdånigt
344 340 105 26 yttrande,
468 340 49 21 med
534 340 149 27 upphäfvande
698 341 24 21 af
735 341 99 28 Krigsar-

82 374 93 21 tiklarne
194 373 41 22 den
253 374 26 21 31
296 373 59 22 Mars
372 374 62 26 1798,
450 374 95 22 faststält
560 381 28 21 ny
603 374 100 28 Strafflag
717 375 35 22 för
766 375 69 22 finska

82 408 114 22 militären.

151 443 76 21 Denna
241 442 108 27 Strafflag,
364 443 87 22 hvilken
463 443 66 27 jemte
545 443 93 22 särskild
648 444 22 21 af
678 444 60 22 Hans
748 445 87 26 Kejser-

83 478 44 27 liga
142 477 101 27 Majestät
257 477 63 22 äfven
335 477 100 22 faststäld
450 477 185 28 Ordningsstadga
649 477 37 22 för
701 485 81 15 samma
797 479 38 21 mi-

83 512 50 21 litär
152 511 70 22 blifvit
239 511 66 22 bland
324 511 119 22 Ständerna
462 512 94 26 utdelad,
574 514 31 24 är,
621 512 66 27 enligt
702 513 42 21 den
757 513 79 27 nådiga

83 542 160 31 propositionen
262 546 39 21 och
321 548 12 19 1
349 546 91 27 kapitlet
454 546 7 21 i
477 547 66 25 sagde
559 546 107 27 Strafflag,
681 547 32 21 att
727 547 108 27 tillämpas

84 581 76 21 endast
176 580 12 21 å
202 581 64 25 brott,
283 586 45 15 som
343 580 66 27 begås
425 580 23 21 af
462 580 117 27 officerare,
592 581 125 21 underbefäl
729 581 39 22 och
778 587 58 16 man-

84 615 53 26 skap
153 616 56 20 samt
223 615 61 21 civile
299 614 134 28 tjenstemän,
449 615 72 20 hvilka
536 617 37 19 äro
588 615 6 21 i
606 615 55 22 finsk
670 615 105 27 krigsstat
784 622 53 21 upp-

83 651 71 25 tagne.
189 649 31 21 Ur
242 649 123 22 densamma
384 651 24 18 är
427 649 84 21 derföre
534 649 103 22 uteslutet
656 649 56 22 hvad
731 650 54 21 1798
801 650 35 21 års

84 683 156 27 Krigsartiklar
255 683 39 22 och
310 683 26 22 de
351 683 32 21 till
399 683 64 21 dessa
477 683 95 22 hörande
587 683 150 28 författningar
752 685 85 26 stadgat

84 724 36 15 om
134 717 163 28 krigsdomstols
316 717 119 27 befattning
454 718 49 21 med
521 719 57 21 vissa
596 718 50 26 mål,
665 724 45 15 som
726 720 49 19 röra
789 725 48 20 per-

81 759 67 15 :soner
162 754 60 20 utom
236 753 137 26 krigsstaten,
389 759 34 14 om
439 752 62 22 straff
514 753 39 20 och
568 758 69 15 annan
652 752 81 28 påföljd
748 753 8 21 i
770 753 68 27 några

85 787 81 22 sådana
172 787 43 22 mål
223 789 56 19 samt
287 793 34 14 om
329 786 128 27 krigsbefäls
465 787 129 26 befogenhot
602 788 32 19 att
640 787 65 21 häkta
713 787 124 28 medborga-

83 828 26 15 Te
117 823 7 20 i
132 828 86 20 gemen;
227 821 38 22 och
274 821 27 22 då
309 821 62 22 äfven
379 821 106 22 särskilda
493 821 150 27 förändringar
648 821 133 28 härutinnan,
789 822 49 22 med

85 856 82 27 hänsyn
188 856 34 21 till
243 856 84 21 landets
351 856 107 21 allmänna
481 856 134 27 lagstiftning
634 856 39 21 och
691 856 35 21 till
745 856 54 27 följd
817 856 23 21 af

85 890 217 26 militärstrafflagens
324 890 101 26 innehäll,
449 892 81 19 ansetts
552 897 52 14 vara
625 891 84 26 nödiga,
725 890 40 21 har
779 891 59 21 Hans

86 925 122 27 Kejserliga
223 923 101 28 Majestät
339 924 48 21 låtit
401 923 112 28 förelägga
528 924 120 22 Ständerna
662 930 28 15 nu
705 925 5 20 i
727 924 62 27 fråga
803 931 36 15 va-

86 959 67 21 rande
168 959 139 26 proposition,
323 959 86 20 hvilken
425 959 7 20 i
447 959 39 21 allt
501 959 129 26 väsendtligt
640 959 200 22 öfverensstämmer

87 994 48 21 med
151 993 63 22 ofvan
229 993 92 21 nämnda
335 993 168 27 komitéförslag.

156 1028 47 21 Den
218 1028 77 26 nådiga
310 1027 170 27 propositionens
495 1027 95 22 innehåll
606 1029 24 19 är
644 1028 33 21 till
693 1029 69 20 större
778 1027 61 22 delen

87 1063 98 21 hemtadt
199 1068 26 15 ur
239 1061 182 28 Krigsartiklarne
437 1061 24 22 af
475 1062 40 21 den
530 1063 27 20 31
573 1061 60 22 Mars
650 1061 60 22 1798.
739 1062 101 21 Likasom

88 1097 41 21 den
151 1097 93 21 militära
263 1095 127 27 Strafflagen
409 1095 64 22 hafva
491 1096 62 21 äfven
573 1096 91 21 nämnde
685 1096 156 27 Krigsartiklar

88 1131 124 21 tillkommit
226 1132 51 19 utan
293 1130 130 22 Ständernas
447 1131 135 26 medverkan,
599 1130 85 21 hvartill
699 1131 142 26 anledningen

87 1165 57 22 varit
159 1165 47 26 den,
225 1167 32 19 att
277 1165 98 26 Sveriges
396 1165 39 20 och
450 1164 102 22 Finlands
567 1165 95 21 militära
676 1165 165 26 strafflagsstift-

88 1200 51 25 ning
154 1199 109 21 utvecklat
278 1199 32 26 sig
325 1205 26 14 ur
366 1199 25 20 de
408 1198 23 21 så
447 1199 84 20 kallade
548 1199 165 26 ”gårdsrätter”,
725 1199 73 21 hvilka
807 1205 34 15 re-

88 1234 104 25 genterna
206 1233 68 20 under
288 1232 130 21 medeltiden
438 1232 71 21 allena
523 1232 113 22 utfärdade
653 1232 32 21 för
699 1233 38 21 sitt
751 1232 90 22 hoffolk.

89 1267 34 21 Då
138 1267 59 21 detta
211 1266 84 21 hoffolk
309 1266 33 21 till
358 1268 45 19 stor
415 1266 35 21 del
460 1267 110 26 utgjordes
582 1267 22 20 af
612 1262 150 31 konungarnes
773 1266 68 27 krigs-

89 1302 56 25 män,
162 1301 62 26 gälde
233 1300 167 27 gårdsrätterna,
416 1301 7 20 i
439 1300 72 22 hvilka
519 1300 62 22 straff
587 1300 33 22 för
635 1301 56 21 vissa
701 1300 142 27 förbrytelser

90 1341 51 14 voro
158 1335 123 26 stadgande,
301 1334 63 21 äfven
384 1335 33 20 för
436 1335 55 20 dem.
520 1335 33 20 En
572 1335 66 20 sådan
653 1335 108 26 gårdsrätt
776 1333 66 22 utfär-

91 1368 66 22 dades
180 1370 55 19 ännu
256 1368 23 21 af
297 1368 79 22 Gustaf
393 1369 12 20 I
422 1369 41 20 den
483 1369 26 20 16
526 1368 94 21 Oktober
637 1368 60 26 1544,
713 1374 48 15 men
777 1368 66 21 redan

92 1403 40 21 den
149 1403 27 21 12
190 1402 89 22 Januari
296 1403 55 21 1545
366 1402 62 27 utgaf
441 1403 42 21 han
499 1402 107 22 särskilda
620 1402 174 28 ”krigsartiklar,
810 1402 34 22 till

89 1437 147 22 efterrättelse
251 1437 33 22 för
299 1438 37 21 det
351 1437 6 22 i
374 1438 100 21 städerna
490 1437 39 22 och
543 1437 27 27 på
585 1437 73 22 landet
668 1437 97 27 förlagda
774 1437 70 27 krigs-

161 1478 124 21 Lagutskottets
297 1478 104 17 betänkande
414 1477 33 18 N:o
462 1478 25 17 15.
