1042 1703
238 175 14 21 6

211 243 155 27 Kejserliga
387 243 126 27 Majestät
535 244 7 21 i
564 243 66 22 näder
645 243 66 21 funne
725 250 60 15 mera
801 243 46 22 skäl
862 244 33 21 till
911 244 50 21 mel-

210 278 109 21 lankomst
340 278 47 20 frän
411 279 81 20 statens
516 278 53 25 sida,
592 278 72 21 derest
683 278 46 21 icke
745 278 76 21 endast
836 278 126 21 förberörda

212 312 110 21 ömmande
345 312 183 27 omständigheter
550 312 72 21 talade
643 312 77 26 derför,
736 313 52 20 utan
804 312 70 21 tillika
890 312 70 21 såsom

211 346 93 21 resultat
326 346 61 20 deraf
405 346 119 26 framginge
540 347 32 19 att
587 346 124 26 föreningen
727 346 90 20 sålunda
832 346 47 21 åter
893 346 70 21 blefve

211 380 78 20 försatt
304 380 7 20 i
327 380 40 20 den
390 380 108 26 ställning,
522 382 32 18 att
576 380 42 20 hon
639 380 70 20 kunde
725 380 48 20 med
788 380 112 26 framgång
915 380 47 20 full-

211 414 52 26 följa
278 414 36 21 det
330 414 163 27 allmännyttiga
508 414 105 26 ändamål,
629 414 34 21 för
677 414 82 21 hvilket
774 414 125 27 föreningen
914 414 48 21 blif-

210 448 32 21 vit
256 448 82 22 stiftad.
368 448 74 21 Under
456 449 123 20 nuvarande
595 448 148 21 förhållanden
753 448 42 21 kan
806 448 156 28 Hypoteksför-

212 483 89 26 eningen
323 483 47 21 icke
392 482 132 27 tillbörligen
546 484 109 20 motsvara
673 483 26 21 de
715 483 100 27 anspråk,
832 489 45 15 som
892 483 29 27 på
937 489 25 15 en

212 517 66 21 sådan
301 517 81 21 anstalt
404 517 33 21 för
457 513 220 30 jordbrukskrediten
696 518 69 20 måste
785 518 84 26 ställas;
886 516 41 28 5!/,
937 517 26 25 %

212 553 23 19 är
251 558 26 14 en
292 551 33 22 för
340 552 42 26 hög
398 551 94 21 räntefot
507 552 49 21 med
571 552 86 26 hänsigt
672 552 18 26 ej
701 552 82 21 mindre
794 552 32 20 till
835 552 128 26 jordbruks-

211 586 114 26 näringens
341 588 39 24 art,
398 588 26 18 än
441 586 39 20 ock
496 586 33 21 till
545 586 40 21 den
600 588 69 24 ränta,
686 592 45 15 som
747 586 6 20 i
769 586 116 22 allmänhet
895 586 68 21 betin-

211 627 39 20 gas
265 621 23 20 af
302 621 40 20 den
359 621 103 20 solidaste
478 621 152 20 realsäkerhet.
659 621 49 20 Men
724 621 132 21 länsökande
872 621 91 20 afhällas

212 655 109 21 dessutom
337 655 22 20 af
373 655 103 26 farhägan
492 655 32 21 för
541 655 40 21 den
597 655 102 21 inverkan
715 655 136 26 föreningens
867 655 96 21 vexande

211 688 71 22 deficit
298 688 42 21 kan
355 689 28 26 pä
399 689 126 26 delegarene
541 689 82 25 utöfva;
640 695 24 15 en
681 689 159 26 omständighet
856 696 38 14 som
909 689 54 26 jem-

210 724 34 20 väl
258 723 110 21 försvärar
382 723 154 27 försäljningen
552 723 23 21 af
589 723 26 21 de
631 722 124 27 föreningen
770 723 110 26 tillhöriga
891 724 70 25 lägen-

210 758 66 26 heter,
293 757 83 21 hvilkas
392 757 140 27 fullständiga
547 757 126 21 realisation
689 757 55 21 dock
759 759 24 19 är
799 759 30 19 ett
845 758 70 20 vilkor
930 757 33 21 för

212 793 33 20 att
266 792 125 26 föreningen
414 792 46 20 äter
479 792 35 20 mä
529 792 72 20 kunna
615 791 28 27 pä
659 793 31 19 ett
705 791 199 21 tillfredsställande
921 793 43 19 sätt

210 826 98 20 bedrifva
331 826 33 20 sin
386 826 143 20 verksamhet.
559 826 43 20 Det
624 826 61 20 torde
708 826 76 20 härvid
807 826 61 20 äfven
884 826 27 25 få,
929 832 33 14 om

212 860 39 20 ock
274 860 46 20 icke
343 860 49 20 med
407 859 39 21 full
462 860 82 20 visshet
558 859 131 26 framhällas,
705 861 33 19 att
753 859 136 27 föreningens
905 860 58 20 läne-

211 894 81 20 rörelse
312 894 128 31 småningom
456 893 42 21 kan
514 894 149 20 åstadkomma
678 895 31 19 ett
725 893 125 26 öfverskott,
862 894 101 20 hvarmed

211 928 41 21 den
274 928 127 20 subvention
424 934 45 14 som
489 934 28 14 nu
537 927 69 22 blefve
621 928 100 26 beviljad,
737 928 7 20 i
759 928 115 20 framtiden
890 928 71 20 kunde

211 962 67 21 blifva
293 963 74 20 ersatt.

282 996 34 20 Dä
334 995 249 27 Hypoteksföreningens
603 995 98 27 delegare
721 996 36 20 vid
772 1001 29 15 nu
816 996 71 20 hällen
903 998 61 18 extra

210 1031 168 26 bolagsstämma
393 1029 129 21 skärskädat
537 1029 136 26 föreningens
690 1030 101 26 ställning
807 1030 39 21 och
863 1030 32 20 till
910 1030 53 26 följd

212 1064 62 21 deraf
288 1064 70 21 funnit
374 1064 32 26 sig
422 1064 90 20 manade
527 1065 38 24 att,
582 1063 166 27 enkannerligen
764 1063 48 21 med
828 1063 87 26 hänsigt
931 1064 32 21 till

210 1099 139 21 merberörda
372 1098 133 21 förhällande
520 1098 48 21 med
585 1098 25 21 de
625 1098 98 26 nordliga
739 1098 68 25 länen,
824 1098 33 20 till
879 1098 84 21 Eders

211 1133 153 27 Kejserliga
383 1133 126 26 Majestät
529 1133 57 25 rigta
602 1132 69 20 denna
686 1132 147 26 underdäniga
848 1132 115 21 framställ-

212 1168 57 25 ning,
285 1167 39 20 har
340 1167 36 20 det
391 1166 70 21 tillika
476 1166 76 21 fattats
569 1166 70 21 såsom
655 1167 30 20 ett
701 1165 139 27 oeftergifligt
851 1166 112 26 åliggande

211 1201 33 22 för
266 1201 125 26 föreningen
414 1202 32 19 att
470 1200 52 21 söka
538 1200 148 21 åstadkomma
701 1200 24 21 sä
740 1206 109 21 noggrann
867 1200 38 21 och
921 1200 42 21 till-

212 1235 90 26 förlitlig
325 1235 114 25 utredning
462 1240 45 15 som
531 1235 84 24 möjligt
637 1235 110 24 angäende
766 1234 26 21 de
811 1234 108 20 särskilda
934 1234 27 20 si-

212 1270 66 20 dorna
300 1269 24 20 af
343 1269 136 26 föreningens
502 1269 107 26 ställning.
640 1268 42 21 För
705 1268 77 21 sädant
805 1268 98 20 ändamäl
924 1268 39 21 har

211 1304 187 26 Bolagsstämman
413 1304 68 20 utsett
496 1309 25 14 en
538 1302 93 21 särskild
647 1301 80 22 komitö
742 1302 49 21 med
806 1303 98 26 uppdrag
919 1302 43 21 till-

211 1338 45 22 lika
278 1339 32 20 att
329 1337 58 27 gifva
401 1337 111 21 utlätande
528 1337 92 21 rörande
636 1337 25 21 de
677 1337 107 26 ätgärder,
801 1343 46 15 som
863 1343 50 15 vore
929 1343 34 20 eg-

210 1373 55 22 nade
288 1374 32 20 att
342 1372 132 21 förekomma
492 1372 103 21 förluster
615 1371 34 22 för
663 1371 115 22 framtiden
795 1371 38 22 och
849 1371 58 27 gifva
923 1372 39 21 den

212 1410 80 20 största
307 1408 87 27 möjliga
410 1407 76 26 stadga
502 1407 21 21 ät
538 1407 137 26 föreningens
691 1407 141 21 verksamhet.
859 1407 28 20 Sä
903 1409 60 19 snart

212 1444 69 21 denna
296 1443 80 21 komité
392 1442 98 27 fullgjort
505 1443 39 20 sitt
559 1442 104 27 uppdrag,
676 1442 54 21 skall
742 1442 40 21 den
793 1441 90 22 sålunda
893 1449 70 14 vunna

210 1477 144 27 utredningen
368 1477 8 21 i
391 1476 173 27 underdånighet
579 1476 34 21 till
629 1475 110 28 Styrelsen
754 1476 91 27 ingifvas
857 1477 61 25 samt,
930 1482 33 15 om
