1039 1700
444 143 17 24 I
777 150 24 21 17

79 210 96 28 kyrkligt
193 212 105 27 samfund,
318 216 55 19 samt
391 214 33 21 till
443 215 35 27 lag
497 221 34 15 om
549 222 78 14 ansvar
641 216 34 21 för
689 217 140 27 proselytma-

78 246 54 25 keri,
147 246 121 27 förelägges
285 247 119 22 Ständerna
420 248 12 21 &
448 249 68 21 denna
534 249 104 27 landtdag
653 250 64 26 nädig
732 252 97 25 proposi-

78 280 46 20 tion
143 280 49 21 med
210 281 82 27 förslag
307 282 32 20 till
356 282 150 27 förordningar
528 283 121 26 angäende:
668 285 24 25 a)
708 284 121 22 bekännare

79 313 22 21 af
115 313 132 22 fremmande
262 315 82 21 kristen
360 317 92 20 troslära
467 317 7 20 i
490 316 90 22 Finland
595 318 39 20 och
645 317 62 22 deras
717 319 112 25 religions-

78 347 71 27 frihet,
172 347 23 27 8)
218 349 47 21 icke
286 349 84 22 kristna
392 351 169 21 trosbekännare
584 352 39 21 och
643 352 47 21 dem
709 349 120 35 medgifven

78 382 175 28 religionsfrihet,
270 385 55 20 samt
340 386 21 24 c)
377 391 77 15 ansvar
469 385 33 21 för
518 386 46 25 den,
582 392 47 15 som
640 386 98 27 olofligen
749 387 80 21 förmår

78 416 70 26 nägon
164 416 33 22 till
213 417 116 27 öfvergäng
344 418 48 21 frän
408 426 25 14 en
449 420 93 20 troslära
556 420 33 20 till
605 426 79 20 annan;

151 452 48 20 47:0
216 453 32 19 att
262 452 85 22 tillfälle
362 453 67 21 måtte
445 454 89 21 beredas
543 454 84 21 landets
635 455 102 21 invånare
751 456 22 20 af
782 463 47 19 grc-

78 484 125 28 kisk-ryska
218 486 191 22 trosbekännelsen
425 489 32 19 att
471 488 36 21 vid
522 488 66 26 något
603 488 66 22 finskt
679 489 149 21 folkskollära-

78 520 162 20 reseminarium
255 521 8 19 i
279 521 33 20 sin
326 521 91 26 religion
434 522 82 26 åtnjuta
531 522 153 27 undervisning
700 523 23 21 af
731 524 97 25 grekisk-

78 554 51 26 rysk
144 554 180 27 religionslärare,
340 555 38 21 har
393 556 61 21 Hans
469 556 121 27 Kejserliga
605 556 101 27 Majestät
722 557 49 21 låtit
789 558 39 21 den

78 589 27 20 20
127 589 90 20 Januari
242 590 54 20 1874
319 590 86 21 utfärda
427 591 135 26 kungörelse,
585 591 110 26 angående
714 593 74 26 anslag
803 599 26 14 ur

78 622 320 28 folkskolebevillningsmedlen
413 624 34 21 för
462 625 80 21 elevers
558 625 23 21 af
594 625 163 27 ifrågavarande
772 627 56 20 tros-

78 657 130 21 bekännelse
233 658 257 27 religionsundervisning
515 659 35 21 vid
572 659 257 22 folkskolläraresemina-

78 691 71 20 rierna
164 691 7 21 i
183 691 101 27 Finland;

151 727 47 20 48:0
215 733 34 14 om
264 727 133 21 afskaffande
412 727 23 21 af
453 728 36 21 det
504 728 91 21 medelst
609 728 80 27 nådiga
697 729 83 21 brefvet
788 729 40 21 den

79 761 26 20 24
121 760 44 21 Juli
183 761 54 20 1860
252 761 166 26 postförvaltare
434 762 90 26 tillagda
538 763 79 20 arvode
632 762 34 21 för
681 763 111 26 utdelning
807 763 24 21 af

78 795 108 26 tidningar
202 795 39 20 och
256 795 128 26 tidskrifter,
400 796 39 20 har
456 796 60 20 Hans
531 796 122 27 Kejserliga
668 796 102 27 Majestät
780 797 49 21 lätit

78 835 75 20 genom
169 829 49 20 bref
232 829 22 21 af
268 829 40 21 den
326 830 25 20 10
366 829 122 22 November
504 831 53 20 1874
572 831 99 20 meddela
680 831 148 20 Postdirektö-

77 870 38 14 ren
131 864 145 26 hvarjehanda
290 864 142 27 föreskrifter,
449 865 90 20 rörande
554 865 125 26 förändring
693 865 23 20 af
724 865 104 27 posttjen-

78 900 136 19 stemännens
230 899 79 20 arvode
324 898 34 21 för
374 898 160 27 emottagandet
549 899 23 20 af
580 899 173 26 prenumeration
758 894 12 36 ä
787 899 41 21 tid-

77 933 76 26 ningar
169 933 40 20 och
220 932 121 21 tidskrifter
352 934 56 19 samt
418 933 173 27 ombesörjandet
601 933 23 21 af
634 933 61 21 deras
707 933 120 28 fördelning

78 967 90 21 emellan
183 969 215 24 prenumeranterna;

149 1003 49 19 49:0
214 1008 34 14 om
270 1002 172 27 reorganisation
465 1002 23 21 af
509 998 171 31 Öfverstyrelsen
695 1002 34 21 för
745 1003 83 20 skolvä-

79 1036 75 21 sendet
177 1038 56 19 samt
256 1038 32 19 att
304 1036 120 21 Ständerna
438 1037 67 20 mätte
520 1036 118 27 medgifvas
654 1038 44 19 rätt
713 1037 33 20 till
761 1037 67 20 delta-

78 1071 69 26 gande
162 1070 7 21 i
185 1070 113 21 stiftandet
313 1070 23 21 af
349 1071 79 20 allmän
436 1071 57 20 skol-
502 1071 38 21 och
549 1071 200 26 undervisningslag
758 1077 26 15 m.
793 1078 34 19 m.,

77 1105 39 20 har
131 1105 60 20 Hans
208 1104 120 27 Kejserliga
343 1104 103 28 Majestät
460 1105 49 20 lätit
524 1105 41 21 den
581 1106 26 19 12
623 1105 92 26 Augusti
732 1106 54 20 1874
794 1106 35 19 ut-

77 1139 62 21 färda
154 1139 135 26 kungörelse,
306 1139 109 26 angäende
432 1139 106 21 särskilda
553 1139 115 26 ändringar
679 1139 6 21 i
696 1139 78 27 nädiga
785 1139 43 21 för-

79 1174 118 25 ordningen
212 1173 40 21 den
268 1174 27 20 24
311 1173 121 21 November
449 1174 53 20 1869
518 1180 34 14 om
567 1173 122 21 inrättande
700 1174 23 20 af
731 1174 98 20 bemälde

78 1203 166 31 Ötverstyrelse;

149 1243 48 19 50:0
220 1243 32 19 att
274 1241 61 21 Hans
354 1241 121 27 Kejserliga
493 1242 102 26 Majestät
610 1242 7 20 i
632 1241 67 21 nåder
714 1242 50 21 ville
779 1243 50 25 taga

78 1277 93 21 initiativ
187 1276 92 22 medelst
293 1276 159 26 framställning
471 1276 33 21 till
520 1276 120 21 Ständerna
655 1282 34 15 om
707 1276 122 21 inrättande

79 1311 22 21 af
115 1311 18 27 ej
150 1311 83 21 mindre
248 1318 26 14 en
289 1311 189 26 Högsta-domstol
494 1312 26 19 än
536 1312 32 20 ett
582 1312 49 24 nytt
639 1310 82 21 embete
732 1310 33 21 för
776 1310 51 21 kon-

78 1346 78 19 trollen
179 1345 59 20 öfver
262 1345 68 20 denna
354 1344 92 21 domstol
469 1344 39 20 och
528 1344 99 26 lagarnes
643 1344 164 20 handhafvande
821 1344 7 20 i

79 1378 122 27 allmänhet,
218 1378 52 21 eller
285 1378 40 20 ock
340 1379 38 25 att,
394 1378 7 20 i
416 1378 38 20 fall
468 1377 60 21 Hans
538 1377 122 27 Kejserliga
670 1377 102 27 Majestät
782 1377 47 21 icke

79 1410 73 24 kunde
165 1412 6 21 i
187 1412 67 21 näder
269 1412 75 21 bifalla
358 1412 34 20 till
407 1412 122 20 inrättande
545 1411 23 21 af
581 1412 32 20 ett
629 1411 76 21 sädant
723 1412 48 25 nytt
787 1417 42 15 em-

79 1448 54 25 bete,
153 1446 61 29 Hans
232 1446 104 27 Majestät
350 1446 8 21 i
372 1446 68 21 näder
460 1446 88 26 täcktes,
562 1446 67 26 jemte
644 1445 185 27 framställningen

80 1488 34 14 om
137 1474 122 39 inrättande
275 1481 23 21 af
315 1480 195 27 Högsta-domstol,
526 1480 111 26 förelägga
653 1479 119 22 Ständerna
786 1480 43 21 för-

145 1509 32 13 ke
716 1521 10 16 2

181 1554 31 9 N

190 1571 7 13 K)
