<?xml version="1.0" encoding="UTF-8"?>
<alto xmlns="http://www.loc.gov/standards/alto/ns-v3#" xmlns:xlink="http://www.w3.org/1999/xlink" xmlns:xsi="http://www.w3.org/2001/XMLSchema-instance" xsi:schemaLocation="http://www.loc.gov/standards/alto/ns-v3# http://www.loc.gov/alto/v3/alto-3-0.xsd">
	<Description>
		<MeasurementUnit>pixel</MeasurementUnit>
		<sourceImageInformation>
			<fileName>/tmp/tess_hkg5mm80_input.PNG</fileName>
		</sourceImageInformation>
		<OCRProcessing ID="OCR_0">
			<ocrProcessingStep>
				<processingSoftware>
					<softwareName>tesseract 5.3.4</softwareName>
				</processingSoftware>
			</ocrProcessingStep>
		</OCRProcessing>
	</Description>
	<Layout>
		<Page WIDTH="1048" HEIGHT="1711" PHYSICAL_IMG_NR="0" ID="page_0">
			<PrintSpace HPOS="0" VPOS="0" WIDTH="1048" HEIGHT="1711">
				<ComposedBlock ID="cblock_0" HPOS="240" VPOS="161" WIDTH="368" HEIGHT="22">
					<TextBlock ID="block_0" HPOS="240" VPOS="161" WIDTH="368" HEIGHT="22">
						<TextLine ID="line_0" HPOS="240" VPOS="161" WIDTH="368" HEIGHT="22">
							<String ID="string_0" HPOS="240" VPOS="164" WIDTH="27" HEIGHT="19" WC="0.96" CONTENT="68"/><SP WIDTH="283" VPOS="164" HPOS="267"/>
							<String ID="string_1" HPOS="550" VPOS="161" WIDTH="58" HEIGHT="21" WC="0.81" CONTENT="XIX."/>
						</TextLine>
					</TextBlock>
				</ComposedBlock>
				<ComposedBlock ID="cblock_1" HPOS="209" VPOS="228" WIDTH="756" HEIGHT="545">
					<TextBlock ID="block_1" HPOS="209" VPOS="228" WIDTH="756" HEIGHT="545">
						<TextLine ID="line_1" HPOS="210" VPOS="228" WIDTH="752" HEIGHT="28">
							<String ID="string_2" HPOS="210" VPOS="230" WIDTH="68" HEIGHT="22" WC="0.93" CONTENT="under"/><SP WIDTH="17" VPOS="230" HPOS="278"/>
							<String ID="string_3" HPOS="295" VPOS="229" WIDTH="172" HEIGHT="23" WC="0.92" CONTENT="Presteståndets"/><SP WIDTH="15" VPOS="229" HPOS="467"/>
							<String ID="string_4" HPOS="482" VPOS="229" WIDTH="67" HEIGHT="22" WC="0.93" CONTENT="förste"/><SP WIDTH="14" VPOS="229" HPOS="549"/>
							<String ID="string_5" HPOS="563" VPOS="229" WIDTH="193" HEIGHT="27" WC="0.92" CONTENT="Bankfullmäktigs"/><SP WIDTH="15" VPOS="229" HPOS="756"/>
							<String ID="string_6" HPOS="771" VPOS="228" WIDTH="116" HEIGHT="28" WC="0.93" CONTENT="suppleant"/><SP WIDTH="13" VPOS="228" HPOS="887"/>
							<String ID="string_7" HPOS="900" VPOS="228" WIDTH="62" HEIGHT="22" WC="0.90" CONTENT="Refe-"/>
						</TextLine>
						<TextLine ID="line_2" HPOS="210" VPOS="263" WIDTH="751" HEIGHT="29">
							<String ID="string_8" HPOS="210" VPOS="265" WIDTH="256" HEIGHT="25" WC="0.91" CONTENT="rendariesekreteraren,"/><SP WIDTH="19" VPOS="265" HPOS="466"/>
							<String ID="string_9" HPOS="485" VPOS="264" WIDTH="115" HEIGHT="28" WC="0.92" CONTENT="Theologie"/><SP WIDTH="18" VPOS="264" HPOS="600"/>
							<String ID="string_10" HPOS="618" VPOS="264" WIDTH="97" HEIGHT="21" WC="0.93" CONTENT="Doktorn"/><SP WIDTH="18" VPOS="264" HPOS="715"/>
							<String ID="string_11" HPOS="733" VPOS="263" WIDTH="139" HEIGHT="28" WC="0.77" CONTENT="Weenerberg"/><SP WIDTH="15" VPOS="263" HPOS="872"/>
							<String ID="string_12" HPOS="887" VPOS="263" WIDTH="74" HEIGHT="27" WC="0.92" CONTENT="tjenst-"/>
						</TextLine>
						<TextLine ID="line_3" HPOS="210" VPOS="297" WIDTH="752" HEIGHT="29">
							<String ID="string_13" HPOS="210" VPOS="298" WIDTH="57" HEIGHT="28" WC="0.86" CONTENT="gjort"/><SP WIDTH="19" VPOS="298" HPOS="267"/>
							<String ID="string_14" HPOS="286" VPOS="298" WIDTH="71" HEIGHT="22" WC="0.93" CONTENT="säsom"/><SP WIDTH="15" VPOS="298" HPOS="357"/>
							<String ID="string_15" HPOS="372" VPOS="298" WIDTH="194" HEIGHT="28" WC="0.92" CONTENT="Bankfullmäktig;"/><SP WIDTH="18" VPOS="298" HPOS="566"/>
							<String ID="string_16" HPOS="584" VPOS="299" WIDTH="56" HEIGHT="21" WC="0.96" CONTENT="samt"/><SP WIDTH="15" VPOS="299" HPOS="640"/>
							<String ID="string_17" HPOS="655" VPOS="297" WIDTH="23" HEIGHT="22" WC="0.93" CONTENT="af"/><SP WIDTH="13" VPOS="297" HPOS="678"/>
							<String ID="string_18" HPOS="691" VPOS="297" WIDTH="217" HEIGHT="28" WC="0.92" CONTENT="Bankfullmäktigen,"/><SP WIDTH="15" VPOS="297" HPOS="908"/>
							<String ID="string_19" HPOS="923" VPOS="304" WIDTH="39" HEIGHT="14" WC="0.92" CONTENT="nu-"/>
						</TextLine>
						<TextLine ID="line_4" HPOS="210" VPOS="331" WIDTH="753" HEIGHT="28">
							<String ID="string_20" HPOS="210" VPOS="339" WIDTH="59" HEIGHT="15" WC="0.93" CONTENT="mera"/><SP WIDTH="22" VPOS="339" HPOS="269"/>
							<String ID="string_21" HPOS="291" VPOS="333" WIDTH="127" HEIGHT="21" WC="0.95" CONTENT="Direktören"/><SP WIDTH="22" VPOS="333" HPOS="418"/>
							<String ID="string_22" HPOS="440" VPOS="333" WIDTH="8" HEIGHT="20" WC="0.96" CONTENT="i"/><SP WIDTH="23" VPOS="333" HPOS="448"/>
							<String ID="string_23" HPOS="471" VPOS="332" WIDTH="158" HEIGHT="22" WC="0.96" CONTENT="Statskontoret"/><SP WIDTH="19" VPOS="332" HPOS="629"/>
							<String ID="string_24" HPOS="648" VPOS="332" WIDTH="22" HEIGHT="21" WC="0.52" CONTENT="O."/><SP WIDTH="21" VPOS="332" HPOS="670"/>
							<String ID="string_25" HPOS="691" VPOS="332" WIDTH="25" HEIGHT="21" WC="0.96" CONTENT="G."/><SP WIDTH="19" VPOS="332" HPOS="716"/>
							<String ID="string_26" HPOS="735" VPOS="332" WIDTH="58" HEIGHT="27" WC="0.93" CONTENT="Borg"/><SP WIDTH="18" VPOS="332" HPOS="793"/>
							<String ID="string_27" HPOS="811" VPOS="331" WIDTH="49" HEIGHT="22" WC="0.96" CONTENT="från"/><SP WIDTH="19" VPOS="331" HPOS="860"/>
							<String ID="string_28" HPOS="879" VPOS="332" WIDTH="41" HEIGHT="21" WC="0.96" CONTENT="den"/><SP WIDTH="16" VPOS="332" HPOS="920"/>
							<String ID="string_29" HPOS="936" VPOS="332" WIDTH="27" HEIGHT="21" WC="0.96" CONTENT="20"/>
						</TextLine>
						<TextLine ID="line_5" HPOS="210" VPOS="365" WIDTH="753" HEIGHT="29">
							<String ID="string_30" HPOS="210" VPOS="367" WIDTH="51" HEIGHT="22" WC="0.96" CONTENT="Juni"/><SP WIDTH="15" VPOS="367" HPOS="261"/>
							<String ID="string_31" HPOS="276" VPOS="367" WIDTH="32" HEIGHT="21" WC="0.93" CONTENT="till"/><SP WIDTH="15" VPOS="367" HPOS="308"/>
							<String ID="string_32" HPOS="323" VPOS="366" WIDTH="109" HEIGHT="28" WC="0.89" CONTENT="utgängen"/><SP WIDTH="16" VPOS="366" HPOS="432"/>
							<String ID="string_33" HPOS="448" VPOS="366" WIDTH="23" HEIGHT="22" WC="0.96" CONTENT="af"/><SP WIDTH="14" VPOS="366" HPOS="471"/>
							<String ID="string_34" HPOS="485" VPOS="367" WIDTH="91" HEIGHT="27" WC="0.93" CONTENT="Augusti"/><SP WIDTH="15" VPOS="367" HPOS="576"/>
							<String ID="string_35" HPOS="591" VPOS="365" WIDTH="78" HEIGHT="23" WC="0.91" CONTENT="mänad"/><SP WIDTH="15" VPOS="365" HPOS="669"/>
							<String ID="string_36" HPOS="684" VPOS="367" WIDTH="61" HEIGHT="25" WC="0.96" CONTENT="1875,"/><SP WIDTH="12" VPOS="367" HPOS="745"/>
							<String ID="string_37" HPOS="757" VPOS="366" WIDTH="68" HEIGHT="22" WC="0.93" CONTENT="under"/><SP WIDTH="11" VPOS="366" HPOS="825"/>
							<String ID="string_38" HPOS="836" VPOS="366" WIDTH="85" HEIGHT="22" WC="0.92" CONTENT="hvilken"/><SP WIDTH="10" VPOS="366" HPOS="921"/>
							<String ID="string_39" HPOS="931" VPOS="366" WIDTH="32" HEIGHT="22" WC="0.96" CONTENT="tid"/>
						</TextLine>
						<TextLine ID="line_6" HPOS="210" VPOS="400" WIDTH="753" HEIGHT="28">
							<String ID="string_40" HPOS="210" VPOS="401" WIDTH="160" HEIGHT="23" WC="0.91" CONTENT="undertecknad"/><SP WIDTH="15" VPOS="401" HPOS="370"/>
							<String ID="string_41" HPOS="385" VPOS="401" WIDTH="104" HEIGHT="22" WC="0.93" CONTENT="Forsman"/><SP WIDTH="15" VPOS="401" HPOS="489"/>
							<String ID="string_42" HPOS="504" VPOS="402" WIDTH="83" HEIGHT="21" WC="0.91" CONTENT="utöfvat"/><SP WIDTH="14" VPOS="402" HPOS="587"/>
							<String ID="string_43" HPOS="601" VPOS="401" WIDTH="94" HEIGHT="21" WC="0.92" CONTENT="Lektorn"/><SP WIDTH="15" VPOS="401" HPOS="695"/>
							<String ID="string_44" HPOS="710" VPOS="401" WIDTH="68" HEIGHT="27" WC="0.92" CONTENT="Borgs"/><SP WIDTH="15" VPOS="401" HPOS="778"/>
							<String ID="string_45" HPOS="793" VPOS="400" WIDTH="170" HEIGHT="28" WC="0.92" CONTENT="fullmäktigsbe-"/>
						</TextLine>
						<TextLine ID="line_7" HPOS="210" VPOS="436" WIDTH="753" HEIGHT="28">
							<String ID="string_46" HPOS="210" VPOS="436" WIDTH="103" HEIGHT="28" WC="0.90" CONTENT="fattning;"/><SP WIDTH="22" VPOS="436" HPOS="313"/>
							<String ID="string_47" HPOS="335" VPOS="436" WIDTH="114" HEIGHT="22" WC="0.90" CONTENT="hvarutom"/><SP WIDTH="22" VPOS="436" HPOS="449"/>
							<String ID="string_48" HPOS="471" VPOS="436" WIDTH="174" HEIGHT="22" WC="0.96" CONTENT="undertecknade"/><SP WIDTH="22" VPOS="436" HPOS="645"/>
							<String ID="string_49" HPOS="667" VPOS="436" WIDTH="154" HEIGHT="28" WC="0.96" CONTENT="Montgomery,"/><SP WIDTH="24" VPOS="436" HPOS="821"/>
							<String ID="string_50" HPOS="845" VPOS="436" WIDTH="59" HEIGHT="27" WC="0.96" CONTENT="Hjelt"/><SP WIDTH="19" VPOS="436" HPOS="904"/>
							<String ID="string_51" HPOS="923" VPOS="436" WIDTH="40" HEIGHT="22" WC="0.96" CONTENT="och"/>
						</TextLine>
						<TextLine ID="line_8" HPOS="210" VPOS="470" WIDTH="753" HEIGHT="28">
							<String ID="string_52" HPOS="210" VPOS="470" WIDTH="110" HEIGHT="26" WC="0.93" CONTENT="Forsman,"/><SP WIDTH="16" VPOS="470" HPOS="320"/>
							<String ID="string_53" HPOS="336" VPOS="470" WIDTH="70" HEIGHT="22" WC="0.92" CONTENT="säsom"/><SP WIDTH="15" VPOS="470" HPOS="406"/>
							<String ID="string_54" HPOS="421" VPOS="470" WIDTH="90" HEIGHT="22" WC="0.91" CONTENT="utsedde"/><SP WIDTH="15" VPOS="470" HPOS="511"/>
							<String ID="string_55" HPOS="526" VPOS="470" WIDTH="32" HEIGHT="22" WC="0.86" CONTENT="till"/><SP WIDTH="15" VPOS="470" HPOS="558"/>
							<String ID="string_56" HPOS="573" VPOS="470" WIDTH="118" HEIGHT="22" WC="0.92" CONTENT="ledamöter"/><SP WIDTH="14" VPOS="470" HPOS="691"/>
							<String ID="string_57" HPOS="705" VPOS="470" WIDTH="7" HEIGHT="21" WC="0.96" CONTENT="i"/><SP WIDTH="17" VPOS="470" HPOS="712"/>
							<String ID="string_58" HPOS="729" VPOS="470" WIDTH="36" HEIGHT="22" WC="0.93" CONTENT="det"/><SP WIDTH="9" VPOS="470" HPOS="765"/>
							<String ID="string_59" HPOS="774" VPOS="470" WIDTH="132" HEIGHT="28" WC="0.92" CONTENT="kyrkomöte,"/><SP WIDTH="11" VPOS="470" HPOS="906"/>
							<String ID="string_60" HPOS="917" VPOS="476" WIDTH="46" HEIGHT="16" WC="0.96" CONTENT="som"/>
						</TextLine>
						<TextLine ID="line_9" HPOS="210" VPOS="498" WIDTH="755" HEIGHT="33">
							<String ID="string_61" HPOS="210" VPOS="506" WIDTH="68" HEIGHT="21" WC="0.96" CONTENT="under"/><SP WIDTH="18" VPOS="506" HPOS="278"/>
							<String ID="string_62" HPOS="296" VPOS="505" WIDTH="51" HEIGHT="21" WC="0.93" CONTENT="Juni"/><SP WIDTH="22" VPOS="505" HPOS="347"/>
							<String ID="string_63" HPOS="369" VPOS="504" WIDTH="79" HEIGHT="22" WC="0.90" CONTENT="månad"/><SP WIDTH="21" VPOS="504" HPOS="448"/>
							<String ID="string_64" HPOS="469" VPOS="505" WIDTH="93" HEIGHT="22" WC="0.93" CONTENT="sistlidet"/><SP WIDTH="21" VPOS="505" HPOS="562"/>
							<String ID="string_65" HPOS="583" VPOS="504" WIDTH="25" HEIGHT="22" WC="0.93" CONTENT="år"/><SP WIDTH="18" VPOS="504" HPOS="608"/>
							<String ID="string_66" HPOS="626" VPOS="505" WIDTH="157" HEIGHT="21" WC="0.92" CONTENT="sammanträdt"/><SP WIDTH="18" VPOS="505" HPOS="783"/>
							<String ID="string_67" HPOS="801" VPOS="506" WIDTH="7" HEIGHT="20" WC="0.93" CONTENT="i"/><SP WIDTH="22" VPOS="506" HPOS="808"/>
							<String ID="string_68" HPOS="830" VPOS="498" WIDTH="54" HEIGHT="33" WC="0.96" CONTENT="Åbo,"/><SP WIDTH="24" VPOS="498" HPOS="884"/>
							<String ID="string_69" HPOS="908" VPOS="505" WIDTH="57" HEIGHT="22" WC="0.97" CONTENT="varit"/>
						</TextLine>
						<TextLine ID="line_10" HPOS="209" VPOS="538" WIDTH="754" HEIGHT="29">
							<String ID="string_70" HPOS="209" VPOS="540" WIDTH="105" HEIGHT="22" WC="0.96" CONTENT="hindrade"/><SP WIDTH="23" VPOS="540" HPOS="314"/>
							<String ID="string_71" HPOS="337" VPOS="541" WIDTH="32" HEIGHT="19" WC="0.93" CONTENT="att"/><SP WIDTH="21" VPOS="541" HPOS="369"/>
							<String ID="string_72" HPOS="390" VPOS="540" WIDTH="74" HEIGHT="21" WC="0.78" CONTENT="utöfva"/><SP WIDTH="19" VPOS="540" HPOS="464"/>
							<String ID="string_73" HPOS="483" VPOS="540" WIDTH="47" HEIGHT="21" WC="0.93" CONTENT="sina"/><SP WIDTH="18" VPOS="540" HPOS="530"/>
							<String ID="string_74" HPOS="548" VPOS="538" WIDTH="351" HEIGHT="29" WC="0.91" CONTENT="Bankfullmäktigsbefattningar;"/><SP WIDTH="24" VPOS="538" HPOS="899"/>
							<String ID="string_75" HPOS="923" VPOS="540" WIDTH="40" HEIGHT="22" WC="0.96" CONTENT="och"/>
						</TextLine>
						<TextLine ID="line_11" HPOS="210" VPOS="573" WIDTH="753" HEIGHT="29">
							<String ID="string_76" HPOS="210" VPOS="573" WIDTH="143" HEIGHT="29" WC="0.91" CONTENT="tjenstgjorde"/><SP WIDTH="14" VPOS="573" HPOS="353"/>
							<String ID="string_77" HPOS="367" VPOS="574" WIDTH="69" HEIGHT="21" WC="0.96" CONTENT="under"/><SP WIDTH="15" VPOS="574" HPOS="436"/>
							<String ID="string_78" HPOS="451" VPOS="573" WIDTH="70" HEIGHT="22" WC="0.96" CONTENT="denna"/><SP WIDTH="15" VPOS="573" HPOS="521"/>
							<String ID="string_79" HPOS="536" VPOS="574" WIDTH="32" HEIGHT="21" WC="0.93" CONTENT="tid"/><SP WIDTH="14" VPOS="574" HPOS="568"/>
							<String ID="string_80" HPOS="582" VPOS="573" WIDTH="99" HEIGHT="22" WC="0.93" CONTENT="Friherre"/><SP WIDTH="15" VPOS="573" HPOS="681"/>
							<String ID="string_81" HPOS="696" VPOS="573" WIDTH="61" HEIGHT="28" WC="0.93" CONTENT="Boije"/><SP WIDTH="15" VPOS="573" HPOS="757"/>
							<String ID="string_82" HPOS="772" VPOS="573" WIDTH="70" HEIGHT="22" WC="0.92" CONTENT="säsom"/><SP WIDTH="11" VPOS="573" HPOS="842"/>
							<String ID="string_83" HPOS="853" VPOS="573" WIDTH="110" HEIGHT="22" WC="0.89" CONTENT="Bankfull-"/>
						</TextLine>
						<TextLine ID="line_12" HPOS="211" VPOS="608" WIDTH="752" HEIGHT="28">
							<String ID="string_84" HPOS="211" VPOS="609" WIDTH="81" HEIGHT="27" WC="0.93" CONTENT="mäktig"/><SP WIDTH="14" VPOS="609" HPOS="292"/>
							<String ID="string_85" HPOS="306" VPOS="608" WIDTH="34" HEIGHT="21" WC="0.93" CONTENT="för"/><SP WIDTH="15" VPOS="608" HPOS="340"/>
							<String ID="string_86" HPOS="355" VPOS="608" WIDTH="157" HEIGHT="27" WC="0.92" CONTENT="Ridderskapet"/><SP WIDTH="16" VPOS="608" HPOS="512"/>
							<String ID="string_87" HPOS="528" VPOS="609" WIDTH="39" HEIGHT="21" WC="0.93" CONTENT="och"/><SP WIDTH="11" VPOS="609" HPOS="567"/>
							<String ID="string_88" HPOS="578" VPOS="608" WIDTH="74" HEIGHT="26" WC="0.92" CONTENT="Adeln,"/><SP WIDTH="11" VPOS="608" HPOS="652"/>
							<String ID="string_89" HPOS="663" VPOS="608" WIDTH="300" HEIGHT="22" WC="0.91" CONTENT="Referendariesekreteraren"/>
						</TextLine>
						<TextLine ID="line_13" HPOS="211" VPOS="641" WIDTH="752" HEIGHT="30">
							<String ID="string_90" HPOS="211" VPOS="643" WIDTH="114" HEIGHT="28" WC="0.92" CONTENT="Theologie"/><SP WIDTH="14" VPOS="643" HPOS="325"/>
							<String ID="string_91" HPOS="339" VPOS="642" WIDTH="98" HEIGHT="22" WC="0.93" CONTENT="Doktorn"/><SP WIDTH="15" VPOS="642" HPOS="437"/>
							<String ID="string_92" HPOS="452" VPOS="643" WIDTH="139" HEIGHT="28" WC="0.86" CONTENT="Wanerberg"/><SP WIDTH="15" VPOS="643" HPOS="591"/>
							<String ID="string_93" HPOS="606" VPOS="642" WIDTH="34" HEIGHT="23" WC="0.93" CONTENT="för"/><SP WIDTH="13" VPOS="642" HPOS="640"/>
							<String ID="string_94" HPOS="653" VPOS="641" WIDTH="161" HEIGHT="23" WC="0.92" CONTENT="Presteständet"/><SP WIDTH="14" VPOS="641" HPOS="814"/>
							<String ID="string_95" HPOS="828" VPOS="644" WIDTH="57" HEIGHT="20" WC="0.93" CONTENT="samt"/><SP WIDTH="13" VPOS="644" HPOS="885"/>
							<String ID="string_96" HPOS="898" VPOS="643" WIDTH="65" HEIGHT="22" WC="0.91" CONTENT="Kom-"/>
						</TextLine>
						<TextLine ID="line_14" HPOS="211" VPOS="676" WIDTH="753" HEIGHT="28">
							<String ID="string_97" HPOS="211" VPOS="676" WIDTH="135" HEIGHT="23" WC="0.92" CONTENT="munalrädet"/><SP WIDTH="18" VPOS="676" HPOS="346"/>
							<String ID="string_98" HPOS="364" VPOS="677" WIDTH="53" HEIGHT="21" WC="0.96" CONTENT="Erik"/><SP WIDTH="14" VPOS="677" HPOS="417"/>
							<String ID="string_99" HPOS="431" VPOS="677" WIDTH="71" HEIGHT="22" WC="0.93" CONTENT="Johan"/><SP WIDTH="16" VPOS="677" HPOS="502"/>
							<String ID="string_100" HPOS="518" VPOS="676" WIDTH="85" HEIGHT="23" WC="0.93" CONTENT="Strähle"/><SP WIDTH="15" VPOS="676" HPOS="603"/>
							<String ID="string_101" HPOS="618" VPOS="677" WIDTH="34" HEIGHT="22" WC="0.93" CONTENT="för"/><SP WIDTH="14" VPOS="677" HPOS="652"/>
							<String ID="string_102" HPOS="666" VPOS="676" WIDTH="166" HEIGHT="27" WC="0.91" CONTENT="Bondeständet,"/><SP WIDTH="13" VPOS="676" HPOS="832"/>
							<String ID="string_103" HPOS="845" VPOS="677" WIDTH="67" HEIGHT="27" WC="0.92" CONTENT="jemte"/><SP WIDTH="16" VPOS="677" HPOS="912"/>
							<String ID="string_104" HPOS="928" VPOS="677" WIDTH="36" HEIGHT="21" WC="0.96" CONTENT="det"/>
						</TextLine>
						<TextLine ID="line_15" HPOS="212" VPOS="707" WIDTH="751" HEIGHT="32">
							<String ID="string_105" HPOS="212" VPOS="711" WIDTH="206" HEIGHT="28" WC="0.93" CONTENT="ordförandeskapet"/><SP WIDTH="15" VPOS="711" HPOS="418"/>
							<String ID="string_106" HPOS="433" VPOS="711" WIDTH="108" HEIGHT="23" WC="0.92" CONTENT="derunder"/><SP WIDTH="14" VPOS="711" HPOS="541"/>
							<String ID="string_107" HPOS="555" VPOS="711" WIDTH="125" HEIGHT="22" WC="0.92" CONTENT="handhades"/><SP WIDTH="11" VPOS="711" HPOS="680"/>
							<String ID="string_108" HPOS="691" VPOS="712" WIDTH="23" HEIGHT="21" WC="0.93" CONTENT="af"/><SP WIDTH="8" VPOS="712" HPOS="714"/>
							<String ID="string_109" HPOS="722" VPOS="711" WIDTH="161" HEIGHT="22" WC="0.93" CONTENT="undertecknad"/><SP WIDTH="11" VPOS="711" HPOS="883"/>
							<String ID="string_110" HPOS="894" VPOS="707" WIDTH="69" HEIGHT="26" WC="0.92" CONTENT="Öhrn-"/>
						</TextLine>
						<TextLine ID="line_16" HPOS="212" VPOS="745" WIDTH="505" HEIGHT="28">
							<String ID="string_111" HPOS="212" VPOS="746" WIDTH="57" HEIGHT="27" WC="0.95" CONTENT="berg."/><SP WIDTH="31" VPOS="746" HPOS="269"/>
							<String ID="string_112" HPOS="300" VPOS="745" WIDTH="135" HEIGHT="28" WC="0.96" CONTENT="Helsingfors"/><SP WIDTH="16" VPOS="745" HPOS="435"/>
							<String ID="string_113" HPOS="451" VPOS="745" WIDTH="40" HEIGHT="22" WC="0.96" CONTENT="den"/><SP WIDTH="17" VPOS="745" HPOS="491"/>
							<String ID="string_114" HPOS="508" VPOS="747" WIDTH="26" HEIGHT="20" WC="0.96" CONTENT="22"/><SP WIDTH="16" VPOS="747" HPOS="534"/>
							<String ID="string_115" HPOS="550" VPOS="746" WIDTH="90" HEIGHT="21" WC="0.96" CONTENT="Januari"/><SP WIDTH="18" VPOS="746" HPOS="640"/>
							<String ID="string_116" HPOS="658" VPOS="747" WIDTH="59" HEIGHT="20" WC="0.96" CONTENT="1877."/>
						</TextLine>
					</TextBlock>
				</ComposedBlock>
				<ComposedBlock ID="cblock_2" HPOS="211" VPOS="833" WIDTH="752" HEIGHT="83">
					<TextBlock ID="block_2" HPOS="211" VPOS="833" WIDTH="752" HEIGHT="83">
						<TextLine ID="line_17" HPOS="472" VPOS="833" WIDTH="234" HEIGHT="27">
							<String ID="string_117" HPOS="472" VPOS="833" WIDTH="75" HEIGHT="24" WC="0.94" CONTENT="Robert"/><SP WIDTH="15" VPOS="833" HPOS="547"/>
							<String ID="string_118" HPOS="562" VPOS="833" WIDTH="144" HEIGHT="27" WC="0.95" CONTENT="Montgomery."/>
						</TextLine>
						<TextLine ID="line_18" HPOS="211" VPOS="885" WIDTH="752" HEIGHT="31">
							<String ID="string_119" HPOS="211" VPOS="890" WIDTH="34" HEIGHT="21" WC="0.87" CONTENT="Fr."/><SP WIDTH="15" VPOS="890" HPOS="245"/>
							<String ID="string_120" HPOS="260" VPOS="890" WIDTH="33" HEIGHT="21" WC="0.96" CONTENT="W."/><SP WIDTH="15" VPOS="890" HPOS="293"/>
							<String ID="string_121" HPOS="308" VPOS="890" WIDTH="22" HEIGHT="20" WC="0.88" CONTENT="6."/><SP WIDTH="15" VPOS="890" HPOS="330"/>
							<String ID="string_122" HPOS="345" VPOS="890" WIDTH="66" HEIGHT="26" WC="0.85" CONTENT="Hjelt."/><SP WIDTH="70" VPOS="890" HPOS="411"/>
							<String ID="string_123" HPOS="481" VPOS="891" WIDTH="18" HEIGHT="20" WC="0.87" CONTENT="C."/><SP WIDTH="16" VPOS="891" HPOS="499"/>
							<String ID="string_124" HPOS="515" VPOS="891" WIDTH="24" HEIGHT="20" WC="0.93" CONTENT="A."/><SP WIDTH="17" VPOS="891" HPOS="539"/>
							<String ID="string_125" HPOS="556" VPOS="885" WIDTH="113" HEIGHT="31" WC="0.80" CONTENT="Öhrnberg."/><SP WIDTH="71" VPOS="885" HPOS="669"/>
							<String ID="string_126" HPOS="740" VPOS="890" WIDTH="68" HEIGHT="26" WC="0.93" CONTENT="Georg"/><SP WIDTH="14" VPOS="890" HPOS="808"/>
							<String ID="string_127" HPOS="822" VPOS="890" WIDTH="21" HEIGHT="20" WC="0.91" CONTENT="Z."/><SP WIDTH="14" VPOS="890" HPOS="843"/>
							<String ID="string_128" HPOS="857" VPOS="890" WIDTH="106" HEIGHT="21" WC="0.96" CONTENT="Forsman."/>
						</TextLine>
					</TextBlock>
				</ComposedBlock>
				<ComposedBlock ID="cblock_3" HPOS="691" VPOS="993" WIDTH="204" HEIGHT="18">
					<TextBlock ID="block_3" HPOS="691" VPOS="993" WIDTH="204" HEIGHT="18">
						<TextLine ID="line_19" HPOS="691" VPOS="993" WIDTH="204" HEIGHT="18">
							<String ID="string_129" HPOS="691" VPOS="993" WIDTH="66" HEIGHT="18" WC="0.93" CONTENT="Robert"/><SP WIDTH="12" VPOS="993" HPOS="757"/>
							<String ID="string_130" HPOS="769" VPOS="993" WIDTH="126" HEIGHT="17" WC="0.92" CONTENT="Hermansson."/>
						</TextLine>
					</TextBlock>
				</ComposedBlock>
				<GraphicalElement ID="cblock_4" HPOS="1045" VPOS="1375" WIDTH="3" HEIGHT="336"></GraphicalElement >
			</PrintSpace>
		</Page>
	</Layout>
</alto>
