1048 1709
236 166 15 21 4
552 165 28 23 U.
591 164 28 23 B.

209 228 98 26 lämpligt
322 229 42 19 sätt
379 227 91 21 ändradt
484 226 63 22 hafva
562 227 194 27 Bankfullmäktige
767 227 87 21 funnit
847 222 13 37 i
865 227 40 21 den
917 232 42 15 om-

210 262 154 26 ständigheten,
388 263 32 19 att
437 261 163 27 bestämningen
618 261 70 21 blifvit
705 262 89 21 alldeles
814 262 84 27 nyligen
917 260 44 22 vid-

209 297 71 26 tagen.

279 330 50 22 Men
348 330 26 21 då
392 331 142 26 anledningen
552 330 33 21 till
604 331 31 20 att
655 330 119 22 Ständerna
789 331 46 21 icke
851 329 110 22 beslutade

210 365 33 22 till
260 365 71 26 någon
350 365 89 26 ändring
458 365 7 20 i
483 365 60 21 Hans
558 365 121 28 Kejserliga
694 365 112 27 Majestäts
822 365 77 26 nådiga
914 370 47 21 pro-

210 399 93 28 position
321 400 7 20 i
348 401 72 19 ämnet
442 399 146 27 väsendtligen
607 399 60 21 torde
686 406 52 15 vara
757 401 32 20 att
807 400 52 21 söka
877 399 31 20 uti
927 399 36 21 det

211 434 159 26 sammanhang,
386 433 60 21 hvari
461 434 70 21 denna
545 433 61 28 fråga
621 440 38 15 var
673 434 65 21 ställd
752 434 34 21 till
801 433 75 28 frågan
887 439 34 15 om
932 433 30 21 öf-

210 468 94 27 vergång
319 468 34 21 till
369 467 149 28 guldmyntfot,
533 467 86 22 hvilken
635 467 72 28 frågas
717 468 92 27 lyckliga
819 467 84 27 lösning
914 473 49 15 man

212 503 27 20 då
253 502 47 21 icke
315 503 50 20 ville
380 502 111 27 äfventyra
504 508 77 21 genom
596 502 121 27 ändringar,
733 503 49 20 dem
796 509 48 14 man
854 502 109 26 hoppades

211 537 6 20 i
233 536 102 21 händelse
350 535 24 22 af
387 536 66 21 behof
467 536 115 21 framdeles
597 536 22 21 få
634 536 155 27 åvägabragta;
805 537 27 20 då
843 537 36 21 det
889 536 73 21 vidare

212 573 25 18 är
250 570 126 27 inflytandet
389 571 28 26 på
432 571 84 20 landets
531 570 212 22 affärsförhållanden
759 571 23 21 af
796 571 27 20 de
837 571 67 21 sedan
915 571 48 20 dess

212 605 111 21 inträffade
342 604 100 27 politiska
457 605 174 27 tilldragelserna
646 605 39 21 och
700 605 23 22 af
737 605 37 21 det
789 605 105 21 oerhörda
909 605 53 26 pris-

212 639 62 22 fallet
291 639 27 27 på
334 639 40 21 den
389 639 64 27 ryska
468 639 71 22 kredit
553 639 82 27 rubeln,
651 645 46 16 som
711 646 49 15 man
776 640 32 21 till
825 646 25 15 en
865 639 98 22 väsendt-

213 673 29 27 lig
258 674 34 21 del
307 673 39 22 har
361 675 31 20 att
410 674 120 27 tillskrifva,
547 674 36 21 det
597 673 99 23 Bankens
711 674 114 21 utländska
841 674 84 21 valutor
941 673 23 22 så

213 708 105 27 betydligt
332 708 124 27 medtagits;
473 709 39 20 och
528 709 27 21 då
569 709 72 21 härtill
657 709 96 20 kommer
768 710 31 20 att
814 709 92 21 nämnda
921 714 43 15 om-

214 743 146 26 ständigheter
378 743 147 21 sammanfalla
540 743 48 22 med
604 750 26 15 en
645 743 7 22 i
667 744 99 26 nordliga
781 744 88 21 delarne
884 743 23 21 af
920 743 45 20 lan-

214 777 36 22 det
264 777 100 22 inträffad
379 777 102 22 missväxt
496 780 55 19 samt
566 779 32 21 att
612 778 36 21 det
658 780 55 19 ännu
724 781 24 18 är
758 778 130 26 fullkomligt
899 777 66 22 ovisst

213 812 55 20 huru
291 811 127 27 ställningen
440 813 68 20 under
530 814 62 20 nästa
611 819 92 15 sommar
721 813 103 26 gestaltar
843 812 39 27 sig,
901 811 65 22 hafva

214 846 195 27 Bankfullmäktige
424 849 71 20 ansett
509 847 36 21 det
559 847 35 22 för
609 847 33 21 sin
656 847 56 27 pligt
727 848 38 24 att,
775 847 92 21 nämnda
877 846 88 22 betänk-

214 881 66 27 lighet
295 880 94 27 oaktadt,
404 881 98 28 begagna
517 881 36 22 det
567 881 92 27 tillfälle,
675 881 27 22 då
712 881 83 22 landets
809 881 91 22 Ständer
910 883 56 19 ännu

215 917 37 19 äro
275 915 135 27 församlade,
434 915 33 22 för
489 917 31 21 att
541 917 39 21 hos
598 916 166 21 Bankutskottet
781 917 110 20 vördsamt
908 915 58 21 hem-

214 949 70 27 ställa,
303 950 104 21 huruvida
426 951 167 22 Bankutskottet
611 951 18 27 ej
649 951 70 21 kunde
737 951 58 20 finna
813 950 46 21 skäl
877 951 32 20 att
927 949 38 22 hos

215 984 119 21 Ständerna
361 984 79 22 föreslå
466 986 66 21 sådan
553 985 89 27 ändring
665 985 23 22 af
704 986 7 20 i
730 985 60 27 fråga
808 985 77 21 komne
903 985 12 27 $
931 985 11 20 7
959 984 8 21 i

215 1019 148 26 Reglementet
378 1019 33 21 för
425 1019 102 22 Finlands
543 1020 66 26 Bank,
620 1021 31 20 att
661 1020 99 21 Bankens
771 1019 121 22 metalliska
902 1019 64 21 kassa

214 1053 47 21 icke
276 1053 141 27 ovilkorligen
432 1054 92 22 behöfde
539 1054 70 27 uppgå
623 1055 32 20 till
666 1055 61 26 tjugu
737 1054 98 27 miljoner
846 1053 69 26 mark;
927 1053 39 21 och

214 1087 70 23 tillåta
300 1087 32 27 sig
347 1087 200 28 Bankfullmäktige,
561 1089 66 26 jemte
641 1089 204 26 tillkännagifvande
855 1089 33 20 att
897 1087 70 22 Bank-

216 1121 132 22 direktionen
364 1124 70 19 ansett
449 1123 59 21 detta
522 1123 78 27 belopp
615 1123 53 21 böra
682 1123 129 21 bestämmas
825 1123 34 20 till
870 1122 41 21 tolf
920 1121 47 22 mil-

214 1155 69 22 lioner
298 1157 66 26 mark,
380 1156 34 22 för
428 1158 32 20 sin
476 1158 34 21 del
526 1157 79 22 föreslå
619 1157 159 22 fastställandet
793 1157 23 21 af
829 1157 81 22 femton
920 1157 47 21 mil-

215 1190 69 22 lioner
304 1191 61 21 mark
386 1191 70 22 såsom
479 1193 37 20 det
537 1192 166 27 minimibelopp,
725 1192 82 21 hvilket
824 1192 78 21 kassan
920 1191 47 22 icke

215 1225 66 22 borde
296 1225 22 21 få
332 1225 130 28 understiga.

448 1285 89 27 Robert
554 1285 173 34 Montgomery.

214 1330 36 28 Fr,
266 1330 36 27 W.
316 1331 23 26 6.
355 1331 71 34 Hjelt.
454 1331 19 26 C.
486 1331 36 27 W.
535 1330 21 29 S.
570 1330 130 28 Sundman.
723 1331 74 34 Georg
810 1331 23 27 Z.
845 1331 122 27 Forsman.

651 1409 80 22 Robert
746 1410 152 21 Hermanson.*
