1050 1709
228 123 27 19 48
445 121 21 23 U.
484 121 23 22 B.
523 132 26 4 —
565 120 137 22 1II-XVIIL

198 186 64 21 hafva
283 186 114 26 ledningen
420 185 23 21 af
463 186 38 21 vär
521 183 209 29 finansförvaltnings
752 184 58 22 olika
828 191 77 21 grenar
920 184 32 27 sig

200 220 133 22 ombetrodd.
363 220 33 21 De
411 220 82 26 äsigter
508 220 40 21 och
564 219 117 26 omdömen,
698 219 208 26 Utskottet
817 215 9 35 i
837 219 69 26 öfrigt,
914 219 38 21 be-

199 254 105 22 träffande
318 254 59 22 vissa
392 253 89 28 utgifter
491 254 51 21 eller
551 254 59 21 vissa
620 253 314 27 statshushällningsätgärder,
946 252 7 22 i

200 289 78 21 sakens
293 289 93 21 intresse
402 289 66 26 öppet
483 287 84 27 uttalat,
583 287 62 22 torde
660 287 35 22 väl
711 287 41 22 ock
766 287 53 22 böra
827 287 85 22 komma
920 287 34 21 till

199 323 174 22 vederbörandes
388 323 105 26 kunskap.

268 357 58 22 Enär
350 357 103 28 derjemte
475 356 256 28 Landtdagsordningens
755 355 11 29 $
782 358 26 20 36
824 356 130 22 bestämmer

200 392 72 22 säsom
288 393 32 21 ett
335 392 182 21 Statsutskottets
533 391 106 22 särskilda
655 391 113 27 äliggande
784 393 32 20 att
826 391 93 27 granska
926 391 29 27 pä

199 427 57 22 hvad
279 429 45 20 sätt
344 427 23 21 af
385 427 120 22 Ständerna
523 426 104 28 beviljade
643 426 75 27 anslag
732 425 70 22 blifvit
816 425 33 22 för
864 425 90 22 afsedda

200 461 99 22 ändamål
314 462 104 26 använda,
433 461 68 22 finner
516 461 113 22 Utskottet
643 461 36 21 det
694 467 52 15 vara
756 460 23 22 af
788 461 107 27 synnerlig
902 461 51 26 vigt,

200 499 34 19 att
254 497 26 22 de
295 497 7 21 i
318 497 115 26 anledning
447 495 64 23 häraf
523 496 76 27 gjorda
613 495 164 28 anmärkningar
792 495 69 22 blefve
875 495 79 22 finans-

200 531 156 27 förvaltningen
373 531 132 21 meddelade.

269 566 33 21 Då
324 565 114 22 Utskottet
460 565 119 22 emellertid
601 565 48 21 icke
671 566 73 20 ansett
766 565 34 26 sig
815 565 69 21 denna
899 565 57 26 gång

200 600 54 21 böra
276 600 7 21 i
305 600 158 21 betänkandets
487 599 106 22 särskilda
608 599 60 21 delar
682 599 80 21 föreslå
776 599 181 26 framställningar

201 633 48 22 från
272 634 131 21 Ständernas
427 633 48 22 sida
496 633 92 22 rörande
611 633 82 21 sådana
707 633 101 26 punkter,
824 639 46 15 som
886 632 71 22 dertill

200 668 73 22 kunde
292 668 64 21 hafva
378 668 61 27 gifvit
453 668 120 27 anledning,
590 667 67 22 finner
672 667 115 22 Utskottet
802 667 33 27 sig
850 667 53 22 böra
918 667 39 22 här

202 703 108 28 slutligen,
324 702 50 23 med
390 703 50 21 stöd
454 702 23 22 af
491 702 36 22 det
542 709 29 15 nu
587 701 94 28 anförda,
697 701 122 22 hemställa:

409 757 31 20 att
462 755 121 22 Ständerna
601 754 46 22 ville
659 755 65 27 jemte
743 755 133 28 underdånig
894 755 63 28 skrif-

338 790 53 21 velse
411 790 92 21 insända
521 790 57 21 detta
597 789 129 22 betänkande
744 790 32 21 till
792 790 63 21 Hans
872 790 86 27 Kejser-

339 825 43 26 liga
403 824 104 27 Majestät
527 824 48 21 med
597 823 99 22 anhållan
716 826 31 19 att
764 823 62 22 Hans
840 824 119 28 Kejserliga

339 859 105 27 Majestät
470 859 47 21 ville
545 858 124 27 öfverlemna
695 858 117 22 detsamma
836 859 32 21 till
892 858 66 23 Sena-

342 896 45 19 tens
409 893 263 26 Ekonomiedepartement,
695 893 75 21 hvilket
792 893 34 21 det
848 893 62 28 äläge
929 895 31 20 att

342 927 57 26 öfver
421 927 25 21 de
467 927 74 27 gjorda
565 927 194 27 anmärkningarna
779 927 97 26 infordra
888 927 70 22 veder-

344 961 102 22 börandes
468 962 140 27 förklaringar
631 961 41 26 och,
697 961 51 26 efter
766 962 103 27 pröfning
888 961 26 28 af
925 961 34 22 de-

342 1003 87 19 samma,
457 996 44 21 läta
525 997 9 20 i
557 995 168 27 räkenskaperna
750 997 58 20 rätta
834 996 55 21 hvad
914 1003 46 14 som

344 1031 85 26 origtigt
444 1031 105 26 befunnits
565 1032 54 19 samt
635 1030 70 21 derom
720 1030 65 21 sedan
799 1030 39 21 hos
852 1031 107 21 nästkom-

342 1065 75 21 mande
433 1064 92 22 Ständer
541 1065 89 21 anmäla.

274 1111 141 27 Helsingfors,
431 1112 41 21 den
489 1113 25 20 12
530 1111 95 22 Oktober
642 1113 61 19 1877.

284 1438 122 23 Helsingfors,
418 1437 71 18 Finska
500 1436 225 24 Litteratur-sällskapets
738 1438 86 22 tryckeri,
837 1439 49 17 1877.
