1045 1709
345 172 81 24 Ständ.
441 173 54 23 Skr.
511 186 26 3 —
552 174 26 21 U.
593 173 28 22 B.
814 176 13 20 3

175 247 40 21 gen
231 241 42 21 kan
285 241 109 27 förefalla
409 242 30 26 af
448 242 70 21 sådan
534 242 147 27 beskaffenhet,
694 245 32 18 att
742 243 33 20 det
789 243 66 27 enligt

176 275 36 26 lag
227 275 37 21 och
279 275 221 27 bankförfattningar
515 278 43 25 tyst
572 283 53 14 vara
641 275 48 26 bör;

238 309 25 26 f
278 309 32 26 Ej
324 309 34 20 må
373 308 192 29 Bankfullmäktig
579 312 55 19 utan
650 311 50 26 laga
710 309 85 28 förfall
806 311 49 20 sina

175 343 175 27 tjenstegöromäl
366 343 120 21 åsidosätta
502 344 53 21 eller
566 343 58 29 från
638 344 161 21 sammanträde
809 347 45 18 ute-

175 377 74 27 blifoa.
281 377 111 28 Inträffar
413 377 80 22 sådant
510 378 90 27 förfall,
617 378 38 21 bör
669 377 43 22 han
728 379 73 20 derom
816 379 38 20 hos

175 411 148 27 ordföranden
346 412 88 21 anmäla
452 412 38 21 och
504 413 116 27 suppleant
635 412 35 21 till
686 412 144 27 tjenstgöring
845 414 9 19 i

173 445 39 21 sitt
234 446 63 21 ställe
318 448 75 25 genast
417 445 89 22 inkalla.
540 446 44 21 Vill
599 446 190 27 Bankfullmäktig
804 453 49 14 resa

173 478 53 27 från
243 479 83 26 staden,
340 479 58 22 skall
417 480 43 21 han
477 479 101 22 likaledes
596 480 72 21 derom
682 480 38 21 hos
736 480 116 27 ordföran-

174 513 41 21 den
237 515 88 20 anmäla
345 513 36 22 och
400 514 48 21 med
464 514 86 27 behörig
564 514 116 28 suppleant
696 514 68 27 träffa
779 514 71 21 sådan

174 547 208 28 öfverenskommelse
392 551 32 18 att
435 549 115 27 suppleant
556 549 51 26 före
623 549 41 20 den
679 549 172 27 tjenstgörandes

174 582 73 27 afresa
261 582 58 27 från
334 583 74 20 staden
418 583 73 28 finnes
502 584 32 27 på
550 585 68 23 orten:

240 618 25 27 g)
281 616 203 29 Bankfullmäktige
498 617 61 21 skola
574 624 53 14 vara
643 617 89 21 beredde
743 617 32 28 på
785 617 66 21 såda-

173 658 28 14 na
217 651 112 26 anstalter,
345 651 139 28 hvarigenom
498 651 102 22 Bankens
615 651 137 21 redbarheter
766 651 37 21 och
813 658 38 15 an-

172 686 94 27 gelägna
288 686 140 27 handlingar,
447 693 33 14 om
498 687 74 26 nödiyt
590 688 32 23 är,
638 685 73 22 kunna
727 689 53 18 utan
795 686 55 21 tids-

173 720 90 27 utdrägt
281 720 113 27 förflyttas
418 721 34 20 till
475 727 74 14 annan
568 720 63 21 säker
649 723 33 18 ort
697 721 57 20 inom
770 720 80 26 landet,

173 754 85 22 hvilken
273 754 29 28 af
314 755 102 21 Senatens
433 755 115 21 Ekonomie
562 754 160 28 Departement,
734 755 32 27 på
777 753 73 23 Bank-

167 788 152 28 fullmäktiges
329 788 96 29 förslag,
442 790 129 25 bestämmes;

241 823 24 25 h)
285 823 201 28 Bankfullmäktige
507 818 51 27 böra
575 824 34 20 till
626 823 133 21 Ständernas
775 823 74 21 Bank-

171 857 81 22 utskott
267 858 36 20 vid
319 857 75 28 hvarje
410 858 115 27 landtdags
541 858 76 28 början
632 858 130 24 öfverlemna
778 857 71 21 berät-

171 893 51 19 telse
244 899 33 14 om
299 891 101 22 Bankens
423 893 107 26 tillstånd,
553 893 79 20 rörelse
654 892 38 21 och
707 892 142 27 förvaltning

170 929 56 18 samt
241 927 25 20 de
281 926 37 21 hos
334 926 200 28 Bankfullmäktige
543 926 124 28 förehafda
677 925 171 28 hufvudsakliga

170 961 95 20 ärenden
287 961 69 20 under
378 961 39 20 den
440 961 53 27 efter
514 963 83 19 senaste
616 961 106 27 landtdag
737 960 111 27 förflutna

170 995 64 25 tiden,
244 996 67 26 jemte
325 995 83 21 allmän
423 995 102 28 öfversigt
540 996 30 26 af
580 995 101 20 Bankens
695 995 106 27 ställning
811 994 37 21 vid

170 1029 144 28 landtdagens
330 1028 88 29 början;

237 1063 17 27 i)
274 1063 190 27 Bankfullmäktig
487 1066 25 18 är
534 1065 20 26 ej
572 1063 97 27 förment
689 1065 33 19 att
739 1065 108 25 emottaga

169 1097 38 20 och
230 1097 115 26 innehafva
368 1097 110 21 ordinarie
502 1099 64 26 tjenst
588 1097 53 21 eller
661 1097 184 21 extra-ordinarie

169 1130 129 28 befattning,
322 1131 73 21 såvidt
416 1131 54 21 hans
492 1131 147 28 skyldigheter
661 1131 8 20 i
686 1131 158 26 förstnämnda

169 1165 104 27 egenskap
295 1165 44 21 icke
360 1165 122 27 derigenom
497 1165 140 26 åsidosättas;
655 1165 51 21 dock
721 1165 34 20 må
770 1165 77 20 Bank-

164 1199 131 28 fullmäktig
315 1199 44 21 icke
382 1199 72 22 tillika
472 1207 52 13 vara
539 1199 96 22 direktör
651 1199 51 21 eller
718 1199 127 27 tjensteman

169 1234 8 19 i
192 1233 212 28 Hypoteksförening
420 1234 51 20 eller
486 1233 84 22 enskild
586 1233 189 28 bankinrättning;

237 1267 22 27 k)
275 1267 65 22 Hvad
355 1268 8 20 i
372 1267 140 28 förestående
528 1268 65 21 måtto
609 1267 98 28 stadgats
717 1269 41 25 jör
772 1267 73 23 Bank-

163 1302 137 28 fullmäktig,
320 1302 70 28 gäller
404 1302 64 27 äfven
488 1302 120 28 suppleant,
619 1302 28 21 då
662 1302 42 20 han
716 1301 129 27 företräder

168 1336 190 26 Bankfullmäktig
363 1344 7 17 ;

237 1370 17 26 1)
268 1369 192 27 Bankfullmäktig
483 1370 96 26 åtnjuter
598 1369 8 20 i
621 1369 68 27 årligt
703 1369 80 21 arvode
797 1375 45 15 sex-

169 1406 60 18 tusen
248 1403 62 21 mark
324 1402 69 29 finskt
412 1406 66 25 mynt,
494 1410 32 14 om
541 1402 44 22 han
595 1402 67 28 förut
675 1404 30 22 är
717 1404 9 20 i
740 1402 104 28 Helsing-

164 1438 51 28 fors
231 1438 75 25 bosatt,
323 1437 37 22 och
375 1438 108 21 åttatusen
498 1437 68 27 mark,
581 1438 9 20 i
599 1437 48 27 fall
661 1437 44 21 han
711 1437 42 27 för
768 1440 75 19 nämn-

168 1473 26 21 de
205 1473 132 28 befattnings
347 1472 58 22 skull
415 1472 33 21 dit
458 1472 56 27 från
530 1478 73 15 annan
619 1474 33 19 ort
667 1472 108 28 inflyttat;
791 1472 52 21 dock

167 1508 71 28 gäller
259 1507 132 21 sistnämnde
406 1506 180 29 aflöningsyrund
595 1506 41 27 för
657 1513 26 15 en
705 1506 37 22 och
761 1513 82 15 samma
