1036 1703
228 151 29 21 24
560 148 29 21 IL.

201 220 50 19 svär
269 218 7 20 i
294 217 121 26 Kejserliga
438 216 104 21 Senatens
560 216 254 26 Justitie-Departement
837 216 18 26 ej
875 216 77 21 under-

200 252 48 26 gått
267 250 107 27 synnerlig
393 250 132 27 förändring,
546 249 86 27 påkalla
648 249 94 21 särskild
756 249 159 27 framställning
930 249 24 21 af

200 285 151 21 motsvarande
373 284 44 26 fall,
438 284 89 22 hvarvid
549 284 144 26 påföljdernes
718 284 100 26 stegrade
840 284 112 26 stränghet

201 320 62 20 torde
282 319 114 26 lämpligen
418 318 72 22 kunna
508 320 61 25 tagas
592 318 33 21 till
645 318 69 26 grund
732 318 35 21 för
789 318 165 26 redogörelsens

201 353 97 26 ordning.

270 386 85 27 Genom)
369 387 73 26 utslag
460 387 41 20 den
521 387 26 21 16
565 386 118 21 December
704 387 53 20 1872
775 386 39 21 har
832 386 120 27 Kejserlige

200 421 68 21 Wasa
286 421 88 21 Hofrätt
392 421 66 26 enligt
478 422 18 25 7,
513 422 12 20 8
542 420 39 21 och
596 421 12 20 9
625 421 23 26 $$
664 421 7 20 i
694 420 78 27 nådiga
790 420 162 27 Förordningen

201 461 35 15 om
255 455 157 26 ärekränkning
430 455 23 21 af
467 455 41 21 den
523 456 26 20 26
567 455 122 21 November
709 455 54 21 1866
781 455 48 21 fällt
844 461 26 14 en
888 455 65 26 borg-

200 491 95 19 mästare
309 491 33 18 att
360 489 52 21 böta
427 490 41 20 200
483 489 61 20 mark
559 489 34 20 för
609 489 36 20 det
660 489 41 20 han
717 490 57 19 emot
790 495 25 15 en
831 491 60 25 parts
908 495 44 15 om-

200 523 44 21 bud
263 523 144 26 otillständigt
426 523 39 21 och
486 523 115 26 oskickligt
621 523 33 26 sig
673 523 96 21 förhällit
788 525 54 19 samt
862 523 91 21 sälunda

201 556 107 22 äsidosatt
323 557 41 21 den
378 556 113 28 värdighet
509 557 77 21 honom
601 556 7 21 i
625 556 180 28 embetsutöfning
820 557 62 27 äläge
896 557 56 21 iakt-

201 592 57 25 taga,
274 591 108 21 äfvensom
402 591 34 21 för
452 591 36 21 det
506 591 42 21 han
563 592 6 19 i
586 591 32 21 sin
634 590 119 27 förklaring
768 591 107 26 begagnat
891 591 62 21 miss-

201 624 101 27 firmeligt
317 625 98 21 skrifsätt
430 626 58 20 emot
502 624 185 22 Advokatfiskals-
696 626 98 20 embetet.

269 659 121 26 Kejserlige
405 653 47 27 Äbo
467 659 89 21 Hofrätt
571 659 38 21 har
624 659 91 21 medelst
728 659 72 26 utslag
811 660 41 20 den
867 660 26 20 22
907 660 45 20 Juli

203 693 60 25 1871,
275 693 33 20 för
324 692 154 22 öfverträdelse
492 693 24 20 af
528 692 164 21 föreskrifterna
708 693 6 21 i
730 693 78 26 nädiga
823 693 130 21 Förordnin-

201 732 40 20 gen
257 726 40 21 den
317 727 12 20 6
348 726 93 26 Augusti
459 727 59 25 1861,
535 726 109 27 angäende
663 727 179 26 häradshöfdings
859 727 94 27 skyldig-

200 761 38 20 het
257 761 33 20 att
308 761 25 20 de
351 760 23 21 af
390 760 78 21 honom
488 761 18 25 ej
527 761 133 20 omedelbart
675 761 32 20 till
723 761 132 26 sakägarene
870 761 83 27 utgifna

201 794 52 21 eller
270 793 90 22 afsända
374 794 148 27 expeditioner
541 795 7 20 i
564 794 100 21 afseende
679 795 13 20 &
706 795 112 26 utdelning
836 795 66 21 bland
917 801 34 15 ve-

201 827 133 22 derbörande
349 828 33 21 till
401 828 150 27 kronobetjent
567 827 95 27 aflemna,
678 829 48 20 fällt
741 835 26 15 en
782 829 169 27 häradshöfding

200 863 34 20 att
251 861 51 21 böta
320 863 40 20 288
379 862 67 26 mark,
462 863 53 20 eller
529 863 28 20 24
576 863 61 20 rubel
654 863 36 26 (96
705 863 71 27 mark)
792 863 34 21 för
841 864 73 27 hvarje
930 864 25 21 af

200 896 26 21 de
242 897 33 20 tre
290 896 301 27 expeditionsförteckningar,
608 903 51 20 som,
671 897 99 22 försedde
786 898 48 21 med
850 898 103 26 obehörig

199 935 90 21 persons
306 930 67 26 gvitto
389 929 61 22 öfver
465 930 185 27 expeditionernas
667 930 137 28 aflemnande,
816 932 33 21 till
864 932 89 21 Hofrät-

199 965 37 19 ten
250 963 118 22 inkommit.

271 997 81 21 Genom
368 997 71 26 utslag
455 998 39 20 den
512 999 23 19 11
552 997 59 21 Mars
629 999 52 20 1872
696 999 40 20 har
751 999 120 26 Kejserlige
886 1000 67 21 Wasa

198 1030 90 21 Hofrätt
308 1031 59 20 dömt
385 1037 26 14 en
433 1031 151 21 tillförordnad
607 1031 155 22 domhafvande
781 1033 33 21 till
834 1033 61 21 böter
917 1034 34 21 för

197 1063 95 28 följande
308 1065 106 20 särskilda
428 1064 29 21 fel
473 1065 6 20 i
496 1065 192 22 domareembetets
703 1066 109 27 utöfning:

270 1098 31 20 till
319 1099 26 19 30
361 1099 59 20 daler
435 1098 34 21 för
480 1099 36 20 det
526 1106 26 14 en
568 1099 68 21 under
651 1099 52 22 hans
720 1100 184 28 ordförandeskap
915 1108 39 15 va-

198 1131 66 21 rande
283 1131 135 27 Häradsrätt,
435 1132 88 21 hvarest
541 1135 77 19 tvenne
639 1139 103 20 personer
757 1134 72 21 blifvit
844 1135 109 22 tilltalade

197 1165 35 21 för
250 1165 90 21 samfäld
360 1166 56 20 stöld
434 1165 24 22 af
470 1166 89 21 kreatur
577 1168 38 19 ute
631 1167 12 20 å
657 1168 89 20 marken
762 1169 39 20 och
817 1169 40 21 den
873 1175 40 15 ena
928 1169 23 22 af

197 1199 47 20 dem
260 1200 67 21 under
348 1205 81 16 samma
443 1201 114 26 rättegång
572 1200 62 21 äfven
650 1201 102 27 angifvits
768 1202 34 21 för
817 1203 132 22 misshandel

196 1232 13 21 å
224 1239 84 20 person,
327 1233 152 22 inbrottsstöld
499 1235 38 20 och
555 1235 46 24 rån,
620 1235 66 20 likväl
706 1235 47 21 icke
774 1236 7 20 i
797 1238 31 19 ett
844 1243 107 14 samman-

196 1265 56 26 hang
268 1265 81 22 afdömt
364 1266 63 21 dessa
441 1266 43 21 mål
500 1269 51 19 utan
566 1267 81 26 afgjort
663 1269 35 20 det
708 1269 70 20 första
794 1270 38 20 och
847 1270 105 27 uppskju-

195 1299 28 20 tit
238 1299 26 21 de
279 1305 81 20 senare,
375 1299 65 22 bland
455 1300 72 22 hvilka
542 1301 107 22 rånsaken
663 1302 57 21 varit
734 1303 214 28 hemställningsmål,

194 1333 34 21 till
246 1336 65 19 annat
329 1333 52 27 ting,
399 1334 139 27 hvarigenom
557 1335 116 22 Hofrätten
692 1337 94 27 betagits
806 1338 84 22 tillfälle
910 1341 38 24 att,

194 1366 72 22 såsom
282 1367 114 27 rätteligen
414 1368 135 28 vederbordt,
563 1370 80 26 jemväl
657 1370 76 26 pröfva
748 1371 37 21 det
800 1372 149 22 förstnämnda

194 1401 145 27 stöldsmålet;

265 1436 32 21 till
317 1437 27 20 20
363 1436 59 22 daler
440 1436 34 22 för
492 1436 91 28 felaktig
605 1438 201 28 beräkningsgrund
826 1441 35 21 vid
879 1443 70 21 utsät-

192 1469 65 22 tande
269 1465 24 42 af
294 1470 47 28 det
356 1470 67 27 straff,
435 1471 33 21 till
483 1471 82 22 hvilket
580 1472 161 23 ofvanbemälde
755 1476 77 20 tvenne
844 1481 104 22 personer
