1023 1692
334 106 73 23 Nådiga
419 107 138 23 Propositionen
570 108 34 18 N:o
618 109 25 16 18.
809 110 32 16 857

114 171 83 23 bönder
214 173 66 28 utväg
297 174 33 21 att
346 173 72 23 tillösa
436 174 33 29 sig
486 174 47 22 sina
550 172 96 25 åboende
663 173 141 30 lägenheter",
819 182 46 16 som

115 207 106 25 förelades
238 209 140 23 1863—1864
391 208 36 24 års
441 210 110 28 landtdag,
566 210 113 29 föreslogs:

309 246 52 25 »1:0.
394 244 108 29 Styrelsen
525 252 56 21 eger,
603 252 35 15 om
659 246 69 22 andra
749 245 116 29 tillgångar

251 279 88 26 saknas,
360 279 69 22 under
449 280 132 22 Ständernas
606 280 84 28 garanti
711 282 97 27 upptaga
828 280 37 23 lån

251 313 151 23 företrädesvis
424 314 57 22 inom
502 314 97 27 Finland,
618 314 34 22 för
670 316 32 21 att
723 315 87 22 dermed
828 315 36 22 be-

252 349 68 22 strida
334 349 82 22 inlösen
430 349 25 22 af
468 349 26 22 de
508 350 69 21 under
592 349 192 29 donationsgodsen
798 351 8 21 i
820 351 44 22 Wi-

251 385 65 27 borgs
326 384 37 22 län
373 384 93 29 lydande
476 385 105 26 hemman,
593 392 46 15 som
650 385 24 22 af
682 385 106 23 särskilda
799 385 65 24 åboer

252 419 113 23 bebrukas.

309 455 40 21 2:0.
377 455 33 21 De
428 454 218 27 donationshemman,
661 462 46 15 som
725 455 25 22 af
761 455 104 29 styrelsen

252 489 87 26 inlösas,
354 488 115 23 öfverlåtas
483 489 33 22 till
530 489 123 22 nuvarande
668 488 71 29 åboer,
755 497 34 14 om
805 490 60 22 desse

252 526 38 21 äro
308 524 72 29 villige
397 526 33 21 att
448 526 96 27 mottaga
561 525 126 22 hemmanen
707 525 69 22 under
797 525 68 23 vilkor

252 562 33 20 att
307 560 41 22 den
369 559 33 23 för
424 560 82 22 inlösen
531 560 86 29 erlagde
642 561 153 28 köpesumman
816 561 49 22 med

253 595 52 23 derå
326 596 92 27 löpande
439 598 63 20 ränta
523 596 25 22 af
564 597 49 21 dem
633 596 58 22 inom
708 597 42 22 viss
767 596 99 23 bestämd

250 631 32 23 tid
297 638 77 21 genom
388 630 69 29 årliga
471 631 159 29 afbetalningar
644 633 124 20 amorteras.

310 668 40 21 3:0.
378 666 33 22 De
426 665 91 23 sålunda
526 666 34 22 till
571 665 92 24 åboerne
673 667 68 22 under
751 666 40 22 full
801 674 64 21 egan-

250 702 74 22 derätt
345 701 119 23 öfverlätna
484 702 126 29 hemmanen
631 704 80 26 antaga
732 702 135 22 skattenatur

252 738 41 22 och
308 739 38 20 äro
360 737 158 22 underkastade
532 737 160 28 skattläggning
703 737 67 28 enligt
784 744 82 15 samma

253 772 100 29 grunder,
368 779 47 14 som
427 772 10 21 i
450 773 101 26 Wiborgs
565 772 37 21 län
616 772 7 21 i
639 771 64 29 öfrigt
717 773 38 20 äro
767 771 99 30 gällande

252 807 53 22 eller
320 806 112 23 framdeles
447 807 66 22 blifva
527 807 127 22 fastställda.

310 843 41 20 4:0.
380 841 76 21 Denna
474 841 158 29 skattläggning
650 841 40 22 och
709 841 87 22 dermed
810 841 56 22 före-

253 876 53 22 nadt
324 876 108 22 storskifte
449 876 55 22 böra
520 883 53 15 vara
586 876 130 22 verkställda
733 875 47 23 före
796 883 70 15 amor-

253 912 151 28 teringstidens
417 911 91 30 utgång;
523 918 49 16 men
583 912 152 26 skatteräntan,
750 910 49 24 från
814 912 53 22 hvil-

254 948 42 22 ken
312 947 153 28 lägenheterna
482 947 69 22 under
569 946 40 22 den
626 947 59 22 tiden
705 948 40 21 äro
763 947 103 27 befriade,

255 983 43 21 kan
314 982 64 22 äfven
400 982 98 27 derefter,
516 981 33 23 till
566 982 69 22 större
656 981 53 23 eller
730 982 84 22 mindre
831 982 37 22 be-

254 1018 58 28 lopp,
328 1017 34 22 för
379 1018 87 21 kortare
483 1017 52 22 eller
553 1016 76 29 längre
646 1017 37 27 tid,
703 1016 165 23 donationsbön-

255 1053 65 22 derne
336 1052 115 26 efterlåtas,
466 1051 30 29 på
513 1052 36 22 det
567 1053 32 20 att
617 1052 123 28 derigenom
757 1059 27 14 en
799 1052 69 28 jemk-

255 1088 52 28 ning
324 1087 67 22 måtte
404 1088 75 21 vinnas
497 1088 7 21 i
523 1087 99 22 afseende
640 1086 13 22 å
667 1087 36 22 det
715 1087 153 28 jemförelsevis

254 1123 68 28 högre
339 1122 52 22 eller
408 1122 60 29 lägre
484 1122 52 28 pris,
552 1129 46 15 som
615 1122 34 22 för
659 1122 79 28 jorden
752 1122 70 22 blifvit
835 1128 34 16 er-

256 1157 67 29 lagdt.

313 1188 40 24 5:0.
384 1190 98 29 Syrelsen
501 1198 50 21 eger
564 1190 87 28 vidtaga
669 1191 43 22 alla
726 1190 28 22 de
769 1190 101 28 åtgärder

257 1233 46 15 som
318 1225 34 21 för
366 1225 106 22 ernående
486 1225 24 22 af
523 1226 36 21 det
573 1224 96 29 åsyftade
679 1224 123 23 ändamålet
813 1225 11 22 i
838 1225 31 22 öf-

257 1260 43 28 rigt
314 1260 72 21 kunna
400 1260 66 21 blifva
480 1260 96 27 nödiga."

189 1293 85 29 Frågan
288 1294 110 27 hänskjöts
416 1294 34 21 till
466 1294 118 27 beredning
602 1293 25 22 af
642 1294 168 25 Statsutskottet,
824 1300 46 15 som

120 1330 33 20 uti
168 1330 47 20 dess
229 1328 100 21 häröfver
344 1328 81 26 afgifna
439 1327 136 21 betänkande
589 1327 124 21 meddelade
727 1334 27 14 en
769 1326 101 22 historisk

121 1362 157 27 framställning
293 1361 25 21 af
330 1362 26 20 de
374 1360 148 22 förhållanden
540 1360 39 22 och
595 1360 100 28 åtgärder
708 1368 47 14 som
769 1360 101 21 framkal-

119 1396 34 23 lat
168 1395 228 28 donationsallmogens
414 1394 117 28 betryckta,
547 1394 78 21 osäkra
642 1394 41 21 och
696 1394 8 21 i
718 1394 58 21 vissa
790 1394 81 21 afseen-

119 1431 45 22 den
178 1430 101 22 rättslösa
292 1429 109 28 ställning,
415 1428 89 22 hvarvid
517 1429 124 28 isynnerhet
654 1428 120 29 Kejserliga
788 1428 83 22 förord-

122 1466 79 28 ningen
219 1465 25 22 af
259 1464 41 23 den
319 1465 27 21 25
364 1463 120 23 November
503 1464 60 26 1826,
583 1464 40 21 och
643 1464 66 21 sättet
730 1462 82 29 hvarpä
828 1463 43 22 den

930 26 86 62 a
