1023 1673
188 139 33 15 580
390 138 72 22 Nådiga
473 138 134 21 Propositionen
618 138 35 16 N:o
666 138 27 15 13.

164 202 32 20 att
211 200 141 22 omförmälda
365 200 164 28 bevisningssätt
544 201 24 20 är
583 199 108 22 stridande
709 200 57 20 emot
782 198 74 28 lagens
874 198 39 22 all-

164 236 78 20 männa
257 234 114 28 grundsats
386 236 32 20 att
431 234 49 22 med
499 234 26 22 ed
543 234 43 22 kan
600 241 50 14 man
668 240 63 15 svara
748 240 49 14 men
815 233 18 27 ej
852 233 60 26 kära,

164 270 40 21 och
219 271 57 20 emot
292 269 100 22 förbudet
409 269 7 21 i
435 268 115 22 trettionde
568 268 160 28 domareregeln
746 269 32 20 att
796 267 70 28 svärja
881 268 32 27 sig

163 304 119 28 penningar
296 303 39 22 till.
364 304 47 20 Den
425 303 131 28 förändring,
571 303 78 22 hvaraf
660 302 149 28 ifrågakomna
819 302 94 28 lagstad-

164 339 68 27 gande
249 338 34 22 till
300 338 51 28 följe
368 338 64 21 häraf
448 340 25 19 är
490 338 9 22 i
516 338 70 26 behof,
605 338 40 21 bör
663 338 55 22 dock
736 337 18 28 ej
774 338 86 21 sträcka
882 338 32 27 sig

163 373 57 21 ända
235 373 81 21 derhän
330 374 32 20 att
376 372 100 28 fråntaga
493 372 133 22 handlandes
643 372 79 22 böcker
737 372 29 22 all
783 372 131 28 bevisnings-

162 408 68 25 kraft;
246 410 23 25 ty
284 406 28 22 då
326 407 92 22 handeln
433 407 69 22 hvilar
516 406 29 28 på
562 406 122 22 förtroende
700 407 40 21 och
758 406 34 22 till
810 406 48 22 dess
876 413 38 15 na-

164 444 36 19 tur
214 442 39 21 hör
272 441 156 29 skyndsamhet,
447 443 25 20 är
491 441 97 22 enkelhet
605 441 8 21 i
632 441 108 22 formerna
757 440 35 22 för
807 441 52 21 aftal
874 441 40 21 och

163 476 91 28 köpslut,
274 476 100 28 antingen
392 476 26 21 de
436 477 108 27 uppgöras
562 475 117 28 muntligen
694 475 51 22 eller
764 482 76 21 genom
857 475 57 22 bref-

162 511 91 28 vexling,
268 510 172 29 oundgängligen
454 511 71 27 nödig.
556 510 107 28 Säljarens
677 509 115 28 bokföring
806 509 40 22 bör
860 509 53 22 såle-

164 545 37 22 des
215 545 35 22 väl
264 545 73 22 kunna
354 545 100 28 tilläggas
469 545 36 22 det
521 545 99 22 afseende
634 546 32 20 att
680 545 42 21 den
735 545 117 21 innefattar
866 551 48 21 pre-

164 580 92 21 sumtion
271 579 34 22 för
320 587 26 14 en
360 579 99 22 fordrans
473 579 108 28 riktighet,
596 579 52 22 eller
663 581 32 20 att
710 581 31 20 ett
754 579 110 28 köpeaftal
880 581 35 26 egt

163 621 48 15 rum
226 615 39 21 och
280 615 32 20 att
326 621 67 15 varan
407 613 70 23 blifvit
490 613 33 22 till
539 614 40 21 den
596 613 105 28 uppgifna
719 613 129 28 gäldenären
863 613 51 22 eller

163 649 34 21 för
210 649 55 21 hans
279 648 91 28 räkning
383 648 118 27 utlemnad;
521 655 48 15 men
584 655 46 14 som
648 648 48 21 fullt
714 648 58 22 bevis
790 648 42 21 kan
847 647 67 22 sådan

164 683 127 28 anteckning
305 682 65 22 likväl
384 683 18 28 ej
418 683 96 28 skäligen
530 683 56 28 gälla
601 683 40 21 och
656 683 46 21 icke
720 683 68 21 heller
802 689 62 22 synes
879 683 36 21 det

162 718 99 27 lämpligt
279 719 33 20 att
328 717 71 22 tillåta
420 717 187 28 fordringsegaren
625 717 50 27 sjelf
691 719 39 24 att,
749 719 57 20 emot
828 724 87 15 svaran-

164 753 52 20 dens
230 751 138 22 bestridande
381 753 33 20 att
428 752 64 21 hafva
506 752 77 27 begärt
598 751 52 22 eller
667 750 29 29 på
710 751 70 22 kredit
794 752 80 27 uttagit
888 751 27 22 de

162 787 80 21 honom
256 785 92 29 påförda
361 793 98 19 varorna,
474 786 49 21 med
538 786 26 21 ed
579 785 33 22 sin
630 785 52 28 fylla
696 785 56 22 hvad
766 785 76 22 härvid
856 786 8 21 i
877 785 37 22 be-

163 821 110 27 visningen
286 820 86 22 brister.
400 819 32 23 På
447 821 69 27 grund
530 820 65 22 häraf
607 821 25 21 är
644 821 40 21 den
699 820 91 28 ändring
804 821 8 21 i
825 827 30 15 nu
870 820 44 28 gäl-

162 856 65 21 lande
241 855 36 28 lag
291 855 41 21 här
345 855 121 28 föreslagen
481 857 32 20 att
528 855 18 28 ej
562 855 47 26 den,
628 862 46 15 som
691 856 8 21 i
718 855 140 22 omförmälda
876 855 38 22 fall

164 890 104 27 uppställt
286 889 229 28 fordringsanspråket,
534 888 35 23 må
590 888 80 23 tillåtas
691 891 33 20 att
745 890 170 22 handelsbokens

164 924 102 28 riktighet
286 924 49 21 med
357 924 26 21 ed
404 924 104 26 bekräfta,
528 927 52 18 utan
598 926 32 19 att
649 924 36 21 det
704 924 95 22 deremot
815 924 41 22 bör
872 924 43 22 till-

164 959 85 21 komma
267 958 47 26 den,
333 965 46 15 som
397 960 25 20 är
440 959 34 21 för
492 958 77 29 gälden
588 958 53 27 sökt,
660 960 32 20 att
710 959 49 21 med
777 958 84 28 edgång
882 959 33 27 sig

164 992 48 22 från
234 992 83 22 krafvet
334 992 61 28 värja
412 993 40 21 och
470 992 90 22 sålunda
578 992 148 22 åstadkomma
744 993 41 21 den
802 994 113 21 motbevis-

164 1028 58 26 ning,
237 1034 46 15 som
297 1027 33 21 till
348 1026 105 23 häfvande
471 1028 24 20 af
511 1027 169 21 handelsbokens
695 1028 80 21 vitsord
789 1028 43 21 kan
846 1027 70 22 finnas

164 1061 72 27 nödig.
264 1061 34 21 En
316 1062 69 20 större
402 1061 179 27 bevisningskraft
598 1060 68 22 måste
683 1061 65 22 likväl
762 1062 116 27 inrymmas
893 1061 23 22 åt

165 1096 104 27 säljarens
283 1094 113 29 bokföring
415 1094 28 22 då
461 1095 40 22 den
520 1095 56 21 afser
593 1095 205 28 varuförsäljningar
816 1096 33 21 till
866 1103 49 20 per-

166 1136 69 19 soner,
250 1137 46 14 som
310 1129 74 28 sjelfva
399 1131 37 20 äro
452 1129 127 27 handlande,
595 1131 51 20 enär
662 1129 32 27 de,
709 1130 72 22 hvilka
798 1130 51 21 idka
862 1130 54 22 han-

166 1164 35 22 del
215 1162 70 24 såsom
300 1164 101 28 egentligt
415 1164 57 28 yrke,
488 1164 19 28 ej
526 1164 72 21 kunna
615 1164 8 21 i
641 1164 117 22 allmänhet
775 1164 141 22 underkastas

166 1206 82 13 samma
262 1198 72 27 reglor
348 1199 39 21 och
403 1198 131 22 föreskrifter
548 1199 36 21 vid
597 1198 109 27 köpeaftal
721 1199 40 21 och
776 1199 140 22 förbindelser

166 1232 33 26 sig
214 1231 96 26 emellan,
326 1238 45 14 som
386 1231 32 25 de,
433 1231 71 21 hvilka
519 1232 18 26 ej
553 1233 38 19 äro
605 1232 131 26 handlande;
751 1232 113 22 hvarutom
879 1239 37 15 an-

168 1265 39 21 dra
224 1264 200 28 bevisningsformer
441 1264 70 22 tillika
530 1265 65 21 blifva
612 1264 107 28 behöfliga
738 1264 28 23 då
780 1266 88 21 fordran
882 1266 35 22 för

166 1298 96 28 borgade
275 1306 63 14 varor
353 1298 59 26 skall,
428 1298 29 28 på
475 1299 69 27 grund
562 1299 24 21 af
602 1298 43 22 bok
660 1298 42 23 och
720 1300 96 28 räkning,
835 1300 81 22 utkräf-

167 1341 37 15 vas
218 1334 39 21 hos
272 1340 109 21 personer,
396 1340 46 15 som
456 1333 47 22 icke
521 1333 87 22 tillhöra
624 1334 181 22 handelsklassen.
834 1335 34 21 En
883 1334 33 23 sä-

169 1368 42 21 dan
228 1368 177 28 bevisningsform
421 1368 62 22 torde
501 1370 53 20 utan
572 1368 78 22 tvekan
666 1369 73 21 kunna
757 1371 90 26 antagas
865 1377 53 15 vara

169 1404 32 20 att
214 1402 58 22 finna
286 1403 32 21 uti
333 1404 30 20 ett
377 1402 132 22 allmännare
523 1402 112 22 införande
650 1403 24 22 af
685 1404 130 22 motböcker.
837 1404 79 22 Förde-

168 1437 60 21 larne
246 1437 39 21 och
304 1436 183 28 begvämligheten
506 1437 23 21 af
541 1437 93 22 handeln
648 1437 29 28 pä
691 1438 71 22 kredit
775 1438 72 22 kunna
862 1438 54 22 deri-

168 1478 76 20 genom
259 1470 118 22 bibehållas
391 1473 53 19 utan
459 1471 41 21 den
514 1470 56 23 väda
584 1472 40 21 och
640 1472 26 22 de
677 1472 142 28 olägenheter,
832 1479 45 15 som
888 1480 29 14 nu
