1020 1667
189 113 43 16 1058
385 110 70 24 Nådiga
467 112 139 22 Propositionen
617 113 35 17 N:o
665 114 27 15 21.

165 175 25 23 af
206 176 40 20 den
265 176 82 20 sakrätt
365 174 91 22 åboerne
474 174 90 23 sålunda
583 183 40 19 ega
640 175 33 21 till
691 175 46 21 sina
757 175 156 22 innehafvande

164 209 198 27 kronolägenheter,
377 208 55 21 både
450 208 72 27 frågor
538 217 34 13 om
589 209 96 27 klyfning
702 209 24 20 af
743 208 81 22 sådana
841 209 72 28 lägen-

165 243 62 22 heter
245 243 39 20 och
303 243 113 26 egotvister
437 242 48 21 dem
508 243 89 21 emellan
619 243 52 21 böra
693 243 118 21 tillkomma
830 243 26 21 de
875 243 38 22 all-

165 279 80 20 männa
260 277 150 20 domstolarna.
432 276 49 21 Men
496 277 61 20 äfven
573 277 67 20 andra
655 277 45 21 skäl
710 277 51 26 tala,
774 277 66 28 enligt
852 277 61 21 Stän-

167 312 76 21 dernas
258 311 70 25 tanke,
343 311 34 21 för
392 311 196 27 Länestyrelsernas
603 311 110 21 befriande
725 310 48 22 från
785 311 25 22 de
821 311 94 22 nämnda

166 347 117 20 ärendenas
298 346 165 27 handläggning.
493 345 12 21 I
519 345 51 22 flere
584 345 36 21 län
638 345 131 22 förekomma
787 346 67 25 dessa,
870 346 45 21 ofta

167 388 42 20 nog
225 380 80 28 ganska
322 380 124 21 invecklade
464 380 93 21 ärenden
575 380 33 21 till
627 380 40 21 den
685 380 131 28 myckenhet,
832 382 33 19 att
880 381 35 20 det

167 415 34 20 för
219 415 26 21 de
263 414 61 21 äfven
343 414 24 21 af
383 414 67 21 andra
468 414 127 27 åligganden
613 416 83 26 strängt
714 416 111 26 upptagna
845 415 68 21 Läne-

167 449 129 28 styrelserna
313 448 62 21 faller
393 449 32 27 sig
444 449 80 27 ganska
542 448 57 21 svårt
617 451 32 18 att
667 449 114 27 behörigen
800 449 115 22 medhinna

168 483 54 26 dem,
237 483 111 21 hvaremot
363 482 113 27 desamma,
491 483 110 21 fördelade
615 482 29 27 på
659 490 25 14 en
695 483 79 27 mängd
785 483 130 21 Häradsrät-

167 519 39 24 ter,
225 517 113 27 omärkligt
356 517 66 20 skulle
444 517 41 21 öka
506 517 230 28 häradshöfdingarnes
758 517 79 26 arbete,
860 517 56 22 helst

168 551 44 22 alla
226 551 72 28 frågor
313 558 35 13 om
362 551 95 27 klyfning
472 551 24 21 af
508 551 166 22 kronohemman
692 552 67 21 redan
777 559 28 13 nu
824 553 37 20 äro
876 559 39 14 un-

168 585 126 22 derkastade
317 592 26 14 en
364 585 155 22 förberedande
540 585 129 28 behandling
691 586 23 21 af
729 586 186 21 Häradsrätterne.

168 619 50 21 Icke
232 620 66 20 heller.
313 620 39 20 bör
368 619 36 21 det
418 619 72 21 kunna
504 622 95 26 antagas,
615 621 32 19 att
661 620 92 21 kronans
765 622 43 19 rätt
821 620 40 21 och
872 620 43 21 för-

169 654 40 26 del,
224 661 47 14 som
285 653 132 22 fortfarande
435 654 83 21 komme
536 656 32 19 att
585 654 92 21 bevakas
695 655 24 20 af
735 654 48 22 dess
798 654 117 26 sakförare,

168 688 69 22 skulle
255 696 75 20 genom
349 687 120 21 änberörda
486 689 103 21 ärendens
605 688 170 22 öfverlemnande
790 688 32 22 till
837 688 27 22 de
878 689 39 21 all-

168 724 80 19 männa
266 722 143 22 domstolarne
426 721 28 28 på
472 722 66 28 något
556 724 42 20 sätt
617 722 125 28 äfventyras.
772 724 101 21 Deremot
892 724 24 20 är

170 756 36 22 det
221 756 157 28 otvifvelaktigt,
398 758 32 19 att
448 756 40 22 den
506 757 111 28 tillökning
636 757 8 20 i
660 757 116 22 kostnader
791 758 40 21 och
850 757 68 22 andra

170 791 142 28 olägenheter,
328 798 45 14 som
388 790 79 22 mälens
482 792 114 20 utförande
614 790 29 28 pä
661 798 25 14 en
702 792 93 27 aflägsen
811 794 34 19 ort
859 792 58 21 med-

169 825 34 21 för
217 826 34 20 för
266 826 26 20 de
303 825 69 27 öfriga
383 825 135 27 sakegarene,
530 826 122 27 derigenom
663 826 66 21 skulle
741 826 91 28 afböjas.
855 826 62 27 Sjelf-

169 860 60 21 fallet
246 860 67 20 skulle
331 859 29 28 pä
379 867 81 14 samma
478 859 56 29 gäng
556 860 61 21 äfven
639 860 40 21 den
701 861 143 27 oegentlighet
862 868 55 20 upp-

170 895 60 25 hörä,
246 901 45 14 som
305 902 30 13 nu
349 894 112 22 förefinnes
477 894 51 26 deri,
544 896 32 20 att
590 894 91 28 ändring
695 894 7 21 i
714 894 121 22 Guvernörs
847 895 71 27 utslag

170 929 8 21 i
193 928 42 22 mäl
249 929 25 21 af
286 928 162 28 ifrägavarande
462 928 146 22 beskaffenhet
619 936 28 14 nu
659 929 67 25 sökes,
740 929 46 21 ifall
800 929 66 22 mälet
880 937 37 14 an-

171 962 40 29 gär
225 963 90 22 rusthäll
334 964 50 21 eller
402 964 215 27 augmentshemman,
637 964 7 20 i
662 964 87 21 Hofrätt
768 964 39 21 och
827 964 92 22 derefter

170 998 8 21 i
197 998 102 21 Senatens
318 998 238 27 Justitiedepartement,
578 1005 49 14 men
650 1006 34 14 om
706 998 35 21 det
763 998 67 28 angår
852 1000 66 20 annat

170 1033 105 25 hemman,
294 1032 131 21 omedelbart
446 1033 7 20 i
473 1032 101 21 Senatens
596 1033 269 26 Ekonomiedepartement,
884 1034 35 21 vid

171 1067 62 20 hvars
249 1066 199 27 Finansexpedition
464 1067 132 27 tjenstemän,
612 1074 45 13 som
673 1073 77 15 annars
768 1067 61 21 torde
847 1067 73 22 kunna

171 1107 62 14 anses
249 1100 124 27 umbärlige,
389 1102 37 19 äro
442 1101 104 20 anställde
560 1100 33 21 för
609 1101 62 20 dessä
685 1100 52 21 mäls
753 1101 122 28 beredning.
892 1114 27 3 —

171 1135 32 20 Ur
224 1135 53 20 hvar
299 1134 40 21 och
362 1141 25 14 en
409 1134 24 21 af
453 1135 25 20 de
500 1135 135 27 synpunkter,
659 1142 44 13 som
726 1135 75 21 härvid
823 1135 96 27 skäligen

171 1169 72 20 kunna
258 1169 85 20 komma
357 1168 7 20 i
379 1167 66 28 fräga,
462 1175 60 21 synes
542 1168 35 21 det
595 1167 81 22 säledes
692 1169 118 20 Ständerne
825 1169 94 21 särdeles

172 1203 121 24 önskvärdt,
309 1204 32 18 att
359 1202 171 21 Guvernörernes
549 1203 103 19 domsrätt
666 1203 8 19 i
692 1203 152 20 meranämnda
859 1205 61 18 ären-

173 1237 38 20 der
229 1236 86 21 alldeles
333 1235 85 26 upphör
435 1238 55 18 samt
509 1236 26 21 de
556 1235 8 20 i
585 1237 72 19 ämnet
679 1236 98 27 gällande
799 1236 121 21 författnin-

173 1277 65 20 garne
253 1270 78 21 ändras
346 1269 8 21 i
369 1268 75 22 sädant
459 1269 61 28 syfte.

241 1304 121 21 Ständerna
375 1303 63 22 hafva
450 1303 88 22 härmed
548 1304 8 20 i
568 1303 97 28 djupaste
676 1303 169 28 underdänighet
855 1304 65 22 fram-

173 1339 58 22 ställt
246 1339 27 22 de
291 1339 46 22 skäl
355 1339 40 21 och
414 1339 184 27 omständigheter,
617 1345 45 14 som
680 1339 91 21 bestämt
790 1339 130 22 Ständernas

174 1373 83 29 åtgärd,
273 1373 27 22 dä
315 1373 118 22 Ständerne
447 1381 29 13 nu
490 1373 38 22 hos
543 1373 24 21 E.
583 1372 26 22 K.
625 1373 38 21 M:t
678 1373 7 21 i
697 1374 43 21 lika
751 1373 171 29 underdänighet

174 1407 92 28 anhälla,
283 1409 35 20 det
332 1408 48 22 ville
395 1408 24 21 E.
435 1408 25 21 K.
476 1407 39 22 M:t
528 1408 8 21 i
551 1407 72 22 Näder
637 1407 44 22 läta
694 1408 88 29 vidtaga
796 1409 78 44 nödiga
889 1408 32 22 åt-

174 1443 78 27 gärder
267 1443 89 21 derhän:
