1017 1659
313 111 72 23 Nådiga
396 112 136 22 Propositionen
543 112 34 17 N:o
591 114 27 15 20.
788 113 32 15 911

95 176 31 21 ett
144 174 36 22 års
198 174 32 22 tid
247 174 86 22 förvara
351 173 128 23 åtminstone
498 176 30 20 ett
546 174 134 28 fullständigt
698 174 109 28 exemplar
822 174 24 22 af

95 210 43 21 alla
152 209 40 22 hos
206 209 77 21 honom
299 209 84 28 tryckta
397 209 96 26 skrifter;
509 209 40 21 och
564 216 51 14 vare
628 209 108 27 derjemte,
748 209 35 21 vid
794 216 49 14 ena-

94 243 73 21 handa
189 250 82 18 ansvar,
294 242 83 28 skyldig
395 244 32 20 att
445 243 48 21 föra
512 243 39 21 och
570 242 82 28 årligen
669 243 66 21 innan
754 243 90 21 Januari

93 275 91 22 månads
202 275 81 28 utgång
301 276 32 20 till
347 276 228 27 Pressöfverstyrelsen
589 276 52 21 eller
655 276 48 21 dess
719 276 79 21 ombud
812 277 31 20 in-

93 310 71 21 lemna
182 317 111 20 noggrann
312 309 133 28 förteckning
463 310 58 21 öfver
540 309 98 22 sednaste
656 309 35 22 års
710 309 68 28 tryck,
798 317 46 13 som

94 343 48 22 från
164 344 114 27 tryckeriet
299 342 80 29 utgått;
402 344 108 21 hvarefter
529 339 166 32 Öfverstyrelsen
714 343 130 28 ombesörjer

94 381 32 19 att
141 385 81 15 samma
236 378 134 27 förteckning
384 378 78 21 varder
476 378 115 28 behörigen
606 378 113 27 granskad.

439 433 11 27 $
467 433 33 20 24.

162 475 66 22 Detta
244 475 92 28 kapitels
355 475 133 28 stadganden
507 482 34 15 om
558 475 136 28 boktryckeri
712 475 55 28 gälle
782 475 62 22 äfven

93 510 144 27 inrättningar
252 509 34 22 för
301 512 62 23 sten-,
378 509 83 21 metall-
477 509 40 21 och
531 509 102 28 trätryck,
649 508 69 23 såvidt
729 509 26 22 de
766 510 78 20 använ-

95 545 39 21 das
152 544 34 21 till
201 543 146 28 återgifvande
361 544 24 21 af
396 543 166 27 bokstafsskrift,
577 544 110 21 hvaremot
701 544 143 27 inrättningar

94 579 34 21 för
145 577 188 28 mängfaldigande
351 577 23 22 af
391 577 26 22 de
436 578 7 20 i
463 579 11 26 $
501 579 5 19 2
525 585 62 14 mom.
608 579 12 19 2
639 578 94 21 nämnda
747 578 110 21 litterära”

95 613 41 22 och
153 613 128 21 konstalster
300 612 75 21 endast
389 613 38 20 äro
442 612 157 22 underkastade
614 612 26 21 de
654 613 8 20 i
677 612 24 28 8$
717 613 34 26 20,
767 613 33 26 21,
816 613 27 20 22

95 647 41 22 och
151 648 26 21 23
193 646 124 22 meddelade
332 646 139 22 föreskrifter.

411 721 23 17 5
453 721 78 22 Kap.

267 771 31 21 Om
312 770 101 22 bokhandel
428 771 33 21 och
475 771 83 21 skrifters
573 770 100 29 spridande.
696 768 2 3 '

439 825 12 27 S
467 825 33 20 25.

164 868 126 26 Författare,
308 867 105 28 utgifvare
432 867 40 21 och
487 867 122 28 förläggare
623 866 25 21 af
660 866 43 22 alla
717 866 57 28 slags
788 867 56 21 litte-

95 904 51 21 rära
161 903 40 21 och
216 903 128 20 konstalster
359 909 38 20 ege
411 902 104 27 rättighet
530 903 32 19 att
572 901 74 27 sjelfve
658 901 52 21 eller
721 908 76 20 genom
808 908 37 15 an-

96 937 40 22 dra
150 937 48 22 dem
213 937 88 27 försälja
317 936 51 22 eller
383 935 61 28 eljest
458 935 103 28 utsprida.

440 991 11 26 8
467 991 33 20 26.

164 1033 137 22 Beträffande
323 1033 130 28 rättigheten
475 1034 32 19 att
525 1031 70 22 säsom
613 1032 76 27 näring
707 1031 69 22 drifva
793 1032 52 21 bok-

96 1069 79 22 handel
189 1070 56 19 samt
256 1067 58 22 hålla
324 1066 151 23 länebibliotek
487 1067 40 21 och
537 1066 148 26 läsekahinett,
697 1066 56 28 gälle
764 1073 82 15 samma

96 1103 74 26 vilkor,
186 1110 46 14 som
247 1102 63 21 ofvan
324 1102 7 21 i
347 1102 23 27 $$
387 1103 33 24 14,
438 1102 25 19 16
479 1101 39 21 och
536 1102 24 19 17
577 1099 110 29 angående
701 1100 145 28 boktryckeri-

96 1138 72 27 yrkets
182 1137 98 26 utöfning
295 1135 146 22 föreskrifvits.

441 1190 12 26 8
469 1190 32 19 27.

166 1232 113 27 Utsprider
297 1231 70 28 nägon
387 1231 68 26 skrift,
475 1239 45 14 som
538 1231 67 21 borde
623 1237 52 15 vara
693 1230 86 22 försedd
797 1230 49 22 med

97 1267 166 28 boktryckarens
281 1273 65 14 namn
361 1265 52 22 eller
427 1265 125 28 tryckeriets
567 1264 62 22 firma
643 1266 56 19 samt
713 1265 132 28 trycknings-

98 1303 34 19 ort
150 1301 40 20 och
209 1299 62 26 ärtal,
289 1306 49 14 men
357 1299 78 21 saknar
453 1299 71 27 nägon
543 1299 24 20 af
583 1298 62 21 dessa
662 1298 115 27 uppgifter,
796 1299 50 20 böte

96 1334 69 21 första
183 1333 83 28 gängen
283 1332 121 22 tvähundra
422 1335 55 18 samt
492 1332 67 21 andra
575 1332 39 21 och
629 1332 68 27 tredje
712 1339 63 14 resan
790 1332 56 27 fyra-

97 1369 85 20 hundra
197 1368 66 25 mark,
279 1368 112 20 hvarutom
406 1367 6 20 i
428 1366 132 21 sistnämnda
575 1366 38 21 fall
627 1366 146 21 bokhandlare
784 1367 62 20 hafve

97 1403 109 22 förverkat
220 1402 129 28 rättigheten
365 1403 31 20 att
411 1402 50 20 slikt
475 1402 51 27 yrke
541 1400 74 22 drifva.
641 1400 44 28 Lag
701 1407 82 15 samma
796 1408 50 14 vare

98 1440 34 20 om
154 1437 137 22 innehafvare
313 1436 24 22 af
355 1436 152 22 länebibliotek
525 1436 40 21 och
583 1435 147 22 läsekahinett.
764 1435 82 22 Saknas
