1014 1664
180 127 34 17 784
380 125 72 23 Nådiga
463 126 137 21 Propositionen
612 126 34 17 N:o
661 126 25 16 15.

224 189 42 21 5:0.
295 188 213 28 Läneobligationer,
529 187 191 29 depositionsbevis
742 187 39 21 och
799 188 108 28 skuldför-

157 223 113 26 bindelser,
288 222 118 29 utfärdade
425 222 25 28 af
461 222 74 27 finska
549 225 64 17 stats-
628 222 38 20 och
680 221 157 21 militieverken
852 225 55 18 samt

156 257 108 22 Finlands
279 256 63 21 Bank
358 256 39 21 och
411 255 234 29 Hypotheksförening.

226 290 43 22 6:0.
292 290 147 28 Förteckning
455 292 13 20 &
485 290 84 28 husfolk
584 290 37 21 vid
632 290 212 29 mantalsskrifning,
855 297 54 21 upp-

157 327 44 29 gift
220 327 13 21 &
251 326 89 21 resande
359 326 9 20 i
387 326 49 20 stad
453 333 28 13 m.
500 332 27 13 m.
546 324 76 30 dylikt,
642 325 109 28 äfvensom
766 325 142 28 orlofssedlar

153 362 42 29 för
210 360 105 22 enskildes
332 360 134 28 tjenstehjon.

230 393 41 23 7:0.
294 394 64 23 Bevis
374 395 61 28 öfver
449 394 119 21 verkställd
584 394 110 28 stämning
711 394 38 21 och
764 394 145 21 kommunika-

160 431 46 21 tion
223 430 10 20 i
252 430 45 20 alla
319 428 125 22 kriminella
467 429 38 21 och
523 429 66 21 civila
607 429 139 27 rättegängs-
764 432 55 18 samt
836 428 74 22 utsök-

159 464 109 29 ningsmäl
280 464 65 29 jemte
358 463 56 21 bevis
427 463 59 29 öfver
498 463 86 21 kallelse
597 463 35 21 till
644 464 186 28 syneförrättning
842 470 28 14 m.
881 471 28 13 m.

228 497 42 22 8:o.
300 498 49 21 Mål
366 498 95 21 rörande
481 498 59 21 brott
559 501 55 18 emot
633 498 83 21 allmän
735 499 42 27 lag,
794 501 54 18 emot
863 498 47 21 eko-

159 534 73 25 nomi-,
248 534 90 27 politie-
357 533 38 20 och
413 532 249 29 militärförfattningar
678 535 55 18 samt
742 532 116 27 fiskaliska
873 533 38 20 ak-

160 569 77 25 tioner,
260 567 123 21 hvarunder
406 566 68 22 likväl
496 567 19 28 ej
531 567 88 28 förstås
640 567 45 20 mål
704 574 33 13 om
758 567 152 29 öfverklagade

160 601 144 30 olagligheter
319 601 37 22 vid
368 602 99 27 prestval
481 602 48 20 med
539 601 54 28 flere
609 601 74 29 dylika
699 601 111 29 tillfällen,
826 601 28 22 då
866 603 45 20 må-

161 638 33 20 len
212 636 45 22 icke
278 637 57 28 angå
353 637 94 28 egentlig
459 636 140 29 förbrytelse,
618 639 53 18 utan
690 637 117 28 rätteligen
822 637 40 21 äro
878 641 34 17 att

161 679 61 14 anses
237 671 70 22 såsom
322 671 72 21 civila.

231 705 42 22 9:0.
302 705 49 22 Mål
372 705 95 22 rörände
491 704 173 30 anmärkningar
683 705 38 22 vid
738 705 173 29 uppbördsmans

160 741 40 22 och
214 748 74 15 annan
302 741 143 28 redogörares
461 739 152 29 räkenskaper.

230 774 56 22 10:0.
319 774 204 30 Värfningstvister.

229 809 53 21 11:0.
312 808 52 22 Alla
387 809 132 28 handlingar
541 809 96 21 rörande
656 809 134 29 försäkring
808 811 52 20 eller
879 817 34 14 er-

161 845 99 27 sättning
278 843 87 28 derföre
380 844 9 19 i
405 843 99 27 ärender,
520 851 45 13 som
579 843 37 21 vid
631 843 167 22 Direktionerne
809 845 41 28 för
866 845 47 20 lan-

161 879 46 21 dets
230 879 115 20 allmänna:
360 878 199 28 brandstodsbolag,
574 877 233 30 försäkringsbolaget
825 878 87 30 Sampo,

162 913 291 29 sjöassuransföreningarne
473 912 38 22 och
531 913 199 28 lifränteanstalten
748 917 56 17 samt
822 914 37 21 hos
878 914 35 21 de-

161 954 38 14 ras
222 950 88 25 agenter
328 947 10 20 i
356 946 103 22 städerna
481 947 38 21 och
541 947 233 22 brandstodskomitder
791 949 31 27 pä
841 949 73 21 landet

162 983 52 20 eller
230 982 37 20 hos
278 981 86 21 utsedde
376 981 203 28 kompromissarier
585 982 149 29 förekomma;
748 984 108 27 äfvensom
861 984 53 29 för-

162 1016 156 28 säkringsbref,
342 1016 189 28 assuranspoliser,
556 1016 56 21 bevis
635 1020 55 17 samt
708 1018 205 28 premiegvittanser

162 1058 28 13 m.
208 1057 34 19 m.,
262 1057 44 13 som
325 1049 25 29 af
366 1050 67 27 något
445 1049 211 29 försäkringsbolag
671 1052 9 19 i
694 1050 97 22 Finland
805 1052 109 28 utfärdas,

160 1085 64 28 jemte
240 1084 44 21 alla
296 1084 35 20 till
336 1083 237 29 försäkringsärendet
585 1084 95 21 hörande
693 1084 139 30 handlingar.
855 1086 60 21 Ena-

164 1118 72 22 handa
248 1118 93 29 förmän
360 1118 93 28 ätnjutes
473 1118 63 28 äfven
548 1118 43 28 för
605 1119 118 21 utländska
731 1119 183 30 försäkringsbo-

165 1153 46 28 lags
223 1152 211 28 premiegvittanser.

231 1185 56 22 12:0.
317 1184 98 31 Skrifter
431 1186 39 21 och
485 1186 140 29 handlingar,
642 1194 44 14 som
701 1187 37 21 vid
751 1187 164 29 borgerskapets

163 1221 10 19 i
190 1220 72 28 någon
281 1219 49 21 stad
345 1219 170 26 sammankomst,
532 1220 39 20 der
585 1220 211 28 Magistratsperson
811 1221 19 28 ej
846 1222 13 20 &
874 1229 42 14 em-

165 1254 64 20 betets
248 1254 85 27 vägnar
352 1254 27 20 är
398 1254 145 26 närvarande,
563 1254 23 20 sä
606 1253 37 21 ock
662 1255 37 20 vid
715 1255 133 29 sjömanshus
864 1257 52 20 eller

164 1288 37 22 vid
216 1287 173 27 sockenstämma,
406 1288 91 22 allmänt
512 1289 35 21 val
563 1292 54 18 samt
632 1290 10 19 i
658 1288 110 29 kyrkoråd
783 1290 38 21 och
836 1290 80 30 fattig-

164 1323 193 28 värdsinrättning
372 1323 95 28 ingifvas
483 1323 38 21 och
537 1324 41 21 allt
593 1323 55 22 hvad
664 1324 100 31 derifrän
778 1325 108 29 utfärdas.

232 1356 56 22 13:0.
318 1357 53 22 Alla
391 1357 138 29 handlingar,
549 1365 44 14 som
611 1360 116 27 upprättas
746 1360 26 28 af
788 1361 52 21 eller
859 1361 58 29 angä

164 1392 119 29 inbyggare
303 1393 5 20 i
323 1391 152 29 Lappmarken
491 1393 38 20 och
544 1393 63 21 deras
623 1394 185 28 angelägenheter.

233 1426 51 21 14:0.
314 1425 89 29 Frågor
417 1427 97 20 rörande
529 1427 270 30 nybyggesanläggningar
815 1433 54 18 samt
883 1433 34 18 ut-

165 1461 105 28 syningar
289 1461 35 20 till
344 1461 129 28 svedjeland,
489 1461 110 30 äfvensom
614 1461 137 23 ekonomiska
767 1463 150 29 besigtningar
