1023 1664
330 123 72 24 Nådiga
414 125 136 22 Propositionen
561 125 35 18 N:o
609 126 27 18 24.
790 127 44 16 1087

106 188 58 21 velat
178 187 78 22 föreslå
274 188 76 21 endast
368 187 82 23 sådana
467 189 123 28 ändringar,
609 194 45 17 som
672 189 47 22 icke
737 190 70 21 rubba
822 190 36 22 det

107 223 95 26 antagna
217 224 108 25 systemet...
353 223 74 20 Andra
442 223 101 26 deremot,
559 231 46 13 som
619 223 68 21 under
702 223 156 28 öfverläggnin-

108 262 76 21 garnes
199 256 85 27 förlopp
299 256 70 21 funnit
383 257 32 26 sig
430 257 46 20 icke
491 257 72 21 kunna
577 257 85 21 komma
676 257 33 21 till
725 265 26 13 en
761 258 97 26 praktisk

107 289 84 28 lösning
206 290 24 20 af
242 289 76 28 frågan
334 290 70 21 derest
422 288 92 23 berörda
532 291 240 28 hufvudbestämningar
790 292 69 21 blefve

108 325 52 19 utan
174 323 110 28 undantag
301 323 126 27 bibehällna,
443 325 63 21 hafva
522 327 70 19 ansett
607 325 36 21 det
656 325 102 28 befogadt
773 327 32 20 att
816 326 42 21 för-

108 357 53 21 orda
173 357 79 27 jemväl
267 365 59 14 mera
341 359 179 27 genomgripande
535 359 102 21 reformer
655 359 8 21 i
681 359 99 28 gällande
795 360 63 21 brän-

108 387 186 37 vinslagstiftning.
579 414 2 2 ,

176 427 139 21 Beträffande
330 427 18 27 ej
364 427 82 22 mindre
461 427 122 22 ändamälet
597 427 48 22 med
659 428 42 21 den
711 427 148 29 ifrägakomna

108 461 118 21 revisionen
244 461 25 21 af
283 461 54 20 1865
356 460 34 22 ärs
410 461 133 28 förordning,
563 464 28 20 än
606 462 40 21 ock
661 469 25 14 en
701 464 45 19 stor
761 462 34 21 del
809 464 49 25 par-

108 495 52 21 tiela
174 495 160 27 bestämningar
349 498 55 18 samt
420 496 40 21 den
474 496 129 21 förändrade
619 496 117 27 ordningen
751 496 34 21 för
795 497 64 20 brän-

108 529 142 21 vinsskattens
266 529 145 26 användande,
427 530 63 21 hafva
506 531 53 20 dock
575 529 108 28 äsigterna
696 531 58 20 inom
765 531 27 20 de
802 529 58 22 bäda

109 563 95 27 antydda
218 563 146 22 fraktionerna
378 564 55 21 varit
451 565 238 26 öfverensstämmande;
709 565 40 21 och
767 565 41 21 har
825 567 33 18 ut-

109 597 79 21 skottet
204 597 89 26 derföre,
310 598 88 20 oaktadt
412 598 189 28 förhandlingarne
615 598 62 22 ledde
688 599 32 21 till
731 599 128 21 alternativa

109 631 91 28 förslag,
215 632 47 21 icke
280 632 58 21 delat
353 632 31 28 sig
402 633 8 20 i
428 635 76 19 tvenne
523 633 112 26 sektioner,
650 634 75 20 utan.i
739 634 33 20 sin
787 633 72 21 helhet

108 666 105 28 handlagt
231 666 88 22 ärendet
336 674 26 14 ur
380 667 105 21 hvardera
504 667 23 21 af
543 667 191 28 nyssomförmälda
752 668 107 27 synpunk-

109 702 39 19 ter.
171 701 38 20 Att
224 700 46 22 äter
284 702 104 20 utskottet
402 701 88 21 beslutit
504 702 33 20 för
553 701 94 22 Ständen
661 702 120 27 framlägga
795 702 64 21 alter-

109 735 72 21 nativa
196 734 86 28 förslag,
298 736 40 20 har
352 735 117 22 föranledts
486 736 65 26 deraf,
567 738 32 19 att
617 736 36 21 det
667 743 40 14 ena
721 736 103 28 förslaget
839 736 19 28 ej

110 769 110 21 omfattats
239 770 24 20 af
280 769 24 22 sä
321 770 121 28 betydande
460 771 110 27 pluralitet
591 772 32 20 att
645 770 34 22 det
701 771 68 21 andra
792 771 67 21 skulle

109 804 65 20 bordt
189 804 75 21 endast
278 803 70 22 säsom
363 806 131 20 reservation
508 805 96 27 afgifvas.

177 838 11 21 I
202 838 105 22 hvardera
321 838 103 28 förslaget
438 840 99 20 hänvisas
552 839 32 21 till
602 840 24 26 88
645 839 7 21 i
670 839 152 27 förordningen
837 839 25 21 af

110 872 41 21 den
167 874 11 18 2
194 872 58 22 Mars
268 874 61 25 1865,
345 873 40 21 och
404 874 36 20 äro
460 874 117 21 motiverna
595 873 33 21 till
646 874 25 20 de
686 873 122 28 föreslagna
822 875 38 19 än-

111 906 120 28 dringarne,
248 907 34 21 för
296 908 77 21 lättare
388 908 112 28 öfversigts
518 908 68 26 skuld,
605 910 111 26 upptagna
734 908 35 22 för
786 908 74 28 hvarje

110 941 77 21 artikel
202 942 106 21 särskildt.

353 1026 83 27 Första
454 1027 161 27 alternativet.

432 1094 67 18 Art.
518 1096 21 16 1.

184 1136 30 22 Om
228 1137 88 27 rättighet
330 1138 27 20 att
370 1138 86 21 tillverka
470 1138 76 21 bränvin
560 1138 33 22 och
607 1138 57 27 skatt,
677 1145 36 15 som
729 1138 60 22 derför

412 1175 48 21 skall
474 1176 91 26 erläggas.

179 1217 10 21 I
205 1218 35 20 det
254 1218 80 27 förslag
350 1225 45 13 som
410 1217 35 28 låg
460 1218 32 20 till
508 1218 69 27 grund
591 1217 33 21 för
640 1218 40 20 den
695 1218 26 21 af
731 1220 73 19 senast
818 1218 42 21 för-

112 1251 94 21 samlade
222 1252 91 21 Ständer
328 1254 93 24 antagna
436 1252 125 27 förordning
576 1252 7 20 i
598 1252 59 20 detta
671 1253 68 25 ämne,
755 1252 106 27 projekte-

111 1285 63 20 rades
194 1292 25 13 en
237 1286 203 25 tillverkningsskatt
460 1286 23 20 af
499 1285 36 21 två
552 1286 61 19 mark
631 1293 38 18 per
687 1286 78 20 kanna.
799 1286 62 19 Stän-

112 1318 66 21 derna
193 1319 89 20 anförde
296 1319 8 20 i
319 1319 37 20 sitt
369 1318 147 27 underdäniga
531 1326 48 13 svar
597 1317 14 22 &
629 1319 40 20 den
687 1318 78 27 nädiga
784 1326 78 19 propo-

112 1352 90 21 sitionen
217 1353 101 20 hurusom
334 1353 51 25 ,den
400 1353 7 20 i
422 1354 163 25 grannstaterna
600 1352 84 21 införda
699 1353 112 20 enahanda
824 1353 38 21 be-

112 1386 108 28 skattning
235 1386 18 28 ej
269 1387 62 21 torde
345 1387 72 20 kunna
428 1387 7 20 i
446 1386 117 28 väsendtlig
578 1385 50 22 män
643 1386 148 27 öfverskridas,
807 1394 55 14 eme-

112 1421 42 20 dan
177 1421 60 28 eljest
258 1421 140 27 lurendrejeri
420 1421 154 28 otvifvelaktigt
597 1421 66 21 skulle
685 1421 118 22 befordras.
833 1421 31 21 Af

112 1454 82 23 sädana
208 1455 52 27 skäl,
276 1456 40 21 och
332 1455 28 22 dä
373 1455 35 22 vid
424 1463 26 14 en
464 1455 73 22 alltför
547 1456 42 27 hög
600 1455 135 28 beskattning
750 1455 111 22 frestelsen
