1014 1670
318 126 71 23 Nådiga
400 127 137 23 Propositionen
549 127 34 18 N:o
596 128 27 17 15.
788 128 32 16 773

91 186 179 31 pete
277 186 16 31 n
302 186 136 31 l(7rjArS

163 232 60 26 ning,
240 231 42 28 för
300 238 49 14 resa
368 231 38 21 och
423 232 91 26 vistelse,
530 231 32 29 pä
580 231 12 20 1
610 231 27 20 är
650 231 57 21 eller
840 233 2 14 |

162 265 107 21 derunder
281 266 59 20 inom
355 265 53 22 bäde
423 265 96 22 Finland
535 266 38 21 och
587 265 120 28 Ryssland:

156 299 43 28 för
214 299 152 28 ständsperson
532 315 175 6 L.
755 300 25 19 15
796 295 9 34 |
805 312 27 3 —

174 334 107 27 GN
306 350 34 5 <a
363 350 33 5 sa
420 351 5 4 s
453 351 29 5 &
518 351 48 5 Rb
590 351 32 5 rr
671 330 36 36 kOG
768 335 11 19 3
804 346 27 3 |—

175 375 10 12 »
214 369 90 28 allmoge
319 369 53 28 m.fl...
423 384 29 5 sr
476 385 33 5 se
533 385 61 6 ss
769 369 63 20 21—

134 401 35 21 4:0
187 401 199 31 Tillståndsbiljett,
406 411 44 13 som
465 404 26 28 af
503 385 120 47 Magistrat
636 385 71 48 utfär-

163 436 39 22 das
214 437 42 29 för
274 437 102 22 utländsk
395 438 111 28 kargadör
522 439 52 21 eller
594 438 113 29 superkar-

163 472 42 27 gör
227 475 32 18 att
279 472 31 28 på
332 472 11 21 1
364 473 80 21 månad
466 473 76 21 besöka
564 480 73 14 annan
658 473 49 22 stad

163 506 59 20 inom
237 506 73 21 landet
339 522 29 5 <.
422 522 32 7 sr
477 523 62 6 ses
562 524 33 4 ss
645 523 63 6 res
745 519 28 3 —
807 508 25 20 150

134 540 35 21 5:o
188 539 223 23 Hinderlöshetsbevis
434 542 90 29 skrifves
542 542 32 28 på
596 542 112 22 enahanda

164 574 64 22 karta
243 576 47 21 med
306 576 73 29 öfriga
390 577 145 28 expeditioner
544 577 59 28 från
617 578 36 20 det
667 584 40 14 em-

164 610 102 27 betsverk,
282 618 44 14 som
341 611 116 21 detsamma
471 612 111 29 utfärdar.

136 643 35 22 6:0
191 645 105 28 Resepass
309 646 41 27 för
363 645 59 28 finsk
440 647 140 28 medborgare
596 648 35 20 till
645 646 64 29 Ryss-

164 679 58 27 land,
238 680 109 28 äfvensom
362 681 182 29 tillständsbiljett
555 681 35 22 till
598 681 110 29 förlängd

163 715 84 20 vistelse
262 715 124 20 derstädes:

157 749 42 28 för
215 749 152 28 ständsperson
392 765 259 6 «L.
675 765 33 7 e.
769 750 64 20 3|—

158 783 42 28 för
213 783 70 28 gesäll
312 799 29 4 <.
365 799 344 6 L.
746 795 27 4 —
807 784 26 19 |70

158 818 43 28 för
216 818 92 27 allmoge
324 817 37 21 och
377 817 127 29 tjenstehjon
533 834 5 4 .
562 835 5 4 .
590 835 6 4 .
619 835 5 4 .
647 835 61 5 ...
746 831 28 3 —
807 819 26 19 150

164 868 191 29 Anmärkning.
387 868 108 30 Utfärdas
512 873 130 25 gemensamt
655 877 54 21 pass

131 903 42 28 för
188 910 49 14 man
253 904 38 20 och
306 904 82 26 hustru,
398 904 121 29 föräldrar
532 904 38 21 och
585 904 61 26 barn,
662 904 47 21 hus-

137 937 66 22 bonde
218 939 53 21 eller
286 939 119 21 matmoder
421 939 38 21 och
473 939 47 21 dess
532 939 133 29 tjenstehjon,
681 939 28 21 el-

137 973 32 20 ler
178 973 42 28 för
236 974 43 20 alla
295 974 36 20 till
345 976 30 18 ett
390 973 86 21 hushäll
490 974 96 20 hörande
597 980 112 22 personer,

137 1007 107 29 begagnas
264 1015 81 14 samma
364 1007 65 21 karta
447 1016 44 13 som
506 1008 42 29 för
566 1016 54 20 pass
643 1008 23 21 ät
684 1014 25 14 en

133 1049 87 21 person.

139 1092 35 23 7:o
190 1093 56 22 Pass
255 1094 43 29 för
313 1094 98 28 borgare,
427 1094 121 28 inskrifven
562 1095 10 19 i
580 1093 59 28 finsk
654 1093 55 27 stad,

166 1132 33 17 att
216 1129 67 21 vistas
302 1129 10 21 i
330 1129 114 28 Ryssland,
463 1130 110 28 äfvensom
592 1128 118 22 tillständs-

166 1162 71 29 biljett
253 1164 35 20 till
296 1163 111 28 förlängd
422 1164 82 20 vistelse
519 1163 124 21 derstädes:

160 1198 43 28 för
218 1198 167 28 grosshandlare
422 1214 5 4 .
451 1214 5 4 .
479 1214 5 4 .
508 1214 4 4 .
536 1214 4 4 .
564 1213 61 5 sc
648 1212 33 6 <.
711 1213 1 4 |
744 1196 91 20 120]—

161 1232 42 29 för
218 1239 72 14 annan
306 1232 121 21 handlande
443 1232 51 21 eller
503 1231 120 30 fabrikant
648 1247 5 5 .
676 1247 6 5 .
705 1248 5 4 .|
757 1231 77 20 601—

161 1266 42 29 för
218 1273 71 14 annan
304 1266 92 29 borgare
425 1282 31 5 <.
508 1282 32 5 ss
564 1262 14 37 es
594 1281 32 5 se
649 1281 62 6 sea
759 1264 25 21 15
807 1276 28 3 |—-

139 1300 35 21 8:o
186 1300 236 28 Fartygsförpassning
428 1301 58 27 från
499 1299 165 26 Tullkammare,
677 1300 34 28 äf-

167 1341 83 14 vensom
265 1334 130 28 Magistrats
404 1333 59 29 folk-
479 1334 52 20 eller
546 1334 95 27 sjöpass:

196 1369 21 26 a)
228 1368 41 28 för
284 1367 82 22 utrikes
380 1367 81 29 gående
470 1368 89 28 fartyg:

161 1402 69 28 finskt
246 1402 38 21 och
298 1402 60 29 ryskt
373 1402 94 22 däckadt
483 1418 2 5 .
510 1398 15 37 .«
536 1417 5 5 .
564 1417 147 6 0.
772 1402 63 19 2|—

164 1436 68 29 finskt
248 1437 38 21 och
300 1436 61 30 ryskt
376 1436 107 22 odäekadt
511 1452 87 6 <...
622 1451 89 6 ....
773 1436 63 20 11—

168 1471 112 23 utländskt
312 1488 4 4 .
341 1488 31 4 <a
396 1487 34 5 =o
453 1488 5 4 a
481 1488 33 4 ka
539 1466 57 36 RSO
620 1466 35 36 Kok
698 1486 13 5 N
772 1471 63 20 4|]—
