1017 1664
316 132 73 24 Nådiga
400 134 136 21 Propositionen
549 134 34 17 N:o
597 135 27 16 14.
788 135 32 16 675

161 196 59 23 Ifrån
238 204 63 15 mom.
321 204 10 14 e
346 198 65 21 hafva
429 197 121 22 Ständerna
568 199 54 20 trott
636 198 32 27 sig
683 197 54 22 böra
750 197 95 23 utesluta

92 231 40 23 allt
146 231 56 22 hvad
216 238 46 15 som
276 231 64 27 följer
355 232 54 21 efter
423 232 62 21 ordet
499 232 192 27 ,förskrifningar,"
703 232 89 22 emedan
802 232 43 21 den

92 266 135 26 bestämning
242 267 83 19 satsens
340 266 90 21 sednare
442 266 33 20 del
486 265 119 21 innehåller
617 266 44 21 dels
673 266 108 21 befunnits
793 268 51 19 onö-

92 300 36 27 dig
142 300 50 20 med
203 299 99 21 afseende
314 299 12 21 å
338 299 25 21 de
376 300 106 26 generella
493 299 139 26 föreskrifter,
645 306 45 14 som
700 299 51 27 ingå
761 300 8 20 i
780 306 63 15 mom.

93 333 19 26 hy
132 332 45 22 dels
195 333 90 21 ledande
303 332 32 22 till
350 333 93 27 menliga
456 333 91 28 ingrepp
562 333 7 21 i
584 333 206 22 Bankdirektionens
806 335 38 19 nö-

93 366 50 28 diga
157 366 184 28 handlingsfrihet.

160 401 97 22 Emedan
273 401 136 27 provisionen
429 402 34 21 för
481 402 115 22 utländska
614 402 73 21 vexlar
706 402 61 21 alltid
784 402 60 22 inbe-

91 436 80 21 räknas
189 436 8 20 i
212 436 37 21 det
262 436 103 21 noterade
380 436 67 27 priset
462 436 33 22 för
511 436 53 27 dem,
579 436 41 22 har
634 444 63 14 mom.
707 437 18 29 f
737 438 59 26 synts
810 444 34 14 er-

92 470 74 22 fordra
186 477 26 14 en
227 470 97 28 ändring,
340 469 25 22 så
379 472 32 20 att
427 470 45 23 deri
487 470 58 29 gifna
560 470 134 29 bestämning
709 471 75 22 endast
799 478 44 15 om-

92 505 66 21 fattar
174 505 94 21 bankens
283 505 111 21 inhemska
408 506 73 20 vexlar
496 506 39 21 och
550 506 143 28 anvisningar.

160 539 12 21 I
191 546 62 14 mom.
268 547 15 20 g
297 539 64 21 hafva
376 539 121 22 Ständerna
511 539 77 22 saknat
603 541 30 20 ett
647 539 148 28 medgifvande
810 539 34 22 för

92 573 142 28 Fullmäktige
252 575 33 20 att
303 575 80 26 antaga
401 573 26 22 de
445 573 181 26 ackords-anbud,
645 581 46 14 som
709 574 24 21 af
749 574 95 21 bankens

92 607 128 29 gäldenärer
238 608 72 21 kunna
324 607 136 22 framställas.
489 608 125 21 Emellertid
628 608 73 21 kunna
715 609 129 26 omständig-

92 643 61 21 heter
174 642 93 25 inträffa,
289 641 72 22 hvilka
379 643 54 26 göra
451 642 36 21 det
504 642 137 28 fördelaktigt
659 642 34 21 för
710 642 84 22 banken
812 644 33 20 att

91 677 79 27 bevilja
185 679 31 18 ett
230 677 78 27 skäligt
323 676 80 22 ackord
418 677 39 21 och
473 684 26 14 en
509 684 28 21 ny
549 677 130 27 konkurslag
690 677 43 21 kan
744 677 101 28 möjligen

91 713 8 20 i
116 711 54 22 vissa
185 711 38 21 fall
238 712 53 27 göra
306 711 36 21 det
355 711 137 28 nödvändigt.
515 711 41 22 Vid
571 710 77 23 sådant
658 710 134 23 förhållande
804 711 40 22 och

93 745 28 22 då
142 745 140 22 förevarande
304 753 63 14 mom.
387 745 66 28 gifver
470 745 143 28 Fullmäktige
631 745 41 22 den
690 745 154 23 vidsträcktare

92 781 130 28 rättigheten
240 782 32 19 att
290 780 102 22 förordna
409 780 33 21 till
461 780 127 28 afskrifning
605 781 8 20 i
631 780 173 28 räkenskaperna
822 780 25 22 af

92 815 96 22 bankens
206 815 127 28 fordringar,
352 815 64 21 hafva
435 815 121 22 Ständerna
573 815 48 21 icke
638 815 73 21 tvekat
729 816 32 20 att
778 815 8 21 i
804 822 39 14 un-

92 849 142 28 derdånighet
255 849 87 22 förorda
364 849 36 21 det
421 849 62 21 äfven
504 849 55 22 först
580 849 141 22 omförmälda
741 850 103 27 rättighet

90 883 68 31 måtte
172 884 8 20 i
196 883 58 22 detta
268 891 63 13 mom.
347 883 141 28 Fullmäktige
503 883 98 22 tilldelas.

160 919 44 20 För
223 920 31 19 att
272 918 123 21 underlätta
410 918 36 21 det
461 917 109 28 oaflåtliga
584 918 156 22 öfvervakande
755 918 24 22 af
791 919 53 21 ban-

91 954 53 21 kens.
166 953 135 27 förvaltning,
323 959 46 15 som
390 959 63 14 mom.
478 952 13 21 h
509 952 88 28 ålägger
615 952 147 28 Fullmäktige,
780 953 64 21 hafva

92 987 121 22 Ständerna
227 987 40 21 här
282 988 71 20 ansett
366 993 27 14 en
407 986 110 22 föreskrift
531 986 64 28 nödig
611 986 74 22 derom
699 989 33 19 att
746 986 98 22 månads-

92 1022 109 27 förslagen
222 1021 59 21 öfver
302 1021 95 21 bankens
418 1021 101 27 ställning
541 1021 24 21 af
581 1020 138 22 Direktionen
737 1021 108 22 meddelas

92 1056 142 27 Fullmäktige
246 1055 67 27 jemte
329 1055 34 21 det
377 1055 139 22 Direktionen
531 1055 78 27 drager
623 1055 86 28 försorg
723 1062 35 15 om
768 1055 76 22 försla-

92 1092 48 26 gets
155 1089 197 29 offentliggörande.

162 1125 38 20 Att
219 1124 90 21 emellan
327 1125 76 19 tvenne
421 1124 152 27 myndigheter,
593 1122 80 22 sådane
691 1130 47 14 som
752 1124 93 21 Bankdi-

92 1158 112 22 rektionen
219 1159 40 20 och
273 1158 148 26 Fullmäktige,
437 1158 83 21 fördela
535 1158 130 26 rättigheten
679 1159 33 19 att
726 1158 119 20 bestämma

93 1193 59 21 öfver
175 1192 41 21 den
237 1192 71 21 kredit
328 1192 85 21 banken
431 1191 40 21 bör
490 1192 56 27 gifva
565 1192 94 21 enskilde
676 1198 110 20 personer,
804 1192 41 20 har

92 1226 103 22 förefallit
210 1226 119 21 Ständerna
343 1225 119 27 betänkligt
473 1228 55 18 samt
539 1226 90 21 ledande
640 1226 33 20 till
684 1227 30 20 ett
725 1226 46 21 icke
782 1226 62 27 följd-

93 1261 75 27 riktigt
186 1260 157 27 handlingssätt
361 1260 31 20 uti
411 1259 42 21 den
471 1260 54 20 allra
543 1260 113 27 vigtigaste
672 1266 52 21 gren
743 1260 24 20 af
778 1259 66 21 bank-

93 1294 162 27 förvaltningen.
284 1294 108 26 Derjemte
411 1294 64 20 hafva
491 1294 120 20 Ständerna
625 1293 70 21 funnit
710 1294 35 20 det
759 1293 86 27 belopp,

93 1328 137 21 hvarutöfver
249 1335 25 14 en
293 1328 39 21 och
353 1334 82 14 samma
452 1334 89 20 persons
557 1327 135 27 ansvarighet
706 1327 34 21 till
753 1327 92 26 banken,

92 1362 68 29 enligt
177 1362 94 27 punkten
291 1363 33 24 17,
343 1361 46 22 icke
402 1360 57 29 finge
475 1362 60 27 stiga,
551 1368 52 14 vara
618 1361 33 21 för
665 1360 51 29 lägt,
733 1360 28 22 dä
776 1361 70 22 deruti

93 1397 116 22 innefattas
221 1397 79 28 jemväl
315 1395 141 22 förbindelser
470 1395 34 22 för
519 1395 35 22 län
569 1397 57 20 emot
641 1396 108 28 hypothek
764 1396 40 21 och
814 1396 32 21 in-

93 1431 85 29 gången
196 1431 88 28 borgen.
315 1429 131 23 Ständernas
465 1429 147 29 underdäniga
626 1431 85 28 mening
726 1431 25 20 är
765 1429 82 23 således

94 1467 40 21 den
150 1468 32 20 att
196 1466 36 22 det
246 1466 33 22 uti
294 1466 96 27 punkten
403 1467 26 20 17
441 1465 129 22 omnämnda
581 1465 77 28 högsta
669 1465 178 28 skuldsättnings-

757 1506 22 16 43
