1023 1656
344 92 71 23 Nådiga
427 94 137 21 Propositionen
576 93 35 18 N:o
624 94 27 17 24.
805 93 44 17 1115

497 157 12 26 $
524 157 34 20 49.

273 189 64 23 Mom.
355 192 18 19 1.

298 224 153 22 Oförändradt.

273 258 64 22 Mom.
353 259 19 20 2.

245 291 46 22 Och
304 299 51 14 vare
364 293 43 28 för
423 293 71 28 öfrigt
509 292 78 22 handel
602 299 34 14 om
651 291 94 22 bränvin
759 292 112 22 derstädes

187 327 20 28 ej
230 327 87 20 tillåten
337 326 68 21 under
428 333 72 14 annan
522 327 34 21 tid
578 327 29 20 än
629 326 90 22 emellan
736 325 136 22 sistberörda

186 362 164 27 morgontimme
365 360 39 22 ock
419 360 91 22 klockan
526 361 47 21 åtta
583 361 33 28 på
631 361 97 28 aftonen;

271 395 65 21 Mom.
353 396 19 19 3.

292 428 151 22 Oförändradt.

497 483 12 29 8
526 484 32 21 50.

271 526 143 27 Oförändrad,
429 526 49 21 med
492 527 87 27 tillägg:

249 561 44 21 Vill
311 561 73 28 någon
401 560 68 22 väcka
486 561 72 28 fråga
577 563 33 18 att
633 568 72 13 annan
722 560 148 30 utskänkning

186 595 29 21 än
229 595 48 26 den,
293 602 44 14 som
348 595 42 21 kan
401 595 131 28 gästgifveri
543 594 126 27 tillkomma,
681 595 36 20 må
727 596 60 20 inom
799 596 72 21 lands-

186 629 99 22 kommun
299 629 70 27 idkas,
383 630 54 28 göre
453 629 73 21 derom
538 629 171 29 framställning
725 629 38 21 hos
778 629 93 21 kommu-

185 664 152 26 nalnämnden,
353 664 110 28 hvarefter
473 664 10 20 i
495 664 90 21 ärendet
593 663 102 29 förfares
707 664 71 21 såsom
791 665 9 20 i
815 664 12 27 $
842 662 29 22 46

184 698 92 21 nämndt
291 699 34 19 är.
347 697 50 21 Har
408 697 207 29 utskänkningsrätt
623 698 42 28 för
677 698 133 28 gästgifveri
821 697 50 28 blif-

185 734 33 20 vit
225 731 125 30 förverkad
365 733 51 20 eller
431 733 59 20 inom
505 732 40 21 den
559 732 9 20 i
583 732 12 27 $
610 730 30 22 46
653 731 109 22 bestämda
774 732 33 21 tid
817 739 54 21 upp-

185 766 60 29 sagd,
262 772 35 22 ege
313 766 235 26 kommunalnämnden,
564 772 34 15 om
613 766 40 21 den
668 766 25 20 så
704 766 43 28 för
761 766 54 28 godt
827 766 44 26 fin-

184 807 39 14 ner
240 800 39 21 och
293 800 71 21 derest
378 800 20 28 ej
420 800 7 20 ä
442 800 221 26 kommunalstämma,
679 807 44 14 som
738 800 37 21 två
794 800 77 21 sönda-

185 842 42 22 gar
243 835 13 21 å
274 835 42 21 rad
335 834 73 29 blifvit
425 835 79 28 pålyst,
524 834 127 22 annorledes
669 834 96 26 beslutes,
782 838 33 17 att
829 841 43 14 me-

184 870 56 20 delst
255 868 95 27 auktion,
366 869 69 21 såsom
449 870 10 20 i
474 870 12 27 $
501 868 29 22 46
544 869 65 29 sagdt
620 870 33 24 är,
665 876 28 21 ny
703 868 168 30 utskänknings-

184 904 114 28 rättighet,
313 903 48 21 med
377 904 126 20 utsättande
519 903 25 29 af
557 904 74 20 stället
643 903 42 29 för
701 903 46 21 dess
761 903 109 29 utöfning,

184 939 10 20 i
208 938 41 21 den
258 937 135 29 förverkade
409 938 52 20 eller
475 938 113 28 uppsagda
603 937 144 28 rättighetens
763 938 63 20 ställe
840 938 31 28 på

185 972 112 21 enahanda
319 973 45 20 sätt
384 972 92 29 utbjuda
498 972 39 20 och
560 971 199 22 auktionsanbuden
779 972 90 28 pröfva.

184 1002 73 33 Äfven
272 1007 13 20 å
301 1006 24 22 de
340 1007 10 20 i
358 1006 141 28 förestående
513 1007 68 20 måtto
598 1006 89 21 tillåtna
701 1005 170 29 utskänknings-

185 1041 78 21 ställen
277 1041 36 21 må
329 1040 94 21 bränvin
437 1041 20 28 ej
471 1040 125 26 utskänkas,
612 1040 24 20 så
645 1040 75 28 framt
735 1040 19 28 ej
769 1044 45 16 mat
826 1040 45 21 till-

186 1074 46 22 lika
252 1076 101 28 utspisas,
372 1079 55 17 samt
445 1075 20 28 ej
483 1075 67 21 heller
569 1075 36 21 till
627 1074 144 29 dryckesrörd
788 1082 82 22 person

186 1110 51 21 eller
254 1110 35 22 till
303 1110 41 21 den
359 1116 44 14 som
417 1110 20 28 ej
446 1110 55 28 fyllt
509 1110 87 28 femton
611 1109 27 21 år
652 1110 103 28 utgifvas.

495 1176 12 29 8
524 1177 33 20 51.

241 1218 49 21 Den
303 1218 214 29 utskänkningsrätt,
533 1226 45 14 som
592 1219 11 20 i
617 1219 12 28 $
644 1218 26 21 45
689 1219 73 28 blifvit
779 1219 92 28 medgif-

185 1259 40 14 ven
239 1253 136 28 gästgifvare
393 1254 10 19 i
421 1253 49 21 stad
489 1253 38 21 och
544 1252 78 22 idkare
642 1253 25 29 af
684 1252 90 27 källare,
794 1253 77 21 värds-

185 1286 45 27 hus,
247 1287 133 28 spisqvarter
396 1287 52 20 eller
464 1295 72 12 annan
551 1287 25 20 så
595 1287 112 28 beskaffad
724 1288 89 27 näring,
827 1287 42 28 får

186 1320 25 28 af
223 1320 47 21 dem
284 1320 85 28 utöfvas
388 1320 77 21 endast
482 1321 38 20 vid
538 1319 84 27 måltid,
638 1320 28 21 då
684 1323 46 18 mat
748 1321 25 28 af
789 1321 80 27 köpare

182 1354 81 29 jemväl
277 1354 107 29 förtäres,
402 1354 39 21 och
459 1354 61 21 skola
538 1354 61 21 dessa
618 1355 172 28 näringsställen
801 1354 69 21 under

186 1390 47 20 sön-
249 1389 52 21 eller
321 1389 70 21 andra
409 1389 131 29 helgedagar
558 1389 35 21 till
611 1389 90 21 klockan
716 1396 35 14 sex
766 1396 34 14 om
815 1389 56 29 afto-

184 1431 41 14 nen
233 1424 60 29 från
308 1423 90 22 klockan
413 1424 48 21 åtta
473 1431 32 14 om
516 1424 85 29 gvällen
615 1424 180 29 nästföregäende
811 1423 58 22 söck-
