1017 1661
182 112 34 16 944
381 110 72 22 Nådiga
464 111 138 20 Propositionen
614 110 34 17 N:o
661 111 28 14 20.

156 174 68 27 jestät
241 173 68 22 skulle
327 173 140 22 öfverlemnas
485 174 32 20 att
535 174 82 20 utsätta
635 172 40 21 den
694 172 48 27 dag,
761 171 48 22 från
823 172 86 22 hvilken

158 208 154 27 förordningen
334 207 83 21 komme
435 208 32 19 att
485 207 64 26 gälla,
568 207 101 26 antingen
688 206 35 21 det
742 205 27 22 då
786 206 75 26 blefve,
879 205 31 28 på

160 244 44 21 sätt
220 241 103 28 förslaget
340 240 125 26 innehåller,
485 241 68 27 dagen
571 241 49 20 näst
639 241 54 20 efter
712 240 47 26 den,
778 239 28 22 då
823 248 31 13 nu
871 239 39 28 på-

160 275 88 23 stående
261 275 104 26 landtdag
380 274 95 26 afslutas,
491 275 51 21 eller
556 273 72 28 någon
643 280 71 15 annan
729 281 75 14 senare
820 275 48 27 dag,
882 273 29 23 då

160 309 152 27 förordningen
333 309 77 21 hunnit
427 308 66 22 blifva
511 308 25 21 af
551 308 61 21 Hans
629 308 102 28 Majestät
748 308 7 20 i
773 307 67 23 nåder
858 308 52 22 fast-

162 344 70 23 ställd.

228 378 50 23 Med
293 377 100 22 afseende
408 376 13 22 3
437 378 32 26 de,
485 377 65 27 enligt
564 377 114 21 utskottets
693 377 71 26 tanke,
777 378 81 27 vigtiga
874 385 36 14 an-

160 413 138 27 märkningar
313 412 104 21 utskottet
432 414 41 19 sett
488 412 32 27 sig
538 410 116 22 föranlåtet
668 414 32 19 att
715 414 57 19 emot
786 412 11 27 $
810 414 26 19 70
848 412 64 21 fram-

161 447 69 26 ställa,
249 448 40 21 har
307 446 104 22 utskottet
428 448 53 20 trott
499 446 32 28 sig
548 446 55 21 böra
621 445 79 23 föreslå
718 454 26 14 en
759 445 67 23 sådan
840 446 72 22 förän-

162 481 63 28 dring
239 482 8 20 i
262 481 70 22 denna
349 480 106 28 paragraf
470 482 33 20 att
519 479 164 29 ifrågavarande
702 480 127 28 författning
844 480 68 22 skulle

162 515 58 28 gälla
234 515 56 21 intill
304 514 48 22 dess
367 514 42 22 den
420 515 69 21 blifvit
499 514 122 28 upphäfven
633 514 52 22 eller
697 514 83 22 ändrad
791 514 28 28 på
830 522 83 14 samma

162 550 41 27 väg
218 549 41 22 den
273 549 128 21 tillkommit.

230 582 34 22 Då
284 582 104 22 utskottet
409 581 92 23 sålunda
519 582 86 22 slutfört
622 582 33 21 sin
673 583 130 27 granskning
822 583 24 21 af
862 583 26 22 de
905 584 8 21 i

163 617 41 21 den
221 616 80 29 nådiga
318 617 161 27 propositionen
496 617 87 28 intagne
600 617 160 22 bestämmelser
778 618 40 21 har
832 617 82 22 utskot-

162 653 38 24 tet,
218 650 30 29 på
265 653 44 20 sätt
327 651 64 22 ofvan
409 651 124 26 framstälts,
550 651 73 22 dervid
637 651 46 22 icke
697 652 83 21 kunnat
794 651 72 29 undgå
881 654 33 20 att

164 687 57 20 emot
235 686 109 21 desamma
359 687 52 26 göra
426 685 107 28 åtskilliga
548 686 165 27 anmärkningar
729 688 61 24 samt,
805 685 30 30 på
846 689 68 25 grund

164 719 24 22 af
205 720 68 26 dessa,
291 719 79 22 föreslå
387 719 70 28 några
474 721 46 20 icke
535 720 146 28 oväsendtliga
695 721 163 28 förändringar;
874 721 40 22 och

164 753 28 24 då
210 754 42 22 den
266 753 79 29 nådiga
359 755 160 26 propositionen
533 755 8 20 i
555 755 68 27 öfrige
639 755 59 21 delar
713 757 25 19 är
752 756 48 21 med
815 755 100 29 gällande

164 789 263 27 tryckfrihetsförordning
448 789 236 26 öfverensstämmande,
706 789 34 21 får
758 790 156 27 Lagutskottet,

164 823 68 22 ehuru
247 823 70 20 denna
331 823 134 26 proposition
479 823 46 21 icke
540 823 62 21 torde
617 823 64 21 hafva
691 823 115 28 undergått
818 825 41 20 den
870 824 45 21 för-

164 856 121 22 beredande
299 856 167 28 handläggning,
482 856 86 22 hvartill
583 858 26 19 42
625 858 12 26 &
651 857 8 20 i
676 858 54 20 1772
746 857 34 22 års
795 859 121 27 regerings-

164 891 57 21 form
234 890 129 26 föranleder,
378 890 65 22 likväl
453 890 109 22 vördsamt
573 890 107 28 tillstyrka
690 892 130 27 antagandet
832 892 24 22 af
864 891 52 23 ifrå-

165 924 122 28 gavarande
304 924 81 28 förslag
403 924 49 22 med
471 924 26 22 de
515 925 24 21 af
554 925 103 21 utskottet
676 925 46 21 deri
739 926 121 28 föreslagne
878 928 38 20 än-

166 958 93 29 dringar,
279 966 76 20 genom
371 959 73 21 hvilka
461 959 155 27 författningen
630 960 8 20 i
652 961 73 19 ämnet
739 960 83 22 komme
837 962 32 20 att
884 968 32 14 er-

166 992 58 23 hålla
238 993 94 27 följande
346 993 89 28 lydelse:

256 1078 161 33 Förordning,
436 1077 123 35 angående
576 1079 178 33 tryckfriheten
771 1080 9 25 i
797 1080 102 26 Finland

311 1121 44 25 och
373 1128 35 19 om
425 1122 111 26 vilkoren
554 1122 38 25 för
610 1122 54 26 dess
681 1122 163 32 begagnande.

404 1180 22 20 1,
439 1180 32 20 2,
484 1181 33 20 3,
530 1181 25 16 4
566 1181 58 16 och
636 1181 23 17 5
672 1181 73 22 kap.

498 1214 155 21 Oförändrade.

521 1269 24 16 6
557 1268 72 21 kap.

545 1304 12 27 8
573 1304 33 20 30.

504 1343 141 22 Oförändrad.

545 1399 11 27 8
573 1399 33 20 31.

422 1439 67 19 1—10
505 1445 62 14 mom.
583 1438 149 21 oförändrade.
