1020 1664
188 138 32 16 760
386 135 72 23 Nådiga
469 137 136 20 Propositionen
617 136 35 17 N:o
665 137 26 15 15.

204 240 74 29 blifvit
291 240 37 21 vid
342 240 68 28 något
425 238 128 22 embetsverk
569 239 13 21 å
593 240 79 27 stämp-

206 275 46 21 ladt
262 282 86 21 papper
359 274 96 29 skrifven
466 274 53 21 eller
531 274 85 21 dermed
621 274 53 28 för-

206 309 56 26 sedd,
279 309 99 28 behöfver
392 308 52 26 icke,
457 316 33 13 om
501 308 41 22 den
553 308 121 22 sedermera

206 344 37 21 hos
252 352 71 13 annan
329 343 124 29 myndighet
455 344 91 28 företes,
553 343 47 21 med
606 343 67 29 högre

206 378 64 22 karta
278 378 81 30 förses.

177 413 45 22 2:0.
251 413 148 29 Handlingar,
419 420 44 14 som
482 414 25 29 af
520 412 155 22 embetsverken

205 449 108 29 utfärdas,
322 448 94 28 skrifvas
422 448 30 28 på
460 448 171 29 stämpelpapper
640 448 35 21 till

200 483 102 30 följande
317 483 80 21 värde:

206 519 23 27 a)
248 517 122 29 Stämning,
386 518 55 25 dom,
456 518 78 28 utslag,
550 517 124 26 resolution,

231 552 211 28 protokollsutdrag,
465 559 58 21 syne-
541 551 39 22 och
598 551 77 29 besigt-

234 587 194 27 ningsinstrument
443 589 55 18 samt
513 593 71 14 annan
600 586 25 28 af
638 586 38 20 nä-

236 628 43 21 gon
297 621 107 25 anmälan,
425 620 120 29 ansökning
560 621 52 20 eller
624 621 52 28 för-

236 655 101 28 rättning
350 655 121 28 föranledd
486 655 129 28 expedition,
629 655 47 20 med

235 689 111 28 undantag
366 689 25 28 af
407 689 53 26 dem,
480 688 73 22 hvilka
572 689 105 21 särskildt

236 725 124 20 omnämnas
374 725 10 19 i
398 724 26 27 $$
439 723 12 21 5
467 723 38 21 och
516 723 24 21 I
559 739 117 5 .....
709 721 12 19 21
750 720 159 20 11—180/60140

207 758 24 28 b)
252 757 87 30 Utdrag
358 758 39 21 och
416 757 90 30 afskrift
520 761 51 18 utur
586 757 90 22 dombok

237 793 39 20 och
293 793 38 20 akt
344 794 10 19 i
368 793 69 20 redan
453 793 98 28 afgjordt
564 793 52 26 mål,
631 793 46 21 dia-

236 827 90 21 riibevis
340 831 55 17 samt
406 827 90 29 afskrift
508 828 39 21 och
559 827 55 22 bevis
628 828 49 29 från

237 861 117 21 arkiverna
711 857 199 20 1/—150.40/80/20]

238 896 138 28 Expedition,
389 903 45 15 som
444 898 10 20 i
462 897 215 29 öfverensstämmelse

210 931 90 21 härmed
313 931 112 29 utfärdats
436 932 13 20 å
461 932 118 28 stämpladt
585 938 92 21 papper,

210 967 27 19 är
252 967 21 27 ej
286 966 73 28 någon
372 967 128 27 ytterligare
516 966 113 28 kartering
640 974 38 12 un-

210 1000 117 22 derkastad
345 1001 29 21 då
392 1001 40 21 den
447 1000 37 22 hos
500 1000 66 29 högre
581 1000 97 29 myndig-

211 1035 34 21 het
258 1036 112 20 inlemnas.

238 1092 186 28 Anmärkning
439 1092 17 20 1.
489 1092 39 21 Uti
543 1092 24 22 de
577 1092 132 29 fastställda
724 1092 192 28 stämpelpappers-

172 1126 116 28 afgifterne
301 1127 43 28 för
362 1127 88 27 inlagor
468 1127 48 21 med
535 1127 131 21 tillhörande
685 1126 133 28 handlingar
833 1127 39 21 och
887 1126 31 22 bi-

172 1161 69 27 lagor,
261 1168 44 13 som
324 1161 35 21 till
378 1160 155 22 embetsverken
550 1161 102 28 ingifvas,
668 1164 55 18 samt
738 1162 36 20 till
789 1161 24 21 de
829 1161 42 21 här
887 1161 31 29 of-

172 1202 42 14 van
228 1195 95 21 nämnda
338 1195 151 27 expeditioner,
506 1202 44 14 som
559 1196 57 27 från
631 1195 47 21 dem
688 1195 109 28 utfärdas,
808 1195 59 28 njute
878 1196 40 20 all-

171 1235 76 21 mogen
262 1228 14 20 å
291 1228 79 26 landet,
384 1228 153 28 gemenskapen
547 1228 37 22 vid
595 1229 119 25 militären,
725 1228 143 21 vaktknektar
880 1228 38 22 och

171 1262 94 21 vårdare
284 1262 36 21 vid
340 1261 94 21 kronans
453 1262 84 27 häkten,
557 1262 109 28 spinnhus,
682 1262 81 22 arbets-
777 1262 39 22 och
831 1262 88 22 korrek-

173 1298 217 27 tionsinrättningar,
409 1296 81 22 dårhus
509 1300 55 18 samt
579 1298 111 20 allmänna
705 1297 57 30 sjuk-
777 1297 38 21 och
831 1297 86 28 kurhus,

173 1332 152 26 brandvakter,
337 1333 69 27 polis-
418 1332 38 21 och
467 1332 156 29 stadsbetjente,
636 1332 282 29 handtverkslärodrengar,

172 1367 80 26 bruks-,
266 1366 98 29 fabriks-
380 1367 39 20 och
433 1367 245 28 manufakturarbetare,
694 1368 75 25 lotsar,
784 1371 106 18 matroser
906 1369 13 20 å

174 1401 164 30 kofferdifartyg
354 1405 55 17 samt
424 1401 104 22 enskildes
544 1401 133 29 tjenstehjon,
694 1402 108 29 äfvensom
817 1403 45 20 alla
877 1402 41 21 här

172 1436 140 28 uppräknade
323 1442 116 21 personers
455 1435 89 22 hustrur
560 1436 38 21 och
609 1435 65 22 enkor
687 1436 98 28 lindring
796 1437 9 20 i
816 1437 24 20 så
851 1437 67 20 måtto

174 1474 32 17 att
218 1470 42 29 för
279 1470 47 21 dem
344 1469 107 29 begagnas
471 1470 172 29 stämpelpapper
659 1471 74 20 endast
749 1471 35 20 till
799 1470 83 29 hälften
896 1471 25 29 af
