1020 1659
331 88 71 24 Nädiga
414 90 137 21 Propositionen
563 90 35 17 N:o
611 91 27 17 15.
804 90 32 17 717

105 152 76 26 fästas,
198 152 111 23 äfvensom
327 151 31 29 pä
375 152 26 22 de
419 152 90 28 tillagda
525 154 115 21 kartornäs
653 152 106 28 stämplar
772 153 87 22 korteli-

103 182 42 38 gen
155 186 171 29 'antecknas:till
340 187 86 22 hvilken
439 188 104 28 handling
558 188 25 22 de
598 188 60 26 höra,
671 188 40 21 och
722 187 36 22 mä
772 188 88 22 domare

106 221 41 21 och:
165 221 69 21 andra
251 221 159 22 vederbörande
428 222 34 21 för
480 223 38 21 sitt
535 222 77 22 besvär
631 222 50 21 med
702 222 159 28 beläggningen

107 256 55 21 ochi
169 256 120 27 ersättning
295 256 35 21 för
337 256 113 21 kartornas
461 256 134 22 vidfästande
606 256 99 27 uppbära
717 256 61 27 tjugu
788 256 72 27 penni.

174 289 113 28 Begagnas
306 289 170 27 stämpelmärke,
495 290 40 21 bör
554 290 117 21 detsamma
688 290 70 21 finnas
776 289 86 22 häftadt

106 322 80 22 öfverst
201 321 13 22 &
229 323 99 21 skriftens
344 323 68 21 första
430 324 47 21 sida
495 325 46 25 och,
559 324 70 21 derest
643 323 52 22 flere
709 323 69 22 skilda
793 325 65 20 stäm-

105 357 124 27 pelmärken
248 357 116 27 användas,
382 358 73 21 vidare
473 358 74 21 utmed
564 357 95 22 bredden
682 358 25 21 af
723 357 89 22 skriften
830 356 30 29 pä

105 389 79 24 sädant
201 393 43 20 sätt
263 394 31 19 att
313 392 26 21 de
354 391 19 29 ej
392 392 73 22 kunna
478 391 49 23 frän
541 392 156 28 afhandlingen
711 392 80 28 skiljas,
806 393 54 20 utan

106 427 33 20 att:
163 426 173 27 värdestämpeln
360 426 124 29 derigenom
506 427 83 21 skadas.
623 420 19 28 Ä
664 427 196 25 konnässementer,

105 460 74 22 vexlar
194 461 41 21 och
250 461 68 22 andra
332 461 128 28 handlingar
475 461 24 22 af
510 461 84 22 mindre
608 460 87 29 omfäng
709 460 36 22 mä
759 459 101 28 stämpel-

105 495 85 21 märket
201 495 80 28 jemväl
295 494 29 29 pä
338 494 110 23 frånsidan
466 495 122 28 anbringas.
618 496 47 21 Och
684 495 55 22 skall
757 495 103 28 derjemte

106 529 63 21 hvart
184 529 40 22 och
239 531 30 20 ett
284 529 24 22 af
321 529 26 22 de
364 529 126 28 begagnade
508 529 193 28 stämpelmärkena
715 537 53 14 vara
783 536 77 21 genom

106 563 129 28 sakegarens
250 564 84 28 försorg
349 565 135 21 annulleradt
503 564 89 22 sålunda
611 567 32 19 att
658 563 13 22 å
687 565 117 21 detsamma
818 565 42 21 fin-

106 605 38 15 nes
162 605 27 14 en
207 598 49 21 med
274 599 64 20 bläck
356 599 92 22 skrifven
466 599 49 21 kort
533 599 127 27 anteckning
675 598 23 22 af
712 599 36 20 det
764 597 95 22 innehåll

106 634 33 19 att
157 632 62 21 deraf
235 632 43 21 kan
296 632 94 28 tydligen
408 633 41 21 och
470 632 107 22 bestämdt
597 632 101 27 urskiljas
720 632 33 21 till
774 632 85 21 hvilken

106 666 63 22 skrift
187 666 52 21 eller
256 666 103 29 handling
380 667 175 27 stämpelmärket
575 667 70 21 hörer.
679 660 109 27 Åstundar
810 667 48 20 sak-

106 707 79 21 egaren
200 702 32 19 att
247 701 202 26 stämpelmärkenas
464 701 139 22 vidhäftande
614 701 40 21 och
665 700 129 28 påteckning
804 700 55 22 skall

105 734 97 28 besörjas
217 734 24 21 af
255 734 101 22 domaren
371 735 51 22 eller
437 735 40 22 den
492 735 133 28 tjensteman,
641 742 46 15 som
702 735 157 28 handlingarne

106 765 125 37 emottager,
246 765 54 37 vare
318 769 84 29 skyldig
420 771 31 20 att
468 769 34 22 till
521 770 67 22 denne
605 770 8 21 i
632 770 118 28 ersättning
771 769 88 22 härföre

106 803 88 28 erlägga
208 803 7 21 i
230 805 31 20 ett
275 803 33 22 för
323 804 40 21 allt
376 804 62 28 tjugu
452 804 71 27 penni.

174 838 73 21 Skulle
262 839 58 28 dylik
335 838 125 28 afhandling
479 839 51 21 eller
545 839 67 26 skrift,
632 837 29 22 dä
679 838 40 21 den
738 839 122 21 sedermera

106 871 54 30 ånyo
175 873 36 21 vid
226 873 92 22 domstol
336 873 52 22 eller
405 873 124 28 myndighet
546 873 85 26 företes,
650 872 65 22 likväl
732 873 68 22 sakna
818 873 42 21 den

106 907 110 27 kartering
241 907 102 22 hvarmed
368 907 40 22 den
433 907 70 22 blifvit
528 907 96 26 försedd,
648 907 54 21 skall
723 907 63 22 karta
808 907 52 21 eller

107 941 165 27 stämpelmärke
290 942 33 21 till
341 941 101 28 stadgadt
456 942 77 27 belopp
549 941 110 22 anskaffas
674 942 40 21 och
728 941 132 28 handlingen

107 975 114 26 vidhäftas,
235 976 66 21 innan
316 976 70 21 denna
400 975 34 22 fär
449 978 124 26 emottagas.

453 1037 11 28 8
481 1038 32 20 12.

174 1079 42 22 Om
234 1079 95 22 enskilde
350 1085 108 22 personer,
477 1087 46 14 som
540 1079 33 28 sig
594 1079 91 22 emellan
707 1079 60 22 slutit
788 1077 71 30 nägon

106 1114 218 26 Ofverenskommelse,
340 1115 7 20 i
366 1114 71 21 stället
455 1116 33 19 att
506 1114 72 21 derom
596 1115 105 26 upprätta
718 1113 92 28 skriftlig
827 1113 33 22 af-

106 1148 110 28 handling,
231 1149 51 27 vilja
295 1147 46 22 låta
359 1149 38 21 sitt
414 1149 53 21 aftal
485 1149 4 20 i
504 1148 102 22 domstols
624 1148 108 29 protokoll
747 1148 111 26 anteckna,

106 1189 51 15 vare
172 1182 77 22 sådant
265 1183 47 21 dem
326 1183 48 21 icke
387 1183 127 25 förmenadt,
531 1183 38 20 der
584 1182 36 21 det
638 1182 63 28 eljest
715 1182 93 27 lagligen
823 1182 37 22 ske

107 1217 49 21 kan.
185 1217 11 21 I
211 1217 68 28 dylikt
296 1217 38 21 fall
349 1217 88 21 skrifves
452 1217 130 27 protokollet
596 1215 14 23 å
626 1217 41 20 den
681 1217 34 20 för
725 1216 135 25 domstolens

107 1251 147 28 expeditioner
273 1251 111 22 bestämda
400 1252 72 25 karta;
491 1259 49 13 men
559 1258 34 15 om
612 1253 30 20 ett
660 1250 78 22 sådant
752 1251 108 26 protokoll

107 1286 122 21 sedermera
246 1285 8 21 i
272 1285 100 21 afseende
392 1285 13 21 å
422 1286 114 25 utsökning
554 1293 28 13 m.
597 1293 27 13 m.
640 1285 57 20 inför
714 1284 71 27 någon
800 1292 60 20 myn-

108 1319 73 28 dighet
195 1321 84 25 upptes,
294 1319 97 21 karteras
406 1319 117 21 detsamma
538 1317 70 23 såsom
622 1319 7 20 i
644 1319 11 27 $
673 1320 12 19 6
700 1318 94 27 stadgas.

452 1379 12 27 s
481 1379 32 20 13.

177 1421 169 23 Föreskrifterne
359 1422 8 20 i
382 1422 70 21 denna
465 1421 126 28 förordning
604 1422 65 21 verka
684 1421 19 28 ej
719 1420 29 28 på
762 1421 98 28 giltighe-
