1017 1661
324 120 69 23 Nådiga
405 121 137 22 Propositionen
554 122 34 17 N:o
602 122 26 17 15.
793 123 33 16 739

167 183 163 28 Lysningssedel
344 181 34 24 till
392 184 117 27 äktenskap
524 185 90 21 skrifves
628 183 29 29 på
667 184 117 28 stämpladt
794 191 53 20 pap-

98 225 37 20 per
148 218 58 21 eller
215 218 75 28 förses
304 218 48 21 med
367 219 175 27 stämpelmärke;
558 226 19 14 0.
592 226 17 14 s.
624 226 19 13 v.

168 251 24 21 P.
208 253 42 19 707
265 251 8 21 i
288 251 41 22 den
344 251 79 28 nädiga
433 253 167 26 propositionen,
611 253 68 20 under
689 252 102 21 rubriken
802 250 47 23 Na-

100 285 202 29 turalisationsbref
314 285 38 21 och
369 286 229 21 tillständsresolution
612 286 60 21 heter
687 286 44 21 det:

99 320 54 26 »3:0)
168 319 35 21 för
217 319 118 27 utlänning,
350 326 46 14 som
410 320 74 20 vinner
498 320 185 27 medborgarerätt
696 320 8 20 i
718 318 101 22 Finland:

142 353 34 21 för
191 352 159 28 ständsperson,
365 353 122 22 handlande
502 354 39 21 och
557 354 108 21 fabrikant
690 370 6 4 .
719 352 9 22 .
744 354 28 20 40
786 353 63 21 mark

141 388 35 21 för
190 388 162 26 handtverkare,
367 388 99 21 arbetare
481 388 39 21 och
532 388 62 21 deras
605 388 120 21 vederlikar
744 389 26 19 10
808 396 11 11 =»

100 423 44 27 4:0)
160 422 34 21 för
208 422 50 27 rysk
272 422 103 27 inföding,
391 429 45 14 som
450 423 74 21 vinner
538 423 55 20 finsk
607 423 195 27 medborgarerätt:

143 457 34 21 för
192 455 159 29 ständsperson,
366 457 122 22 handlande
502 457 40 22 och
558 457 108 21 fabrikant
692 473 4 4 .
720 473 6 4 .
746 458 26 19 10
788 457 61 21 mark

143 491 34 21 för
191 491 74 27 hvarje
280 498 71 14 annan
376 507 6 5 .
406 507 4 4 .
438 507 30 4 ..
491 507 232 6 okse.
758 492 12 20 2
808 499 12 12 »

168 525 64 22 Detta
250 526 40 20 har
304 525 104 21 utskottet
422 527 70 20 ansett
506 526 72 21 kunna
592 525 115 28 lämpligen
722 525 78 22 ändras
816 524 33 23 sä-

100 559 76 22 lunda:

170 592 48 29 3:0)
228 594 42 28 för
285 594 107 21 vinnande
408 594 26 26 af
445 594 190 28 medborgarerätt
648 594 10 20 i
672 593 110 21 Finland:

197 628 41 28 för
254 628 159 28 ständsperson,
430 628 120 22 handlande
566 628 39 21 och
614 628 118 29 fabrikant
746 626 30 22 40
786 627 64 21 mark

197 662 43 28 för
256 662 74 28 hvarje
346 669 72 14 annan
445 678 32 5 <.
500 678 232 6 n.
751 660 28 23 10
810 670 10 12 »

99 696 90 22 hvarvid
202 698 117 20 momentet
334 697 42 27 4:0)
392 697 83 21 komme
490 699 32 19 att
536 696 70 22 såsom
621 696 134 28 öfverflödigt
769 695 58 29 utgå.

168 730 38 22 Uti
224 730 40 22 den
282 730 68 22 under
370 732 12 26 &
401 732 13 20 6
433 730 173 23 förekommande
624 730 66 24 tabell
708 731 59 21 öfver
784 732 65 20 stäm-

100 764 142 29 pelbeloppen
257 764 34 22 för
305 764 153 28 afhandlingar
472 765 78 21 mellan
566 765 96 21 enskilda
675 772 103 20 personer
792 764 58 22 stad-

102 806 38 21 gas
155 799 66 21 bland
236 800 75 20 annat:

101 833 130 26 »Certeparti
246 833 52 20 eller
313 832 101 21 fraktslut
428 839 35 14 om
477 833 71 28 fartyg
562 833 34 21 för
612 840 26 14 en
652 833 67 21 frakt-

144 873 84 14 summa
242 866 25 21 af
279 866 33 21 till
327 867 39 20 och
382 867 47 20 med
447 868 39 19 100
498 867 61 20 mark.
600 883 4 4 .
628 883 5 4 .
656 882 61 6 ...
737 867 27 20 20
779 867 70 26 penni.

144 899 122 23 derutöfver
280 900 57 21 ända
347 900 33 21 till
394 901 60 25 1,000
466 901 61 21 mark
533 901 38 28 för
581 900 74 28 hvarje
666 901 54 21 hun-

145 934 70 22 dratal
230 934 61 21 mark
305 934 87 22 hvartill
406 934 154 22 fraktsumman
575 934 85 28 uppgår
685 950 5 6 .
714 951 5 5 .
739 936 27 20 20
803 944 11 11 »

143 968 84 22 utöfver
244 968 140 22 fraktsumma
402 968 25 21 af
444 970 60 24 1,000
523 969 61 21 mark
599 969 33 21 för
646 969 74 28 hvarje

147 1004 40 20 100
213 1003 51 21 mark
285 999 9 35 >;
317 1019 34 5 cs
374 1018 147 6 s.
544 1018 5 6 a
572 1004 242 20 sew
656 1000 9 34 0
676 1000 23 34 is
715 1000 10 34 €
741 1000 32 34 80
795 1000 22 34 M

170 1036 137 22 Beträffande
326 1036 62 22 dessa
406 1037 168 27 stämpelbelopp
592 1037 41 22 har
650 1037 114 21 utskottets
778 1037 72 27 plura-

101 1071 48 21 litet
167 1072 69 20 ansett
253 1071 126 27 lämpligare
397 1071 40 21 och
456 1071 48 21 med
521 1072 44 20 rätt
580 1071 40 21 och
634 1071 98 27 billighet
745 1078 60 14 mera
820 1071 30 22 öf-

101 1105 215 26 verensstämmande,
328 1112 35 14 om
374 1107 116 25 procenten
501 1106 46 20 icke
558 1105 94 27 förhöjes
662 1105 35 21 för
708 1106 66 27 högre
785 1106 67 21 frakt-

101 1146 102 19 summor,
225 1141 52 19 utan
297 1139 59 28 jemn
377 1139 207 28 procentberäkning
602 1139 34 21 för
654 1139 43 22 alla
716 1139 135 28 fraktbelopp

102 1181 52 20 eger
174 1180 56 19 rum;
252 1173 100 22 hvarföre
370 1173 103 22 utskottet
489 1173 57 22 velat
562 1173 65 22 hafva
645 1173 69 22 denna
732 1174 68 27 punkt
818 1173 34 22 sä-

103 1207 67 22 lunda
184 1207 92 22 ändrad:

230 1240 124 30 Certeparti
367 1243 53 20 eller
428 1242 110 29 fraktslut
549 1249 33 14 om
587 1242 87 29 fartyg,
680 1242 42 29 för

269 1276 74 28 hvarje
358 1275 44 22 100
416 1276 63 21 mark
494 1277 26 26 af
525 1276 164 28 fraktsumman
714 1292 5 5 .
738 1275 32 22 20
776 1277 76 26 penni.

172 1310 42 20 För
228 1310 12 27 &
257 1311 32 24 11,
304 1309 69 27 tredje
387 1309 89 27 stycket,
492 1309 37 22 der
544 1309 36 21 det
594 1309 69 22 heter:

174 1343 122 27 yBegagnas
318 1343 164 27 stämpelmärke
514 1356 14 3 —
552 1355 22 3 —
595 1355 25 4 —
639 1355 24 4 —
683 1356 28 3 —
730 1343 124 28 derigenom

103 1377 85 23 skadas.
212 1371 18 27 Ä
245 1377 187 21 konnässementer
461 1390 13 2 —
498 1390 18 3 —
539 1389 20 3 —
580 1389 21 3 —
621 1389 22 3 —
645 1393 2 2 .
654 1376 29 28 pä
694 1376 110 23 frånsidan
816 1384 37 15 an-

104 1413 106 27 bringas,!
229 1424 27 4 —
274 1412 40 21 har
332 1411 104 22 utskottet
454 1413 70 20 ansett
538 1411 131 28 tydligheten
684 1411 88 28 påkalla
786 1411 68 23 sådan

105 1446 248 28 redaktionsförändring
364 1447 40 20 :att
421 1446 91 21 berörde
526 1446 109 22 föreskrift
649 1447 83 22 komme
746 1449 33 20 att
793 1447 60 28 lyda:

762 1488 22 15 47
