1017 1670
188 109 32 16 684

390 108 72 23 Nådiga
472 109 138 21 Propositionen
622 108 34 17 N:o
670 109 26 16 14.

229 172 77 28 pleant
324 173 10 19 i
349 171 165 29 fränvarandes
532 172 63 20 ställe
618 171 76 20 dervid
717 169 199 26 tillstädeskomma,

234 205 98 29 Uppstär
350 205 150 28 skiljaktighet
521 206 10 20 i
554 205 120 27 meningar,
696 205 72 27 gäller
784 205 42 28 för
848 204 68 21 beslut

234 240 56 22 hvad
308 239 24 22 de
351 239 65 29 flesta
435 241 59 27 säga,
516 246 48 14 men
585 239 38 21 vid
645 238 45 21 lika
712 239 61 20 antal
794 239 72 20 röster
883 238 34 28 pä

235 275 108 20 hvardera
362 274 62 21 sidan
443 273 41 22 har
502 273 149 29 ordföranden
668 273 137 28 utslagsröst.
836 272 82 21 Proto-

233 309 66 21 kollet
308 309 63 28 föres
387 309 25 28 af
421 315 25 14 en
458 307 146 27 Sekreterare,
618 307 85 21 hvilken
714 307 202 29 Bankfullmäktige

232 351 40 21 ega
286 347 52 22 utse,
358 342 38 21 och
414 343 146 28 expeditioner
578 341 164 30 underskrifvas
762 342 26 28 af
803 341 54 27 dem,
872 349 46 13 som

232 379 11 20 i
264 377 74 22 sakens
357 377 108 29 pröfning
488 377 102 28 deltagit,
613 380 55 17 samt
690 376 179 29 kontrasigneras
893 375 27 30 af

236 411 162 22 Sekreteraren.

290 455 23 29 g)
333 454 196 29 Bankfullmäktig,
552 461 44 14 som
617 454 67 20 vistas
706 454 10 20 i
738 453 81 26 staden,
836 452 44 30 får
898 453 20 29 ej

228 490 59 29 från
309 489 159 21 sammanträde
490 488 114 29 uteblifva,
628 491 53 17 utan
704 491 32 17 att
763 488 74 28 hvarje
860 488 58 28 gång

234 523 107 22 särskildt
359 523 65 29 hafva
443 524 50 28 laga
510 523 83 29 förfall
612 523 88 20 anmält.
739 521 44 22 Vill
803 521 115 29 Bankfull-

234 558 85 28 mäktig
342 564 48 15 resa
406 558 58 28 från
487 558 81 26 staden,
589 556 39 22 bör
652 557 42 21 han
716 557 74 21 derom
812 556 37 21 hos
868 556 50 21 ord-

229 593 114 29 föranden
365 593 87 21 anmäla
474 592 39 21 och
534 592 48 21 med
604 592 90 28 behörig
716 592 113 27 suppleant
848 591 71 29 träffa

235 627 69 22 sådan
320 626 214 30 öfverenskommelse,
551 630 32 18 att
598 626 177 21 sammanträden
786 626 46 20 icke
844 633 75 21 genom

236 662 52 21 hans
301 662 118 28 frånvaro,
434 666 54 16 utan
502 661 136 29 inträffande
654 661 25 29 af
692 661 71 21 andra
778 660 140 29 oförutsedda

236 696 190 28 omständigheter,
436 696 141 28 förhindras.

292 740 24 27 h)
331 738 201 30 Bankfullmäktige
548 738 61 21 skola
623 746 55 13 vara
694 738 90 21 beredde
795 738 33 29 på
839 738 80 21 sådane

238 774 112 26 anstalter,
370 773 140 28 hvarigenom
529 772 93 22 bankens
640 772 141 22 redbarheter
800 772 38 22 och
857 780 63 22 ange-

237 810 67 27 lägna
322 808 139 28 handlingar,
481 815 33 13 om
532 808 78 28 nödigt
628 808 34 25 är,
681 807 71 21 kunna
770 810 52 18 utan
842 807 78 21 tidsut-

237 843 69 28 drägt
314 842 114 29 förjlyttas
444 843 35 20 till
494 849 72 13 annan
581 841 63 21 säker
657 845 35 17 ort
702 842 59 20 inom
774 841 78 27 landet,
865 842 55 21 hvil-

236 877 40 21 ken
291 877 25 29 af
330 875 102 22 Senatens
452 875 287 30 Ekonomie-Departement,
754 877 33 28 pä
805 875 115 30 Bankfull-

236 911 107 29 mäktiges
352 911 98 29 förslag,
466 911 130 21 bestämmes.

293 955 16 28 i)
325 953 200 30 Bankfullmäktige
545 954 53 21 böra
618 955 36 20 till
672 953 136 22 Ständernas
822 954 98 21 Bankut-

238 989 57 22 skott
312 989 38 21 vid
369 989 73 28 hvarje
462 989 115 28 landtdags
596 988 78 29 början
692 989 39 21 och
750 989 36 21 till
800 988 121 22 Bankrevi-

237 1031 87 14 sorerne
346 1024 42 20 när
410 1023 25 21 de
458 1023 171 26 sammanträda,
654 1023 130 29 öfverlemna
807 1023 113 22 berättelse

238 1065 34 14 om
287 1057 93 22 bankens
396 1057 106 26 tillstånd,
518 1058 82 20 rörelse
616 1058 38 20 och
666 1058 142 28 förvaltning
824 1061 56 18 samt
894 1058 26 21 de

238 1092 37 21 hos
289 1091 201 30 Bankfullmäktige
503 1092 118 28 förehafde
640 1092 168 29 hufvudsakliga
827 1093 93 20 ärender

236 1127 69 21 under
320 1127 42 20 den
380 1126 54 29 efter
452 1126 96 21 sednaste
567 1126 105 29 landtdag
691 1127 51 20 eller
761 1127 95 20 revision
870 1127 51 28 för-

233 1161 72 28 Jflutna
320 1161 65 26 tiden,
401 1161 65 28 jemte
485 1161 82 20 allmän
586 1161 105 28 öfversigt
710 1161 25 28 af
752 1161 92 21 bankens
860 1161 61 21 ställ-

238 1197 53 26 ning
309 1195 37 21 vid
366 1195 140 27 landtdagens
526 1195 78 28 början
622 1195 52 20 eller
694 1195 35 21 det
747 1195 172 28 ifrägavarande

239 1229 165 20 revisionsärets
419 1228 49 21 slut.

294 1270 23 28 k)
337 1269 190 29 Bankfullmäktig
550 1271 27 19 är
600 1270 20 28 ej
635 1270 101 28 förment
758 1274 33 17 att
813 1274 108 26 emottaga

239 1305 39 21 och
292 1304 116 29 innehafva
424 1304 111 21 ordinarie
551 1304 65 28 tjenst
630 1305 52 21 eller
698 1304 174 23 extraordinarie
888 1306 33 21 be-

233 1340 109 29 fattning,
359 1339 71 21 sävidt
445 1338 53 22 hans
514 1338 144 30 skyldigheter
672 1341 10 19 i
690 1340 155 28 förstnämnde
861 1348 61 21 egen-

240 1374 53 29 skap
311 1374 46 21 icke
376 1374 122 28 derigenom
517 1374 142 26 äsidosättas;
677 1374 53 22 dock
749 1376 36 20 mä
806 1375 116 29 Bankfull-

239 1408 84 29 mäktig
342 1408 45 22 icke
407 1408 73 21 tillika
498 1416 54 13 vara
572 1408 100 22 direktör
694 1410 52 20 eller
769 1410 126 28 tjensteman
910 1412 10 20 i

238 1442 228 30 Hypotheksjörening
480 1443 52 21 eller
548 1442 83 22 enskild
647 1443 187 30 bankinrättning.
