1014 1670
188 119 36 32 908
391 123 70 23 Nädiga
473 124 136 21 Propositionen
621 123 35 17 N:o
668 125 27 15 20.

482 195 25 16 4
524 195 79 22 Kap.

457 249 32 22 Om
502 249 124 28 boktryekeri.

511 309 11 28 8
539 311 33 20 14.

235 351 139 29 Boktryckeri
389 351 34 22 fär
436 352 91 22 inrättas
542 353 24 21 af
578 352 74 27 hvarje
666 359 85 21 person,
767 359 45 14 som
825 351 93 28 uppnätt

167 385 93 29 tjuguett
278 385 35 23 ärs
332 385 65 28 älder,
416 387 89 22 innehar
523 387 55 22 finsk
595 387 191 28 medborgarerätt,
806 394 50 21 eger
870 386 48 22 fritt

166 420 86 28 förfoga
266 420 58 22 öfver
339 422 32 27 sig
387 422 39 21 och
441 422 38 21 sitt
493 422 58 27 gods,
568 423 55 20 samt
639 422 17 28 ej
669 421 70 22 blifvit
751 421 63 21 dömd
825 421 34 21 för
870 428 48 14 nes-

167 455 40 29 ligt
225 456 69 26 brott;
310 456 54 21 dock
378 456 49 22 med
441 456 139 28 iakttagande
595 456 24 21 af
632 456 26 21 de
672 456 75 26 vilkor,
762 462 46 15 som
823 455 95 22 efterföl-

164 490 67 28 jande
246 490 24 28 88
285 490 8 21 i
308 490 59 22 detta
381 490 81 28 kapitel
475 491 8 21 i
497 490 100 22 afseende
612 490 13 22 &
640 489 68 23 sädan
722 490 129 28 inrättnings
866 490 52 21 drif-

168 524 70 22 vande
252 524 114 22 innehälla.

513 568 11 28 8
541 569 32 20 15.

235 611 140 28 Boktryckeri
393 610 36 23 mä
447 611 18 28 ej
485 611 24 22 af
524 611 72 28 nägon
615 611 79 22 drifvas
712 611 140 21 annorstädes
868 610 50 22 än
906 606 16 37 i

167 645 55 22 stad.
251 646 66 26 Hvar,
340 653 46 14 som
407 647 98 20 häremot
527 646 80 28 bryter,
629 646 49 21 böte
697 647 83 20 ettusen
797 645 62 22 mark
877 645 40 21 och

166 680 63 22 hafve
244 680 108 22 förverkat
365 681 212 28 tryckeriredskapen
591 680 68 22 under
673 681 95 21 Kronan.

511 736 12 27 8
540 737 33 19 16.

235 777 60 22 Hvar
313 777 41 22 och
373 784 33 19 en,
425 785 46 14 som
484 777 37 22 vill
535 778 92 27 anlägga
641 779 47 26 nytt
702 777 95 28 tryckeri
811 777 52 22 eller
878 777 40 22 ock

167 818 77 21 genom
259 811 36 22 arf
307 812 52 21 eller
375 814 66 19 annat
455 812 50 27 laga
519 811 51 29 fäng
585 812 69 21 blifvit
665 819 63 20 egare
740 811 24 22 af
773 810 77 23 sädant
859 812 58 26 verk,

166 852 52 15 vare
232 845 89 29 skyldig,
336 845 47 21 ifall
397 846 43 20 han
455 846 78 21 önskar
547 846 99 28 begagna
660 846 124 25 detsamma,
800 847 32 19 att
844 846 75 20 derom

167 881 54 27 göra
238 880 101 21 anmälan
354 880 39 21 hos
409 875 166 33 Öfverstyrelsen
592 880 33 21 för
639 880 181 27 pressärenderna
834 880 40 21 och
890 878 29 23 då

166 914 70 22 tillika
250 914 50 22 med
314 914 139 28 fullständiga
467 915 58 21 bevis
540 914 77 22 utreda
633 916 32 20 att
679 915 43 21 han
733 914 90 22 innehar
834 914 41 21 den
887 913 31 22 ål-

167 949 39 21 der
220 949 40 21 och
276 949 26 21 de
316 949 137 27 egenskaper,
470 956 44 15 som
529 950 7 20 i
551 950 11 27 8
579 951 26 19 14
620 950 38 20 äro
673 949 34 21 för
721 948 40 22 slik
776 948 94 22 förmåns
886 947 32 23 åt-

166 983 105 28 njutande
284 983 122 27 bestämda;
422 984 107 21 hvarefter
545 980 167 32 Öfverstyrelsen
726 984 40 21 har
781 985 32 20 att
824 983 49 21 med
884 982 34 22 så-

167 1018 43 21 dan
228 1018 101 21 anmälan
347 1017 82 22 förfara
447 1018 8 21 i
473 1018 67 22 likhet
557 1018 48 22 med
623 1018 56 21 hvad
694 1018 8 20 i
716 1018 12 28 8
745 1019 25 19 13
786 1025 62 14 mom.
865 1019 11 19 3
893 1018 26 20 är

166 1052 102 28 stadgadt
282 1059 36 14 om
333 1047 178 33 Öfverstyrelsens
526 1052 159 28 handläggning
700 1052 24 21 af
736 1052 66 21 skedd
817 1052 101 21 anmälan

166 1094 36 14 om
216 1085 106 22 åstundan
337 1088 33 19 att
383 1086 82 28 utgifva
479 1087 108 27 periodisk
601 1086 69 22 skrift.
693 1086 69 21 Innan
777 1082 140 32 Öfverstyrel-

167 1127 38 15 sen
223 1120 108 22 meddelat
348 1120 97 22 tillstånd
463 1121 32 21 till
513 1121 125 27 tryckeriets
657 1120 111 22 drifvande
786 1119 35 22 må
836 1120 18 28 ej
872 1120 45 22 det-

167 1162 83 14 samma
268 1154 108 28 begagnas
395 1155 35 21 vid
447 1155 38 21 bot
500 1155 24 21 af
537 1155 127 22 femhundra
678 1155 66 21 mark.
774 1154 78 22 Finnes
867 1162 50 20 ega-

166 1196 45 19 ren,
230 1189 66 21 sedan
314 1189 50 21 slikt
382 1188 96 22 tillstånd
497 1189 102 27 erhållits,
617 1190 65 21 hafva
700 1189 91 21 förlorat
808 1188 72 28 någon
895 1189 25 22 af

167 1223 26 21 de
211 1223 34 21 för
263 1223 202 27 tillgodonjutandet
485 1224 61 20 deraf
561 1224 8 20 i
588 1224 11 27 &
620 1225 26 19 14
660 1223 104 27 stadgade
779 1223 138 27 egenskaper,

167 1263 38 20 ege
227 1252 167 32 Öfverstyrelsen
417 1259 56 18 emot
492 1257 154 28 inrättningens
664 1257 74 21 vidare
756 1256 110 22 drifvande
883 1256 35 22 för

166 1291 54 21 hans
235 1291 92 28 räkning
341 1291 98 21 meddela
454 1291 84 22 förbud.

511 1346 12 28 8
540 1348 32 19 17.

235 1389 41 21 Om
290 1389 142 28 boktryckare
447 1388 24 22 af
485 1396 25 14 en
527 1389 51 21 eller
593 1396 71 14 annan
679 1390 63 21 orsak
756 1388 29 28 på
800 1388 70 29 någon
885 1389 32 21 tid

166 1423 88 22 hindras
270 1425 32 19 att
316 1423 50 28 sjelf
379 1423 69 22 drifva
463 1424 36 20 sitt
513 1424 58 27 yrke,
587 1423 35 21 må
637 1423 77 22 sådant
729 1424 37 21 ske
781 1431 76 20 genom
870 1424 47 21 der-

166 1458 33 21 till
217 1459 93 27 antagen
328 1456 154 28 föreståndare,
501 1458 84 22 hvilken
604 1458 90 22 innehar
713 1458 27 22 de
757 1458 7 21 i
786 1458 11 28 &
817 1460 26 19 14
862 1458 56 22 före-
