1017 1664
338 93 71 23 Nådiga
421 94 137 22 Propositionen
569 94 35 16 N:o
619 94 26 16 14.
809 94 32 16 681

238 157 21 28 ec)
275 160 33 18 att
325 158 10 20 i
350 156 97 30 afseende
462 157 14 21 å
494 157 166 28 nedsättningar
679 156 26 29 af
717 156 78 28 sedlar,
812 157 53 21 obli-

180 192 108 28 gationer,
306 195 59 25 mynt
387 192 52 21 eller
459 190 89 29 paketer
568 191 38 21 och
628 194 67 18 annat
717 191 42 21 löst
780 192 52 28 gods
854 192 11 20 i

182 225 101 21 Bankens
295 226 89 28 förvar,
408 226 65 21 sedan
494 226 93 28 stadgad
609 225 66 29 afgift
697 225 76 29 derför
794 226 69 20 under

176 260 48 28 fem
242 260 51 20 eller
307 260 54 28 flere
380 260 27 20 år
425 259 46 22 icke
491 259 72 29 blifvit
581 260 77 28 erlagd
676 259 52 21 eller
743 260 20 28 ej
782 259 81 21 kunnat

182 294 66 28 infås,
265 294 58 28 uppå
338 293 210 22 Bankdirektionens
567 295 109 25 anmälan,
696 294 115 20 bestämma
826 294 38 21 hu-

182 328 79 22 ruvida
282 328 37 21 det
340 328 133 28 deponerade
495 328 56 21 skall
566 328 43 29 för
631 335 88 21 egarens
741 328 96 29 räkning
855 329 10 21 i

181 362 90 22 Banken
290 363 75 28 längre
382 363 109 28 förvaras
509 363 52 21 eller
580 362 85 21 hvilken
687 370 72 14 annan
782 363 82 28 åtgärd

181 398 37 20 mä
232 404 61 14 anses
308 398 92 28 lämplig
415 398 40 20 och
469 397 40 21 bör
523 397 47 21 med
585 397 117 21 detsamma
717 397 111 29 vidtagas;

239 432 23 28 d)
272 434 33 19 att
312 432 32 28 pä
352 431 209 22 Bankdirektionens
566 432 171 29 framställning
748 431 116 22 bestämma

183 467 81 20 räntan
277 466 13 21 å
302 466 37 21 län
349 474 28 13 ur
389 466 82 21 banken
483 467 108 29 äfvensom
601 466 38 21 vid
650 467 134 21 allmännare
796 466 69 22 stock-

182 501 53 28 ning
253 502 10 20 i
281 501 93 21 handeln
393 501 38 21 och
449 502 102 25 rörelsen,
570 501 10 21 i
598 501 96 29 afseende
713 502 15 21 å
750 501 36 22 lån
809 505 55 17 emot

183 535 104 28 hypothek
307 535 25 29 af
343 535 123 28 produkter
486 536 38 21 och
543 535 174 29 tillverkningar,
737 536 79 28 bevilja
830 536 34 21 så-

182 570 58 21 dana
259 570 128 29 eftergifter,
406 577 45 14 som
469 570 24 29 af
506 570 213 28 omständigheterna
738 570 71 21 kunna
822 571 43 27 på-

184 604 68 21 kallas
272 608 55 17 samt
344 604 48 21 med
411 603 99 23 Bankens
529 604 100 22 säkerhet
651 605 38 21 och
701 605 78 29 fördel
790 605 74 27 finnas

176 639 128 28 förenliga;

240 674 19 27 e)
279 677 33 18 att
326 673 33 29 på
378 674 102 21 anmälan
499 675 38 20 och
549 674 90 29 förslag
658 674 25 29 af
695 673 169 22 Bankdirektio-

183 715 41 13 nen
236 708 117 29 fastställa
371 707 96 29 beloppet
489 709 26 28 af
535 708 92 21 bankens
649 708 155 21 diskontränta
826 708 40 20 och

183 743 87 27 längsta
282 742 157 29 förfallotiden
453 743 38 21 vid
505 742 184 29 diskonteringar,
708 741 85 22 hvilken
812 741 53 22 dock

182 776 46 21 icke
241 777 43 28 får
303 777 120 28 öfverstiga
441 777 34 28 sju
489 777 104 21 månader
606 777 41 28 för
663 777 74 21 vealar
753 780 55 18 samt
816 777 49 29 fem

182 811 105 21 månader
295 811 42 28 för
352 811 143 28 anvisningar
510 811 39 21 och
557 811 188 29 förskrifningar.

239 845 19 28 f)
277 849 33 17 att
329 845 116 22 bestämma
463 853 34 14 om
519 846 38 21 och
579 845 86 22 hvilken
679 846 122 27 provision,
820 853 45 14 som

176 881 43 28 för
238 880 93 21 bankens
349 881 74 20 vexlar
443 880 39 21 och
504 881 148 28 anvisningar,
673 879 111 22 betalbara
805 881 59 20 inom

185 914 79 27 landet,
274 915 43 29 får
333 914 117 26 beräknas;

240 949 22 28 g)
286 952 38 24 att,
343 950 32 28 på
397 949 210 21 Bankdirektionens
629 950 103 20 anmälan
751 949 38 21 och
811 950 54 28 efter

184 984 112 22 meddelad
301 984 136 29 fullständig
449 984 116 28 utredning
576 984 84 28 pröfva
674 984 142 28 gäldenärers
832 991 34 14 ac-

184 1018 157 29 kordsförslag,
357 1019 114 27 förordna
497 1019 36 21 till
558 1018 133 29 afskrifning
717 1019 10 20 i
749 1018 116 21 räkenska-

179 1060 72 21 perna
266 1052 25 29 af
305 1053 43 26 lån,
366 1053 111 27 upplupna
495 1054 85 24 räntor,
599 1052 110 22 utbetalda
727 1053 139 27 rättegångs-

184 1086 115 22 kostnader
320 1093 29 14 m.
366 1094 35 19 m.,
421 1094 44 14 som
487 1087 20 29 ej
529 1086 82 22 kunnat
626 1087 58 28 från
705 1086 160 22 vederbörande

182 1122 66 28 utfås,
268 1122 108 28 äfvensom
395 1121 25 28 af
437 1121 82 21 sådana
538 1120 163 30 oundgängliga
718 1121 92 29 utgifter
822 1121 43 28 för

183 1155 96 27 Banken,
299 1156 36 20 till
353 1154 83 22 hvilkas
455 1155 108 29 gäldande
581 1156 73 27 någon
672 1163 72 13 annan
762 1155 45 21 icke
824 1154 42 22 kan

184 1191 96 27 lagligen
289 1190 135 29 förpligtas;
439 1190 38 20 och

240 1225 23 28 b)
279 1228 33 18 att
327 1225 54 28 efter
397 1224 64 29 behof
474 1225 38 21 och
527 1224 183 29 omständigheter
724 1224 97 22 meddela
832 1224 35 21 sä-

183 1259 58 21 dana
248 1258 153 30 föreskrifter,
416 1266 45 14 som
470 1259 42 29 för
528 1258 92 22 bankens
640 1259 100 28 ordning,
759 1258 106 27 säkerhet,

185 1294 88 20 bestånd
289 1294 38 20 och
336 1292 123 29 förkofran
478 1293 71 20 kunna
568 1292 68 29 blifva
653 1294 84 26 nödiga
756 1293 38 20 och
813 1293 53 27 tjen-

186 1328 45 27 liga
246 1331 56 17 samt
320 1325 45 23 icke
385 1327 57 27 angå
454 1327 84 28 frågor
557 1333 34 15 om
606 1326 74 21 hvilka
695 1327 42 20 här
753 1327 113 28 ofvanföre

184 1362 9 21 i
208 1361 22 21 11
241 1361 98 29 punkten
355 1361 97 28 stadgas;
468 1361 37 21 och
518 1361 39 21 bör
569 1359 144 22 Direktionen
723 1361 11 21 i
744 1361 78 22 sådant
834 1361 33 29 af-

185 1396 72 21 seende
272 1399 54 18 utan
345 1395 135 28 tidsutdrägt
497 1395 97 22 meddela
607 1395 141 29 fullmäktige
766 1396 100 21 månads-

179 1431 117 29 förslagen
311 1431 60 29 öfver
387 1429 92 22 bankens
495 1431 105 28 ställning
619 1430 38 21 och
676 1430 101 29 derjemte
795 1431 72 28 draga
