1017 1664
156 122 34 17 976
357 122 71 22 Nådiga
440 123 136 21 Propositionen
588 123 35 16 N:o
635 123 27 15 21.

133 184 102 28 dröjsmål
252 186 77 26 uttaga
346 186 40 20 och
403 185 79 21 honom
499 185 107 26 tillställa,
621 186 56 20 samt
697 184 36 21 till
745 185 85 21 Rätten
850 184 41 21 in-;

132 220 89 20 komma.
235 219 48 21 med
301 219 59 21 bevis
379 218 13 22 &
409 219 57 21 hvad
484 220 45 26 dag
539 219 140 27 vederpärten
695 219 24 21 af
731 219 103 21 besvären
848 218 44 22 del:

132 252 53 22 fäkt..
209 252 129 23 Underlåter
355 254 43 20 han
417 252 126 22 att.-sädant
561 253 58 21 bevis
637 252 81 28 ingifva
733 253 39 21 och
787 253 107 21 kommer:

134 287 19 28 ej
168 287 67 21 heller
249 287 151 28 vederpartens
414 287 118 28 förklaring
550 288 57 21 inom
621 287 91 21 föresatt
726 287 32 21 tid
772 288 31 26 in;
818 287 68 21 varde

132 322 105 22 besvären
252 322 17 28 ej
285 322 75 21 vidare
373 323 117 26 upptagna,
511 322 36 22 der
566 322 18 27 ej
604 322 119 27 klaganden
742 322 58 22 inom
818 321 68 28 sagde

133 356 33 22 tid
182 356 73 22 förfall
272 356 64 26 visar,
353 356 9 21 i
379 356 86 21 hvilken
482 357 101 21 händelse:
597 356 78 22 Rätten
689 357 55 21 sätte
762 364 29 20 ny
805 356 32 21 tid
852 358 34 19 ut.

133 390 80 22 Blifver
227 391 140 27 vederparten
381 391 49 21 med
449 391 37 21 sitt
503 398 49 14 svar
569 393 45 24 ute;
633 391 63 27 lägge
713 390 115 22 Hofrätten
845 390 39 21 ho-

133 432 51 14 nom
200 432 28 21 ny
244 425 41 27 dag
302 424 52 27 före,
370 426 40 21 och
428 426 99 26 kungöre:
541 428 32 19 att
587 426 43 20 han
646 426 18 27 ej
680 425 77 22 vidare:
768 425 56 21 hörd
836 432 48 14 var-

134 460 45 25 der,
195 466 34 15 om
244 460 43 21 han
303 459 41 21 den
358 459 101 22 försitter.
482 460 101 21 Kommer
597 460 44 20 han
656 458 56 22 ändä
727 459 18 27 ej
762 459 48 21 med
824 466 60 19 svar;

134 494 58 27 gifve:
205 494 40 21 den
260 494 95 21 sökande
369 494 84 21 afskrift
467 495 23 20 in
504 495 24 20 af
545 495 47 20 dess
610 494 83 26 besvär,
712 494 42 21 och
770 494 65 21 varde
850 501 33 14 sa-

134 528 45 22 ken
191 527 66 28 derpä
271 528 113 27 företagen
397 529 40 20 och
453 528 53 22 efter
521 529 53 21 dess
583 528 148 22 beskaffenhet
745 528 92 28 afgjord.
861 527 33 20 .::

440 609 49 16 28
500 608 79 22 Kap.

202 654 65 21 Detta
281 653 80 28 kapitel
375 654 77 21 varder
467 653 90 22 sälunda
571 653 101 23 ändradt:

488 709 45 27 18.

202 751 60 21 Hvar
279 757 46 14 som
343 749 54 29 ånyo
417 750 78 28 drager
513 751 42 21 den
573 751 37 21 sak
629 750 34 21 för
681 751 71 26 Rätta,
772 750 44 22 deri
835 751 50 21 dom

134 785 52 22 eller
200 785 71 26 utslag
285 785 45 20 förr
345 786 30 25 är,
391 791 46 14 som
451 785 74 21 vunnit
542 785 49 27 laga
609 785 64 26 kraft,
692 785 51 21 eller
762 785 70 22 tadlar
851 784 42 23 sä-'

135 819 43 21 dan
196 819 49 21 dom
262 818 34 21 för
313 819 78 21 Rätten
409 818 52 21 eller
478 821 69 24 utom;
566 819 49 21 böte
633 819 35 21 för
685 819 129 22 Underrätts
833 819 49 21 dom

134 853 30 21 tio
180 853 68 26 daler;
263 853 34 20 för
312 853 97 21 Hofrätts
425 853 49 20 dom
489 853 116 21 etthundra
619 853 65 21 daler.
714 849 31 25 Är
761 854 35 21 det
810 853 74 28 Kejsa-

134 894 50 15 rens
200 888 57 26 dom;
272 887 67 28 plikte
353 886 50 22 med
417 886 127 22 femhundra
559 887 65 21 daler.

486 948 47 27 28.

204 990 87 28 Oväljes:
308 990 129 21 Underrätts
459 990 49 21 dom
529 990 35 21 för
585 990 78 26 Rätta;
683 990 83 22 dömme
788 991 98 21 deröfver

135 1024 41 22 den
189 1025 57 26 Rätt,
262 1025 38 21 der
315 1025 36 21 det
365 1025 54 21 sker.
449 1024 79 22 Tadlar
546 1031 50 14 man
614 1024 67 22 sädan
697 1025 52 21 dom
760 1028 59 19 utom
832 1026 52 21 Rät-

133 1061 47 23 ten;
200 1060 83 20 dömme
301 1059 97 21 deröfver
416 1058 117 22 Underrätt
551 1059 8 21 i
577 1058 41 22 den
637 1061 39 24 ort,
700 1059 37 21 der
759 1060 71 21 brutet
852 1062 40 19 är.

135 1093 83 27 Oväljes
240 1094 97 21 Hofrätts
360 1093 51 21 eller
433 1093 114 27 Kejsarens
571 1092 58 26 dom,
653 1093 68 22 ehvad
747 1094 36 21 det
804 1096 25 19 är
850 1094 35 21 för

134 1127 71 26 Rätta,
221 1127 50 22 eller
287 1127 72 28 eljest;
373 1127 36 21 det
423 1127 54 21 skall
491 1128 7 20 i
513 1127 88 21 Hofrätt
616 1127 101 22 dömmas.

441 1207 48 15 29
501 1206 79 22 Kap.

204 1253 9 18 1
230 1251 40 21 och
286 1252 12 20 2
314 1251 24 27 $$
350 1250 24 22 af
383 1250 59 22 detta
453 1251 80 27 kapitel
544 1251 61 21 skola
615 1251 64 21 hafva
691 1252 93 28 följande
794 1252 89 29 lydelse:

487 1306 45 29 1.8.

202 1349 97 28 Djerfves
316 1349 71 28 någon
409 1350 120 21 missbruka.
547 1348 122 30 rättegång,
689 1351 40 21 och
748 1353 57 20 emot
822 1352 62 22 klara

134 1384 46 23 skäl
202 1384 40 22 och
263 1384 70 23 bättre
355 1385 50 25 vett,
423 1384 26 23 af
463 1385 81 27 arghet,
565 1385 76 27 drager
664 1384 71 29 någon
756 1385 34 22 för
812 1387 71 27 Rätta,

133 1419 51 22 böte
198 1419 8 20 i
221 1419 117 20 Underrätt
352 1418 56 22 ifrån
422 1419 30 21 tio
467 1419 34 21 till
515 1419 62 28 tjugu
592 1419 65 26 daler,
673 1420 26 21 de
713 1420 86 29 fattiges
810 1423 72 25 ensak,

134 1453 40 21 och
190 1453 62 27 gälde
267 1453 72 21 dertill
353 1452 221 28 rättegångskostnad,
590 1454 75 21 hinder
679 1455 40 20 och
734 1455 72 21 skada.
883 1472 2 2 .
