1020 1667
180 108 34 17 618
379 107 72 23 Nådiga
461 108 137 22 Propositionen
610 108 34 18 N:o
657 109 27 17 13.

203 174 11 6 >
226 170 43 22 För
284 170 64 28 öfrigt
362 171 40 21 har
416 171 39 21 hos
466 170 122 23 Ständerne:
603 170 40 22 ock
657 171 8 21 i
680 171 155 28 öfvervägande
848 172 59 21 kom-

157 204 45 26 mit,
220 204 104 22 hurusom
340 204 99 22 tillvaron
453 205 25 22 af
487 204 54 22 flere
556 204 30 28 pä
600 205 57 22 olika
670 206 57 21 tider
740 206 103 21 utkomna
857 209 49 19 mien

153 238 68 28 jemte
238 238 122 22 hvarandra
378 239 99 27 gällande
494 239 81 28 lagbud
592 240 40 20 och
646 239 154 28 författningar
813 239 94 23 rörandé

155 280 83 14 samma
255 274 62 22 ämne
334 275 26 20 är
378 274 68 27 egnad
465 275 32 20 att
515 272 58 23 såväl
591 274 39 21 hos
648 274 137 28 lagskiparen
803 281 46 15 som
867 274 39 22 hos

155 308 160 22 vederbörande
332 308 102 28 sakegare
451 308 68 23 väcka
536 307 126 23 tvifvelsmål
680 309 40 22 och
734 309 118 22 osäkerhet
870 316 35 14 om

154 342 146 28 lagstiftarens
314 342 96 28 verkliga
424 344 91 27 mening.
538 342 100 28 .Onekligt
652 343 40 21 har
704 343 35 22 det
751 342 84 25 derföre
847 345 59 27 synts

155 376 125 28 Ständerne,
299 379 33 21 att
345 378 141 27 lagstiftaren,
502 377 128 25 åtminstone
643 378 35 21 vid
693 384 27 15 en
734 377 25 22 så
773 378 133 22 omfattande

154 412 41 20 och
209 412 127 27 ingripande
350 412 221 28 lagstiftningsätgärd
586 419 45 14 som
647 412 41 23 den
703 412 24 23 af
740 412 165 23 Ständerne'af-

154 445 73 26 sedda,
250 446 75 22 endast
347 446 121 28 derigenom
486 446 42 23 kan
546 446 135 28 fullständigt
698 447 45 21 lösa
762 447 33 21 sin
813 447 91 28 uppgift,

154 481 33 21 att
204 480 44 22 han
266 479 55 23 låter
340 480 26 22 de
383 481 138 27 stadganden,
540 481 43 21 han
602 481 70 21 funnit
686 481 85 28 nödiga,
786 481 82 22 inledas
884 481 24 21 af

154 514 41 22 den
212 514 113 23 bestämda
342 514 119 28 förklaring
475 517 33 20 att
523 515 26 22 de
563 515 61 21 äldre
637 515 187 28 bestämningarne
838 515 9 21 i
861 517 44 20 äm-

153 550 37 20 net
208 549 145 27 upphört
317 545 42 36 att
369 556 53 15 vara
440 549 105 28 gällande.
574 549 10 21 I
603 549 105 22 anseende
726 549 74 22 härtill
818 550 40 21 och
877 549 28 22 dä

154 582 126 27 Ständerne,
294 583 35 22 vid
344 584 92 22 anställd
448 584 123 27 jemförelse
585 584 90 21 emellan
691 585 12 20 2
715 585 11 27 &
740 586 25 19 17
777 584 55 28 Kap.
843 584 24 21 R.
879 584 25 22 B.

152 617 41 21 och
212 618 14 21 2
244 618 11 27 &
273 617 8 22 i
299 617 156 23 otvannämnda
472 618 77 28 Kongl.
567 618 126 28 förordning
712 618 24 22 af
752 619 41 21 dem
811 620 27 20 28
854 619 51 21 Juni

154 653 57 20 1798
230 651 15 24 &
266 659 40 15 ena
323 654 61 21 samt.
397 653 36 22 det
450 653 8 21 i
477 653 40 22 den
535 652 84 29 Nädiga
636 653 162 28 propositionen
815 653 90 28 intagna

152 686 242 29 författningsförslaget
407 687 30 28 pä
451 688 68 22 andra
533 688 67 26 sidan,
616 687 76 27 funnit,
704 689 33 20 att
748 688 27 22 de
785 687 60 23 förra
855 688 48 23 skä-

152 721 58 27 ligen
224 721 73 23 kunna
311 729 61 15 anses
387 722 126 28 umbärliga,
529 722 53 22 efter
598 722 35 21 det
644 721 164 29 ifrägavarande
820 722 84 25 förord-

151 756 52 27 ning
217 756 59 21 trädt
290 756 7 21 i
311 756 140 26 verksamhet,
466 757 65 22 hafva
541 757 119 21 Ständerne
671 757 34 22 för
716 757 63 22 deras
791 757 33 22 del
833 757 71 22 besku-

151 790 32 26 tit,
199 791 33 21 att
246 790 41 22 den
301 791 107 22 blifvande
422 791 152 28 förordningen
589 791 68 21 skulle
667 791 84 23 inledas
760 792 49 22 med
820 792 37 22 det
867 792 37 21 be-

152 825 148 26 stämmandet,
320 827 32 21 att
367 825 40 22 den
421 825 46 22 icke
481 825 56 22 blott
551 825 79 22 ändrar
645 827 52 20 utan
711 826 120 27 upphäfver
845 827 58 21 stad-

151 859 99 27 gandena
264 859 7 21 i
283 859 27 23 de
319 860 142 21 nästnämnda
471 861 78 20 tvänne
561 861 23 27 8$
596 860 115 27 äfvensom,
723 861 7 20 i
741 861 53 27 följd
805 861 26 22 af
839 861 63 22 Stän-

152 893 78 23 dernas
243 893 8 22 i
266 893 36 24 det
315 893 178 29 nästföregäende
504 895 141 22 omförmälda
657 894 100 29 ätgärder
768 895 134 22 beträffande

150 927 165 29 förordningens
330 928 100 27 innehäll,
446 929 119 28 Kejserliga
575 929 87 22 brefven
673 929 24 23 af
707 930 40 21 den
760 931 26 20 12
797 930 105 22 Februari

153 964 55 21 1814
223 963 39 21 och
278 963 40 22 den
334 965 25 19 21
375 963 118 22 December
509 966 60 25 1844,
585 964 60 23 detta
655 965 132 21 sistnämnda
799 965 55 22 dock
866 973 35 14 en-

151 997 49 22 dast
214 997 33 21 till
262 998 41 22 den
318 998 34 21 del
367 998 36 23 det
418 998 67 27 angär
499 999 139 22 fabrikanter.
664 999 81 22 Härvid
757 999 67 23 hafva
839 999 63 22 Stän-

151 1031 65 22 derne
234 1031 46 22 icke
297 1031 105 28 förbisett,
422 1034 31 21 att
472 1033 35 22 det
521 1033 90 22 sednare
626 1033 24 22 af
663 1033 26 22 de
703 1035 78 20 tvänne
796 1034 105 22 särskilda

150 1072 92 20 momm.,
265 1073 45 14 som
330 1067 12 22 2
361 1067 12 27 $
392 1067 8 20 i
420 1068 53 19 1798
492 1067 35 22 års
546 1067 126 28 författning
690 1067 124 28 innehåller,
833 1068 69 22 likaså

149 1099 48 22 litet
218 1100 94 23 vidröres
331 1101 8 20 i
358 1100 35 23 det
410 1100 85 29 Nädiga
513 1101 239 29 författningsförslaget
771 1110 45 14 som
834 1103 8 20 i
861 1103 41 21 den

150 1133 25 22 af
191 1133 119 24 Ständerne
327 1135 65 28 nödig
407 1135 94 22 befunna
515 1136 158 27 förordningen,
703 1137 49 21 Men
768 1136 28 23 dä
810 1137 91 22 berörde

149 1175 63 15 mom.
234 1169 48 21 icke
302 1168 118 24 innehäller
438 1172 30 19 ett
485 1170 108 22 bestämdt
610 1170 81 28 lagbud
708 1173 53 20 utan
780 1171 76 22 endast
874 1179 26 14 en

149 1202 144 26 lagstiftarens
314 1203 88 25 önskan,
427 1205 62 21 hvars
511 1205 138 26 iakttagande
671 1205 52 20 eller
741 1204 159 23 åsidosättande

148 1235 88 22 alldeles
254 1236 47 20 icke
318 1237 98 21 inverkar
435 1236 13 21 å
465 1238 159 21 vederbörande
642 1238 113 27 sakegares
773 1239 128 27 rättigheter

150 1269 40 22 och
205 1269 149 28 skyldigheter,
370 1269 59 23 hålla
443 1270 119 23 Ständerne
577 1271 52 27 före,
645 1273 31 20 att
692 1272 62 22 äfven
765 1272 59 24 detta
834 1280 64 15 mom.

148 1303 43 23 kan
208 1305 52 20 utan
279 1304 103 22 afsaknad
401 1304 106 28 aflägsnas
521 1312 26 16 ur
563 1306 40 22 den
618 1306 99 28 gällande
731 1307 167 28 lagstiftningen,

149 1338 37 21 der:
205 1338 41 26 det,
265 1338 8 21 i
291 1339 104 22 anseende
413 1340 32 21 till
464 1340 32 22 sin
511 1340 153 27 obestämdhet,
680 1341 76 22 endast
770 1342 42 22 kan
827 1342 71 22 föran-

148 1372 49 22 leda
210 1372 33 22 till
258 1372 148 25 missförstånd
420 1374 40 23 och
475 1375 103 27 gagnlösa
591 1376 80 21 tvister.

217 1406 32 23 På
267 1408 69 28 grund
354 1408 24 22 af
394 1409 55 22 hvad
470 1409 118 23 Ständerne
602 1410 40 21 här
657 1410 7 22 i
680 1410 97 28 djupaste
792 1410 106 24 underdå-
910 1411 7 6 ”

148 1442 75 26 nighet
237 1442 78 26 anfört,
330 1442 70 22 tillåta
415 1443 32 28 sig
462 1443 119 23 Ständerne
595 1444 7 22 i
617 1445 44 22 lika
674 1444 171 30 underdånighet
860 1448 38 25 att,
