1020 1670
321 127 71 24 Nådiga
404 129 134 22 Propositionen
551 131 34 16 N:o
599 131 26 16 13.
789 131 32 16 595

99 189 95 24 innehåll
210 191 8 21 i
236 191 70 28 öfrigt,
324 191 100 28 intränga
440 191 30 28 pä
484 194 33 20 ett
535 191 93 28 område,
647 199 52 20 som,
718 192 73 23 såvida
810 193 36 22 det

99 224 67 29 angär
184 225 70 27 tredje
271 232 87 20 persons
377 226 95 21 enskilda
489 226 34 21 för
541 227 65 21 saken
624 227 131 22 fremmande
773 227 72 21 skuld-

99 258 155 27 förhällanden,
269 259 39 21 bör
326 266 62 15 anses
406 259 84 28 fridlyst
503 263 46 19 mot
564 261 77 21 andras
656 261 85 28 nyfikna
755 261 90 26 blickar,

99 293 69 21 ehvad
190 293 156 28 granskningen
368 293 67 22 skulle
456 294 125 22 verkställas
606 295 24 21 af
654 295 117 22 domstolen
793 295 52 22 eller

98 327 145 27 köpmannens
262 327 167 22 vederdeloman.
462 328 107 23 Utskottet
587 329 40 22 har
649 329 83 22 derföre
755 329 40 22 och
816 329 30 28 pä

99 361 36 22 det
150 363 32 20 att
196 361 72 28 lagens
286 362 86 28 tystnad
389 362 9 21 i
413 363 68 22 denna
497 363 33 22 del
545 363 18 28 ej
580 362 65 23 måtte
660 363 57 28 gifva
731 364 115 28 anledning

98 396 34 22 till
148 395 58 23 olika
224 397 138 27 uppfattning
380 397 40 21 och
438 397 63 22 deraf
519 397 133 28 härflytande
674 398 79 25 tvister,
777 400 70 20 ansett

99 430 33 28 sig
146 430 54 22 böra
214 431 8 20 i
237 431 121 22 ännämnda
371 438 63 15 mom.
449 431 79 22 insätta
543 438 26 15 en
583 432 133 28 bestämning
730 432 9 21 i
753 432 40 22 här
809 440 37 14 an-

99 465 65 28 gifvet
178 464 61 29 syfte.

167 508 73 21 Under
262 503 213 33 öfverläggningarne
496 510 7 21 i
525 511 71 20 ämnet
618 510 40 21 har
676 510 36 22 det
729 510 116 26 anmärkts,

99 544 33 21 att
149 542 169 22 handelsbokens
336 543 115 22 beviskraft
469 544 18 28 ej
506 544 40 21 bör
564 543 22 22 få
606 544 121 22 utsträckas
745 544 33 21 till
795 552 51 20 pen-

98 577 252 29 ningeförsträckningar,
372 578 82 22 mindre
476 579 51 21 eller
547 580 75 25 större,
645 586 46 15 som
712 579 135 28 köpmannen

100 613 114 21 antecknat
231 613 9 20 i
257 613 128 22 densamma.
416 613 81 22 Genom
515 621 26 14 en
559 614 40 21 slik
617 615 146 27 utsträckning
779 615 68 21 skulle

99 654 49 14 man
165 647 120 28 onekligen,
303 647 7 21 i
329 647 35 22 det
381 655 51 14 man
450 648 73 28 gjorde
544 648 160 22 handelsboken
725 649 32 21 till
779 649 67 22 bevis-

99 682 70 21 medel
183 681 34 22 för
231 682 94 26 fordran,
339 682 143 27 uppkommen
500 689 76 22 genom
593 683 164 28 försträckning,
772 683 8 21 i
793 683 54 21 han-

101 716 125 22 delsbokens
240 716 80 21 vitsord
334 716 86 28 inlägga
438 724 25 14 en
481 717 153 26 bestämmelse,
650 724 46 15 som
714 717 46 22 icke
779 717 68 22 skulle

99 751 73 21 kunna
189 758 27 14 ur
233 750 71 28 någon
325 750 120 29 berättigad
467 751 107 28 synpunkt
594 751 114 22 försvaras.
736 751 50 21 Men
801 751 46 28 just

101 785 84 22 derföre
200 787 32 20 att
246 785 36 22 det
299 785 106 28 egentliga
423 785 243 28 försträckningsaftalet
680 787 25 20 är
719 785 129 28 fullkomligt

100 819 131 21 fremmande
246 819 34 21 för
297 819 97 26 handeln,
414 818 69 22 såsom
501 820 76 27 näring
594 820 120 26 betraktad,
733 820 40 20 och
792 825 69 16 eme-'

101 854 42 21 dan
158 853 147 29 ordalydelsen
318 854 8 21 i
342 853 25 22 de
381 854 33 21 hit
427 854 94 22 hörande
533 854 147 28 stadgandena
693 854 8 21 i
715 854 75 28 sjelfva
801 854 46 28 lag-

100 888 104 28 förslaget
218 888 46 22 icke
277 888 81 21 lemnar
372 888 85 22 tillfälle
471 888 33 22 till
519 896 26 14 en
560 896 70 14 annan
644 888 95 28 tydning,
753 889 41 21 har
808 888 39 22 Ut-

100 923 80 21 skottet
197 924 71 20 ansett
285 922 70 28 någon
372 923 123 28 ytterligare
512 923 143 27 bestämning,
676 924 50 20 med
743 924 56 27 syfte
816 924 32 21 att

100 957 118 29 förebygga
233 957 40 21 den
288 958 111 20 anmärkta
413 958 169 27 uppfattningen,
598 958 18 27 ej
632 965 52 14 vara
698 958 25 21 af
734 958 76 21 nöden.

168 1000 50 22 Med
232 1000 100 22 afseende
348 998 50 24 derå
412 1001 33 20 att
459 1000 118 22 svaranden
592 1000 42 21 kan
649 1007 75 20 genom
735 1000 34 21 sin
779 1000 68 28 värje-

101 1034 81 22 målsed
200 1034 108 28 upphäfva
326 1034 29 21 all
372 1034 80 22 verkan
470 1034 24 22 af
510 1034 41 22 den
567 1036 46 19 mot
630 1034 78 22 honom
727 1033 121 29 åberopade

102 1069 154 27 anteckningen
270 1068 8 21 i
291 1068 164 26 handelsboken,
466 1075 48 15 men
529 1068 28 22 all
572 1067 83 29 edgång
670 1068 125 22 förutsätter
809 1068 40 22 full

101 1103 79 22 visshet
198 1110 35 14 om
250 1102 71 26 saken,
340 1102 43 22 kan
401 1109 26 15 en
445 1102 67 22 sådan
530 1102 26 22 ed
574 1102 94 28 skäligen
686 1102 19 28 ej
724 1103 84 21 fordras
826 1102 25 22 af

101 1138 84 25 honom,
200 1136 46 22 ifall
261 1144 26 14 en
301 1136 73 28 längre
388 1137 32 21 tid
434 1136 41 22 fått
489 1137 86 28 förflyta
589 1137 89 21 emellan
693 1137 40 21 den
744 1137 105 27 uppgifna

102 1171 156 28 utborgningen
273 1171 39 21 och
327 1171 83 21 krafvet
424 1170 33 22 för
473 1172 127 21 densamma.
625 1171 141 27 Köpmannen
781 1171 68 22 skulle

102 1204 82 23 således
198 1206 72 20 kunna
284 1205 87 21 beröfva
385 1206 118 21 svaranden
518 1206 29 20 all
562 1206 40 20 den
617 1206 98 21 säkerhet
726 1208 45 18 mot
782 1207 67 20 orätt-

101 1240 77 27 mätigt
196 1239 54 26 kraf,
265 1246 46 14 som
328 1238 166 28 värjemälseden
512 1239 94 26 innebär,
626 1247 35 14 om
679 1240 43 21 han
737 1240 46 20 icke
797 1247 51 14 vore

103 1273 82 28 skyldig
203 1275 32 20 att
251 1273 57 22 inom
326 1273 41 21 viss
385 1273 49 22 kort
451 1273 38 26 tid,
508 1273 90 22 medelst
610 1273 139 22 tillställande
764 1274 25 21 af
799 1273 49 22 räk-

102 1308 51 26 ning
172 1307 58 21 öfver
248 1307 26 21 de
291 1307 118 27 utborgade
423 1314 92 14 varorna
533 1308 50 20 eller
597 1306 29 28 pä
644 1309 66 19 annat
727 1309 49 23 sätt,
792 1307 57 27 gifva

103 1342 37 20 sitt
154 1340 50 21 kraf
216 1341 109 21 tillkänna.
356 1340 45 22 Och
417 1340 68 22 denna
500 1341 118 27 skyldighet
637 1341 83 21 komme
735 1343 32 19 att
781 1341 67 21 sakna

103 1375 30 22 all
146 1374 81 29 verklig
241 1374 114 28 betydelse,
371 1382 34 14 om
420 1374 133 22 densammas
568 1374 158 22 äsidosättande
740 1382 51 15 vore
805 1374 43 22 för-

104 1410 64 22 enadt
182 1409 48 22 med
245 1417 26 14 en
286 1409 114 28 lindrigare
415 1408 87 29 påföljd,
514 1411 27 20 än
552 1410 77 22 förlust
643 1409 24 22 af
679 1410 169 22 handelsbokens

104 1444 87 28 vitsord,
208 1444 26 23 sä
246 1444 45 23 vidt
310 1444 40 22 den
368 1443 67 29 angär
452 1443 155 29 utborgningen
621 1444 8 21 i
644 1443 66 29 fräga.
740 1443 32 23 Pä
787 1444 62 23 dessa

758 1486 21 16 38
