1017 1667
184 133 34 16 936
383 130 73 22 Nådiga
467 131 138 21 Propositionen
617 130 34 16 N:o
664 131 27 15 20.

162 202 52 14 vara
227 194 98 27 benägen
339 195 33 20 att
386 194 58 20 fästa
457 192 36 22 vid
510 193 91 21 brottets
619 192 108 27 objektiva
744 193 124 24 momenter,
884 192 31 20 ett

162 227 25 22 så
204 228 135 27 fullständigt
357 227 134 22 förbiseende
510 227 25 21 af
551 227 42 20 den
611 225 119 28 subjektiva
743 225 171 28 brottsligheten,

163 263 41 21 den
221 262 115 28 brottsliga
353 261 72 28 viljan,
444 261 139 28 hvarigenom
601 260 70 21 denna
685 259 131 22 frånkännes
831 259 39 22 allt
883 259 33 20 in-

163 297 94 28 flytande
273 295 30 29 på
321 296 170 21 bestämmandet
509 295 24 22 af
549 295 140 27 handlingens
712 293 142 23 straffbarhet
876 293 40 22 och

164 330 143 27 straffmåttet,
325 331 48 21 icke
390 330 43 21 kan
451 332 66 19 annat
535 330 28 21 än
581 329 49 21 leda
647 328 33 22 till
699 329 26 21 de
743 327 174 29 äfventyrligaste

162 365 84 28 följder.
283 365 74 28 Enligt
378 364 103 29 förslaget
503 365 37 20 äro
563 363 26 22 de
616 363 111 28 offentliga
751 362 165 27 meddelanden,

163 400 77 27 hvilka,
257 399 113 22 afvikande
388 398 49 23 från
452 407 26 14 en
496 397 129 23 nedslående
639 398 124 28 verklighet,
778 397 69 22 under
861 397 56 21 tider

164 434 24 22 af
200 433 128 29 motgångar
342 433 82 22 lemnas
442 433 149 26 allmänheten,
606 432 35 21 för
659 434 32 20 att
710 431 150 28 återupprätta
874 431 43 22 för-

164 469 99 22 troendet
278 469 41 22 och
333 468 66 28 lugna
414 475 26 14 en
455 467 66 22 oroad
539 467 188 28 sinnesstämning,
746 465 123 23 förklarade
883 465 35 22 för

164 504 45 21 lika
223 503 129 22 straffvärda
370 510 46 15 som
434 509 81 15 osanna
529 502 82 28 rykten,
627 502 72 21 hvilka
713 501 109 27 utspridas
836 500 34 23 för
886 502 32 20 att

165 537 149 23 åstadkomma
335 537 103 28 upplopp,
457 539 56 20 samt
534 538 31 21 ett
586 535 133 29 ouppsåtligt
737 535 141 28 utspridande
897 535 24 22 af

165 575 32 20 ett
211 572 144 28 sanningslöst
369 572 68 28 rykte,
456 579 34 14 om
508 572 63 21 hvars
590 571 69 22 falska
677 567 148 26 beskaffenhet
840 570 79 27 utspri-

166 608 66 21 daren
249 607 48 21 icke
315 608 36 26 egt
368 606 121 22 kännedom
507 606 40 21 och
566 613 46 14 som
626 605 69 22 blifvit
709 607 53 19 utan
777 605 43 22 alla
834 605 84 27 följder,

164 641 89 28 belagdt
271 640 49 22 med
338 642 30 20 ett
389 640 58 22 svårt
465 647 83 19 ansvar,
567 641 68 21 ehuru
653 640 110 26 utskottet,
779 639 33 23 för
830 640 33 21 sin
878 639 41 26 del,

166 676 48 21 icke
231 676 43 20 kan
292 675 59 22 finna
368 677 33 19 att
418 674 67 28 något
503 674 58 22 brott
579 675 8 21 i
605 674 131 22 sistnämnde
753 674 39 22 fall
814 676 36 26 egt
864 681 55 14 rum.

169 710 105 28 Antingen
288 717 30 14 nu
333 710 40 22 den
388 710 55 21 form
457 708 165 29 ifrågavarande
638 710 24 20 11
679 710 95 20 moment
788 708 86 22 erhållit
888 708 32 22 af-

167 752 34 15 ser
216 746 32 20 att
262 745 41 21 här
317 744 120 22 framställa
451 746 31 20 ett
496 746 47 26 nytt
558 744 46 28 slag
620 744 24 21 af
655 744 66 26 brott,
737 743 57 27 eller,
810 743 56 22 hvad
880 743 40 21 lik-

167 779 35 23 väl
220 779 135 22 sannolikare
374 780 31 26 är,
425 779 75 21 endast
518 777 81 30 åsyftar
619 786 26 14 en
663 778 258 28 redaktionsförändring,

166 814 81 22 hvilket
265 814 110 26 utskottet,
393 814 8 20 i
419 813 82 21 saknad
519 813 24 22 af
555 814 89 20 motiver
658 812 34 22 till
706 812 216 28 författningsförsla-

168 850 42 26 get,
225 848 47 22 icke
287 848 82 21 kunnat
387 848 82 27 afgöra,
485 846 24 23 så
526 848 116 21 innefattar
661 847 59 21 detta
738 849 94 20 moment
850 848 7 20 i
873 847 48 21 dess

168 882 122 28 föreslagna
304 882 59 22 skick
377 881 81 22 sådane
473 882 173 28 oegentligheter,
661 883 32 20 att
707 882 105 22 utskottet
825 882 47 21 icke
887 888 35 15 ser

169 917 33 27 sig
216 917 73 21 kunna
303 916 88 22 förorda
407 916 47 22 dess
473 916 121 28 antagande
613 916 146 26 oförändradt,
774 916 100 22 hvarföre
888 917 34 20 ut-

169 952 80 21 skottet
263 951 111 27 föreslagit
389 952 32 20 att
435 951 45 21 deri
496 951 67 22 skulle
577 950 82 22 införas
675 951 26 21 de
712 951 152 26 kännetecken,
876 958 47 14 som

169 987 100 20 närmare
280 985 99 21 utmärka
391 985 35 21 det
436 986 40 21 här
487 985 163 28 ifrågavarande
661 985 92 22 brottets
768 985 154 22 beskaffenhet.

237 1020 65 21 Emot
325 1021 25 19 12
373 1022 116 19 momentet
510 1020 24 21 af
551 1022 24 18 31
596 1020 11 27 $
626 1020 40 21 har
687 1020 105 21 utskottet
814 1020 18 27 ej
855 1020 68 21 heller

170 1054 82 21 kunnat
267 1053 72 28 undgå
355 1055 32 20 att
401 1055 53 26 göra
468 1053 68 28 några
551 1054 172 27 anmärkningar.
745 1054 66 21 Detta
821 1056 101 25 moment,

169 1088 64 21 hvars
248 1087 95 22 innehåll
357 1087 48 22 icke
419 1087 114 22 återfinnes
551 1088 8 21 i
576 1095 30 13 nu
625 1088 98 27 gällande
741 1087 182 29 tryckfrihetsför-

171 1122 97 28 ordning,
287 1122 40 21 har
345 1121 94 28 följande
457 1122 89 28 lydelse:
562 1122 98 28 ,Vrängd
679 1122 51 21 eller
745 1121 47 22 skef
809 1122 115 21 framställ-

170 1157 58 27 ning,
243 1156 124 28 förtydning
386 1156 51 22 eller
457 1157 128 27 olämpligen
603 1156 122 22 framstäldt
739 1156 90 21 klander
844 1157 24 21 af
881 1158 44 27 sty-

170 1191 243 27 relsemyndigheternas
431 1191 7 20 i
456 1191 73 21 landet
548 1189 101 28 åtgärder
667 1191 52 21 eller
738 1191 115 27 afsigterne
875 1191 49 21 med

172 1224 115 25 desamma,
303 1223 95 22 straffes*
414 1230 19 14 o.
449 1231 16 13 s.
480 1231 19 14 v.
529 1224 41 21 Det
589 1224 40 21 här
647 1225 80 20 utsatte
742 1226 100 19 ansvaret
856 1224 68 21 skulle

171 1257 83 22 således
269 1258 86 20 komma
369 1259 32 19 att
415 1257 108 28 tillämpas
538 1257 18 27 ej
572 1257 55 22 blott
647 1257 28 22 då
693 1265 26 14 en
733 1257 125 28 förtydning
873 1258 53 21 eller

172 1299 26 15 en
220 1291 158 28 förvrängande
399 1291 157 28 framställning
575 1292 24 21 af
614 1292 186 28 myndigheternas
823 1292 101 28 åtgärder

173 1326 40 22 och
228 1326 89 28 afsigter
337 1333 50 21 eger
404 1333 55 19 rum,
474 1328 53 19 utan
541 1325 62 22 äfven
617 1326 34 21 för
666 1334 26 14 en
707 1327 48 21 skef
767 1327 157 28 framställning

173 1361 25 22 af
211 1361 114 22 desamma.
355 1361 49 21 Med
423 1368 26 14 en
463 1361 82 28 vrängd
563 1361 157 28 framställning
735 1361 52 22 eller
802 1361 123 29 förtydning

172 1395 86 27 förstås,
277 1396 56 21 hvad
353 1395 64 22 också
435 1395 66 22 orden
518 1396 110 26 innebära,
647 1398 30 20 ett
695 1395 119 30 uppsåtligt
832 1397 93 21 vanstäl-

173 1431 63 21 lande
252 1430 24 21 af
288 1429 163 29 ifrågavarande
466 1429 100 29 åtgärder
581 1431 40 20 och
640 1431 95 27 afsigter,
758 1431 3 21 i
779 1431 100 22 ändamål
894 1433 32 19 att

174 1464 101 22 vilseleda
298 1464 36 22 det
351 1464 108 22 allmänna
477 1464 112 27 omdömet,
605 1472 48 14 men
667 1465 109 28 uttrycket
790 1465 59 29 ,skef
861 1464 64 23 fram-
