1020 1670
511 321 47 32 2.

352 395 68 23 Hans
435 396 155 28 Kejserliga
604 395 141 29 Majestäts
760 395 84 29 Nådiga
857 395 52 23 Pro-

295 430 93 29 position
402 430 35 22 till
451 430 103 22 Finlands
569 429 99 28 Ständer,
682 430 8 22 i
705 430 118 28 anledning
834 429 25 23 af
867 430 43 22 den

295 464 35 22 för
344 464 277 28 bränvinstillverkningen
635 464 91 22 influtna
741 464 101 22 skattens
854 464 55 22 otill-

295 498 126 28 räcklighet
438 498 36 22 för
492 496 195 24 bestridandet”
663 492 28 39 af
703 498 26 22 de
748 498 84 29 anslag,
847 499 63 22 hvar-

295 532 36 23 till
345 532 122 23 densamma
481 532 129 30 påräknats.

228 593 10 22 I
257 593 93 28 enlighet
367 593 49 21 med
434 593 59 21 Hans
508 593 119 28 Kejserliga
641 593 111 28 Majestäts
768 593 41 22 den
824 595 12 20 2
851 593 59 23 Mars

162 629 60 26 1865,
241 627 29 29 pä
288 628 70 27 grund
376 628 24 22 af
416 628 87 21 sednast
520 628 130 22 församlade
669 628 102 21 Ständers
785 628 77 27 beslut,
877 630 33 20 ut-

159 663 91 21 färdade
272 661 84 29 Nädiga
377 662 140 28 Förordning,
537 662 109 28 angående
664 662 142 28 tillverkning,
825 662 84 29 försälj-

160 697 57 28 ning,
233 696 80 28 upplag
328 697 40 21 och
383 696 89 28 forsling
485 697 24 21 af
517 696 97 27 bränvin,
626 696 129 23 förordnado
767 696 93 22 Senaten
871 704 39 14 un-

160 732 38 21 der
214 732 41 21 den
271 733 25 19 15
311 732 8 20 i
334 738 82 14 samma
430 730 78 22 mänad
523 731 33 22 till
571 731 123 22 auktioners
709 732 134 21 anställande
853 731 58 22 inför

160 766 176 28 länestyrelserne
355 766 34 21 för
406 765 132 28 utbjudande
553 766 24 21 af
589 766 130 27 rättigheten
734 767 39 25 att,
788 765 29 28 pä
832 766 26 21 de
872 766 38 22 vil-

159 801 41 21 kor
218 801 161 27 Förordningen
393 799 124 28 innehäller,
533 800 68 22 under
615 800 30 22 tio
662 799 30 27 är,
708 800 92 22 räknadt
813 799 58 22 ifrän
886 799 25 23 är

161 836 61 25 1866,
241 835 99 22 tillverka
359 835 35 21 det
409 834 34 22 för
457 834 72 22 landet
543 834 109 28 medgifna
666 834 78 28 belopp
760 835 24 22 af
797 835 113 26 4,300,000

159 869 83 22 kannor
256 869 90 22 bränvin
361 868 88 29 ärligen,
465 868 80 23 hvilket
559 869 8 21 i
581 867 134 24 förhällande
730 869 33 21 till
777 869 74 28 hvarje
863 869 47 22 läns

160 904 124 29 folkmängd
301 903 102 22 fördelats
422 902 97 29 sålunda,
539 905 32 21 att
588 903 63 22 deraf
662 903 87 28 belöpte
763 904 33 28 sig
811 903 13 22 &

276 938 96 29 Nylands
386 938 37 21 län
437 955 5 4 .
466 955 5 5 .
495 955 4 5 .
523 955 4 4 .
551 954 33 6 ..
598 939 91 25 399,000
704 939 89 21 kannor.

276 967 47 27 Åbo
338 973 40 21 och
392 972 145 29 Björneborgs
551 972 36 22 län
600 973 91 26 765,000
715 963 12 44 —
743 981 11 11 »

276 1007 130 21 Tavastehus
419 1023 4 4 .
447 1023 4 5 .
475 1023 4 5 .
503 1023 5 5 .
532 1023 5 5 .
564 1015 11 11 »
598 1008 92 24 404,000
742 1015 11 11 »

276 1041 99 27 Wiborgs
392 1057 4 4 .
420 1057 4 4 .
449 1057 4 5 .
477 1058 4 4 .
505 1057 33 5 .«
566 1049 11 12 »
600 1042 91 25 657,000
744 1049 11 11 »

277 1075 31 22 S:t
319 1075 89 21 Michels
424 1091 1 5 .
448 1092 5 5 .
476 1092 5 5 .
505 1091 4 5 .
533 1092 5 4 .
566 1083 11 12 »
600 1076 90 26 383,000
743 1084 10 10 —»

276 1109 84 28 Kuopio
390 1125 4 4 .
418 1126 5 4 .
447 1125 89 5 «0.0.
565 1118 10 11 »
599 1109 91 26 525,000
743 1117 10 11 »

276 1144 65 21 Wasa
360 1159 175 5 .......
565 1152 10 11 »
599 1145 91 24 735,000
741 1152 12 10 ”

276 1177 119 28 Uleåborgs
418 1194 5 5 .
446 1193 5 5 .
474 1194 5 5 .
502 1194 5 5 .
530 1193 5 5 «
564 1185 11 12 »
599 1179 92 24 432,000
743 1186 11 11 =»

228 1212 42 21 Vid
286 1212 61 20 dessa
362 1212 117 24 auktioner,
495 1211 71 21 hvilka
581 1210 95 28 päföljde
689 1211 44 27 Maj
750 1212 41 20 och
802 1212 51 21 Juni
864 1212 45 21 mä-

160 1245 67 21 nader
244 1245 138 27 försiggingo,
401 1245 189 20 tillstädeskommo
608 1245 58 20 inom
684 1245 27 20 de
728 1245 62 20 flesta
808 1245 36 21 län
863 1246 47 21 icke

158 1278 70 28 nägra
246 1278 142 28 spekulanter,
407 1278 77 21 medan
503 1278 32 26 de,
551 1284 46 15 som
611 1278 58 22 inom
684 1278 69 28 öfriga
768 1278 37 22 län
819 1279 89 22 infunno

160 1313 38 28 sig,
214 1312 44 22 dels
274 1312 76 28 gjorde
364 1312 112 28 vilkorliga
491 1312 78 27 anbud,
585 1312 45 22 dels
645 1312 76 22 endast
732 1312 91 29 angäfvo
836 1314 27 22 de
872 1314 37 22 be-

159 1347 142 29 tänkligheter
316 1347 24 21 af
351 1347 72 22 hvilka
438 1347 33 26 de,
483 1346 65 28 enligt
559 1348 33 21 sin
602 1347 143 28 uppfattning,
757 1348 92 22 afhöllos
861 1348 48 22 frän

159 1382 74 28 hvarje
255 1382 72 21 anbud
346 1382 39 21 och
404 1381 126 22 hvaribland
549 1382 184 28 hufvudsakligast
751 1382 106 28 anfördes,
877 1385 32 20 att

160 1424 27 14 en
206 1416 121 22 arrendetid
346 1416 24 22 af
382 1417 30 21 tio
427 1416 24 22 är
465 1423 50 15 vore
530 1416 73 22 alltför
617 1416 51 28 läng
683 1416 62 22 äfven
759 1417 8 21 i
781 1417 99 23 afseende
895 1417 14 23 &

159 1451 138 28 möjligheten
314 1452 8 20 i
341 1451 26 21 de
385 1451 62 22 flesta
461 1450 38 22 fall
515 1453 31 20 att
560 1451 34 22 för
609 1450 25 23 sä
647 1450 51 29 läng
712 1451 32 21 tid
759 1452 64 22 ställa
837 1452 71 22 säker-
