1023 1659
316 100 72 22 Nådiga
399 100 136 22 Propositionen
547 102 34 16 N:o
594 103 27 15 17.
784 104 32 16 847

104 208 9 20 1
130 207 72 23 lärares
248 203 28 37 oo.
300 225 118 5 0.00.
470 225 90 7 <<]
607 211 95 23 2,000—

102 242 84 21 Arvode
200 241 34 22 för
245 220 210 55 gymnastiklärare
470 259 33 5 sa
526 260 34 4 16
627 245 75 19 600/—|

122 276 43 21 D:o
199 276 34 21 för
248 276 139 28 sängläraren
413 292 5 6 .
441 292 5 5 .
470 294 4 4 .
498 293 61 5 ...
626 279 75 19 400|—

122 311 40 21 D:o
181 306 9 36 —
198 310 34 21 för
242 311 159 21 vaktmästaren
415 327 2 4 .
442 326 4 5 .
469 326 5 5 .
497 327 6 4 .
526 327 5 5 .
555 327 4 5 .
627 313 74 19 300/—|

101 344 81 28 Anslag
196 344 33 21 till
243 344 79 22 böcker
337 345 40 21 och
387 345 99 21 material
497 361 5 5 .
525 360 6 6 .
554 361 5 5 .
627 347 74 19 200/—

122 379 40 21 D:o
198 379 33 21 —till
245 379 40 21 ved
300 380 40 20 och
355 379 41 28 ljus
412 396 5 4 .
441 396 4 5 .
469 396 5 4 .
497 396 5 4 .
525 395 34 5 ..
626 380 76 32 800—|
724 393 108 19 11100/—

128 424 24 28 4)
168 424 235 22 Fruntimmersskolan
417 426 10 20 i
441 424 92 29 Kuopio.

100 459 53 21 Lika
167 459 49 21 med
231 459 221 21 fruntimmersskolan
466 460 7 20 i
488 454 47 27 Åbo
553 475 5 5 .
673 484 28 2 |
723 467 109 24 12,700/—

113 504 25 28 5)
155 504 232 22 Fruntimmersskolan
402 506 10 20 i
428 504 116 30 Uleåborg.

99 539 55 21 Lika
171 539 49 21 med
235 539 221 22 fruntimmersskolan
470 540 8 20 i
492 540 65 22 Niko-

135 573 78 22 läistäd
240 589 4 5 «
268 589 5 5 x
297 589 260 6 kowaxwawa
464 569 39 36 kos
520 569 41 36 vä
671 598 30 2 ||
723 582 108 23 11,100/—|

121 618 26 30 6)
165 619 237 22 Fruntimmersskolan
421 620 5 20 i
443 619 97 29 Wiborg.

98 654 54 22 Lika
166 654 49 22 med
230 654 221 22 fruntimmersskolan
465 654 8 21 i
487 648 47 28 Åbo
552 670 5 6 .
575 679 28 2 N
671 679 29 2 ||
722 662 106 23 12,700/—

245 700 27 4 —
288 689 84 25 80,700:
387 701 29 3 —
489 720 4 1 |

470 728 87 22 Summa
568 724 17 34 |
619 748 15 2 —
657 724 20 34 |
671 730 159 24 |801,300/—|

153 782 189 29 Anmärkningar.

156 817 42 25 1:0)
217 817 32 21 De
263 818 8 20 i
285 816 135 23 förestående
438 818 81 28 förslag
537 819 112 27 upptagna
671 819 51 20 löner
736 818 56 21 böra
806 818 30 22 ef-

85 853 33 19 ter
130 852 66 20 hvart
210 851 64 22 femte
290 851 34 22 ärs
340 852 84 27 förlopp
441 852 51 21 ökas
507 852 48 22 med
571 854 26 19 20
612 854 95 25 procent,
724 851 24 23 sä
763 854 32 20 att
809 852 27 22 de

84 885 36 22 vid
133 885 127 28 tjugufemte
274 885 136 28 tjensteärets
424 885 82 29 utgäng
521 886 141 22 fördubblats.

154 920 42 28 2:0)
211 920 43 21 För
268 920 152 28 undervisning
434 920 8 21 i
458 921 99 27 engelska
569 921 40 21 och
619 921 65 28 ryska
694 920 92 28 språken
797 928 38 14 an-

84 955 61 27 tages
160 954 35 22 vid
210 954 66 22 behof
288 955 71 21 lärare
374 956 57 20 emot
446 955 78 21 arvode
539 954 34 22 för
587 955 79 21 timme.

279 1158 149 21 Sammansatta
450 1158 117 21 Ekonomie-
588 1159 53 19 samt
663 1158 63 20 Stats-
745 1159 37 20 och
798 1158 37 21 Be-

219 1193 219 25 villnings-utskottets
449 1192 129 21 betänkande
589 1193 10 19 i
610 1192 115 28 anledning
737 1192 26 29 af
772 1192 63 22 Hans

221 1226 125 29 Kejserliga
364 1226 114 29 Majestäts
497 1225 90 29 Nädiga
601 1227 147 27 proposition,
768 1227 67 27 angä-

221 1261 51 21 ende
295 1260 137 30 anskaffande
455 1261 25 29 af
498 1260 83 28 nödiga
600 1260 67 21 medel
686 1261 35 20 till
734 1260 101 29 förbdätt-

220 1295 68 21 vande
304 1296 25 27 af
337 1294 362 27 elementar-undervisningsverket
713 1295 10 19 i
738 1295 78 20 landet.

152 1356 30 21 Af
199 1355 25 23 de
243 1355 48 23 frän
306 1356 98 28 samtlige
419 1354 96 23 Ständen
529 1355 33 22 till
577 1355 159 22 Sammansatta
750 1356 84 22 Ekono-

83 1390 51 22 mie-
152 1392 56 20 samt
226 1390 68 22 Stats-
312 1390 41 22 och
370 1390 249 28 Bevillnings-Utskottet
636 1389 108 29 ingängna
762 1393 72 25 proto-

83 1425 140 29 kollsutdrag,
238 1425 146 22 innefattande
399 1424 105 23 Ständens
515 1424 70 23 beslut
596 1424 7 22 i
615 1424 114 28 anledning
742 1424 24 22 af
774 1425 60 22 Hans
