1023 1661
323 97 72 24 Nädiga
407 99 136 22 Propositionen
555 100 35 16 N:o
604 101 27 16 17.
795 101 32 16 849

98 161 148 28 skolafgiftens
264 161 139 28 erläggande;
422 163 79 21 hvilket
520 162 112 22 Utskottet
648 161 35 23 får
695 163 154 28 Borgarestän-

98 195 38 22 det
148 196 55 21 äran
217 195 125 28 härigenom
357 196 104 22 meddela.

166 239 141 30 Helsingfors,
323 241 40 22 den
379 243 25 20 21
421 241 44 29 Maj
482 243 60 21 1867.

292 416 99 20 Finlands
409 416 98 21 Ständers
524 414 142 28 underdåniga
685 422 50 15 svar
752 417 10 20 i
779 417 73 21 anled-

235 450 54 29 ning
304 450 26 29 af
342 447 62 24 Hans
419 449 125 30 Kejserliga
558 450 115 28 Majestäts
689 450 91 29 Nådiga
794 450 57 22 Pro-

232 486 107 26 position,
359 485 108 28 angående
487 484 137 30 anskafande
644 485 25 29 af
685 484 82 30 nödiga
784 486 68 20 medel

238 520 35 20 till
289 518 160 30 förbättrande
471 520 26 28 af
512 520 339 28 elementar-undervisningsver-

237 553 34 21 ket
285 554 10 21 i
311 554 78 21 landet.

388 599 21 22 S.
424 601 27 20 A.
466 600 27 21 K.
508 607 19 14 0.
544 599 20 22 S.

168 642 72 22 Sedan
259 649 26 14 en
303 643 34 21 för
355 642 107 28 reglering
481 643 24 21 af
517 642 225 28 skolundervisningen
756 642 9 22 i
779 642 74 22 landet

99 676 88 29 nädigst
205 677 85 21 nedsatt
307 677 79 21 komitö
405 677 100 21 aflemnat
523 677 104 22 särskilde
645 677 148 27 underdäniga
810 677 44 21 för-

100 711 54 28 slag,
172 711 67 22 bland
258 713 71 24 annat,
349 719 34 14 om
398 711 133 22 inrättandet
544 711 24 21 af
581 719 27 13 en
623 711 34 21 för
671 711 83 22 landets
769 711 84 22 skolvä-

100 745 65 22 sende
184 752 122 21 gemensam
324 745 95 28 styrelse,
439 745 111 28 angående
567 746 170 27 reorganisation
757 745 24 22 af
792 745 61 28 lägre

100 780 127 21 elementar-
244 779 41 22 och
304 779 245 22 fruntimmersskolorna
567 782 56 19 samt
637 780 116 21 förenande
769 779 24 22 af
805 779 26 22 de
845 780 8 21 i

100 821 84 15 samma
201 814 48 22 stad
267 814 109 27 befintlige
393 814 68 27 högre
475 814 188 21 elementarskolor
678 815 40 20 och
733 814 121 28 gymnasier

100 848 34 22 till
148 848 140 28 fullständiga
302 848 99 22 läroverk
412 848 67 27 jemte
494 848 68 22 andra
576 848 67 28 högre
655 848 198 22 elementarskolors

100 882 131 28 utvidgande
248 882 49 22 med
316 882 200 28 gymnasialklasser
534 882 109 22 äfvensom
658 881 111 29 angående
782 883 71 21 förän-

101 917 55 22 drad
170 917 150 27 aflöningsstat
333 917 36 21 för
383 916 242 26 elementarläroverket,
641 916 111 28 äsyftande
762 917 92 21 förbätt-

101 952 49 27 ring
168 952 41 20 och
228 953 69 19 större
315 951 67 21 likhet
399 951 8 21 i
425 950 109 22 lärarenes
551 950 164 25 löneförmoner,
731 951 42 21 har
785 951 69 21 Eders

101 984 122 30 Kejserliga
239 984 102 28 Majestät
359 985 25 21 af
399 985 63 21 dessa
480 985 40 21 och
536 984 67 28 öfrige
618 984 87 28 förslag,
721 991 46 15 som
781 985 24 21 af
818 984 36 22 be-

100 1020 72 21 mälde
194 1019 80 21 komit6
295 1019 102 27 afgifvits,
412 1018 81 22 lemnat
512 1018 121 22 Ständerna
651 1019 34 21 del
703 1019 40 21 och
762 1020 31 20 uti
811 1018 43 22 Nä-

102 1055 36 27 dig
155 1055 134 27 proposition
308 1053 32 21 till
359 1053 120 22 Ständerna
497 1054 56 21 velat
567 1053 95 21 inhemta
678 1053 62 22 deras
755 1052 100 29 yttrande

101 1089 107 22 huruvida
223 1089 40 21 och
277 1087 31 29 pä
321 1088 56 21 hvad
392 1089 43 20 sätt
450 1087 120 22 Ständerna
584 1087 48 21 ville
647 1087 64 29 ätaga
726 1088 32 27 sig
770 1088 85 21 anskaf-

101 1123 65 21 fande
181 1122 24 22 af
218 1122 77 28 nödige
309 1122 70 22 medel
389 1122 35 21 för
433 1122 177 28 genomförandet
622 1122 24 21 af
655 1122 40 21 den
707 1121 149 28 ifrägakomna

101 1157 251 27 läroverksregleringen,
367 1156 7 21 i
390 1156 37 22 det
445 1156 54 27 syfte
514 1156 93 22 komitön
626 1155 111 29 föreslagit
751 1158 56 19 samt
821 1164 35 14 om

101 1191 54 27 icke,
175 1192 52 21 enär
244 1190 71 28 billigt
333 1192 71 26 syntes
422 1192 33 20 att
473 1190 25 22 de
513 1190 146 28 medborgare,
675 1191 73 21 hvilka
761 1190 35 22 för
810 1191 46 21 sine

102 1226 56 21 barn
175 1225 66 21 hafva
255 1225 42 21 den
311 1226 108 20 närmaste
433 1226 75 26 nyttän
524 1225 24 21 af
560 1224 249 28 undervisningsverken,
825 1225 31 21 äf-

102 1267 40 14 ven
164 1259 157 22 verksammare
340 1259 88 28 bidroge
446 1259 33 21 till
497 1259 73 21 dessas
587 1258 120 27 underhåll,
727 1260 69 20 större
813 1258 43 22 till-

102 1294 58 20 skott
174 1294 7 20 i
197 1293 59 21 detta
271 1293 99 21 afseende
384 1293 67 21 borde
465 1293 91 21 beredas
572 1299 76 21 genom
661 1292 162 21 bestämmande
834 1292 25 21 af

102 1334 27 14 en
148 1327 133 21 allmännare
296 1327 40 21 och
351 1325 66 28 nägot
431 1326 86 27 förhöjd
532 1325 109 28 skolafgift
657 1326 23 20 af
693 1326 106 25 eleverne;
815 1326 40 21 och

102 1361 42 22 har
165 1361 68 21 Eders
251 1360 120 28 Kejserliga
388 1360 102 28 Majestät
507 1359 92 28 Nädigst
616 1359 105 22 förklarat
739 1360 32 28 sig
790 1360 66 21 sedan

102 1395 52 28 vilja
172 1395 87 28 vidtaga
277 1395 26 22 de
321 1394 106 29 ätgärder,
446 1395 86 21 hvartill
551 1393 132 23 Ständernas
700 1394 101 29 yttrande
815 1394 40 22 och

102 1431 77 21 sakens
194 1429 147 23 beskaffenhet
355 1430 72 21 kunde
441 1429 117 22 föranleda.
