1017 1661
186 100 35 17 716
387 99 74 24 Nådiga
470 100 138 22 Propositionen
619 101 35 17 N:o
668 101 26 16 15.

162 162 54 23 flera
230 163 40 22 ark
287 163 117 28 stämpladt
421 170 90 21 papper,
526 163 52 22 eller
595 163 41 22 ock
649 163 50 22 med
712 163 152 22 kartamärken
878 163 38 22 be-

162 198 82 27 läggas,
263 197 76 24 endast
355 198 149 27 karteringens
525 197 163 28 sammanlagda
708 197 66 22 värde
786 199 130 21 motsvarar

162 231 37 22 det
216 231 105 28 stadgade
338 231 107 28 beloppet.
475 227 30 26 Är
524 231 119 28 ansökning
661 231 87 22 försedd
766 231 49 21 med
834 230 24 23 så
872 231 44 28 hög

162 266 63 21 karta
246 268 32 19 att
301 266 70 21 denna
391 265 69 22 tillika
478 273 74 14 svarar
571 268 57 19 emot
645 266 78 20 kartan
740 265 34 21 till
795 265 119 28 bilagorna,

162 300 91 22 behöfva
269 300 26 22 de
309 300 132 22 sistnämnda
456 300 47 22 icke
517 300 125 28 ytterligare
655 300 104 21 karteras.

514 355 11 27 8
542 356 19 20 9.

230 397 146 27 Embetsverk,
385 404 45 16 som
439 397 32 22 till
482 397 129 27 fullmakter,
619 396 190 26 konstitutorialer,
820 396 95 22 afskeds-

162 432 40 22 och
219 432 151 28 pensionsbref
386 432 49 21 med
456 432 52 22 flere
530 431 145 28 expeditioner
697 431 111 28 begagnar
828 431 85 27 tryckta

160 466 122 22 blanketter
303 466 25 22 af
348 466 130 28 ostämpladt
499 473 90 21 papper,
612 465 81 28 åligger
715 466 57 21 tillse
790 468 32 19 att
840 466 75 27 hvarje

160 500 70 22 sådan
247 500 129 28 expedition,
394 501 66 21 innan
483 501 40 21 den
544 501 34 21 till
598 500 160 22 vederbörande
780 500 98 28 utgifves,
901 498 14 23 å

160 535 278 28 Kartasigillata-Kontoret
455 534 108 29 undergår
578 534 89 28 behörig
685 534 115 28 stämpling
806 530 41 37 till
859 530 59 37 fast-

160 569 67 22 stäldt
240 569 87 28 belopp.

507 606 12 29 8
536 607 32 20 10.

229 649 278 28 Kartasigillata-Kontoret
521 649 130 22 tillkommer
665 650 38 25 att,
715 648 49 22 med
774 648 140 28 iakttagande

160 683 25 22 af
196 683 56 22 hvad
269 683 47 22 dess
333 684 130 27 reglemente
477 683 40 22 och
532 683 181 28 författningarne
727 683 8 22 i
750 683 65 28 öfrigt
830 683 84 28 stadga,

160 718 20 27 ej
196 717 91 22 allenast
301 718 115 21 verkställa
433 719 41 20 den
492 719 115 26 stämpling
625 718 24 21 af
665 717 129 27 fullmakter,
808 717 105 22 konstitu-

159 752 94 26 torialer,
273 752 94 22 afskeds-
386 753 40 20 och
447 753 149 27 pentionsbref
615 752 49 22 med
686 752 52 22 flere
760 752 153 28 expeditioner,

160 793 46 15 som
224 786 167 27 embetsverken,
409 787 49 21 med
477 787 48 21 stöd
543 787 24 20 af
586 785 116 23 tillätelsen
723 787 8 20 i
750 787 24 27 $$
794 788 12 19 9
826 787 40 20 och
886 787 26 20 38

160 819 98 27 åstunda,
277 822 41 20 när
335 820 54 22 slike
407 820 145 28 expeditioner
571 821 68 27 jemte
659 820 54 22 fulla
735 820 178 28 stämpelafgifter

158 854 33 21 till
209 854 107 22 Kontoret
333 854 101 22 insändas
453 854 53 22 eller
524 854 71 22 såsom
615 854 243 28 kartasigillata-remiss
879 854 34 22 till

159 888 174 22 Landtränteriöät
351 889 85 21 komma
454 890 32 20 att
504 889 124 26 behandlas,
647 891 53 19 utan
719 889 46 26 ock,
785 888 27 22 då
830 888 83 22 enskild

158 930 79 20 person
251 923 68 28 begär
333 923 115 28 stämpling
466 924 25 20 af
506 923 136 28 afhandling,
657 923 130 21 förbindelse
805 923 52 21 eller
875 930 37 14 an-

158 964 44 14 nan
216 957 69 27 skrift,
300 957 50 21 med
365 957 103 21 Senatens
479 958 213 26 Finansexpeditions
703 957 97 27 vetskap,
809 956 104 22 likaledes

158 991 58 21 förse
234 991 73 28 dylika
324 991 87 21 skrifter
429 991 48 22 med
495 990 68 23 sådan
582 992 97 27 stämpel,
698 999 46 14 som
766 991 24 22 af
809 991 103 21 vederbö-

158 1026 68 21 rande
243 1026 63 21 äskas
325 1026 40 21 och
383 1025 89 22 betalas.
501 1025 32 22 På
547 1026 100 22 anmälan
661 1026 40 21 hos
715 1025 197 28 Finansexpeditio-

157 1067 43 14 nen
214 1060 40 21 och
269 1059 49 22 med
334 1060 47 21 dess
396 1059 103 28 tillstånd,
514 1060 35 21 må
561 1061 80 27 jemväl
655 1060 122 22 blanketter
788 1060 32 21 till
831 1060 81 27 vexlar,

158 1094 143 28 anvisningar,
317 1094 187 22 konnässementer
514 1101 29 14 m.
555 1094 21 21 fl.
589 1094 87 22 skrifter
691 1095 110 21 derstädes
815 1093 97 29 undergå

158 1127 67 22 sådan
240 1128 123 28 stämpling,
378 1135 47 15 som
438 1128 8 21 i
460 1128 74 28 hvarje
548 1128 39 22 fall
601 1129 43 21 kan
659 1129 69 21 äskas.

503 1183 11 27 8
531 1184 33 20 11.

224 1224 35 22 Då
277 1224 82 22 enskild
377 1224 133 28 afhandling,
529 1224 130 22 förbindelse
681 1224 52 22 eller
755 1231 73 15 annan
848 1225 64 22 skrift

156 1258 40 22 hos
216 1258 97 26 domstol,
333 1258 103 22 exekutor
454 1258 52 22 eller
523 1266 72 14 annan
612 1258 124 28 myndighet
754 1258 86 27 företes,
858 1259 53 28 älig-

157 1300 38 20 ger
210 1292 35 22 det
259 1292 160 22 vederbörande
438 1293 93 26 domare,
550 1293 143 22 embetsverks
711 1293 133 22 sekreterare
860 1294 51 22 eller

156 1328 129 28 tjensteman
302 1327 57 22 tillse
377 1329 32 20 att
427 1327 62 22 karta
507 1327 33 22 till
559 1327 36 22 det
608 1327 85 29 belopp,
709 1335 46 15 som
769 1328 142 30 tilläfventyrs

156 1362 85 26 brister,
257 1362 24 22 af
294 1362 118 27 sakegaren
427 1362 114 22 anskaffas.

224 1397 113 28 Begagnas
359 1396 116 28 stämpladt
493 1404 89 21 papper,
601 1397 40 22 bör
659 1397 119 22 detsamma
795 1397 49 22 med
862 1398 49 22 lack

156 1431 40 22 och
215 1431 138 28 embetssigill
370 1431 52 22 eller
440 1430 29 29 pä
487 1433 66 20 annat
567 1431 132 29 tillförlitligt
714 1433 43 21 sätt
771 1433 36 21 vid
821 1433 89 21 skriften
