1017 1661
185 119 33 16 942
384 116 71 24 Nädiga
466 118 138 21 Propositionen
616 118 35 17 N:o
664 119 27 15 20.

161 180 155 28 författningen
335 180 61 22 äfven
415 180 92 30 derefter
525 180 68 22 skulle
608 180 101 22 förblifva
724 180 106 28 gällande.
859 180 55 22 Näst

161 214 107 28 laglöshet
283 214 40 21 och
338 214 104 28 godtycke
452 213 62 23 torde
526 214 35 22 väl
571 214 110 28 ingenting
692 222 52 13 vara
754 214 36 26 för
800 214 40 22 allt
850 215 64 21 sträf-

162 248 68 22 vande
248 248 34 21 till
295 248 122 28 utveckling
431 256 60 14 mera
505 248 128 22 hämmande
648 248 40 22 och
703 248 126 28 förderfligt,
845 250 28 20 än
888 256 27 14 en

162 282 76 22 osäker
250 283 40 21 och
301 282 117 22 vacklande
429 282 133 28 lagstiftning
573 282 49 21 med
634 284 46 20 täta
688 283 161 28 omkastningar
856 283 58 21 inom

162 316 130 23 densamma.
321 317 48 21 Den
384 317 105 27 stadgade
503 317 173 28 rättsordningen
691 319 63 26 utgör
769 317 47 22 icke
830 317 84 22 mindre

161 351 35 22 för
212 351 40 22 den
267 351 122 28 periodiska
404 359 94 20 pressen,
513 353 28 20 än
556 352 34 21 för
605 352 74 28 hvarje
694 359 72 15 annan
776 352 138 27 medborger-

161 386 31 28 lig
202 386 141 26 verksamhet,
356 387 30 20 ett
397 386 110 27 lifsvilkor,
519 386 40 22 och
569 385 30 28 pä
610 386 161 28 lagstiftningen
783 386 64 21 beror
858 386 56 21 hvad

162 420 42 21 den
222 421 24 20 är
265 420 41 21 och
323 420 57 21 hvad
399 420 40 21 den
457 420 43 21 kan
517 420 72 21 blifva.
619 420 43 21 Vill
677 427 49 15 man
742 423 32 19 att
789 420 41 21 den
844 421 69 27 perio-

162 454 61 21 diska
237 461 88 20 pressen
341 453 54 22 skall
409 454 116 28 behörigen
539 454 98 28 uppfylla
651 455 38 21 sitt
703 454 100 22 ändamäl
816 455 39 21 och
866 456 48 20 vär-

163 488 45 28 digt
225 487 166 28 upprätthällas,
410 489 25 20 är
454 489 35 20 det
504 488 136 28 oeftergifligt
655 491 32 19 att
701 496 103 20 personer
819 489 48 21 med
882 489 32 21 in-

162 523 67 27 sigter
244 523 41 20 och
299 529 27 14 en
341 523 66 27 högre
417 522 97 28 bildning
526 523 73 20 kunna
609 523 135 21 uteslutande
755 522 23 22 ät
791 523 124 21 densamma

162 563 56 21 egna
231 556 34 22 sin
279 556 140 22 verksamhet.
441 556 49 22 Men
505 564 51 14 man
571 564 50 20 eger
635 556 63 28 ingen
713 558 44 20 rätt
773 559 31 19 att
815 556 99 22 förvänta

162 592 31 20 ett
208 589 78 23 sädant
299 590 135 22 förhällande
449 598 34 14 om
495 591 18 27 ej
525 598 88 21 pressen
624 590 48 22 frän
683 591 172 28 lagstiftningens
866 591 48 22 sida

161 625 146 22 tillförsäkras
319 632 26 14 en
355 624 68 22 sädan
433 625 119 28 betryggad
564 625 107 28 ställning,
684 628 33 19 att
724 626 32 26 de,
763 626 73 21 hvilka
843 626 71 21 känna

162 660 33 28 sig
213 660 92 21 manade
320 661 32 20 att
365 660 92 21 beträda
472 660 41 21 den
527 660 149 28 publicistiska
690 660 79 26 banan,
784 661 47 21 icke
846 662 68 20 utsät-

161 696 35 20 tas
214 694 34 21 för
267 694 160 28 omkastningar
442 695 40 21 och
497 695 116 26 vexlingar,
629 694 134 28 härflytande
779 695 24 21 af
816 702 26 14 en
858 696 56 20 oviss

161 728 140 28 lagstiftning,
320 729 138 27 hvarigenom
477 729 63 21 deras
558 729 88 20 framtid
665 729 39 21 och
719 729 85 22 välfärd
819 729 94 28 äfventy-

160 770 37 14 ras
212 762 52 22 eller
279 763 113 27 förspilles.
414 763 51 20 Man
479 763 102 22 behöfver
595 763 47 21 icke
656 762 28 29 gå
698 763 79 28 många
788 762 24 23 år
823 763 91 22 tillbaka

160 797 36 22 för
214 799 32 20 att
264 797 59 22 finna
343 799 32 19 att
392 797 41 21 här
450 797 7 20 i
475 797 91 22 Finland
581 797 42 21 den
637 797 122 28 periodiska
774 805 87 20 pressen
876 799 38 20 nä-

161 833 49 19 stan
224 831 136 21 uteslutande
374 831 123 27 handhafts,
508 831 70 21 såsom
590 838 27 14 en
628 832 192 28 bisysselsättning,
832 832 24 22 af
865 839 49 20 per-

162 873 68 19 soner,
246 866 72 21 hvilka
332 866 32 21 uti
378 872 70 14 annan
459 865 135 22 verksamhet
605 867 35 26 egt
651 866 32 21 sin
695 866 107 28 egentliga
811 866 102 26 utkomst,

162 901 40 21 och
221 900 36 22 det
275 900 61 22 torde
354 900 34 21 väl
406 900 46 22 icke
466 900 93 22 behöfva
573 902 124 20 omnämnas
712 903 32 19 att
759 900 59 22 detta
833 900 79 22 förhäl-

160 936 70 26 lande,
249 935 92 21 likasom
359 935 40 21 den
417 935 122 27 periodiska
557 942 98 20 pressens
673 935 165 22 underordnade
853 935 59 21 ställ-

161 970 52 28 ning
232 970 40 22 och
288 969 121 29 obetydliga
423 969 123 27 inflytande,
561 970 33 20 till
609 976 27 14 en
650 969 151 29 hufvudsaklig
816 970 35 21 del
865 970 47 21 haft

160 1004 34 22 sin
213 1004 64 22 orsak
291 1004 31 20 uti
336 1010 99 21 pressens
451 1002 121 22 dåvarande
587 1003 101 29 ställning
703 1004 33 20 till
750 1004 162 27 lagstiftningen

162 1046 34 14 om
219 1038 129 22 densamma.
381 1038 42 21 Det
441 1038 24 20 är
483 1038 55 21 först
555 1038 69 21 under
643 1038 25 21 de
687 1045 76 15 senare
782 1037 57 27 åren,
859 1045 53 19 som,

160 1072 50 22 med
228 1073 81 27 hoppet
326 1079 35 14 om
375 1078 26 14 en
416 1072 27 20 fri
458 1079 67 19 press,
541 1072 98 27 grundad
653 1071 29 27 på
697 1079 26 13 en
738 1071 116 22 bestående
869 1072 42 28 lag,

160 1108 31 20 ett
206 1108 67 19 annat
286 1105 135 22 förhållande
437 1106 40 20 här
491 1106 8 21 i
513 1106 73 21 landet
601 1106 71 26 börjat
686 1106 96 26 inträda;
797 1113 48 14 men
856 1107 56 26 Lag-

160 1141 93 21 utkottet
267 1139 73 28 vågar,
355 1139 34 22 för
403 1140 34 21 sin
452 1140 40 26 del,
507 1140 46 21 icke
567 1142 69 19 motse
651 1141 32 20 att
694 1140 40 21 den
745 1139 115 23 sväfvande
871 1141 40 21 och

161 1175 77 21 osäkra
259 1174 108 27 ställning,
390 1174 60 21 hvari
473 1174 40 21 den
531 1174 147 28 publicistiska
695 1174 162 22 verksamheten
876 1182 34 21 ge-

160 1216 51 13 nom
226 1208 155 21 ofvannämnde
396 1208 7 20 i
419 1209 35 20 det
468 1207 79 28 nådiga
562 1208 102 27 förslaget
678 1209 88 26 intagne
776 1209 136 27 bestämning

160 1242 107 25 försättes,
286 1249 51 14 vore
355 1241 69 28 egnad
443 1243 31 19 att
488 1243 132 26 uppmuntra
635 1241 41 22 den
689 1242 96 27 verkliga
798 1241 114 29 förmågan

160 1276 41 21 och
219 1276 92 27 insigten
329 1277 33 20 att
379 1274 51 29 ingå
444 1275 7 21 i
467 1275 40 21 den
525 1275 122 28 periodiska
661 1283 99 20 pressens
774 1277 66 28 tjenst
855 1278 57 20 samt

159 1311 92 27 bidraga
266 1311 33 20 till
314 1310 47 21 dess
376 1310 120 27 utveckling
511 1311 40 21 och
566 1310 99 27 höjande.
687 1311 98 22 Fastmer
796 1319 61 21 synes
870 1312 41 21 den

160 1345 137 21 omedelbara
319 1344 80 28 följden
421 1344 24 21 af
465 1346 30 20 ett
513 1345 68 27 dylikt
599 1345 118 27 stadgande
734 1345 66 22 blifva
819 1347 32 20 att
870 1346 40 22 den

160 1379 123 28 periodiska
296 1385 88 22 pressen
399 1380 100 27 antingen
515 1378 39 29 går
567 1380 68 20 under
647 1380 51 21 eller
709 1380 62 21 faller
781 1381 9 20 i
800 1380 111 22 händerna

159 1413 29 28 på
206 1421 109 20 personer,
330 1413 72 22 hvilka
416 1413 109 28 ingenting
540 1413 64 22 hafva
619 1416 32 19 att
666 1414 63 21 vinna
744 1415 40 20 och
799 1415 111 28 ingenting

160 1450 32 21 att
206 1443 88 43 förlora.
323 1447 50 22 Icke
388 1447 68 22 heller
469 1448 43 22 kan
527 1449 109 26 utskottet,
652 1448 33 22 för
700 1449 33 21 sin
748 1449 41 26 del,
804 1449 58 22 finna
873 1449 37 22 det
