1017 1667
319 116 72 23 Nådiga
403 117 137 22 Propositionen
551 117 35 17 N:o
599 118 27 16 15.
792 118 32 16 723

413 180 24 18 5
455 180 80 23 Kap.

116 219 32 22 Om
161 204 95 49 påföljden
267 219 34 23 och
313 222 86 20 ansvaret
412 220 34 22 för
454 221 139 21 öfverträdelser
607 222 21 20 af
640 220 58 22 denna
713 220 113 29 Författning

289 255 47 21 samt
349 255 101 21 kontrollen
465 254 12 22 &
491 255 40 21 dess
546 254 113 22 efterlefnad.

443 300 11 27 8
471 302 32 19 17.

170 340 68 23 Skrift
259 340 52 24 eller
331 340 113 30 handling,
467 349 45 15 som
535 341 66 29 enligt
623 341 70 23 denna
714 343 134 28 Förordning

98 375 65 23 bordt
184 376 89 23 skrifvas
295 376 13 22 ä
329 376 62 22 karta
413 377 52 21 eller
486 377 49 22 med
556 377 165 27 stämpelmärke
738 377 109 29 beläggas,

98 410 42 27 mä,
158 406 55 38 ifall.
223 411 94 28 päbudet
335 411 73 22 derom
429 412 67 21 finnes
517 412 47 21 icke
582 419 53 14 vara
655 412 116 27 behörigen
793 412 55 22 iakt-

98 447 66 27 taget,
179 445 35 22 vid
229 446 91 21 domstol
335 446 51 22 eller
401 447 131 22 embetsverk
544 446 18 29 ej
575 448 125 27 emottagas.
724 447 40 21 Om
779 447 68 27 skrift,

98 487 46 15 som
158 480 59 21 förut
231 481 54 21 varit
299 479 78 29 belagd
392 481 49 21 med
455 481 62 22 karta
531 481 52 22 eller
597 481 171 28 stämpelmärke,
783 481 65 22 likväl

98 515 79 21 saknar
191 514 41 22 slik
246 515 134 28 beläggning,
396 515 54 22 skall
464 515 136 28 karteringen
619 514 54 30 ånyo
691 515 109 29 fullgöras,
815 516 31 22 in-

98 556 43 14 nan
156 549 41 22 den
211 548 34 22 får
259 551 125 26 emottagas.

444 604 11 28 8
473 605 31 21 18.

167 646 34 23 Då
216 647 102 28 sakegare
332 646 79 23 tillåtes
426 649 38 25 att,
479 648 66 27 enligt
556 649 13 20 4
581 648 11 27 $
606 649 26 20 14
647 648 48 27 kap.
707 647 141 30 Rättegångs-

98 682 84 26 balken,
200 681 36 22 vid
254 682 131 21 embetsverk
404 682 40 21 och
467 682 97 26 domstol,
582 682 7 21 i
608 683 72 21 stället
701 683 34 21 för
759 683 89 22 hufvud-

98 716 73 27 skrift,
193 716 67 22 förete
281 716 110 22 bevittnad
413 716 85 22 afskrift
519 717 24 21 af
563 717 132 26 densamma,
718 717 40 22 bör
780 718 69 21 tillika

98 751 84 28 styrkas
197 753 32 19 att
243 751 170 22 hufvudskriften
428 752 25 20 är
467 751 32 21 till
514 751 101 28 stadgadt
629 751 77 28 belopp
724 751 30 28 på
768 753 79 27 stämp-

98 786 47 21 ladt
162 793 83 20 papper
263 784 93 23 skrifven
371 785 51 22 eller
437 786 40 21 ock
491 786 48 21 med
555 786 72 21 dervid
643 786 71 21 fästad
729 787 61 21 karta
805 787 43 21 för-

99 820 53 21 sedd
169 821 8 20 i
195 820 41 21 den
253 820 91 27 ordning
363 820 10 27 &
394 821 24 19 11
435 819 142 22 föreskrifver.
608 819 72 22 Skulle
699 821 59 21 detta
775 821 73 21 urakt-

98 853 56 23 låtas
174 854 50 22 eller
242 853 71 29 någon
331 854 146 21 försummelse
495 854 116 22 förefinnas
629 855 7 20 i
654 855 86 27 hänsigt
754 855 33 21 till
801 855 48 22 huf-

99 889 142 22 vudskriftens
259 889 103 27 behöriga
380 889 119 26 kartering,
520 888 36 21 må
577 888 112 22 afskriften
711 889 68 22 förses
800 889 49 22 med

99 923 37 22 det
149 923 147 27 kartabelopp,
312 930 45 14 som
372 921 13 22 å
399 923 170 20 hufvudskriften
583 923 84 21 brister.

168 957 61 28 Intyg
244 957 8 20 i
266 957 137 22 omförmäldt
417 957 98 21 afseende
535 957 39 21 bör
588 957 55 21 helst
657 956 108 23 meddelas
779 958 8 21 i
801 957 49 22 stad

100 992 24 22 af
140 991 150 22 Ordföranden
307 992 8 20 i
332 991 141 28 Magistraten
491 991 51 22 eller
561 991 72 21 dervid
652 992 92 21 anställd
762 992 87 27 tjenste-

99 1033 51 15 man
171 1026 40 21 och
232 1024 29 29 på
282 1025 73 22 landet
377 1025 24 21 af
421 1025 96 26 domare,
539 1026 136 27 presterskap
698 1027 52 20 eller
771 1027 78 21 krono-

99 1060 88 28 betjent,
206 1059 102 22 skolande
326 1060 66 21 andre
407 1059 54 28 gode
479 1061 56 24 män,
550 1066 46 15 som
611 1060 187 28 sannfärdigheten
814 1061 36 22 be-

100 1095 80 28 styrka,
196 1095 67 28 jemte
280 1096 87 20 namnet
385 1096 81 19 utsätta
484 1095 32 21 sin
535 1094 119 28 befattning
673 1095 52 21 eller
744 1095 37 22 sitt
798 1095 52 28 yrke

100 1130 41 22 och
155 1129 96 22 hemvist.

444 1166 11 28 $
473 1166 32 21 19.

169 1208 93 23 Domare
277 1209 40 22 och
332 1215 70 16 annan
417 1209 134 27 tjensteman,
567 1216 46 15 som
630 1208 68 23 under
716 1208 98 29 utöfning
829 1210 24 21 af

100 1244 34 20 sin
150 1243 120 27 befattning
289 1245 117 25 emottager
428 1243 104 21 enskildes
554 1243 86 21 skrifter
658 1244 39 20 och
715 1244 135 27 handlingar,

100 1284 90 15 ansvare
204 1277 35 21 för
254 1277 62 21 deras
330 1277 119 27 kartering,
469 1277 37 21 der
520 1276 67 22 sådan
602 1277 66 27 enligt
682 1284 29 14 nu
726 1278 124 21 meddelade

100 1311 134 21 föreskrifter
248 1311 64 21 bordt
326 1317 40 20 ega
380 1317 55 14 rum.
457 1309 34 22 Då
505 1310 52 21 slike
572 1310 86 22 skrifter
673 1310 109 26 inlemnas,
798 1310 52 28 älig-

102 1352 38 20 ger
158 1344 35 21 dot
212 1344 83 21 derföre
313 1344 41 20 den
372 1344 149 27 emottagande
538 1344 169 27 tjenstemannen
725 1346 32 19 att
775 1346 75 26 genast

101 1378 162 28 tillkännagifva
280 1378 104 21 huruvida
402 1377 71 28 någon
491 1378 54 21 brist
558 1378 8 20 i
580 1378 136 28 karteringen
730 1378 120 28 förefinnes,

101 1413 81 23 hvilket
196 1413 131 21 inlemnaren
342 1412 53 22 skall
410 1412 63 22 ställa
488 1413 32 27 sig
531 1412 33 22 till
578 1412 148 27 efterrättelse,
738 1413 54 22 dock
802 1414 48 21 med

102 1449 79 21 honom
195 1447 85 23 lemnad
294 1448 44 21 rätt
352 1448 39 26 att,
405 1446 46 22 ifall
465 1447 44 22 han
527 1454 62 15 anser
604 1447 40 22 den
659 1447 129 23 föreskrifna
801 1448 50 22 kar-

758 1490 23 16 46
