1017 1659
332 109 71 24 Nådiga
414 108 137 25 Propositionen
562 110 35 19 N:o
610 110 27 17 14.
801 110 33 17 661

106 173 41 23 bör
164 172 52 29 ingå
233 173 110 22 föreskrift
360 173 80 27 derom,
455 175 33 20 att
505 173 25 21 af
544 172 107 28 primitiva
669 172 89 23 fondens
773 172 86 28 tillgån-

108 214 39 22 gar
165 208 54 21 skall
240 208 32 21 uti
293 208 127 22 intecknade
441 207 122 28 fordringar
584 206 119 23 bibehållas
721 209 31 20 ett
773 207 84 27 belopp,

108 248 47 15 som
169 243 120 20 motsvarar
304 241 27 22 de
344 240 138 23 innestående
497 242 177 27 depositionerna.

177 275 138 22 Beträffande
330 275 47 22 åter
391 275 143 28 fullmäktiges
550 276 93 21 arvoden
657 275 118 28 tillstyrker
783 276 38 27 jag
833 275 26 21 de

108 309 50 21 utaf
169 308 56 22 Herr
239 308 25 22 af
275 304 121 55 Björksten
403 309 83 21 i:detta'
503 305 121 27 hänseende
638 309 122 34 föreslagna
773 309 85 27 belopp.

211 364 35 36 Af
253 351 187 39 Kommerserådet
449 365 28 25 P.
492 368 76 25 Malm:

177 410 34 23 Då
228 407 166 26 Bankutskottei
411 410 48 23 vid
468 412 98 22 'sednaste
584 411 103 29 landtdag
700 388 94 58 utredde
811 412 48 21 huf-

109 444 145 30 vudfrågorna
271 446 92 21 rörande
381 446 102 21 Finlands
504 446 67 26 Bank,
592 446 81 21 vidhöll
693 444 105 31 utskottet
819 446 41 22 den

109 474 107 50 riktning,
227 481 32 20 att
273 480 8 20 i
295 480 120 28 möjligaste
429 478 68 24 måtto
511 478 109 24 bibehålla
634 479 36 22 det
683 470 132 35 bestående
805 466 13 47 i
829 480 30 22 af-

110 514 78 22 seende
207 512 13 23 å
238 512 197 29 sedelutgifningen,
452 514 88 22 emedan
558 514 53 22 flera
629 513 122 23 årtiondens
765 509 95 39 erfaren-

110 548 37 22 het
161 547 55 22 hade
230 548 55 21 visat
299 549 32 22 att
346 548 142 22 allmänheten
503 548 63 23 deraf
577 548 47 22 icke
634 548 48 21 haft
692 547 68 29 nägra
766 543 94 32 "olägen-

109 582 67 22 heter.
195 594 28 4 —
241 582 175 21 Bankutskottets
436 581 28 23 dä
480 582 82 28 afgifna
582 582 135 22 betänkande:
738 581 122 31 godkändes

110 616 25 22 af
146 616 83 22 landets
243 615 88 28 ständer
345 617 39 21 och
398 616 42 22 har
454 616 120 22 sedermera
588 616 62 22 äfven
665 616 70 23 blifvit
750 613 75 31 gilladt
839 617 25 21 af

110 650 61 22 Hans
185 650 120 29 Kejserliga
317 650 112 28 Majestät,
444 650 70 23 såsom
532 651 42 21 den
592 658 30 13 nu
640 650 59 28 gifna
712 648 85 32 Nädiga
811 658 50 20 pro-

110 684 121 29 positionen
245 686 87 22 utvisar.
361 684 73 23 Redan
452 685 29 27 pä
500 684 69 29 grund
587 685 25 21 af
628 685 61 22 dessa
703 680 60 40 fakta
776 686 41 30 och
833 685 28 22 dä

110 719 69 27 begge
198 720 165 21 statsmakterna
381 717 90 25 sålunda
487 720 57 21 varit
561 726 50 15 ense
629 720 8 22 i
655 716 71 32 saken,
741 719 69 31 firfier
821 720 40 27 jag

112 753 36 22 det
161 754 64 27 högst
241 753 119 28 betänkligt
378 752 76 23 att.sä
471 756 61 19 snart
549 753 40 22 och
607 755 52 19 utan
676 757 84 20 vunnen
771 748 35 34 ny
821 754 40 22 och

112 787 91 27 stadgad
221 782 121 27 erfarenhet
360 787 106 28 tillstyrka
480 795 26 14 en
516 787 184 28 genomgripande
714 786 126 30 förändring
854 789 8 20 i

112 821 70 23 denna
196 821 33 22 för
243 821 95 23 bankens
352 821 92 23 bestånd
456 822 113 28 vigtigaste
584 820 67 30 fråga.
666 835 28 3 —
705 819 98 35 Tvertöm
818 822 43 23 för-

112 856 76 22 modar
200 857 45 27 jag,
254 858 45 25 att,
311 856 8 22 i
333 856 38 22 fall
385 857 115 24 framtiden
514 857 67 21 skulle
596 857 45 21 visa
655 864 26 14 en
695 852 84 35 reforr&
789 858 73 21 häruti

112 898 53 14 vara
178 891 128 27 nödvändig,
318 890 129 22 ständernas
462 891 107 21 blifvande
583 889 201 30 Bankfullmäktigf.
791 890 71 24 såsom

111 925 101 21 fackmän
230 925 41 27 och
284 924 97 28 verkliga
398 925 95 22 kännare
511 925 25 21 af
551 924 94 22 bankens
664 924 121 33 dåvarande
803 926 58 21 ställ-

112 959 58 28 ning,
185 958 36 22 må
235 966 40 21 ega
289 961 33 19 att
339 959 53 22 efter
410 960 214 27 omständigheterna:
636 960 40 21 hos
693 948 92 54 lahdets:
794 960 68 28 Rege-

112 994 49 28 ring
175 992 120 23 framställa
309 995 31 20 ett
357 993 146 28 fullkomligen
520 993 128 23 motiveradt
666 986 81 35 förslag
761 988 9 29 i
776 995 85 25 ämnet.

181 1026 32 23 Pä
228 1028 62 22 dessa
304 1028 46 25 skäl
365 1033 63 16 anser
439 1028 39 28 jag
492 1028 44 27 mig
549 1028 54 21 böra
617 1027 93 22 vidhälla
719 1028 73 28 hvad
785 1022 10 38 i
807 1030 56 20 12:te

112 1062 95 28 punkten
222 1062 25 21 af
258 1061 42 31 den
313 1060 85 29 Nädiga
411 1062 160 28 propositionen
590 1063 25 20 är
628 1062 115 28 föreslaget
761 1067 34 23 öp
810 1062 52 22 fort-

113 1096 89 22 farande
220 1096 127 28 proportion
367 1095 23 22 af
407 1098 12 19 7
438 1096 33 22 till
490 1097 26 20 15
534 1096 79 21 mellan
630 1095 95 24 bankens
742 1088 121 45 mötalliska

114 1130 73 22 valuta
201 1130 40 21 och
256 1130 77 24 sedlar.

182 1163 43 23 Uti:
237 1163 151 23 ofvanstäende
406 1162 130 27 reservation
554 1164 101 22 förenade
676 1164 33 28 sig
729 1147 133 49 Landtdags-

114 1205 93 15 mannen
221 1198 71 22 Johan
306 1198 52 23 Erik
373 1198 79 24 Keto.
442 1194 14 38 .
