1020 1667
178 114 33 16 606

376 111 70 24 Nådiga
457 112 136 22 Propositionen
604 112 36 17 N:o
652 112 27 16 13.

216 176 59 29 fört,
290 175 68 21 sådan
372 175 165 28 omständighet,
552 178 33 18 att
595 174 36 22 det
640 175 91 26 vitsord,
743 182 44 14 som
797 183 29 13 nu
837 176 63 28 sagdt

224 211 33 25 är,
280 209 65 21 boken
363 210 19 28 ej
402 209 105 28 tilläggas
526 208 55 22 kan:
594 209 79 28 pröfve
692 208 87 27 Rätten,
800 216 33 14 om
851 210 49 20 den-

223 250 80 15 samma
326 242 74 27 likväl,
422 243 10 21 i
445 243 108 29 förening
571 242 47 22 med
636 243 70 21 andra
724 243 63 27 bevis,
806 243 40 21 bör
865 244 36 21 till

224 278 112 21 enahanda
346 277 90 29 påföljd
444 278 127 27 föranleda.

282 312 44 22 Vill
341 312 120 21 handlande
471 312 42 29 för
528 313 34 20 sin
577 311 129 21 handelsbok
721 312 62 28 njuta
799 312 35 22 det
848 314 52 20 vits-

224 347 40 21 ord
276 347 62 29 fullt,
357 354 44 13 som
420 354 28 13 nu
463 346 148 29 omförmälts:
626 346 49 26 låte,
690 347 68 20 innan
773 347 127 29 anteckning

225 388 33 14 om
279 381 131 28 utborgning
433 381 48 21 deri
497 381 89 29 införes,
605 380 121 22 densamma
743 382 157 28 genomdragas

224 416 38 21 och
281 416 24 29 af
317 415 160 22 vederbörande
491 414 264 30 Magistratssekreterare
764 416 75 29 förses
853 416 47 22 med

224 452 60 27 intyg
304 451 24 20 så
346 451 36 20 väl
400 450 74 21 derom
492 457 44 14 som
555 457 33 14 om
606 451 81 20 antalet
702 451 66 25 sidor,
783 451 47 26 den,
846 451 56 22 dess-

218 485 110 29 förinnan
347 484 80 29 riktigt
437 485 130 27 paginerad,
581 484 131 26 innehåller;
727 492 51 13 vare
794 485 36 21 ock
846 485 55 29 skyl-

225 520 37 28 dig
282 523 32 16 att
332 519 37 20 hos
387 519 146 28 Magistraten
550 520 10 19 i
574 519 75 21 staden
664 520 93 25 anmäla,
773 519 59 22 hvem
847 520 53 21 hans

224 553 128 22 handelsbok
365 553 57 29 föra
439 553 62 21 skall.
534 553 97 27 Befinnes
650 553 42 21 han
711 553 65 30 hafva
795 553 79 22 brustit
891 555 10 20 i

223 589 67 28 något
308 587 78 29 häraf:
401 587 78 29 pröfve
499 587 36 22 ock
555 587 87 27 Rätten,
660 587 56 22 hvad
734 587 81 22 verkan
833 589 14 21 å
865 588 36 21 bo-

224 622 49 21 kens
288 622 84 21 vitsord
386 622 36 21 det
436 621 65 29 hafva
517 621 46 22 bör.

535 675 53 29 28.

279 718 51 22 Har
344 719 20 29 ej
380 719 121 21 handlande
515 720 67 20 innan
596 719 109 28 utgången
720 720 25 29 af
756 721 65 20 nästa
833 721 26 20 år
871 721 29 29 ef-

224 757 33 18 ter
276 754 42 26 det,
337 753 122 21 hvarunder
477 753 183 28 utkrediteringen
676 753 60 27 skett,
753 755 96 21 tillställt
865 755 36 22 kö-

220 795 71 22 paren
306 787 94 29 räkning
417 788 13 21 å
445 788 24 21 de
486 787 92 29 borgade
589 795 101 20 varorna,
702 789 52 21 eller
766 789 76 21 honom
853 790 47 21 der-

218 823 42 29 för
272 823 36 20 hos
320 822 81 21 Rätten
412 823 51 20 eller
475 821 115 30 Kejsarens
601 822 243 30 Befallningshafvande
853 824 47 21 sökt

223 860 62 23 samt,
299 857 10 20 i
324 857 134 20 sistnämnda
463 857 52 28 fall,
528 857 75 20 honom
613 857 287 30 utsökningshandlingarne

223 891 106 29 delgifvit,
345 898 35 21 ege
395 891 19 28 ej
430 897 18 15 0.
464 898 16 13 s.
496 898 18 14 v.
530 891 65 28 enligt
609 890 84 29 Nädiga
706 893 165 26 propositionen.

222 925 68 21 Eller:

279 958 51 22 Har
348 960 20 28 ej
386 959 121 22 handlande
522 961 59 20 inom
595 960 25 21 de
635 967 35 14 sex
679 961 77 28 första
771 961 129 21 månaderne

222 993 55 30 efter
296 993 35 21 det
350 993 32 27 är,
402 994 121 21 hvarunder
541 1001 19 14 o.
575 1001 17 14 s.
607 1001 19 14 v.
642 995 66 27 enligt
721 993 134 24 förestående
869 995 31 22 al-

222 1027 97 22 ternativ.

534 1065 16 21 3
568 1066 18 27 8.

278 1102 35 26 Är
331 1107 96 29 räkning
445 1109 60 20 inom
523 1108 40 27 tid,
581 1115 44 14 som
639 1109 11 20 i
663 1108 15 21 2
693 1109 13 28 $
721 1110 67 28 säges,
805 1109 95 29 köparen

224 1143 108 26 tillställd,
349 1143 38 20 och
402 1143 40 20 har
458 1143 42 20 han
515 1143 26 28 ej,
555 1144 59 20 inom
629 1150 35 14 sex
674 1144 103 21 månader
789 1145 64 20 sedan
865 1145 35 21 det

222 1176 82 27 skedde,
324 1178 85 27 tillsagt
427 1177 136 22 handlanden
582 1181 32 17 att
632 1178 121 29 räkningen
771 1179 20 28 ej
804 1179 97 28 godkän-

222 1217 43 19 nes,
282 1212 51 19 eller
349 1211 37 20 ock
402 1211 89 20 klander
507 1212 53 20 derå
575 1212 37 20 hos
627 1212 115 28 Kejsarens
753 1213 147 28 Befallnings-

223 1244 105 28 hafvande
340 1245 83 21 anmält
434 1245 51 20 eller
501 1245 35 21 till
550 1245 80 21 Rätten
641 1246 99 21 instämt:
754 1247 57 27 gälle
823 1253 20 15 o.
855 1253 43 16 s.v.

223 1278 66 28 enligt
302 1277 83 29 Nådiga
400 1279 165 27 propositionen.

536 1328 13 21 4
567 1329 19 27 $.

278 1366 34 26 Är
328 1372 88 20 emellan
432 1371 119 22 handlande
564 1372 38 21 och
613 1372 86 29 köpare,
712 1374 35 21 till
759 1374 85 22 hvilken
857 1374 42 22 han

222 1413 67 14 varor
303 1406 109 28 utborgat,
427 1406 84 22 motbok
527 1407 77 26 hållen,
620 1408 38 21 och
674 1408 41 22 har
727 1408 101 29 köparen,
839 1410 59 21 inom

223 1440 33 22 tid
271 1447 44 15 som
329 1441 10 21 i
352 1440 16 21 2
382 1441 12 28 $
409 1441 97 27 utsättes,
522 1441 116 29 bevisligen
648 1444 113 28 emottagit
772 1444 69 21 denna
852 1443 46 27 bok,
