1045 1661
360 98 71 25 Nådiga
442 100 137 22 Propositionen
591 101 34 17 N:o
639 101 27 17 15.
830 101 32 17 797

139 162 13 21 å
170 162 69 21 sådan
257 162 80 27 karta,
347 168 46 16 som
411 163 107 29 begagnas
541 164 36 21 till
596 161 237 32 rättegängsfullmakt,
851 165 34 23 in-

138 197 56 28 laga,
210 197 57 21 bevis
282 196 52 22 eller
349 199 73 20 annan
436 197 66 30 skrift
512 198 36 34 af.
554 193 113 51 enahanda
679 193 154 51 beskaffenhet,
850 238 2 2 4
846 198 41 35 nå-

137 235 38 24 got
188 231 72 28 utbyte
274 231 47 21 icke
336 232 91 21 tillåtas.

204 265 49 21 Den
270 266 124 28 delegarene
412 265 136 23 i-Finlands
565 265 226 30 Hypotheksförening
809 273 76 21 genom

137 298 91 29 Nädiga
248 298 230 30 Cirkulärbrefvet
451 294 29 38 af
490 299 40 22 den
544 298 29 23 19
586 300 55 21 Jumi
653 298 60 23 1860
728 298 95 30 tillagda
836 301 49 20 rätt

137 337 39 23 att,
192 334 29 21 dä
236 334 35 21 till
282 334 137 28 föreningen
431 332 70 25 ställd
514 334 127 31 'skuldsedel,
649 335 41 29 för
706 334 85 22 hvilken
805 334 81 21 inteck-

136 369 53 27 ning
205 368 73 29 blifvit
292 368 117 27 meddelad,
429 369 25 29 af
470 376 25 14 en
514 370 51 20 eller
584 376 73 14 annan
675 366 70 29 orsak,
764 369 121 21 sedermera

135 402 46 22 icke
200 402 96 21 kommer
318 406 33 18 att
373 403 113 29 begagnas,
508 402 125 30 utgifvaren
655 404 27 20 är
705 402 125 29 berättigad
852 406 33 17 att

137 436 72 29 återfå
226 437 38 21 den
279 438 90 28 erlagda
381 437 272 30 kartasigillata-afgiften,
664 437 95 21 kommer
764 438 42 28 för
812 437 74 29 fram-

137 471 59 22 tiden
211 475 33 17 att
259 471 123 27 bibehållas,
397 471 69 30 jemte
481 472 36 21 det
534 471 113 22 enakanda
659 472 95 29 förmån
771 471 114 22 tillerkän-

136 513 36 14 nes
195 506 170 21 lånsökanderne
387 507 9 20 i
413 506 107 22 Finlands
537 507 63 20 Bank
624 507 39 20 och
684 507 75 21 andra
773 507 112 20 allmänna

137 541 81 25 kassor,
237 541 29 25 då
283 541 36 20 det
337 541 43 26 lån,
395 541 69 21 hvarä
483 541 118 25 skuldsedel
616 541 64 29 jemte
694 540 125 28 inteckning
835 540 50 21 blif-

136 575 32 21 vit
182 574 127 27 meddelade,
326 575 120 21 sedermera
460 576 26 28 af
495 582 25 14 en
531 576 51 21 eller
597 583 73 13 annan
685 575 115 28 anledning
817 574 68 22 likväl

136 609 45 21 icke
197 609 99 29 beviljas;
311 609 94 21 börande
421 609 52 22 dock
482 610 155 28 förhållandet
651 610 38 21 vid
700 608 78 30 hvarje
792 609 91 29 tillfälle

136 651 55 14 vara
206 644 116 28 behörigen
337 644 94 28 bestyrkt
446 648 56 17 samt
517 644 88 22 ärendet
621 644 35 22 till
670 644 159 21 vederbörande
841 641 44 23 Gu-

137 679 89 20 vernörs
242 678 120 29 afgörande
377 679 147 28 öfverlemnas.

484 736 12 28 $
511 735 31 21 41.

204 778 174 22 Landskontoret
391 780 10 20 i
416 778 74 29 hvarje
510 779 36 21 län
561 785 49 22 eger
626 785 34 14 om
675 778 94 21 kronans
783 778 48 21 rätt
846 778 39 21 och

137 814 63 21 bästa
218 813 134 21 härutinnan
371 813 66 28 hafva
453 820 115 21 noggrann
588 812 37 21 och
647 812 154 29 uppmärksam
818 812 67 25 värd;

137 848 39 21 och
194 848 85 28 åligger
297 847 107 21 Kontoret
416 847 65 29 förty
496 850 33 17 att
540 848 57 28 föra
612 847 109 28 ordentlig
737 846 148 29 antecknings-

137 882 39 21 bok
192 883 20 28 ej
222 882 83 21 mindre
316 882 48 21 med
375 881 180 22 Landtränteriet
567 881 60 29 öfver
638 881 39 21 der
688 881 106 28 befintligt
805 882 80 27 stämp-

137 917 47 22 ladt
197 924 85 21 papper
302 916 38 22 och
359 915 185 30 stämpelmärken,
564 917 29 20 än
609 915 48 22 med
673 916 212 28 försäljningsmän-

136 958 41 14 nen
192 951 60 29 öfver
267 950 56 22 hvad
338 951 24 20 de
379 951 35 21 till
422 951 140 27 försäljning
576 950 69 28 utfätt
660 950 39 21 och
713 950 47 21 med
775 950 52 26 dem,
839 956 45 14 som

137 985 84 21 sådana
238 985 33 28 pä
293 984 72 21 kredit
386 984 89 21 erhållit
494 988 54 17 samt
567 984 55 22 hvad
641 984 25 28 af
682 984 47 21 dem
746 985 10 19 i
774 984 110 27 betalning

136 1019 89 29 omflutit,
241 1019 69 21 såsom
329 1018 37 21 ock
385 1022 33 17 att
433 1022 106 25 emottaga
554 1018 39 21 och
601 1018 98 29 förvara
713 1017 171 22 vederbörandes

137 1053 119 29 aflemnade
272 1052 167 29 borgesskrifter
454 1052 39 22 och
502 1052 159 29 förbindelser;
677 1052 38 21 och
731 1052 55 21 skall
800 1051 84 21 Lands-

137 1087 141 21 kamreraren
293 1094 93 14 ansvara
394 1087 42 28 för
451 1087 41 21 den
500 1087 86 28 förlust
600 1086 84 21 kronan
699 1086 42 20 kan
756 1085 128 29 tillskyndas

137 1121 124 28 derigenom
283 1124 32 17 att
337 1121 49 25 han,
407 1122 10 19 i
439 1121 98 20 händelse
560 1121 25 28 af
600 1120 171 21 vederbörandes
787 1121 98 28 försum-

137 1156 62 21 melse
222 1159 33 17 att
277 1155 110 28 betalning
408 1156 10 20 i
440 1155 89 28 behörig
548 1155 33 21 tid
602 1155 127 25 inleverera,
748 1155 136 27 inventering

138 1191 96 21 anställa
255 1191 51 20 eller
329 1188 138 29 redovisning
490 1189 90 29 afgifva,
598 1189 46 20 icke
666 1192 75 25 genast
759 1188 126 29 skriftligen

139 1224 164 29 handräckning
322 1224 36 21 hos
373 1223 165 29 Länestyrelsen
556 1223 53 26 sökt,
629 1223 52 21 eller
697 1230 34 13 om
749 1223 43 20 han
810 1223 75 28 anför-

139 1262 54 17 trott
202 1259 201 28 försäljningsman
417 1259 70 20 större
503 1257 74 28 belopp
593 1258 34 25 än,
643 1257 68 28 enligt
726 1257 55 21 hvad
797 1257 41 20 här
853 1256 32 29 of-

138 1300 42 13 van
198 1293 103 27 stadgadt
320 1293 33 24 är,
373 1293 34 19 till
425 1292 66 20 denne
511 1291 63 20 bordt
591 1292 110 20 utlemnas.
730 1290 13 21 I
758 1291 70 28 öfrigt
846 1290 39 20 och

135 1326 65 28 jemte
223 1326 35 21 det
277 1325 173 21 Landskontoret
472 1331 49 22 eger
544 1325 66 20 ställa
632 1325 33 27 sig
688 1325 35 20 till
741 1324 143 28 efterrättelse

139 1360 57 21 hvad
204 1360 193 28 författningarne
409 1358 99 29 påbjuda
519 1365 33 14 om
564 1358 193 29 halfärsförslager
769 1361 55 18 samt
838 1358 47 21 ärs-

139 1394 133 29 räkningars
289 1394 131 29 afgifvande,
436 1394 85 28 äligger
532 1392 216 22 Landskamreraren
757 1392 58 30 föra
822 1392 63 30 före-

139 1430 91 22 nämnde
246 1428 179 29 anteckningsbok
443 1432 55 18 samt
515 1429 106 28 upprätta
635 1428 46 21 alla
694 1427 130 30 räkningar,
834 1427 51 29 för-
