1014 1670
202 132 34 31 964
401 135 71 23 Nääiga
483 136 137 21 Propositionen
632 135 35 17 N:o
680 137 26 15 21.

178 199 59 23 öfver
252 201 32 20 att
298 199 114 22 Hofrätten
425 198 155 29 vrängvisligen
595 198 65 27 dömt,
674 198 107 22 förklaras
795 198 65 21 hafva
872 204 56 22 upp-

178 234 51 21 hört
242 235 33 20 att
289 240 52 18 vara
355 233 106 28 gällande.

246 276 11 22 I
274 276 142 23 betraktande
433 276 24 22 af
470 276 62 23 dessa
547 275 186 28 omständigheter,
748 275 41 21 har
802 274 60 22 Hans
877 274 51 28 Kej-

178 311 78 28 serliga
270 310 102 28 Majestät
385 310 57 22 velat
455 311 34 21 till
503 310 195 22 Landtständernas
714 310 122 28 antagande
848 308 81 23 föreslå

178 345 94 28 följande
287 345 142 28 stadganden:

248 388 42 28 1:0):
304 387 49 22 Alla
367 388 172 22 Kämnersrätter
554 388 59 22 skola
628 386 48 22 från
692 387 40 22 och
746 387 49 21 med
810 387 41 21 den
868 388 9 20 1
890 387 38 25 Ja-

177 422 63 21 nuari
256 423 54 20 1869
325 422 105 27 upphöra,
447 423 40 20 och
501 421 82 22 sädana
597 420 43 23 mäl
656 422 40 21 och
711 422 97 26 ärender,
823 428 53 19 som,
892 428 36 15 en-

176 457 40 27 ligt
229 457 37 28 lag
281 456 51 22 eller
347 457 105 21 särskilda
467 457 156 27 författningar,
643 463 30 14 nu
690 456 54 21 höra
762 455 34 22 till
812 456 116 21 Kämners-

176 492 50 25 rätt,
242 491 92 22 derefter
352 491 179 28 omedelbarligen
549 493 107 26 upptagas
675 491 24 21 af
714 490 170 27 Rädstufvurätt,
899 489 30 29 pä

176 527 44 20 sätt
234 525 34 22 för
282 525 135 22 närvarande
431 525 49 22 sker
494 525 8 22 i
517 526 26 21 de
557 526 78 25 städer,
648 525 38 22 der
700 525 150 22 Kämnersrätt
861 525 19 27 ej
893 526 34 26 är;

176 559 96 22 börande
287 559 80 28 jemväl
385 559 26 21 de
429 559 49 26 mål,
497 559 72 22 hvilka
586 559 92 22 nämnde
696 559 42 28 dag
757 561 38 20 äro
810 559 34 22 vid
862 559 66 22 Käm-

176 595 95 20 nersrätt
285 593 127 28 anhängiga,
429 593 138 22 öfverlemnas
582 593 33 22 till
629 593 160 22 vederbörande
799 592 129 23 Rädstufvu-

176 629 51 26 rätt,
242 630 33 20 att
290 628 37 21 der
341 628 74 21 vidare
429 627 138 29 handläggas.

244 672 44 28 2:0):
306 671 111 22 Likaledes
435 671 60 22 skola
513 671 43 22 alla
573 671 176 28 Lagmansrätter
771 671 105 28 upphöra,
899 671 29 28 pä

176 706 37 22 det
230 707 44 25 sätt
291 707 32 20 att
336 706 48 26 vad,
403 713 46 15 som
467 708 57 20 emot
545 706 140 22 Häradsrätts
708 706 52 22 eller
781 706 146 29 Häradssyne-

175 742 55 22 rätts
252 741 70 22 beslut
344 741 97 27 erlägges
463 740 51 22 eller
533 741 94 22 anmäles
645 741 90 21 sednare
753 742 28 19 än
800 743 32 19 tre
849 741 78 22 veckor

175 775 50 22 före
240 775 39 25 det
296 775 90 28 lagtima
407 775 161 28 Lagmansting,
591 782 45 15 som
658 774 67 23 hälles
746 775 70 22 under
837 775 91 22 sednare

175 809 82 26 hälften
271 809 25 24 af
308 809 24 22 är
345 811 61 24 1868,
421 809 41 25 bör
475 809 99 22 hänvisas
588 809 33 22 till
635 809 95 28 fullföljd
744 810 8 20 i
766 809 161 22 vederbörande

175 843 97 27 Hofrätt,
288 842 71 23 säsom
376 844 40 21 här
435 843 70 22 nedan
523 845 55 26 sägs,
595 844 39 21 och
653 845 33 20 att
704 844 26 21 de
745 844 68 26 saker,
828 844 72 21 hvilka
915 844 13 22 &

175 878 153 28 Lagmansting
342 878 111 28 fullföljde,
469 878 46 22 icke
535 878 110 22 derstädes
662 878 58 23 inom
734 878 142 28 nyssnämnde
892 878 35 23 års

175 913 44 25 slut
236 912 92 28 afgöras,
348 912 62 22 skola
427 912 62 22 äfven
507 913 33 21 till
558 912 160 23 vederbörande
739 912 98 22 Hofrätts
858 913 69 22 hand-

177 947 107 29 läggning.
294 947 145 22 öfverlemnas.

244 991 44 27 3:0)
305 990 190 28 Riddaresynerätt
512 990 65 21 varde
595 989 46 26 ock,
663 988 57 23 ifrån
742 990 40 21 och
804 990 49 22 med
873 992 54 20 1868

171 1024 40 22 års
226 1024 49 28 slut,
290 1024 116 27 afskaffad;
426 1025 40 21 och
484 1024 54 22 skall
556 1024 49 22 med
619 1024 135 29 fullföljande
768 1024 48 22 från
831 1025 96 22 Härads-

175 1060 97 27 synerätt
289 1059 24 21 af
328 1060 74 20 tvister
421 1066 34 14 om
474 1066 51 20 egor
544 1060 39 20 och
605 1059 100 21 bolstada
726 1060 53 26 skäl,
802 1062 55 19 samt
878 1060 49 21 med

176 1094 62 21 dessa
252 1092 54 23 mäls
320 1093 131 27 behandling
466 1094 6 20 i
488 1093 87 21 Hofrätt
594 1093 40 21 och
652 1094 39 20 hos
705 1093 105 28 Kejsaren
824 1093 103 23 förhällas

175 1126 29 29 på
218 1128 44 21 sätt
276 1134 35 14 om
326 1127 68 21 andra
413 1127 65 22 civila.
492 1126 42 22 mål
553 1128 7 20 i
577 1126 209 29 Rättegängsbalken
802 1128 40 21 och
858 1128 70 22 denna

175 1160 131 29 förordning
315 1162 94 27 stadgas.
438 1162 60 21 Dock
516 1162 55 21 skall
589 1162 46 25 den,
655 1168 46 15 som
720 1162 18 27 ej
756 1162 60 27 nöjes
832 1161 22 22 ät
870 1162 55 26 dom,

177 1195 40 21 den
235 1195 203 26 Lagmanssynerätt
456 1195 66 27 gifver
540 1195 51 21 före
605 1195 64 21 slutet
687 1195 25 21 af
727 1196 91 21 nämnde
837 1195 30 27 är,
887 1203 41 20 ega

176 1230 38 24 att,
229 1228 71 21 säsom
314 1228 75 21 hittills
404 1227 77 22 tillätet
495 1228 61 25 varit,
571 1228 133 28 Riddaresyn
718 1229 39 20 hos
772 1229 104 27 Kejsaren
890 1230 37 21 be-

176 1263 58 26 gära.
264 1261 46 21 Har
328 1261 151 27 Lagmansrätt
498 1261 59 21 dömt
574 1260 33 21 till
625 1268 45 20 syn,
689 1268 48 14 men
756 1261 65 21 saken
840 1262 18 27 ej
878 1262 49 21 med

176 1296 43 21 slut
233 1296 93 27 afhulpit
340 1296 47 20 före
402 1296 40 20 den
459 1297 10 19 1
486 1295 89 21 Januari
592 1296 61 25 1869,
668 1296 65 21 varde
748 1296 41 21 den
806 1296 34 21 till
853 1296 74 22 veder-

176 1331 95 21 börande
285 1330 98 22 Hofrätts
397 1329 129 28 behandling
542 1329 150 22 öfverlemnad.

245 1374 44 28 4:0)
307 1373 11 21 I
336 1373 153 27 sammanhang
506 1373 89 22 härmed
612 1373 68 22 varda
697 1373 164 22 nedannämnda
882 1374 45 28 lag-

177 1415 47 15 rum
239 1408 111 28 upphäfna
364 1408 52 21 eller
431 1407 100 26 ändrade,
547 1406 28 29 pä
590 1408 50 26 sätt,
654 1414 46 15 som
714 1407 72 29 följer:
