1017 1661
319 108 72 23 Nådiga
402 110 136 22 Propositionen
550 110 35 17 N:o
598 111 27 16 15.
792 111 32 16 727

98 169 78 24 sådant
190 171 99 22 afseende
302 171 69 22 finnas
385 172 101 22 särskildt
499 172 136 31 föreskrifne;
653 173 96 22 börande
766 173 81 22 Konto-

98 206 34 20 ret
146 204 61 23 alltid
221 205 86 22 hafva
298 200 13 38 i
321 205 118 28 beredskap
455 206 125 28 tillräckligt
594 205 73 24 förråd
681 206 64 22 deraf
756 207 33 22 till
804 207 43 22 alla

98 238 27 22 de
140 239 69 22 skilda
222 239 107 28 värden-&
344 241 13 19 2
371 240 8 21 i
395 240 69 21 denna
477 239 134 29 Förordning
625 242 112 26 upptager.
766 241 50 21 Men
826 241 19 27 ej

97 271 37 22 må
152 273 115 27 stämpladt
284 280 83 20 papper
381 273 52 21 eller
451 274 178 26 stämpelmärken
643 275 35 21 vid
692 275 155 26 tjensteansvar

98 306 110 22 derstädes
226 306 100 28 försäljas
343 307 52 21 eller
414 306 95 22 derifrån
526 308 33 20 till
577 314 71 15 annan
665 308 92 27 utgifvas
771 310 28 20 än
812 308 34 22 till

97 340 192 28 Länestyrelserne,
311 340 30 28 på
362 342 44 21 sätt
426 341 117 22 nedanföre
564 342 133 22 bestämmes.
730 342 26 28 Ej
779 342 67 22 heller

97 373 34 23 får
149 374 114 29 stämpling
282 375 25 22 af
323 375 150 28 expeditioner,
493 376 85 22 skrifter
597 376 40 21 och
655 376 129 28 handlingar
801 376 44 27 ske,

97 408 90 23 såframt
205 409 18 28 ej
242 410 123 27 reqvisition
383 408 48 23 från
453 410 92 22 Senaten
567 410 117 28 medföljer,
707 410 52 23 eller
780 411 65 22 innan

96 444 106 21 Kontoret
217 443 73 22 derom
305 445 7 20 i
327 444 103 22 Senatens
444 445 201 27 Finansexpedition
660 445 81 21 anmält
752 445 40 22 och
802 445 42 21 Ex-

96 477 123 28 peditionen
233 478 80 22 lemnat
327 478 36 21 sitt
378 478 105 28 skriftliga
498 479 66 26 bifall,
577 478 80 23 hvilket
671 479 121 22 sedermera
805 479 41 22 bör

96 511 71 23 såsom
180 511 133 23 verifikation
327 513 116 22 Kontorets
457 513 145 28 räkenskaper
616 511 81 30 åtfölja.

440 573 11 27 8
467 574 34 20 30.

164 616 11 21 I
188 615 73 29 hvarje
275 615 48 23 läns
337 616 152 22 Landtränteri
503 616 60 22 skola
577 616 117 28 stämpladt
707 623 83 21 papper
804 617 40 22 och

95 650 179 28 stämpelmärken
292 650 25 22 af
332 650 43 22 alla
391 650 80 22 värden
489 650 68 22 finnas
575 652 33 20 att
625 649 67 29 tillgå,
711 653 61 24 samt,
791 651 53 22 efter

95 684 124 28 reqvisition
234 684 24 22 af
269 684 168 29 Länestyrelsen,
455 684 8 21 i
482 684 91 29 stadgad
591 684 91 28 ordning
700 684 48 22 från
766 685 78 23 Karta-

95 719 208 29 sigillata-Kontoret
318 719 116 21 ditsändas.
465 718 45 22 Allt
527 720 8 20 i
552 719 173 21 Landtränteriet
739 718 105 30 befintligt

94 752 76 23 förråd
184 753 25 21 af
221 752 116 28 stämpladt
351 760 82 21 papper
448 753 40 21 och
503 753 178 27 stämpelmärken
695 754 55 21 skall
761 752 34 22 stå
804 761 40 14 un-

96 788 38 22 der
148 787 237 22 Landträntmästarens
400 786 53 22 vård
467 787 40 21 och
521 789 109 20 närmaste
645 794 76 15 ansvar
736 789 55 20 samt
804 794 39 15 un-

95 822 39 21 der
148 822 44 21 lika
208 822 72 28 tillsyn
298 822 41 21 och
355 822 94 21 kontroll
468 821 24 21 af
507 822 168 27 Länestyrelsen,
693 829 46 14 som
757 821 33 22 för
805 829 37 14 an-

94 863 44 14 nan
151 856 168 27 kronouppbörd
333 855 74 28 gäller.
433 849 118 34 Åliggande
567 855 35 21 det
615 855 228 22 Landträntmästaren

95 891 19 27 ej
133 890 83 22 mindre
234 892 31 19 att
283 890 56 21 tillse
361 890 36 21 det
419 889 125 29 erforderlig
567 889 89 29 tillgång
677 889 29 28 på
727 890 116 27 stämpladt

93 932 84 21 papper
192 925 40 21 och
246 924 179 28 stämpelmärken
439 924 34 22 för
487 924 140 22 förefallande
644 924 67 22 behof
722 924 36 22 må
771 924 8 22 i
793 926 49 20 rän-

94 960 63 22 teriet
178 960 75 26 finnas,
275 962 28 20 än
325 961 32 20 att
374 958 125 23 förråderne
517 959 24 22 så
559 959 86 22 förvara
662 961 32 20 att
712 961 93 26 pappret
822 959 19 28 ej

94 994 84 22 skadas.
208 994 227 22 Landträntmästaren
453 1001 50 20 eger
521 994 62 21 äfven
601 1000 35 14 om
654 994 39 21 allt
709 994 56 20 hvad
782 994 8 20 i
808 992 34 23 sä-

94 1029 52 21 dant
168 1028 100 22 afseende
289 1028 75 27 nödigt
377 1034 53 15 vara
450 1028 43 21 kan
514 1028 39 21 hos
574 1027 161 28 Länestyrelsen
757 1027 85 22 anmäla

94 1064 56 20 samt
165 1062 47 22 dess
227 1061 144 22 förordnande
385 1061 95 27 afvakta;
495 1062 40 21 och
550 1060 22 22 få
586 1061 117 27 stämpladt
715 1068 84 20 papper
813 1061 29 21 el-

93 1096 33 22 ler
140 1096 179 27 stämpelmärken
333 1095 63 22 alltså
413 1095 48 21 icke
475 1096 24 20 af
511 1096 225 21 Landträntmästaren
751 1095 91 22 enskildt

93 1130 126 27 reqvireras,
237 1129 112 22 försändas
369 1129 50 22 eller
437 1129 148 26 utkrediteras,
604 1131 52 20 utan
678 1129 54 22 skall
753 1129 87 28 reqvisi-

93 1165 51 28 tion
154 1163 66 27 deraf,
235 1163 58 28 uppå
307 1164 54 20 hans
376 1163 105 26 anmälan,
497 1164 37 21 ske
553 1163 75 22 endast
647 1171 75 20 genom
739 1161 102 30 Länesty-

93 1198 70 21 relsen
181 1198 40 21 och
240 1197 35 22 det
292 1197 136 28 reqvirerade
445 1197 56 22 blott
517 1198 8 21 i
543 1198 69 27 grund
630 1197 24 22 af
669 1197 171 28 Länestyrelsens

93 1232 120 27 anordning
227 1231 112 22 försändas
354 1232 39 21 och
407 1231 147 22 utkrediteras.

435 1293 12 26 8
463 1293 34 19 31.

161 1333 32 22 På
208 1334 35 21 det
257 1334 116 27 stämpladt
387 1341 83 20 papper
482 1334 39 21 och
533 1333 178 27 stämpelmärken
721 1332 36 22 må
767 1333 73 22 kunna

92 1368 143 22 allmänheten
249 1367 180 27 tillhandahållas,
444 1367 55 22 skall
513 1368 7 20 i
534 1367 75 27 hvarje
624 1367 47 21 stad
682 1369 55 19 samt
749 1367 7 21 i
766 1367 74 29 hvarje

92 1402 78 23 socken
189 1409 26 14 en
233 1402 52 22 eller
302 1402 52 22 flere
372 1402 186 29 försäljningsmän
581 1402 54 22 efter
656 1401 67 23 behof
742 1403 96 27 antagas,

91 1437 41 22 hos
152 1437 72 22 hvilka
242 1437 25 22 de
285 1439 54 20 mest
361 1437 106 28 behöfliga
484 1437 79 22 värden
581 1437 54 22 böra
652 1443 52 16 vara
722 1438 32 21 att
771 1436 67 29 tillgå.
