1031 1661
219 111 32 16 848
418 110 72 22 Nådiga
501 111 136 22 Propositionen
650 111 34 16 N:o
698 111 26 15 17.

192 173 120 28 Kejserliga
334 173 112 28 Majestäts
468 171 85 29 Nådiga
570 173 140 26 proposition,
730 171 110 29 angående
858 172 86 21 anskaf-

191 207 65 22 fande
274 207 25 22 af
314 207 79 28 nödiga
408 207 71 21 medel
493 207 33 21 till
541 207 148 21 förbättrande
704 207 24 21 af
741 206 203 27 elementar-under-

191 241 175 28 visningsverket,
384 241 112 26 inhemtas,
515 241 66 21 bland
600 242 72 24 annat,
688 243 32 19 att
734 241 156 26 Ridderskapet
905 240 40 22 och

192 275 69 21 Adeln
280 277 56 19 samt
354 275 105 27 Borgare-
478 275 40 21 och
532 274 172 27 Bondestånden,
719 274 135 22 beträffande
868 273 78 29 frågan

192 316 36 14 om
242 309 123 28 förhöjning
380 309 24 21 af
418 309 39 21 den
473 309 33 21 till
521 309 110 21 skolornas
646 308 114 22 underhåll
770 308 108 28 utgående
890 308 56 22 skol-

192 343 96 28 afgiften,
312 345 70 19 ansett
404 343 122 21 densamma
548 343 54 22 böra
619 343 98 28 betingas
736 343 24 22 af
777 343 25 21 de
820 342 126 22 betalandes

192 377 229 29 förmögenhetsvilkor
440 378 40 21 och
498 378 7 20 i
524 376 134 23 förhållande
678 377 71 22 dertill
767 377 49 21 med
834 376 57 22 olika
909 376 37 22 be-

192 412 51 28 lopp
262 411 58 29 utgå,
339 418 50 15 men
408 414 33 20 att
460 412 62 21 dessa
537 411 73 27 Stånd,
623 412 67 27 jemte
706 412 35 21 det
756 411 26 22 de
797 410 79 22 befriat
891 411 54 26 dem,

192 454 47 15 som
253 447 100 27 utgjorde
368 446 115 28 bevillning
498 446 54 22 efter
567 453 38 14 ren
620 447 92 21 inkomst
727 445 25 22 af
765 445 44 22 dels
824 445 83 22 mindre
918 447 28 20 än

194 481 63 27 2,000
271 481 62 21 mark
348 480 44 22 dels
408 481 70 21 denna
492 487 82 14 summa
589 480 63 22 äfven
666 481 132 27 inbegripen,
814 478 49 23 från
878 480 68 27 erläg-

194 515 71 28 gande
280 515 24 21 af
317 515 91 21 berörde
423 515 69 28 afgift,
507 515 92 21 rörande
613 515 189 22 bestämmelserne
814 515 72 21 derom
897 515 7 21 i
916 514 30 21 öf-

192 550 45 27 rigt
250 549 57 21 varit
321 549 8 21 i
343 548 25 22 så
383 549 67 21 måtto
465 549 129 27 skiljaktige,
609 552 32 18 att
657 549 155 27 Ridderskapet
827 550 40 20 och
878 549 70 21 Adeln

192 585 58 21 samt
269 582 182 29 Borgareståndet
469 584 80 27 förhöjt
564 583 89 29 afgiften
668 583 34 21 för
717 584 54 25 dem,
787 590 46 15 som
847 583 101 22 betalade

192 618 117 28 bevillning
327 617 55 23 efter
400 625 39 14 ren
457 618 94 22 inkomst
568 618 24 22 af
609 619 62 25 5,000
686 618 62 22 mark
763 618 40 21 och
818 618 128 26 derutöfver,

193 652 34 22 till
243 654 39 20 100
298 653 61 21 mark
374 653 40 21 och
429 653 34 21 för
478 652 54 26 dem,
548 659 46 15 som
608 652 102 28 påfördes
724 652 115 28 bevillning
851 652 54 22 efter
916 652 32 21 in-

193 687 71 21 komst
285 685 49 23 från
356 688 62 25 2,500
437 687 61 21 mark
516 686 32 22 till
569 688 61 24 5,000
649 687 67 25 mark,
736 686 33 22 till
788 688 26 20 50
833 687 62 21 mark
913 686 34 22 för

193 720 75 29 hvarje
287 720 45 22 elev
347 728 35 14 om
397 720 51 27 året,
465 721 55 21 dock
534 723 33 20 att
582 721 38 21 der
634 720 37 22 två
686 720 51 22 eller
752 720 51 22 flere
818 721 78 21 bröder
911 720 36 22 be-

194 755 60 21 sökte
275 762 83 14 samma
379 755 165 28 skolinrättning
565 755 89 28 afgiften
676 754 35 22 för
733 755 41 22 den
793 756 68 20 andra
879 755 69 21 skulle

193 789 110 22 nedsättas
322 789 34 21 till
373 789 162 27 trefjerdedelar
554 790 40 21 och
609 789 34 21 för
658 789 26 21 de
699 789 67 28 öfrige
780 790 34 22 till
828 790 83 22 hälften
926 789 25 22 af

193 824 59 21 hvad
269 823 34 22 för
322 824 40 21 den
380 824 67 21 förste
466 824 93 26 erlades;
573 831 50 14 men
638 825 33 19 att
684 823 162 22 Bondeständet
860 824 89 21 anslutit

194 857 33 28 sig
245 857 33 22 till
297 858 41 21 den
356 858 8 21 i
382 858 155 22 betänkandets
555 858 59 21 förra
633 857 113 23 alternativ
762 860 94 26 antagna
871 858 76 27 grund,

194 892 67 28 enligt
280 892 84 21 hvilken
380 892 32 25 de,
428 899 45 14 som
488 892 99 28 utgjorde
602 892 115 28 bevillning
732 892 34 22 för
782 899 45 14 mer
842 893 28 20 än
885 893 63 25 5,000

194 927 72 21 marks
280 934 40 14 ren
332 926 99 26 inkomst,
443 927 68 22 borde
522 927 88 27 erlägga
621 926 35 22 hel
668 926 109 28 skolafgift
788 926 50 22 med
848 928 27 19 48
887 927 61 21 mark

195 961 40 21 och
250 962 32 26 de,
298 968 46 14 som
359 960 100 28 päfördes
474 961 116 27 bevillning
605 961 54 21 efter
673 961 94 23 inkomst
782 961 24 22 af
814 961 60 21 öfver
885 962 63 24 2,500

194 995 34 21 till
246 996 40 21 och
304 995 49 21 med
372 996 62 25 5,000
454 996 67 25 mark,
540 995 72 21 betala
630 995 48 21 half
695 996 63 26 afgift
776 995 48 21 med
844 996 28 20 24
886 996 62 20 mark

194 1029 35 22 för
243 1030 74 27 hvarje
332 1029 45 21 elev
392 1036 34 14 om
442 1029 55 27 äret;
512 1030 111 20 hvaremot
637 1028 167 27 Prestaständet,
821 1030 7 20 i
841 1029 107 22 öfverens-

195 1063 121 22 stämmelse
334 1064 49 20 med
400 1063 156 22 betänkandets
574 1063 90 22 sednare
683 1064 119 25 alternativ,
822 1065 70 20 ansett
908 1064 40 21 den

195 1097 134 21 närvarande
351 1097 143 28 skolafgiften,
514 1105 44 14 som
578 1098 24 20 är
621 1097 98 21 bestämd
736 1098 34 20 till
788 1099 26 19 48
834 1098 62 21 mark
914 1098 35 20 för

195 1131 114 22 betalande
324 1131 51 26 elev,
391 1131 54 21 böra
460 1131 65 22 förbli
540 1131 136 22 oförändrad.

264 1181 34 22 Dä
312 1181 82 22 säledes
409 1185 33 19 tre
454 1182 67 22 Ständ
533 1182 89 21 anslutit
633 1183 33 26 sig
678 1182 33 21 till
724 1182 40 21 den
776 1181 61 28 äsigt,
850 1185 32 19 att
893 1183 56 21 skol-

196 1214 62 28 afgift
272 1215 41 21 bör
328 1215 97 28 erläggas
441 1217 75 20 endast
531 1216 24 21 af
568 1215 54 26 dem,
637 1223 46 14 som
698 1223 40 20 ega
750 1222 39 15 ren
800 1216 93 21 inkomst
904 1216 45 21 dels

196 1248 49 22 frän
260 1250 62 25 2,500
338 1250 61 21 mark
414 1250 45 21 dels
475 1249 127 26 derutöfver,
618 1251 55 19 samt
687 1249 8 22 i
710 1249 66 28 öfrigt
790 1249 52 28 utgä
858 1249 54 22 efter
924 1250 26 21 de

195 1283 126 22 betalandes
337 1283 57 22 olika
408 1283 233 29 förmögenhetsvilkor,
657 1284 40 21 har
712 1283 116 27 Utskottet,
843 1284 35 21 vid
892 1291 56 14 sam-

196 1317 159 29 manjemkning
370 1318 25 22 af
407 1318 27 22 de
448 1319 76 21 härom
538 1318 174 22 förekommande
724 1318 175 28 skiljaktigheter,
912 1325 37 14 an-

196 1354 42 21 sett
252 1353 32 28 sig
299 1353 54 22 böra
367 1353 109 23 vördsamt
490 1353 90 28 inbjuda
595 1353 155 28 Ridderskapet
761 1353 40 21 och
813 1353 68 21 Adeln
894 1355 56 19 samt

196 1387 84 22 Presta-
296 1388 41 22 och
351 1387 186 29 Borgareständen
552 1390 32 20 att
598 1387 76 22 förena
689 1388 32 27 sig
734 1394 34 15 om
781 1388 40 22 den
834 1387 24 22 af
866 1388 83 21 Bonde-

197 1421 91 27 ständet,
304 1423 67 27 enligt
387 1423 117 21 Utskottets
519 1422 59 22 förra
593 1422 119 25 alternativ,
728 1424 94 26 antagna
836 1422 69 27 grund
916 1422 34 21 för
