<?xml version="1.0" encoding="UTF-8"?>
<alto xmlns="http://www.loc.gov/standards/alto/ns-v3#" xmlns:xlink="http://www.w3.org/1999/xlink" xmlns:xsi="http://www.w3.org/2001/XMLSchema-instance" xsi:schemaLocation="http://www.loc.gov/standards/alto/ns-v3# http://www.loc.gov/alto/v3/alto-3-0.xsd">
	<Description>
		<MeasurementUnit>pixel</MeasurementUnit>
		<sourceImageInformation>
			<fileName>/tmp/tess_v4snmd4r_input.PNG</fileName>
		</sourceImageInformation>
		<OCRProcessing ID="OCR_0">
			<ocrProcessingStep>
				<processingSoftware>
					<softwareName>tesseract 5.3.4</softwareName>
				</processingSoftware>
			</ocrProcessingStep>
		</OCRProcessing>
	</Description>
	<Layout>
		<Page WIDTH="1081" HEIGHT="1661" PHYSICAL_IMG_NR="0" ID="page_0">
			<PrintSpace HPOS="0" VPOS="0" WIDTH="1081" HEIGHT="1661">
				<ComposedBlock ID="cblock_0" HPOS="371" VPOS="108" WIDTH="504" HEIGHT="23">
					<TextBlock ID="block_0" HPOS="371" VPOS="108" WIDTH="504" HEIGHT="23">
						<TextLine ID="line_0" HPOS="371" VPOS="108" WIDTH="504" HEIGHT="23">
							<String ID="string_0" HPOS="371" VPOS="108" WIDTH="71" HEIGHT="23" WC="0.91" CONTENT="Nädiga"/><SP WIDTH="12" VPOS="108" HPOS="442"/>
							<String ID="string_1" HPOS="454" VPOS="109" WIDTH="136" HEIGHT="22" WC="0.96" CONTENT="Propositionen"/><SP WIDTH="13" VPOS="109" HPOS="590"/>
							<String ID="string_2" HPOS="603" VPOS="110" WIDTH="34" HEIGHT="17" WC="0.96" CONTENT="N:o"/><SP WIDTH="13" VPOS="110" HPOS="637"/>
							<String ID="string_3" HPOS="650" VPOS="111" WIDTH="29" HEIGHT="16" WC="0.90" CONTENT="16."/><SP WIDTH="165" VPOS="111" HPOS="679"/>
							<String ID="string_4" HPOS="844" VPOS="111" WIDTH="31" HEIGHT="16" WC="0.96" CONTENT="821"/>
						</TextLine>
					</TextBlock>
				</ComposedBlock>
				<ComposedBlock ID="cblock_1" HPOS="149" VPOS="171" WIDTH="752" HEIGHT="1291">
					<TextBlock ID="block_1" HPOS="149" VPOS="171" WIDTH="751" HEIGHT="610">
						<TextLine ID="line_1" HPOS="149" VPOS="171" WIDTH="750" HEIGHT="30">
							<String ID="string_5" HPOS="149" VPOS="172" WIDTH="70" HEIGHT="26" WC="0.93" CONTENT="sition,"/><SP WIDTH="15" VPOS="172" HPOS="219"/>
							<String ID="string_6" HPOS="234" VPOS="171" WIDTH="71" HEIGHT="22" WC="0.92" CONTENT="deruti"/><SP WIDTH="10" VPOS="171" HPOS="305"/>
							<String ID="string_7" HPOS="315" VPOS="171" WIDTH="28" HEIGHT="23" WC="0.84" CONTENT="E."/><SP WIDTH="16" VPOS="171" HPOS="343"/>
							<String ID="string_8" HPOS="359" VPOS="172" WIDTH="26" HEIGHT="21" WC="0.93" CONTENT="K."/><SP WIDTH="16" VPOS="172" HPOS="385"/>
							<String ID="string_9" HPOS="401" VPOS="172" WIDTH="45" HEIGHT="27" WC="0.96" CONTENT="M:t,"/><SP WIDTH="15" VPOS="172" HPOS="446"/>
							<String ID="string_10" HPOS="461" VPOS="172" WIDTH="29" HEIGHT="28" WC="0.93" CONTENT="pä"/><SP WIDTH="14" VPOS="172" HPOS="490"/>
							<String ID="string_11" HPOS="504" VPOS="175" WIDTH="109" HEIGHT="26" WC="0.92" CONTENT="upptagne"/><SP WIDTH="13" VPOS="175" HPOS="613"/>
							<String ID="string_12" HPOS="626" VPOS="173" WIDTH="53" HEIGHT="26" WC="0.94" CONTENT="skäl,"/><SP WIDTH="11" VPOS="173" HPOS="679"/>
							<String ID="string_13" HPOS="690" VPOS="173" WIDTH="57" HEIGHT="22" WC="0.93" CONTENT="velat"/><SP WIDTH="14" VPOS="173" HPOS="747"/>
							<String ID="string_14" HPOS="761" VPOS="173" WIDTH="92" HEIGHT="28" WC="0.93" CONTENT="Nädigst"/><SP WIDTH="14" VPOS="173" HPOS="853"/>
							<String ID="string_15" HPOS="867" VPOS="173" WIDTH="32" HEIGHT="22" WC="0.92" CONTENT="fö-"/>
						</TextLine>
						<TextLine ID="line_2" HPOS="149" VPOS="205" WIDTH="751" HEIGHT="30">
							<String ID="string_16" HPOS="149" VPOS="205" WIDTH="57" HEIGHT="24" WC="0.74" CONTENT="reslä"/><SP WIDTH="18" VPOS="205" HPOS="206"/>
							<String ID="string_17" HPOS="224" VPOS="208" WIDTH="32" HEIGHT="19" WC="0.92" CONTENT="att"/><SP WIDTH="17" VPOS="208" HPOS="256"/>
							<String ID="string_18" HPOS="273" VPOS="206" WIDTH="89" HEIGHT="22" WC="0.96" CONTENT="ärendet"/><SP WIDTH="15" VPOS="206" HPOS="362"/>
							<String ID="string_19" HPOS="377" VPOS="207" WIDTH="18" HEIGHT="27" WC="0.96" CONTENT="ej"/><SP WIDTH="16" VPOS="207" HPOS="395"/>
							<String ID="string_20" HPOS="411" VPOS="206" WIDTH="66" HEIGHT="23" WC="0.96" CONTENT="måtte"/><SP WIDTH="14" VPOS="206" HPOS="477"/>
							<String ID="string_21" HPOS="491" VPOS="208" WIDTH="35" HEIGHT="21" WC="0.96" CONTENT="vid"/><SP WIDTH="15" VPOS="208" HPOS="526"/>
							<String ID="string_22" HPOS="541" VPOS="207" WIDTH="70" HEIGHT="22" WC="0.93" CONTENT="denna"/><SP WIDTH="13" VPOS="207" HPOS="611"/>
							<String ID="string_23" HPOS="624" VPOS="208" WIDTH="103" HEIGHT="27" WC="0.92" CONTENT="landtdag"/><SP WIDTH="15" VPOS="208" HPOS="727"/>
							<String ID="string_24" HPOS="742" VPOS="206" WIDTH="24" HEIGHT="23" WC="0.93" CONTENT="af"/><SP WIDTH="13" VPOS="206" HPOS="766"/>
							<String ID="string_25" HPOS="779" VPOS="208" WIDTH="121" HEIGHT="22" WC="0.56" CONTENT="Ständerna"/>
						</TextLine>
						<TextLine ID="line_3" HPOS="149" VPOS="239" WIDTH="751" HEIGHT="28">
							<String ID="string_26" HPOS="149" VPOS="240" WIDTH="100" HEIGHT="27" WC="0.96" CONTENT="slutligen"/><SP WIDTH="13" VPOS="240" HPOS="249"/>
							<String ID="string_27" HPOS="262" VPOS="240" WIDTH="125" HEIGHT="27" WC="0.81" CONTENT="behandlas,"/><SP WIDTH="15" VPOS="240" HPOS="387"/>
							<String ID="string_28" HPOS="402" VPOS="243" WIDTH="52" HEIGHT="19" WC="0.93" CONTENT="utan"/><SP WIDTH="14" VPOS="243" HPOS="454"/>
							<String ID="string_29" HPOS="468" VPOS="239" WIDTH="81" HEIGHT="23" WC="0.92" CONTENT="lemnas"/><SP WIDTH="14" VPOS="239" HPOS="549"/>
							<String ID="string_30" HPOS="563" VPOS="241" WIDTH="112" HEIGHT="26" WC="0.95" CONTENT="beroende,"/><SP WIDTH="20" VPOS="241" HPOS="675"/>
							<String ID="string_31" HPOS="695" VPOS="241" WIDTH="108" HEIGHT="22" WC="0.96" CONTENT="äfvensom"/><SP WIDTH="18" VPOS="241" HPOS="803"/>
							<String ID="string_32" HPOS="821" VPOS="243" WIDTH="33" HEIGHT="20" WC="0.73" CONTENT="ätt"/><SP WIDTH="19" VPOS="243" HPOS="854"/>
							<String ID="string_33" HPOS="873" VPOS="248" WIDTH="27" HEIGHT="15" WC="0.89" CONTENT="en"/>
						</TextLine>
						<TextLine ID="line_4" HPOS="149" VPOS="273" WIDTH="750" HEIGHT="29">
							<String ID="string_34" HPOS="149" VPOS="274" WIDTH="92" HEIGHT="21" WC="0.93" CONTENT="särskild"/><SP WIDTH="15" VPOS="274" HPOS="241"/>
							<String ID="string_35" HPOS="256" VPOS="274" WIDTH="79" HEIGHT="21" WC="0.93" CONTENT="komité"/><SP WIDTH="14" VPOS="274" HPOS="335"/>
							<String ID="string_36" HPOS="349" VPOS="273" WIDTH="68" HEIGHT="22" WC="0.96" CONTENT="skulle"/><SP WIDTH="14" VPOS="273" HPOS="417"/>
							<String ID="string_37" HPOS="431" VPOS="275" WIDTH="25" HEIGHT="20" WC="0.93" CONTENT="af"/><SP WIDTH="11" VPOS="275" HPOS="456"/>
							<String ID="string_38" HPOS="467" VPOS="275" WIDTH="106" HEIGHT="27" WC="0.96" CONTENT="Regering"/><SP WIDTH="15" VPOS="275" HPOS="573"/>
							<String ID="string_39" HPOS="588" VPOS="276" WIDTH="40" HEIGHT="20" WC="0.93" CONTENT="och"/><SP WIDTH="15" VPOS="276" HPOS="628"/>
							<String ID="string_40" HPOS="643" VPOS="275" WIDTH="97" HEIGHT="26" WC="0.92" CONTENT="Ständer,"/><SP WIDTH="15" VPOS="275" HPOS="740"/>
							<String ID="string_41" HPOS="755" VPOS="276" WIDTH="33" HEIGHT="20" WC="0.96" CONTENT="till"/><SP WIDTH="15" VPOS="276" HPOS="788"/>
							<String ID="string_42" HPOS="803" VPOS="276" WIDTH="44" HEIGHT="20" WC="0.93" CONTENT="lika"/><SP WIDTH="15" VPOS="276" HPOS="847"/>
							<String ID="string_43" HPOS="862" VPOS="283" WIDTH="37" HEIGHT="13" WC="0.93" CONTENT="an-"/>
						</TextLine>
						<TextLine ID="line_5" HPOS="149" VPOS="307" WIDTH="750" HEIGHT="30">
							<String ID="string_44" HPOS="149" VPOS="307" WIDTH="31" HEIGHT="21" WC="0.96" CONTENT="tal"/><SP WIDTH="22" VPOS="307" HPOS="180"/>
							<String ID="string_45" HPOS="202" VPOS="308" WIDTH="24" HEIGHT="20" WC="0.93" CONTENT="af"/><SP WIDTH="19" VPOS="308" HPOS="226"/>
							<String ID="string_46" HPOS="245" VPOS="308" WIDTH="112" HEIGHT="26" WC="0.92" CONTENT="hvardera,"/><SP WIDTH="25" VPOS="308" HPOS="357"/>
							<String ID="string_47" HPOS="382" VPOS="308" WIDTH="118" HEIGHT="22" WC="0.89" CONTENT="emellertid"/><SP WIDTH="24" VPOS="308" HPOS="500"/>
							<String ID="string_48" HPOS="524" VPOS="310" WIDTH="67" HEIGHT="25" WC="0.90" CONTENT="utses,"/><SP WIDTH="22" VPOS="310" HPOS="591"/>
							<String ID="string_49" HPOS="613" VPOS="311" WIDTH="33" HEIGHT="19" WC="0.96" CONTENT="att"/><SP WIDTH="20" VPOS="311" HPOS="646"/>
							<String ID="string_50" HPOS="666" VPOS="309" WIDTH="9" HEIGHT="21" WC="0.96" CONTENT="i"/><SP WIDTH="21" VPOS="309" HPOS="675"/>
							<String ID="string_51" HPOS="696" VPOS="309" WIDTH="133" HEIGHT="28" WC="0.96" CONTENT="Helsingfors"/><SP WIDTH="22" VPOS="309" HPOS="829"/>
							<String ID="string_52" HPOS="851" VPOS="310" WIDTH="48" HEIGHT="21" WC="0.97" CONTENT="stad"/>
						</TextLine>
						<TextLine ID="line_6" HPOS="149" VPOS="342" WIDTH="751" HEIGHT="29">
							<String ID="string_53" HPOS="149" VPOS="342" WIDTH="166" HEIGHT="26" WC="0.91" CONTENT="sammanträda,"/><SP WIDTH="22" VPOS="342" HPOS="315"/>
							<String ID="string_54" HPOS="337" VPOS="342" WIDTH="85" HEIGHT="21" WC="0.92" CONTENT="hvilken"/><SP WIDTH="21" VPOS="342" HPOS="422"/>
							<String ID="string_55" HPOS="443" VPOS="342" WIDTH="78" HEIGHT="22" WC="0.90" CONTENT="komitö"/><SP WIDTH="23" VPOS="342" HPOS="521"/>
							<String ID="string_56" HPOS="544" VPOS="342" WIDTH="61" HEIGHT="28" WC="0.91" CONTENT="äläge"/><SP WIDTH="22" VPOS="342" HPOS="605"/>
							<String ID="string_57" HPOS="627" VPOS="344" WIDTH="32" HEIGHT="20" WC="0.93" CONTENT="att"/><SP WIDTH="21" VPOS="344" HPOS="659"/>
							<String ID="string_58" HPOS="680" VPOS="344" WIDTH="97" HEIGHT="20" WC="0.91" CONTENT="närmare"/><SP WIDTH="18" VPOS="344" HPOS="777"/>
							<String ID="string_59" HPOS="795" VPOS="342" WIDTH="105" HEIGHT="29" WC="0.89" CONTENT="genomgä"/>
						</TextLine>
						<TextLine ID="line_7" HPOS="150" VPOS="376" WIDTH="748" HEIGHT="29">
							<String ID="string_60" HPOS="150" VPOS="376" WIDTH="40" HEIGHT="20" WC="0.90" CONTENT="och"/><SP WIDTH="23" VPOS="376" HPOS="190"/>
							<String ID="string_61" HPOS="213" VPOS="376" WIDTH="93" HEIGHT="27" WC="0.90" CONTENT="granska"/><SP WIDTH="21" VPOS="376" HPOS="306"/>
							<String ID="string_62" HPOS="327" VPOS="376" WIDTH="27" HEIGHT="21" WC="0.93" CONTENT="de"/><SP WIDTH="21" VPOS="376" HPOS="354"/>
							<String ID="string_63" HPOS="375" VPOS="376" WIDTH="118" HEIGHT="22" WC="0.92" CONTENT="aflemnade"/><SP WIDTH="22" VPOS="376" HPOS="493"/>
							<String ID="string_64" HPOS="515" VPOS="376" WIDTH="108" HEIGHT="28" WC="0.92" CONTENT="förslagen"/><SP WIDTH="22" VPOS="376" HPOS="623"/>
							<String ID="string_65" HPOS="645" VPOS="377" WIDTH="40" HEIGHT="21" WC="0.95" CONTENT="och"/><SP WIDTH="20" VPOS="377" HPOS="685"/>
							<String ID="string_66" HPOS="705" VPOS="377" WIDTH="25" HEIGHT="21" WC="0.93" CONTENT="de"/><SP WIDTH="21" VPOS="377" HPOS="730"/>
							<String ID="string_67" HPOS="751" VPOS="378" WIDTH="147" HEIGHT="27" WC="0.92" CONTENT="uträkningar,"/>
						</TextLine>
						<TextLine ID="line_8" HPOS="149" VPOS="409" WIDTH="749" HEIGHT="30">
							<String ID="string_68" HPOS="149" VPOS="409" WIDTH="83" HEIGHT="27" WC="0.90" CONTENT="hvarpä"/><SP WIDTH="21" VPOS="409" HPOS="232"/>
							<String ID="string_69" HPOS="253" VPOS="410" WIDTH="109" HEIGHT="21" WC="0.95" CONTENT="desamma"/><SP WIDTH="21" VPOS="410" HPOS="362"/>
							<String ID="string_70" HPOS="383" VPOS="410" WIDTH="110" HEIGHT="28" WC="0.96" CONTENT="grundats,"/><SP WIDTH="16" VPOS="410" HPOS="493"/>
							<String ID="string_71" HPOS="509" VPOS="410" WIDTH="66" HEIGHT="28" WC="0.95" CONTENT="jemte"/><SP WIDTH="18" VPOS="410" HPOS="575"/>
							<String ID="string_72" HPOS="593" VPOS="411" WIDTH="27" HEIGHT="21" WC="0.96" CONTENT="de"/><SP WIDTH="17" VPOS="411" HPOS="620"/>
							<String ID="string_73" HPOS="637" VPOS="413" WIDTH="45" HEIGHT="19" WC="0.96" CONTENT="mot"/><SP WIDTH="19" VPOS="413" HPOS="682"/>
							<String ID="string_74" HPOS="701" VPOS="412" WIDTH="46" HEIGHT="21" WC="0.92" CONTENT="dem"/><SP WIDTH="19" VPOS="412" HPOS="747"/>
							<String ID="string_75" HPOS="766" VPOS="412" WIDTH="78" HEIGHT="27" WC="0.92" CONTENT="gjörda"/><SP WIDTH="18" VPOS="412" HPOS="844"/>
							<String ID="string_76" HPOS="862" VPOS="419" WIDTH="36" HEIGHT="14" WC="0.87" CONTENT="an-"/>
						</TextLine>
						<TextLine ID="line_9" HPOS="150" VPOS="443" WIDTH="749" HEIGHT="30">
							<String ID="string_77" HPOS="150" VPOS="444" WIDTH="145" HEIGHT="28" WC="0.92" CONTENT="märkningar,"/><SP WIDTH="16" VPOS="444" HPOS="295"/>
							<String ID="string_78" HPOS="311" VPOS="446" WIDTH="56" HEIGHT="19" WC="0.96" CONTENT="samt"/><SP WIDTH="14" VPOS="446" HPOS="367"/>
							<String ID="string_79" HPOS="381" VPOS="443" WIDTH="29" HEIGHT="29" WC="0.96" CONTENT="pä"/><SP WIDTH="14" VPOS="443" HPOS="410"/>
							<String ID="string_80" HPOS="424" VPOS="445" WIDTH="70" HEIGHT="27" WC="0.96" CONTENT="grund"/><SP WIDTH="15" VPOS="445" HPOS="494"/>
							<String ID="string_81" HPOS="509" VPOS="445" WIDTH="23" HEIGHT="21" WC="0.96" CONTENT="af"/><SP WIDTH="13" VPOS="445" HPOS="532"/>
							<String ID="string_82" HPOS="545" VPOS="445" WIDTH="69" HEIGHT="21" WC="0.96" CONTENT="denna"/><SP WIDTH="13" VPOS="445" HPOS="614"/>
							<String ID="string_83" HPOS="627" VPOS="445" WIDTH="158" HEIGHT="28" WC="0.96" CONTENT="undersökning"/><SP WIDTH="15" VPOS="445" HPOS="785"/>
							<String ID="string_84" HPOS="800" VPOS="446" WIDTH="40" HEIGHT="20" WC="0.96" CONTENT="och"/><SP WIDTH="11" VPOS="446" HPOS="840"/>
							<String ID="string_85" HPOS="851" VPOS="446" WIDTH="48" HEIGHT="21" WC="0.96" CONTENT="med"/>
						</TextLine>
						<TextLine ID="line_10" HPOS="150" VPOS="478" WIDTH="750" HEIGHT="28">
							<String ID="string_86" HPOS="150" VPOS="478" WIDTH="87" HEIGHT="28" WC="0.57" CONTENT="ledning"/><SP WIDTH="18" VPOS="478" HPOS="237"/>
							<String ID="string_87" HPOS="255" VPOS="478" WIDTH="24" HEIGHT="21" WC="0.96" CONTENT="af"/><SP WIDTH="15" VPOS="478" HPOS="279"/>
							<String ID="string_88" HPOS="294" VPOS="478" WIDTH="69" HEIGHT="21" WC="0.96" CONTENT="under"/><SP WIDTH="18" VPOS="478" HPOS="363"/>
							<String ID="string_89" HPOS="381" VPOS="478" WIDTH="59" HEIGHT="22" WC="0.93" CONTENT="tiden"/><SP WIDTH="18" VPOS="478" HPOS="440"/>
							<String ID="string_90" HPOS="458" VPOS="486" WIDTH="83" HEIGHT="14" WC="0.96" CONTENT="vunnen"/><SP WIDTH="21" VPOS="486" HPOS="541"/>
							<String ID="string_91" HPOS="562" VPOS="479" WIDTH="122" HEIGHT="21" WC="0.95" CONTENT="erfarenhet"/><SP WIDTH="20" VPOS="479" HPOS="684"/>
							<String ID="string_92" HPOS="704" VPOS="480" WIDTH="55" HEIGHT="20" WC="0.96" CONTENT="huru"/><SP WIDTH="23" VPOS="480" HPOS="759"/>
							<String ID="string_93" HPOS="782" VPOS="480" WIDTH="41" HEIGHT="20" WC="0.93" CONTENT="den"/><SP WIDTH="21" VPOS="480" HPOS="823"/>
							<String ID="string_94" HPOS="844" VPOS="479" WIDTH="56" HEIGHT="22" WC="0.93" CONTENT="före-"/>
						</TextLine>
						<TextLine ID="line_11" HPOS="150" VPOS="512" WIDTH="749" HEIGHT="29">
							<String ID="string_95" HPOS="150" VPOS="513" WIDTH="76" HEIGHT="27" WC="0.88" CONTENT="slagna"/><SP WIDTH="18" VPOS="513" HPOS="226"/>
							<String ID="string_96" HPOS="244" VPOS="512" WIDTH="129" HEIGHT="22" WC="0.88" CONTENT="förändrade"/><SP WIDTH="18" VPOS="512" HPOS="373"/>
							<String ID="string_97" HPOS="391" VPOS="512" WIDTH="177" HEIGHT="29" WC="0.96" CONTENT="undervisningen"/><SP WIDTH="19" VPOS="512" HPOS="568"/>
							<String ID="string_98" HPOS="587" VPOS="514" WIDTH="34" HEIGHT="21" WC="0.93" CONTENT="för"/><SP WIDTH="17" VPOS="514" HPOS="621"/>
							<String ID="string_99" HPOS="638" VPOS="514" WIDTH="210" HEIGHT="27" WC="0.92" CONTENT="räntepersedlarnes"/><SP WIDTH="15" VPOS="514" HPOS="848"/>
							<String ID="string_100" HPOS="863" VPOS="514" WIDTH="36" HEIGHT="21" WC="0.91" CONTENT="be-"/>
						</TextLine>
						<TextLine ID="line_12" HPOS="149" VPOS="546" WIDTH="750" HEIGHT="29">
							<String ID="string_101" HPOS="149" VPOS="546" WIDTH="117" HEIGHT="26" WC="0.91" CONTENT="räknande,"/><SP WIDTH="16" VPOS="546" HPOS="266"/>
							<String ID="string_102" HPOS="282" VPOS="546" WIDTH="94" HEIGHT="27" WC="0.92" CONTENT="jemförd"/><SP WIDTH="17" VPOS="546" HPOS="376"/>
							<String ID="string_103" HPOS="393" VPOS="547" WIDTH="48" HEIGHT="21" WC="0.96" CONTENT="med"/><SP WIDTH="18" VPOS="547" HPOS="441"/>
							<String ID="string_104" HPOS="459" VPOS="554" WIDTH="30" HEIGHT="13" WC="0.94" CONTENT="nu"/><SP WIDTH="14" VPOS="554" HPOS="489"/>
							<String ID="string_105" HPOS="503" VPOS="548" WIDTH="8" HEIGHT="19" WC="0.93" CONTENT="i"/><SP WIDTH="14" VPOS="548" HPOS="511"/>
							<String ID="string_106" HPOS="525" VPOS="547" WIDTH="76" HEIGHT="22" WC="0.92" CONTENT="sädant"/><SP WIDTH="14" VPOS="547" HPOS="601"/>
							<String ID="string_107" HPOS="615" VPOS="548" WIDTH="120" HEIGHT="21" WC="0.96" CONTENT="hänseende"/><SP WIDTH="15" VPOS="548" HPOS="735"/>
							<String ID="string_108" HPOS="750" VPOS="548" WIDTH="98" HEIGHT="27" WC="0.93" CONTENT="gällande"/><SP WIDTH="14" VPOS="548" HPOS="848"/>
							<String ID="string_109" HPOS="862" VPOS="548" WIDTH="37" HEIGHT="21" WC="0.91" CONTENT="be-"/>
						</TextLine>
						<TextLine ID="line_13" HPOS="149" VPOS="580" WIDTH="751" HEIGHT="29">
							<String ID="string_110" HPOS="149" VPOS="581" WIDTH="202" HEIGHT="27" WC="0.86" CONTENT="räkningsgrunder,"/><SP WIDTH="19" VPOS="581" HPOS="351"/>
							<String ID="string_111" HPOS="370" VPOS="581" WIDTH="83" HEIGHT="21" WC="0.80" CONTENT="komme"/><SP WIDTH="19" VPOS="581" HPOS="453"/>
							<String ID="string_112" HPOS="472" VPOS="583" WIDTH="32" HEIGHT="19" WC="0.93" CONTENT="att"/><SP WIDTH="17" VPOS="583" HPOS="504"/>
							<String ID="string_113" HPOS="521" VPOS="582" WIDTH="82" HEIGHT="26" WC="0.89" CONTENT="utfalla,"/><SP WIDTH="19" VPOS="582" HPOS="603"/>
							<String ID="string_114" HPOS="622" VPOS="581" WIDTH="54" HEIGHT="22" WC="0.93" CONTENT="efter"/><SP WIDTH="18" VPOS="581" HPOS="676"/>
							<String ID="string_115" HPOS="694" VPOS="581" WIDTH="107" HEIGHT="28" WC="0.96" CONTENT="förloppet"/><SP WIDTH="19" VPOS="581" HPOS="801"/>
							<String ID="string_116" HPOS="820" VPOS="582" WIDTH="24" HEIGHT="21" WC="0.93" CONTENT="af"/><SP WIDTH="18" VPOS="582" HPOS="844"/>
							<String ID="string_117" HPOS="862" VPOS="580" WIDTH="38" HEIGHT="23" WC="0.96" CONTENT="två"/>
						</TextLine>
						<TextLine ID="line_14" HPOS="149" VPOS="613" WIDTH="750" HEIGHT="30">
							<String ID="string_118" HPOS="149" VPOS="614" WIDTH="26" HEIGHT="22" WC="0.95" CONTENT="år"/><SP WIDTH="14" VPOS="614" HPOS="175"/>
							<String ID="string_119" HPOS="189" VPOS="613" WIDTH="49" HEIGHT="23" WC="0.92" CONTENT="från"/><SP WIDTH="17" VPOS="613" HPOS="238"/>
							<String ID="string_120" HPOS="255" VPOS="615" WIDTH="104" HEIGHT="21" WC="0.70" CONTENT="komitöns"/><SP WIDTH="18" VPOS="615" HPOS="359"/>
							<String ID="string_121" HPOS="377" VPOS="614" WIDTH="138" HEIGHT="27" WC="0.93" CONTENT="tillsättande,"/><SP WIDTH="20" VPOS="614" HPOS="515"/>
							<String ID="string_122" HPOS="535" VPOS="615" WIDTH="79" HEIGHT="28" WC="0.93" CONTENT="afgifva"/><SP WIDTH="16" VPOS="615" HPOS="614"/>
							<String ID="string_123" HPOS="630" VPOS="615" WIDTH="99" HEIGHT="28" WC="0.95" CONTENT="utförligt"/><SP WIDTH="17" VPOS="615" HPOS="729"/>
							<String ID="string_124" HPOS="746" VPOS="616" WIDTH="100" HEIGHT="27" WC="0.96" CONTENT="yttrande"/><SP WIDTH="18" VPOS="616" HPOS="846"/>
							<String ID="string_125" HPOS="864" VPOS="623" WIDTH="35" HEIGHT="14" WC="0.96" CONTENT="om"/>
						</TextLine>
						<TextLine ID="line_15" HPOS="149" VPOS="647" WIDTH="751" HEIGHT="30">
							<String ID="string_126" HPOS="149" VPOS="649" WIDTH="93" HEIGHT="22" WC="0.96" CONTENT="berörda"/><SP WIDTH="22" VPOS="649" HPOS="242"/>
							<String ID="string_127" HPOS="264" VPOS="649" WIDTH="82" HEIGHT="28" WC="0.96" CONTENT="förslag"/><SP WIDTH="22" VPOS="649" HPOS="346"/>
							<String ID="string_128" HPOS="368" VPOS="650" WIDTH="55" HEIGHT="20" WC="0.95" CONTENT="samt"/><SP WIDTH="18" VPOS="650" HPOS="423"/>
							<String ID="string_129" HPOS="441" VPOS="649" WIDTH="104" HEIGHT="22" WC="0.95" CONTENT="huruvida"/><SP WIDTH="18" VPOS="649" HPOS="545"/>
							<String ID="string_130" HPOS="563" VPOS="650" WIDTH="26" HEIGHT="21" WC="0.96" CONTENT="de"/><SP WIDTH="18" VPOS="650" HPOS="589"/>
							<String ID="string_131" HPOS="607" VPOS="650" WIDTH="72" HEIGHT="21" WC="0.96" CONTENT="kunna"/><SP WIDTH="17" VPOS="650" HPOS="679"/>
							<String ID="string_132" HPOS="696" VPOS="650" WIDTH="7" HEIGHT="21" WC="0.96" CONTENT="i"/><SP WIDTH="18" VPOS="650" HPOS="703"/>
							<String ID="string_133" HPOS="721" VPOS="650" WIDTH="38" HEIGHT="21" WC="0.96" CONTENT="sitt"/><SP WIDTH="16" VPOS="650" HPOS="759"/>
							<String ID="string_134" HPOS="775" VPOS="647" WIDTH="125" HEIGHT="24" WC="0.95" CONTENT="nuvarande"/>
						</TextLine>
						<TextLine ID="line_16" HPOS="150" VPOS="683" WIDTH="749" HEIGHT="30">
							<String ID="string_135" HPOS="150" VPOS="684" WIDTH="60" HEIGHT="21" WC="0.93" CONTENT="skick"/><SP WIDTH="18" VPOS="684" HPOS="210"/>
							<String ID="string_136" HPOS="228" VPOS="685" WIDTH="96" HEIGHT="26" WC="0.90" CONTENT="antagas,"/><SP WIDTH="20" VPOS="685" HPOS="324"/>
							<String ID="string_137" HPOS="344" VPOS="683" WIDTH="51" HEIGHT="22" WC="0.96" CONTENT="eller"/><SP WIDTH="18" VPOS="683" HPOS="395"/>
							<String ID="string_138" HPOS="413" VPOS="684" WIDTH="7" HEIGHT="21" WC="0.96" CONTENT="i"/><SP WIDTH="18" VPOS="684" HPOS="420"/>
							<String ID="string_139" HPOS="438" VPOS="686" WIDTH="67" HEIGHT="19" WC="0.96" CONTENT="annat"/><SP WIDTH="17" VPOS="686" HPOS="505"/>
							<String ID="string_140" HPOS="522" VPOS="684" WIDTH="37" HEIGHT="21" WC="0.96" CONTENT="fall"/><SP WIDTH="18" VPOS="684" HPOS="559"/>
							<String ID="string_141" HPOS="577" VPOS="686" WIDTH="47" HEIGHT="26" WC="0.96" CONTENT="nytt"/><SP WIDTH="17" VPOS="686" HPOS="624"/>
							<String ID="string_142" HPOS="641" VPOS="684" WIDTH="134" HEIGHT="28" WC="0.96" CONTENT="fullständigt"/><SP WIDTH="18" VPOS="684" HPOS="775"/>
							<String ID="string_143" HPOS="793" VPOS="685" WIDTH="81" HEIGHT="28" WC="0.96" CONTENT="förslag"/><SP WIDTH="18" VPOS="685" HPOS="874"/>
							<String ID="string_144" HPOS="892" VPOS="685" WIDTH="7" HEIGHT="20" WC="0.96" CONTENT="i"/>
						</TextLine>
						<TextLine ID="line_17" HPOS="149" VPOS="718" WIDTH="750" HEIGHT="26">
							<String ID="string_145" HPOS="149" VPOS="719" WIDTH="78" HEIGHT="25" WC="0.95" CONTENT="ämnet,"/><SP WIDTH="16" VPOS="719" HPOS="227"/>
							<String ID="string_146" HPOS="243" VPOS="718" WIDTH="7" HEIGHT="21" WC="0.93" CONTENT="i"/><SP WIDTH="14" VPOS="718" HPOS="250"/>
							<String ID="string_147" HPOS="264" VPOS="718" WIDTH="217" HEIGHT="21" WC="0.92" CONTENT="öfverensstämmelse"/><SP WIDTH="15" VPOS="718" HPOS="481"/>
							<String ID="string_148" HPOS="496" VPOS="719" WIDTH="48" HEIGHT="20" WC="0.96" CONTENT="med"/><SP WIDTH="16" VPOS="719" HPOS="544"/>
							<String ID="string_149" HPOS="560" VPOS="719" WIDTH="25" HEIGHT="21" WC="0.96" CONTENT="de"/><SP WIDTH="18" VPOS="719" HPOS="585"/>
							<String ID="string_150" HPOS="603" VPOS="718" WIDTH="25" HEIGHT="21" WC="0.93" CONTENT="af"/><SP WIDTH="16" VPOS="718" HPOS="628"/>
							<String ID="string_151" HPOS="644" VPOS="718" WIDTH="120" HEIGHT="22" WC="0.91" CONTENT="Ständerna"/><SP WIDTH="17" VPOS="718" HPOS="764"/>
							<String ID="string_152" HPOS="781" VPOS="719" WIDTH="68" HEIGHT="21" WC="0.95" CONTENT="redan"/><SP WIDTH="14" VPOS="719" HPOS="849"/>
							<String ID="string_153" HPOS="863" VPOS="719" WIDTH="36" HEIGHT="21" WC="0.96" CONTENT="vid"/>
						</TextLine>
						<TextLine ID="line_18" HPOS="149" VPOS="752" WIDTH="659" HEIGHT="29">
							<String ID="string_154" HPOS="149" VPOS="752" WIDTH="99" HEIGHT="22" WC="0.91" CONTENT="sednaste"/><SP WIDTH="14" VPOS="752" HPOS="248"/>
							<String ID="string_155" HPOS="262" VPOS="752" WIDTH="103" HEIGHT="28" WC="0.91" CONTENT="landtdag"/><SP WIDTH="16" VPOS="752" HPOS="365"/>
							<String ID="string_156" HPOS="381" VPOS="752" WIDTH="113" HEIGHT="28" WC="0.93" CONTENT="godkända"/><SP WIDTH="14" VPOS="752" HPOS="494"/>
							<String ID="string_157" HPOS="508" VPOS="752" WIDTH="181" HEIGHT="28" WC="0.91" CONTENT="hufvudgrunder,"/><SP WIDTH="15" VPOS="752" HPOS="689"/>
							<String ID="string_158" HPOS="704" VPOS="754" WIDTH="104" HEIGHT="27" WC="0.91" CONTENT="uppgöra."/>
						</TextLine>
					</TextBlock>
					<TextBlock ID="block_2" HPOS="149" VPOS="786" WIDTH="752" HEIGHT="676">
						<TextLine ID="line_19" HPOS="219" VPOS="786" WIDTH="679" HEIGHT="28">
							<String ID="string_159" HPOS="219" VPOS="787" WIDTH="42" HEIGHT="21" WC="0.93" CONTENT="Vid"/><SP WIDTH="18" VPOS="787" HPOS="261"/>
							<String ID="string_160" HPOS="279" VPOS="786" WIDTH="155" HEIGHT="28" WC="0.91" CONTENT="öfvervägande"/><SP WIDTH="18" VPOS="786" HPOS="434"/>
							<String ID="string_161" HPOS="452" VPOS="786" WIDTH="24" HEIGHT="21" WC="0.96" CONTENT="af"/><SP WIDTH="13" VPOS="786" HPOS="476"/>
							<String ID="string_162" HPOS="489" VPOS="787" WIDTH="58" HEIGHT="20" WC="0.96" CONTENT="detta"/><SP WIDTH="14" VPOS="787" HPOS="547"/>
							<String ID="string_163" HPOS="561" VPOS="787" WIDTH="79" HEIGHT="21" WC="0.96" CONTENT="ärende"/><SP WIDTH="14" VPOS="787" HPOS="640"/>
							<String ID="string_164" HPOS="654" VPOS="787" WIDTH="64" HEIGHT="21" WC="0.96" CONTENT="hafva"/><SP WIDTH="13" VPOS="787" HPOS="718"/>
							<String ID="string_165" HPOS="731" VPOS="787" WIDTH="58" HEIGHT="21" WC="0.93" CONTENT="inom"/><SP WIDTH="16" VPOS="787" HPOS="789"/>
							<String ID="string_166" HPOS="805" VPOS="786" WIDTH="93" HEIGHT="22" WC="0.90" CONTENT="Stånden"/>
						</TextLine>
						<TextLine ID="line_20" HPOS="150" VPOS="820" WIDTH="749" HEIGHT="29">
							<String ID="string_167" HPOS="150" VPOS="823" WIDTH="78" HEIGHT="26" WC="0.92" CONTENT="yppats"/><SP WIDTH="16" VPOS="823" HPOS="228"/>
							<String ID="string_168" HPOS="244" VPOS="821" WIDTH="56" HEIGHT="21" WC="0.93" CONTENT="olika"/><SP WIDTH="15" VPOS="821" HPOS="300"/>
							<String ID="string_169" HPOS="315" VPOS="820" WIDTH="84" HEIGHT="28" WC="0.92" CONTENT="åsigter."/><SP WIDTH="23" VPOS="820" HPOS="399"/>
							<String ID="string_170" HPOS="422" VPOS="820" WIDTH="83" HEIGHT="21" WC="0.91" CONTENT="Preste-"/><SP WIDTH="16" VPOS="820" HPOS="505"/>
							<String ID="string_171" HPOS="521" VPOS="821" WIDTH="38" HEIGHT="21" WC="0.93" CONTENT="och"/><SP WIDTH="12" VPOS="821" HPOS="559"/>
							<String ID="string_172" HPOS="571" VPOS="820" WIDTH="185" HEIGHT="28" WC="0.91" CONTENT="Borgarestånden"/><SP WIDTH="11" VPOS="820" HPOS="756"/>
							<String ID="string_173" HPOS="767" VPOS="821" WIDTH="64" HEIGHT="21" WC="0.91" CONTENT="hafva"/><SP WIDTH="10" VPOS="821" HPOS="831"/>
							<String ID="string_174" HPOS="841" VPOS="827" WIDTH="58" HEIGHT="15" WC="0.91" CONTENT="nem-"/>
						</TextLine>
						<TextLine ID="line_21" HPOS="150" VPOS="854" WIDTH="748" HEIGHT="29">
							<String ID="string_175" HPOS="150" VPOS="855" WIDTH="57" HEIGHT="28" WC="0.95" CONTENT="ligen"/><SP WIDTH="15" VPOS="855" HPOS="207"/>
							<String ID="string_176" HPOS="222" VPOS="856" WIDTH="70" HEIGHT="20" WC="0.95" CONTENT="ansett"/><SP WIDTH="18" VPOS="856" HPOS="292"/>
							<String ID="string_177" HPOS="310" VPOS="862" WIDTH="26" HEIGHT="14" WC="0.96" CONTENT="en"/><SP WIDTH="19" VPOS="862" HPOS="336"/>
							<String ID="string_178" HPOS="355" VPOS="854" WIDTH="34" HEIGHT="22" WC="0.95" CONTENT="del"/><SP WIDTH="18" VPOS="854" HPOS="389"/>
							<String ID="string_179" HPOS="407" VPOS="854" WIDTH="24" HEIGHT="22" WC="0.96" CONTENT="af"/><SP WIDTH="16" VPOS="854" HPOS="431"/>
							<String ID="string_180" HPOS="447" VPOS="854" WIDTH="26" HEIGHT="21" WC="0.97" CONTENT="de"/><SP WIDTH="16" VPOS="854" HPOS="473"/>
							<String ID="string_181" HPOS="489" VPOS="855" WIDTH="165" HEIGHT="27" WC="0.93" CONTENT="anmärkningar"/><SP WIDTH="14" VPOS="855" HPOS="654"/>
							<String ID="string_182" HPOS="668" VPOS="855" WIDTH="157" HEIGHT="21" WC="0.92" CONTENT="Kamrerarene"/><SP WIDTH="14" VPOS="855" HPOS="825"/>
							<String ID="string_183" HPOS="839" VPOS="855" WIDTH="8" HEIGHT="21" WC="0.93" CONTENT="i"/><SP WIDTH="15" VPOS="855" HPOS="847"/>
							<String ID="string_184" HPOS="862" VPOS="854" WIDTH="36" HEIGHT="22" WC="0.93" CONTENT="Se-"/>
						</TextLine>
						<TextLine ID="line_22" HPOS="149" VPOS="888" WIDTH="750" HEIGHT="28">
							<String ID="string_185" HPOS="149" VPOS="891" WIDTH="76" HEIGHT="19" WC="0.92" CONTENT="natens"/><SP WIDTH="14" VPOS="891" HPOS="225"/>
							<String ID="string_186" HPOS="239" VPOS="889" WIDTH="88" HEIGHT="21" WC="0.92" CONTENT="Finans-"/><SP WIDTH="16" VPOS="889" HPOS="327"/>
							<String ID="string_187" HPOS="343" VPOS="889" WIDTH="40" HEIGHT="21" WC="0.91" CONTENT="och"/><SP WIDTH="14" VPOS="889" HPOS="383"/>
							<String ID="string_188" HPOS="397" VPOS="888" WIDTH="236" HEIGHT="28" WC="0.91" CONTENT="Militie-Expeditioner"/><SP WIDTH="15" VPOS="888" HPOS="633"/>
							<String ID="string_189" HPOS="648" VPOS="890" WIDTH="55" HEIGHT="20" WC="0.93" CONTENT="samt"/><SP WIDTH="18" VPOS="890" HPOS="703"/>
							<String ID="string_190" HPOS="721" VPOS="889" WIDTH="178" HEIGHT="21" WC="0.91" CONTENT="Kammarkonto-"/>
						</TextLine>
						<TextLine ID="line_23" HPOS="150" VPOS="922" WIDTH="749" HEIGHT="28">
							<String ID="string_191" HPOS="150" VPOS="925" WIDTH="34" HEIGHT="20" WC="0.96" CONTENT="ret"/><SP WIDTH="15" VPOS="925" HPOS="184"/>
							<String ID="string_192" HPOS="199" VPOS="924" WIDTH="7" HEIGHT="20" WC="0.92" CONTENT="i"/><SP WIDTH="16" VPOS="924" HPOS="206"/>
							<String ID="string_193" HPOS="222" VPOS="924" WIDTH="111" HEIGHT="20" WC="0.92" CONTENT="Kammar-"/><SP WIDTH="16" VPOS="924" HPOS="333"/>
							<String ID="string_194" HPOS="349" VPOS="923" WIDTH="40" HEIGHT="21" WC="0.93" CONTENT="och"/><SP WIDTH="14" VPOS="923" HPOS="389"/>
							<String ID="string_195" HPOS="403" VPOS="922" WIDTH="302" HEIGHT="28" WC="0.90" CONTENT="Räkenskaps-Expeditionen"/><SP WIDTH="19" VPOS="922" HPOS="705"/>
							<String ID="string_196" HPOS="724" VPOS="925" WIDTH="57" HEIGHT="19" WC="0.93" CONTENT="emot"/><SP WIDTH="14" VPOS="925" HPOS="781"/>
							<String ID="string_197" HPOS="795" VPOS="923" WIDTH="104" HEIGHT="21" WC="0.92" CONTENT="komiténs"/>
						</TextLine>
						<TextLine ID="line_24" HPOS="150" VPOS="956" WIDTH="750" HEIGHT="29">
							<String ID="string_198" HPOS="150" VPOS="957" WIDTH="110" HEIGHT="22" WC="0.96" CONTENT="utlåtande"/><SP WIDTH="19" VPOS="957" HPOS="260"/>
							<String ID="string_199" HPOS="279" VPOS="956" WIDTH="120" HEIGHT="27" WC="0.95" CONTENT="framställt,"/><SP WIDTH="15" VPOS="956" HPOS="399"/>
							<String ID="string_200" HPOS="414" VPOS="964" WIDTH="53" HEIGHT="14" WC="0.96" CONTENT="vara"/><SP WIDTH="18" VPOS="964" HPOS="467"/>
							<String ID="string_201" HPOS="485" VPOS="957" WIDTH="23" HEIGHT="21" WC="0.96" CONTENT="af"/><SP WIDTH="17" VPOS="957" HPOS="508"/>
							<String ID="string_202" HPOS="525" VPOS="957" WIDTH="40" HEIGHT="22" WC="0.95" CONTENT="den"/><SP WIDTH="14" VPOS="957" HPOS="565"/>
							<String ID="string_203" HPOS="579" VPOS="957" WIDTH="44" HEIGHT="28" WC="0.96" CONTENT="vigt"/><SP WIDTH="19" VPOS="957" HPOS="623"/>
							<String ID="string_204" HPOS="642" VPOS="958" WIDTH="39" HEIGHT="20" WC="0.96" CONTENT="och"/><SP WIDTH="15" VPOS="958" HPOS="681"/>
							<String ID="string_205" HPOS="696" VPOS="956" WIDTH="108" HEIGHT="23" WC="0.96" CONTENT="innehålla"/><SP WIDTH="15" VPOS="956" HPOS="804"/>
							<String ID="string_206" HPOS="819" VPOS="956" WIDTH="81" HEIGHT="22" WC="0.96" CONTENT="sådana"/>
						</TextLine>
						<TextLine ID="line_25" HPOS="150" VPOS="991" WIDTH="750" HEIGHT="28">
							<String ID="string_207" HPOS="150" VPOS="992" WIDTH="53" HEIGHT="26" WC="0.96" CONTENT="skäl,"/><SP WIDTH="19" VPOS="992" HPOS="203"/>
							<String ID="string_208" HPOS="222" VPOS="994" WIDTH="33" HEIGHT="19" WC="0.95" CONTENT="att"/><SP WIDTH="21" VPOS="994" HPOS="255"/>
							<String ID="string_209" HPOS="276" VPOS="999" WIDTH="26" HEIGHT="14" WC="0.96" CONTENT="en"/><SP WIDTH="18" VPOS="999" HPOS="302"/>
							<String ID="string_210" HPOS="320" VPOS="992" WIDTH="123" HEIGHT="27" WC="0.96" CONTENT="ytterligare"/><SP WIDTH="21" VPOS="992" HPOS="443"/>
							<String ID="string_211" HPOS="464" VPOS="992" WIDTH="40" HEIGHT="20" WC="0.96" CONTENT="och"/><SP WIDTH="21" VPOS="992" HPOS="504"/>
							<String ID="string_212" HPOS="525" VPOS="993" WIDTH="99" HEIGHT="19" WC="0.92" CONTENT="närmare"/><SP WIDTH="18" VPOS="993" HPOS="624"/>
							<String ID="string_213" HPOS="642" VPOS="991" WIDTH="114" HEIGHT="28" WC="0.95" CONTENT="utredning"/><SP WIDTH="21" VPOS="991" HPOS="756"/>
							<String ID="string_214" HPOS="777" VPOS="991" WIDTH="25" HEIGHT="21" WC="0.93" CONTENT="af"/><SP WIDTH="16" VPOS="991" HPOS="802"/>
							<String ID="string_215" HPOS="818" VPOS="991" WIDTH="82" HEIGHT="21" WC="0.92" CONTENT="föreva-"/>
						</TextLine>
						<TextLine ID="line_26" HPOS="150" VPOS="1024" WIDTH="749" HEIGHT="30">
							<String ID="string_216" HPOS="150" VPOS="1026" WIDTH="68" HEIGHT="22" WC="0.96" CONTENT="rande"/><SP WIDTH="18" VPOS="1026" HPOS="218"/>
							<String ID="string_217" HPOS="236" VPOS="1025" WIDTH="61" HEIGHT="29" WC="0.96" CONTENT="fråga"/><SP WIDTH="18" VPOS="1025" HPOS="297"/>
							<String ID="string_218" HPOS="315" VPOS="1033" WIDTH="62" HEIGHT="21" WC="0.96" CONTENT="synes"/><SP WIDTH="18" VPOS="1033" HPOS="377"/>
							<String ID="string_219" HPOS="395" VPOS="1024" WIDTH="106" HEIGHT="29" WC="0.96" CONTENT="påkallad."/><SP WIDTH="30" VPOS="1024" HPOS="501"/>
							<String ID="string_220" HPOS="531" VPOS="1026" WIDTH="30" HEIGHT="27" WC="0.93" CONTENT="Ty"/><SP WIDTH="19" VPOS="1026" HPOS="561"/>
							<String ID="string_221" HPOS="580" VPOS="1026" WIDTH="67" HEIGHT="21" WC="0.93" CONTENT="ehuru"/><SP WIDTH="18" VPOS="1026" HPOS="647"/>
							<String ID="string_222" HPOS="665" VPOS="1026" WIDTH="93" HEIGHT="21" WC="0.92" CONTENT="komitén"/><SP WIDTH="19" VPOS="1026" HPOS="758"/>
							<String ID="string_223" HPOS="777" VPOS="1024" WIDTH="122" HEIGHT="29" WC="0.95" CONTENT="ådagalagt,"/>
						</TextLine>
						<TextLine ID="line_27" HPOS="151" VPOS="1060" WIDTH="749" HEIGHT="29">
							<String ID="string_224" HPOS="151" VPOS="1063" WIDTH="33" HEIGHT="20" WC="0.93" CONTENT="att"/><SP WIDTH="11" VPOS="1063" HPOS="184"/>
							<String ID="string_225" HPOS="195" VPOS="1061" WIDTH="134" HEIGHT="28" WC="0.91" CONTENT="jordskatten"/><SP WIDTH="15" VPOS="1061" HPOS="329"/>
							<String ID="string_226" HPOS="344" VPOS="1061" WIDTH="66" HEIGHT="27" WC="0.96" CONTENT="enligt"/><SP WIDTH="13" VPOS="1061" HPOS="410"/>
							<String ID="string_227" HPOS="423" VPOS="1067" WIDTH="30" HEIGHT="14" WC="0.96" CONTENT="nu"/><SP WIDTH="18" VPOS="1067" HPOS="453"/>
							<String ID="string_228" HPOS="471" VPOS="1060" WIDTH="98" HEIGHT="28" WC="0.96" CONTENT="gällande"/><SP WIDTH="18" VPOS="1060" HPOS="569"/>
							<String ID="string_229" HPOS="587" VPOS="1060" WIDTH="150" HEIGHT="27" WC="0.95" CONTENT="undervisning"/><SP WIDTH="14" VPOS="1060" HPOS="737"/>
							<String ID="string_230" HPOS="751" VPOS="1060" WIDTH="35" HEIGHT="21" WC="0.96" CONTENT="för"/><SP WIDTH="15" VPOS="1060" HPOS="786"/>
							<String ID="string_231" HPOS="801" VPOS="1060" WIDTH="47" HEIGHT="21" WC="0.93" CONTENT="dess"/><SP WIDTH="15" VPOS="1060" HPOS="848"/>
							<String ID="string_232" HPOS="863" VPOS="1060" WIDTH="37" HEIGHT="21" WC="0.91" CONTENT="be-"/>
						</TextLine>
						<TextLine ID="line_28" HPOS="150" VPOS="1095" WIDTH="750" HEIGHT="27">
							<String ID="string_233" HPOS="150" VPOS="1095" WIDTH="110" HEIGHT="21" WC="0.91" CONTENT="räknande"/><SP WIDTH="15" VPOS="1095" HPOS="260"/>
							<String ID="string_234" HPOS="275" VPOS="1096" WIDTH="7" HEIGHT="20" WC="0.96" CONTENT="i"/><SP WIDTH="15" VPOS="1096" HPOS="282"/>
							<String ID="string_235" HPOS="297" VPOS="1095" WIDTH="116" HEIGHT="21" WC="0.96" CONTENT="allmänhet"/><SP WIDTH="18" VPOS="1095" HPOS="413"/>
							<String ID="string_236" HPOS="431" VPOS="1095" WIDTH="59" HEIGHT="27" WC="0.96" CONTENT="stigit"/><SP WIDTH="17" VPOS="1095" HPOS="490"/>
							<String ID="string_237" HPOS="507" VPOS="1095" WIDTH="7" HEIGHT="20" WC="0.96" CONTENT="i"/><SP WIDTH="15" VPOS="1095" HPOS="514"/>
							<String ID="string_238" HPOS="529" VPOS="1102" WIDTH="26" HEIGHT="14" WC="0.96" CONTENT="en"/><SP WIDTH="14" VPOS="1102" HPOS="555"/>
							<String ID="string_239" HPOS="569" VPOS="1095" WIDTH="66" HEIGHT="27" WC="0.96" CONTENT="högre"/><SP WIDTH="14" VPOS="1095" HPOS="635"/>
							<String ID="string_240" HPOS="649" VPOS="1095" WIDTH="133" HEIGHT="26" WC="0.96" CONTENT="proportion,"/><SP WIDTH="15" VPOS="1095" HPOS="782"/>
							<String ID="string_241" HPOS="797" VPOS="1096" WIDTH="28" HEIGHT="19" WC="0.96" CONTENT="än"/><SP WIDTH="15" VPOS="1096" HPOS="825"/>
							<String ID="string_242" HPOS="840" VPOS="1095" WIDTH="60" HEIGHT="21" WC="0.95" CONTENT="fallet"/>
						</TextLine>
						<TextLine ID="line_29" HPOS="150" VPOS="1128" WIDTH="750" HEIGHT="28">
							<String ID="string_243" HPOS="150" VPOS="1129" WIDTH="56" HEIGHT="22" WC="0.96" CONTENT="hade"/><SP WIDTH="14" VPOS="1129" HPOS="206"/>
							<String ID="string_244" HPOS="220" VPOS="1129" WIDTH="56" HEIGHT="21" WC="0.96" CONTENT="varit"/><SP WIDTH="15" VPOS="1129" HPOS="276"/>
							<String ID="string_245" HPOS="291" VPOS="1136" WIDTH="34" HEIGHT="14" WC="0.96" CONTENT="om"/><SP WIDTH="15" VPOS="1136" HPOS="325"/>
							<String ID="string_246" HPOS="340" VPOS="1129" WIDTH="26" HEIGHT="21" WC="0.96" CONTENT="de"/><SP WIDTH="15" VPOS="1129" HPOS="366"/>
							<String ID="string_247" HPOS="381" VPOS="1129" WIDTH="70" HEIGHT="27" WC="0.93" CONTENT="gamla"/><SP WIDTH="17" VPOS="1129" HPOS="451"/>
							<String ID="string_248" HPOS="468" VPOS="1129" WIDTH="203" HEIGHT="27" WC="0.92" CONTENT="undervisningarne"/><SP WIDTH="14" VPOS="1129" HPOS="671"/>
							<String ID="string_249" HPOS="685" VPOS="1128" WIDTH="133" HEIGHT="22" WC="0.96" CONTENT="fortfarande"/><SP WIDTH="14" VPOS="1128" HPOS="818"/>
							<String ID="string_250" HPOS="832" VPOS="1128" WIDTH="68" HEIGHT="21" WC="0.96" CONTENT="skulle"/>
						</TextLine>
						<TextLine ID="line_30" HPOS="151" VPOS="1161" WIDTH="750" HEIGHT="29">
							<String ID="string_251" HPOS="151" VPOS="1163" WIDTH="59" HEIGHT="27" WC="0.96" CONTENT="legat"/><SP WIDTH="13" VPOS="1163" HPOS="210"/>
							<String ID="string_252" HPOS="223" VPOS="1163" WIDTH="34" HEIGHT="21" WC="0.96" CONTENT="till"/><SP WIDTH="14" VPOS="1163" HPOS="257"/>
							<String ID="string_253" HPOS="271" VPOS="1163" WIDTH="70" HEIGHT="27" WC="0.96" CONTENT="grund"/><SP WIDTH="14" VPOS="1163" HPOS="341"/>
							<String ID="string_254" HPOS="355" VPOS="1162" WIDTH="34" HEIGHT="22" WC="0.96" CONTENT="för"/><SP WIDTH="15" VPOS="1162" HPOS="389"/>
							<String ID="string_255" HPOS="404" VPOS="1163" WIDTH="128" HEIGHT="25" WC="0.96" CONTENT="densamma,"/><SP WIDTH="16" VPOS="1163" HPOS="532"/>
							<String ID="string_256" HPOS="548" VPOS="1169" WIDTH="50" HEIGHT="15" WC="0.93" CONTENT="anse"/><SP WIDTH="15" VPOS="1169" HPOS="598"/>
							<String ID="string_257" HPOS="613" VPOS="1162" WIDTH="96" HEIGHT="22" WC="0.91" CONTENT="bemälde"/><SP WIDTH="16" VPOS="1162" HPOS="709"/>
							<String ID="string_258" HPOS="725" VPOS="1161" WIDTH="67" HEIGHT="23" WC="0.96" CONTENT="Stånd"/><SP WIDTH="11" VPOS="1161" HPOS="792"/>
							<String ID="string_259" HPOS="803" VPOS="1162" WIDTH="55" HEIGHT="22" WC="0.96" CONTENT="dock"/><SP WIDTH="11" VPOS="1162" HPOS="858"/>
							<String ID="string_260" HPOS="869" VPOS="1164" WIDTH="32" HEIGHT="20" WC="0.96" CONTENT="att"/>
						</TextLine>
						<TextLine ID="line_31" HPOS="152" VPOS="1196" WIDTH="748" HEIGHT="28">
							<String ID="string_261" HPOS="152" VPOS="1197" WIDTH="27" HEIGHT="21" WC="0.93" CONTENT="de"/><SP WIDTH="13" VPOS="1197" HPOS="179"/>
							<String ID="string_262" HPOS="192" VPOS="1197" WIDTH="132" HEIGHT="21" WC="0.92" CONTENT="komiterade"/><SP WIDTH="18" VPOS="1197" HPOS="324"/>
							<String ID="string_263" HPOS="342" VPOS="1196" WIDTH="57" HEIGHT="22" WC="0.92" CONTENT="åsatt"/><SP WIDTH="17" VPOS="1196" HPOS="399"/>
							<String ID="string_264" HPOS="416" VPOS="1204" WIDTH="26" HEIGHT="14" WC="0.96" CONTENT="en"/><SP WIDTH="19" VPOS="1204" HPOS="442"/>
							<String ID="string_265" HPOS="461" VPOS="1196" WIDTH="34" HEIGHT="22" WC="0.96" CONTENT="del"/><SP WIDTH="18" VPOS="1196" HPOS="495"/>
							<String ID="string_266" HPOS="513" VPOS="1197" WIDTH="24" HEIGHT="21" WC="0.96" CONTENT="af"/><SP WIDTH="12" VPOS="1197" HPOS="537"/>
							<String ID="string_267" HPOS="549" VPOS="1197" WIDTH="26" HEIGHT="21" WC="0.95" CONTENT="de"/><SP WIDTH="14" VPOS="1197" HPOS="575"/>
							<String ID="string_268" HPOS="589" VPOS="1197" WIDTH="8" HEIGHT="21" WC="0.96" CONTENT="i"/><SP WIDTH="15" VPOS="1197" HPOS="597"/>
							<String ID="string_269" HPOS="612" VPOS="1196" WIDTH="71" HEIGHT="28" WC="0.93" CONTENT="gamla"/><SP WIDTH="14" VPOS="1196" HPOS="683"/>
							<String ID="string_270" HPOS="697" VPOS="1197" WIDTH="203" HEIGHT="27" WC="0.92" CONTENT="undervisningarne"/>
						</TextLine>
						<TextLine ID="line_32" HPOS="152" VPOS="1230" WIDTH="748" HEIGHT="28">
							<String ID="string_271" HPOS="152" VPOS="1230" WIDTH="104" HEIGHT="28" WC="0.93" CONTENT="ingående"/><SP WIDTH="17" VPOS="1230" HPOS="256"/>
							<String ID="string_272" HPOS="273" VPOS="1230" WIDTH="111" HEIGHT="28" WC="0.91" CONTENT="persedlar"/><SP WIDTH="17" VPOS="1230" HPOS="384"/>
							<String ID="string_273" HPOS="401" VPOS="1230" WIDTH="110" HEIGHT="22" WC="0.93" CONTENT="äfvensom"/><SP WIDTH="18" VPOS="1230" HPOS="511"/>
							<String ID="string_274" HPOS="529" VPOS="1230" WIDTH="144" HEIGHT="28" WC="0.91" CONTENT="dagsverkena"/><SP WIDTH="18" VPOS="1230" HPOS="673"/>
							<String ID="string_275" HPOS="691" VPOS="1230" WIDTH="73" HEIGHT="21" WC="0.96" CONTENT="alltför"/><SP WIDTH="17" VPOS="1230" HPOS="764"/>
							<String ID="string_276" HPOS="781" VPOS="1230" WIDTH="51" HEIGHT="28" WC="0.96" CONTENT="låga"/><SP WIDTH="17" VPOS="1230" HPOS="832"/>
							<String ID="string_277" HPOS="849" VPOS="1230" WIDTH="51" HEIGHT="28" WC="0.95" CONTENT="pris,"/>
						</TextLine>
						<TextLine ID="line_33" HPOS="152" VPOS="1263" WIDTH="748" HEIGHT="29">
							<String ID="string_278" HPOS="152" VPOS="1265" WIDTH="40" HEIGHT="21" WC="0.96" CONTENT="och"/><SP WIDTH="19" VPOS="1265" HPOS="192"/>
							<String ID="string_279" HPOS="211" VPOS="1266" WIDTH="32" HEIGHT="20" WC="0.96" CONTENT="att"/><SP WIDTH="17" VPOS="1266" HPOS="243"/>
							<String ID="string_280" HPOS="260" VPOS="1264" WIDTH="33" HEIGHT="22" WC="0.96" CONTENT="till"/><SP WIDTH="18" VPOS="1264" HPOS="293"/>
							<String ID="string_281" HPOS="311" VPOS="1264" WIDTH="51" HEIGHT="28" WC="0.96" CONTENT="följe"/><SP WIDTH="19" VPOS="1264" HPOS="362"/>
							<String ID="string_282" HPOS="381" VPOS="1263" WIDTH="61" HEIGHT="23" WC="0.96" CONTENT="deraf"/><SP WIDTH="16" VPOS="1263" HPOS="442"/>
							<String ID="string_283" HPOS="458" VPOS="1264" WIDTH="39" HEIGHT="21" WC="0.96" CONTENT="full"/><SP WIDTH="18" VPOS="1264" HPOS="497"/>
							<String ID="string_284" HPOS="515" VPOS="1264" WIDTH="78" HEIGHT="22" WC="0.96" CONTENT="visshet"/><SP WIDTH="22" VPOS="1264" HPOS="593"/>
							<String ID="string_285" HPOS="615" VPOS="1264" WIDTH="46" HEIGHT="21" WC="0.96" CONTENT="icke"/><SP WIDTH="24" VPOS="1264" HPOS="661"/>
							<String ID="string_286" HPOS="685" VPOS="1263" WIDTH="160" HEIGHT="22" WC="0.92" CONTENT="åstadkommits"/><SP WIDTH="18" VPOS="1263" HPOS="845"/>
							<String ID="string_287" HPOS="863" VPOS="1271" WIDTH="37" HEIGHT="14" WC="0.90" CONTENT="an-"/>
						</TextLine>
						<TextLine ID="line_34" HPOS="152" VPOS="1298" WIDTH="749" HEIGHT="28">
							<String ID="string_288" HPOS="152" VPOS="1298" WIDTH="82" HEIGHT="28" WC="0.96" CONTENT="gående"/><SP WIDTH="17" VPOS="1298" HPOS="234"/>
							<String ID="string_289" HPOS="251" VPOS="1300" WIDTH="58" HEIGHT="19" WC="0.96" CONTENT="rätta"/><SP WIDTH="18" VPOS="1300" HPOS="309"/>
							<String ID="string_290" HPOS="327" VPOS="1298" WIDTH="100" HEIGHT="27" WC="0.96" CONTENT="beloppet"/><SP WIDTH="18" VPOS="1298" HPOS="427"/>
							<String ID="string_291" HPOS="445" VPOS="1298" WIDTH="24" HEIGHT="20" WC="0.93" CONTENT="af"/><SP WIDTH="16" VPOS="1298" HPOS="469"/>
							<String ID="string_292" HPOS="485" VPOS="1298" WIDTH="141" HEIGHT="26" WC="0.92" CONTENT="nyssberörda"/><SP WIDTH="15" VPOS="1298" HPOS="626"/>
							<String ID="string_293" HPOS="641" VPOS="1298" WIDTH="163" HEIGHT="26" WC="0.92" CONTENT="skattestegring"/><SP WIDTH="16" VPOS="1298" HPOS="804"/>
							<String ID="string_294" HPOS="820" VPOS="1298" WIDTH="39" HEIGHT="20" WC="0.96" CONTENT="och"/><SP WIDTH="15" VPOS="1298" HPOS="859"/>
							<String ID="string_295" HPOS="874" VPOS="1298" WIDTH="27" HEIGHT="20" WC="0.96" CONTENT="de"/>
						</TextLine>
						<TextLine ID="line_35" HPOS="152" VPOS="1330" WIDTH="746" HEIGHT="29">
							<String ID="string_296" HPOS="152" VPOS="1332" WIDTH="156" HEIGHT="27" WC="0.96" CONTENT="förändringar,"/><SP WIDTH="17" VPOS="1332" HPOS="308"/>
							<String ID="string_297" HPOS="325" VPOS="1331" WIDTH="40" HEIGHT="21" WC="0.96" CONTENT="den"/><SP WIDTH="14" VPOS="1331" HPOS="365"/>
							<String ID="string_298" HPOS="379" VPOS="1332" WIDTH="8" HEIGHT="20" WC="0.93" CONTENT="i"/><SP WIDTH="14" VPOS="1332" HPOS="387"/>
							<String ID="string_299" HPOS="401" VPOS="1330" WIDTH="84" HEIGHT="28" WC="0.91" CONTENT="Nådiga"/><SP WIDTH="14" VPOS="1330" HPOS="485"/>
							<String ID="string_300" HPOS="499" VPOS="1331" WIDTH="141" HEIGHT="27" WC="0.96" CONTENT="kungörelsen"/><SP WIDTH="15" VPOS="1331" HPOS="640"/>
							<String ID="string_301" HPOS="655" VPOS="1331" WIDTH="24" HEIGHT="21" WC="0.96" CONTENT="af"/><SP WIDTH="12" VPOS="1331" HPOS="679"/>
							<String ID="string_302" HPOS="691" VPOS="1331" WIDTH="41" HEIGHT="21" WC="0.96" CONTENT="den"/><SP WIDTH="15" VPOS="1331" HPOS="732"/>
							<String ID="string_303" HPOS="747" VPOS="1332" WIDTH="12" HEIGHT="19" WC="0.96" CONTENT="5"/><SP WIDTH="15" VPOS="1332" HPOS="759"/>
							<String ID="string_304" HPOS="774" VPOS="1330" WIDTH="58" HEIGHT="21" WC="0.96" CONTENT="Mars"/><SP WIDTH="14" VPOS="1330" HPOS="832"/>
							<String ID="string_305" HPOS="846" VPOS="1332" WIDTH="52" HEIGHT="20" WC="0.96" CONTENT="1841"/>
						</TextLine>
						<TextLine ID="line_36" HPOS="152" VPOS="1364" WIDTH="749" HEIGHT="29">
							<String ID="string_306" HPOS="152" VPOS="1366" WIDTH="121" HEIGHT="21" WC="0.95" CONTENT="fastställda"/><SP WIDTH="17" VPOS="1366" HPOS="273"/>
							<String ID="string_307" HPOS="290" VPOS="1366" WIDTH="151" HEIGHT="27" WC="0.87" CONTENT="undervisning"/><SP WIDTH="18" VPOS="1366" HPOS="441"/>
							<String ID="string_308" HPOS="459" VPOS="1365" WIDTH="85" HEIGHT="27" WC="0.90" CONTENT="tillfölje"/><SP WIDTH="22" VPOS="1365" HPOS="544"/>
							<String ID="string_309" HPOS="566" VPOS="1364" WIDTH="62" HEIGHT="22" WC="0.96" CONTENT="deraf"/><SP WIDTH="19" VPOS="1364" HPOS="628"/>
							<String ID="string_310" HPOS="647" VPOS="1364" WIDTH="67" HEIGHT="21" WC="0.96" CONTENT="borde"/><SP WIDTH="21" VPOS="1364" HPOS="714"/>
							<String ID="string_311" HPOS="735" VPOS="1364" WIDTH="103" HEIGHT="28" WC="0.96" CONTENT="undergå."/><SP WIDTH="30" VPOS="1364" HPOS="838"/>
							<String ID="string_312" HPOS="868" VPOS="1364" WIDTH="33" HEIGHT="21" WC="0.96" CONTENT="Då"/>
						</TextLine>
						<TextLine ID="line_37" HPOS="152" VPOS="1398" WIDTH="749" HEIGHT="29">
							<String ID="string_313" HPOS="152" VPOS="1400" WIDTH="118" HEIGHT="22" WC="0.96" CONTENT="emellertid"/><SP WIDTH="19" VPOS="1400" HPOS="270"/>
							<String ID="string_314" HPOS="289" VPOS="1400" WIDTH="58" HEIGHT="21" WC="0.93" CONTENT="detta"/><SP WIDTH="20" VPOS="1400" HPOS="347"/>
							<String ID="string_315" HPOS="367" VPOS="1398" WIDTH="188" HEIGHT="29" WC="0.91" CONTENT="maktpåliggande"/><SP WIDTH="20" VPOS="1398" HPOS="555"/>
							<String ID="string_316" HPOS="575" VPOS="1399" WIDTH="80" HEIGHT="21" WC="0.96" CONTENT="ärende"/><SP WIDTH="20" VPOS="1399" HPOS="655"/>
							<String ID="string_317" HPOS="675" VPOS="1399" WIDTH="47" HEIGHT="21" WC="0.97" CONTENT="icke"/><SP WIDTH="21" VPOS="1399" HPOS="722"/>
							<String ID="string_318" HPOS="743" VPOS="1398" WIDTH="70" HEIGHT="22" WC="0.95" CONTENT="kunde"/><SP WIDTH="22" VPOS="1398" HPOS="813"/>
							<String ID="string_319" HPOS="835" VPOS="1399" WIDTH="66" HEIGHT="21" WC="0.96" CONTENT="blifva"/>
						</TextLine>
						<TextLine ID="line_38" HPOS="152" VPOS="1432" WIDTH="748" HEIGHT="30">
							<String ID="string_320" HPOS="152" VPOS="1435" WIDTH="50" HEIGHT="22" WC="0.92" CONTENT="med"/><SP WIDTH="9" VPOS="1435" HPOS="202"/>
							<String ID="string_321" HPOS="211" VPOS="1434" WIDTH="103" HEIGHT="28" WC="0.96" CONTENT="tillbörlig"/><SP WIDTH="11" VPOS="1434" HPOS="314"/>
							<String ID="string_322" HPOS="325" VPOS="1434" WIDTH="99" HEIGHT="22" WC="0.93" CONTENT="säkerhet"/><SP WIDTH="11" VPOS="1434" HPOS="424"/>
							<String ID="string_323" HPOS="435" VPOS="1433" WIDTH="94" HEIGHT="29" WC="0.89" CONTENT="afgjordt"/><SP WIDTH="8" VPOS="1433" HPOS="529"/>
							<String ID="string_324" HPOS="537" VPOS="1432" WIDTH="86" HEIGHT="29" WC="0.96" CONTENT="sålänge"/><SP WIDTH="9" VPOS="1432" HPOS="623"/>
							<String ID="string_325" HPOS="632" VPOS="1433" WIDTH="25" HEIGHT="22" WC="0.96" CONTENT="de"/><SP WIDTH="7" VPOS="1433" HPOS="657"/>
							<String ID="string_326" HPOS="664" VPOS="1433" WIDTH="146" HEIGHT="28" WC="0.93" CONTENT="uträkningar,"/><SP WIDTH="9" VPOS="1433" HPOS="810"/>
							<String ID="string_327" HPOS="819" VPOS="1432" WIDTH="81" HEIGHT="29" WC="0.91" CONTENT="hvarpå"/>
						</TextLine>
					</TextBlock>
				</ComposedBlock>
			</PrintSpace>
		</Page>
	</Layout>
</alto>
