1017 1670
175 121 33 16 904
373 120 72 23 Nädiga
456 121 136 22 Propositionen
605 121 34 16 N:o
652 121 27 16 20.

151 183 186 27 utgifningsorten,
359 185 55 19 samt
433 183 64 21 ställa
515 183 99 21 säkerhet
631 182 34 21 för
684 182 26 22 de
728 182 62 22 böter
809 183 40 21 och
868 189 32 15 er-

151 217 126 27 sättningar,
296 225 52 18 som,
366 217 46 21 ifall
430 217 43 22 han
491 217 35 22 vid
544 217 131 22 tidskriftens
693 217 125 28 utgifvande
836 217 65 22 tilläf-

150 253 85 26 ventyrs
255 253 38 26 gör
312 251 32 28 sig
363 251 98 22 förfallen
475 251 33 22 till
523 251 151 22 öfverträdelse
689 251 24 22 af
725 251 36 28 lag
777 252 39 21 och
832 251 70 22 denna

150 286 141 27 Förordning,
310 286 72 22 kunna
399 286 79 21 honom
497 285 84 23 derföre
595 285 120 27 ädömmas;
730 287 8 20 i
752 286 80 22 hvilket
847 286 55 22 afse-

151 321 53 21 ende
226 321 44 21 han
288 320 40 22 bör
345 320 8 21 i
373 320 141 21 landtränteri
533 321 51 20 eller
602 320 101 21 Finlands
721 321 61 21 Bank
800 321 32 21 uti
850 321 52 21 kon-

150 357 62 19 tanta
230 355 120 27 penningar
369 355 51 20 eller
438 355 120 27 disponibla
572 355 154 27 värdepapper,
742 355 114 22 betalbara
869 355 34 22 till

150 389 159 26 innehafvaren,
328 389 108 21 nedsätta:
455 389 35 22 för
507 389 95 22 tidskrift
619 389 8 20 i
644 389 134 28 Helsingfors
794 390 40 21 och
848 383 54 34 Åbo,

152 431 34 13 om
206 423 40 22 den
264 423 120 21 utkommer
402 430 26 14 en
444 422 56 29 gäng
514 423 7 21 i
536 424 80 20 veckan
631 425 83 19 ettusen
729 424 67 26 mark,
812 431 35 15 om
862 424 42 22 den

150 458 91 28 utgifves
256 457 36 22 två
307 458 51 21 eller
372 458 52 21 flere
438 458 33 21 till
486 458 39 21 och
540 458 48 21 med
603 458 42 21 fem
657 457 80 29 gånger
747 458 8 21 i
766 458 81 22 veckan
858 458 45 22 tvä-

150 495 63 19 tusen
231 492 68 26 mark,
315 492 40 22 och
370 500 35 14 om
419 492 135 28 utgifningen
569 492 49 22 sker
633 500 36 14 sex
685 493 51 21 eller
752 493 34 27 sju
801 492 81 29 gånger
895 494 9 21 i

150 527 81 21 veckan
250 527 110 28 fyratusen
373 527 74 26 mark;
463 529 55 19 samt
532 527 34 21 för
581 527 118 21 tidskrifter
713 528 8 20 i
735 528 84 21 landets
834 528 70 28 öfriga

151 562 73 21 städer
241 561 82 22 hälften
341 561 24 22 af
380 562 56 20 hvad
454 562 8 20 i
481 561 134 22 förestäende
632 561 67 22 mätto
718 562 32 21 uti
769 562 74 28 hvarje
858 564 46 20 sär-

151 596 65 22 skildt
230 596 39 22 fall
284 596 69 22 blifvit
367 596 114 21 faststälät.
503 596 115 21 Nedsätter
632 595 71 29 någon
718 596 34 22 för
768 597 58 21 detta
838 597 66 22 ända-

150 630 44 22 mål
217 631 157 24 räntebärande
396 631 147 28 obligationer,
561 638 50 14 vare
629 631 122 28 berättigad
771 633 33 19 att
822 631 82 29 årligen

151 666 100 27 uppbära
266 666 41 22 den
321 667 63 20 ränta
400 672 45 14 som
460 666 34 21 för
509 665 48 21 dem
572 666 42 20 kan
628 665 83 23 utfalla.

221 702 40 20 2:0.
291 701 53 25 Den,
360 707 46 15 som
420 700 37 21 vill
471 700 83 28 utgifva
568 700 107 27 periodisk
690 700 70 26 skrift,
776 700 85 22 anmäle
872 701 33 28 sig

153 735 71 21 dertill
242 736 39 20 hos
301 730 168 32 Öfverstyrelsen
485 735 33 21 för
532 735 181 27 pressärenderna
727 735 91 22 medelst
832 736 72 21 skrift-

151 770 30 27 lig
195 770 79 27 inlaga,
290 777 46 14 som
351 769 54 22 skall
416 768 107 23 innehålla
535 777 111 20 noggrann
658 770 86 27 uppgift
755 777 36 14 om
804 770 40 22 den
855 770 49 22 blif-

152 804 68 22 vande
243 804 100 22 skriftens
365 804 47 22 titel
435 805 39 21 och
496 804 92 28 omfäng,
607 803 29 29 pä
654 804 79 22 hvilket
751 805 93 28 tryckeri
864 806 41 21 den

152 839 95 21 kommer
266 841 32 19 att
316 839 92 28 tryckas,
427 841 55 19 samt
500 839 71 22 hvilka
591 839 66 28 dagar
675 839 8 21 i
701 839 81 22 veckan
796 840 41 21 och
852 840 52 22 hvil-

152 874 41 21 ken
216 874 74 23 timme
311 873 29 28 pä
359 874 68 27 dagen
447 874 110 27 utdelning
576 874 63 21 deraf
654 874 119 27 tillämnas;
791 875 114 22 hvarutom

152 909 59 20 bevis
230 908 59 21 öfver
308 908 41 23 den
363 908 7 21 i
384 916 63 13 mom.
465 911 9 18 1
492 909 128 21 föreskrifna
634 909 272 28 penningenedsättningen

152 943 40 21 bör
206 950 53 14 vara
273 943 87 27 inlagan
375 943 115 27 vidfogadt.

222 979 39 19 3:0.
285 976 34 22 Då
330 976 66 22 sådan
408 977 73 28 inlaga
492 978 33 21 till
533 973 167 32 Öfverstyrelsen
707 977 119 28 inkommit,
835 978 70 29 äligge

153 1007 169 32 Öfverstyrelsen
337 1013 32 20 att
383 1011 130 22 oförtöfvadt
527 1012 73 21 skrida
611 1012 32 21 till
654 1012 101 28 pröfning
767 1013 66 22 deraf.
856 1014 49 21 Fin-

152 1053 38 14 nes
210 1046 73 21 dervid
301 1046 75 27 nödigt
391 1048 32 19 att
438 1047 63 20 hafva
516 1046 101 22 tillhands
633 1047 91 20 särskild
739 1047 116 28 utredning
870 1055 36 14 om

152 1080 121 21 sökandens
292 1087 78 20 person
389 1080 7 21 i
414 1081 86 26 hänsigt
517 1081 34 20 till
567 1081 26 20 de
607 1081 7 20 i
628 1088 63 13 mom.
709 1082 10 19 1
735 1083 111 26 upptagne
861 1089 45 14 om-

154 1114 152 27 ständigheter,
326 1121 37 20 ege
383 1109 168 33 Öfverstyrelsen
571 1115 123 21 densamma
713 1115 24 22 af
750 1116 109 21 sökanden
873 1117 32 21 in-

153 1148 80 26 fordra,
252 1155 49 14 men
317 1149 50 26 göre
383 1148 35 21 det
433 1149 37 21 sist
485 1148 13 21 å
513 1149 67 27 fjerde
595 1148 92 28 helgfria
702 1149 42 28 dag
759 1150 54 21 efter
828 1151 76 21 ansök-

153 1183 90 26 ningens
261 1182 141 22 inlemnande.
432 1184 67 20 Anses
518 1183 41 21 slik
577 1183 114 28 utredning
709 1184 47 21 icke
772 1185 133 28 erforderlig,

154 1216 52 20 eller
220 1216 41 20 har
275 1216 109 20 sökanden
399 1217 108 25 sjelfmant
522 1217 51 20 eller
584 1217 65 26 enligt
660 1217 110 20 föreskrift
782 1219 124 21 densamma

152 1249 94 25 företett,
265 1256 50 13 vare
335 1245 166 31 Öfverstyrelsen
520 1250 83 26 skyldig
621 1251 32 19 att
671 1251 40 19 sist
729 1249 46 22 ätta
794 1251 68 27 dagar
877 1252 30 21 ef-

153 1284 34 20 ter
211 1282 35 21 det
266 1282 139 28 fullständiga
423 1282 128 28 handlingar
569 1283 112 21 inkommit
699 1284 120 28 skriftligen
837 1284 70 23 utläta

154 1318 32 27 sig
206 1318 106 20 huruvida
330 1317 40 22 den
389 1317 123 21 tillämnade
527 1318 127 25 tidskriften,
670 1319 48 21 med
733 1319 100 23 afseende
848 1319 13 22 å
876 1320 31 22 of-

153 1351 89 23 vanföre
257 1352 103 27 stadgade
375 1352 73 26 vilkor,
464 1351 33 21 fär
512 1352 92 28 utgifvas
619 1352 52 22 eller
686 1353 26 27 ej.

224 1388 40 20 4:0.
288 1386 67 21 Innan
370 1386 226 28 Pressöfverstyrelsen
611 1387 97 22 utfärdat
721 1387 98 23 tillstånd
830 1389 33 21 till
873 1392 35 19 ut-

154 1420 100 28 gifvande
276 1421 24 21 af
319 1421 94 22 tidskrift
435 1420 35 22 mä
488 1422 113 27 tryckning
619 1422 40 21 och
677 1422 111 28 utdelning
808 1423 62 22 deraf
887 1424 19 28 ej

154 1455 116 28 företagas.
294 1454 53 22 Sker
359 1455 42 27 det,
413 1462 89 16 ansvare
513 1455 156 29 boktryckaren
681 1456 71 22 såsom
763 1458 7 20 i
782 1458 12 27 $
808 1459 25 21 18
845 1458 63 29 sagdt
