1023 1661
333 101 72 23 Nådiga
416 103 137 22 Propositionen
565 102 35 17 N:o
613 103 27 16 16.
805 103 32 16 807

110 165 91 21 mänhet
208 165 64 27 stigit
285 164 8 21 i
308 162 26 23 en
348 165 67 26 högre
429 161 132 32 proportion,
577 166 27 20 än
619 165 60 22 fallet
693 165 56 22 hade
759 165 56 21 varit
826 173 35 14 om

110 197 29 24 de
151 197 71 30 gamla
236 199 204 28 undervisningarne
454 197 133 24 fortfarande
600 199 69 22 skulle
677 199 60 28 legat
747 199 34 22 till
792 200 69 27 grund

110 233 34 22 för
159 233 132 26 'densammå;
304 239 64 15 anser
382 233 109 22 sektionen
506 233 55 22 dock
575 235 32 20 att
622 233 26 22 de
662 229 132 26 komiterade
805 233 57 22 åsatt

109 273 34 15 em
152 266 34 22 del
201 267 25 21 af
238 267 26 21 de
278 263 49 25 i'de
342 267 71 27 gamla
431 267 204 28 undervisningarne
652 266 105 29 ingående
775 267 87 28 persed-

108 300 35 22 lar
156 301 109 21 äfvensom
283 300 145 28 dagsverkena
446 301 73 21 alltför
536 300 51 29 låga
606 302 51 26 pris,
676 302 40 20 och
734 303 33 19 att
784 301 78 27 tillföjd

110 335 64 21 deraf
186 334 39 22 full
239 335 81 21 visshet
332 335 48 21 icke
395 334 161 22 åstadkommits
571 334 110 28 angående
691 336 59 20 rätta
760 335 102 27 beloppet

110 369 24 21 af
146 369 144 28 nyssberörda
304 369 165 28 skattestegring
485 370 39 21 och
539 370 26 22 de
579 370 158 28 förändringar,
753 370 41 21 den
804 370 9 20 i
824 368 38 22 nå-

110 403 50 28 diga
175 403 142 28 kungörelsen
336 403 24 21 af
376 403 40 22 den
436 404 12 20 5
467 403 58 22 Mars
541 405 53 20 1841
615 403 121 22 fastställda
753 403 109 22 undervis-

109 437 52 28 ning
183 437 87 28 tillföljd
292 437 63 22 deraf
378 437 67 22 borde
469 437 102 28 undergå.
608 437 34 22 Då
664 438 117 22 emellertid
804 438 59 21 detta

109 471 189 29 maktpäliggande
313 472 79 22 ärende
406 472 47 21 icke
468 473 61 21 torde
546 473 72 21 kunna
636 472 66 22 blifvå
715 473 50 21 med
780 472 82 22 tillbör-

110 507 30 28 lig
156 507 99 21 säkerhet
270 507 99 28 afgjordt,
388 506 88 29 sålänge
495 508 26 21 de
538 507 147 27 uträkningar,
703 506 83 28 hvarpä
804 507 59 27 afgö-

109 541 78 21 randet
201 540 69 22 måste
288 541 83 28 grunda
388 542 39 27 sig,
442 541 73 21 kunna
533 548 62 20 synas
610 542 8 20 i
632 540 71 28 någon
717 548 50 14 mon
782 541 80 21 tvifvel-

111 576 83 27 aktiga,
217 576 40 21 och
280 574 28 22 dä
330 575 35 22 det
390 575 131 22 omfattande
547 575 83 27 arbete,
653 582 27 14 en
705 574 159 29 genomgående

109 610 131 28 granskning
262 609 24 21 af
305 609 87 28 frägans
415 609 43 23 alla
480 609 92 28 detaljer
595 609 92 27 kräfver,
706 609 76 22 endast
802 609 62 23 torde

108 644 55 22 böra
182 644 107 21 anförtros
308 643 22 22 ät
348 650 26 15 en
392 652 29 20 ny
439 644 164 27 specialkomitö,
623 644 40 21 har
681 644 116 26 sektionen,
817 651 46 14 som

107 678 80 28 jemväl
201 678 63 28 hyser
279 678 41 22 den
335 678 145 28 öfvertygelse,
500 680 32 20 att
551 678 41 21 den
610 678 127 28 förändring
754 678 8 20 i
780 678 83 22 landets

109 712 208 28 penningeväsende,
340 720 47 14 som
408 719 76 21 genom
510 712 166 29 myntreformen
697 712 95 26 vunnits,
814 719 49 15 men

108 747 86 22 hvilken
208 746 146 22 merbemälda
368 746 79 22 komitö
464 747 46 21 icke
529 747 82 21 kunnat
628 748 51 26 taga
693 747 8 20 i
715 746 148 27 betraktande,

110 782 53 20 enär
178 781 42 21 den
235 781 148 27 genomfördes
398 780 56 22 först
468 782 65 20 sedan
548 781 94 21 komitén
657 780 86 22 slutfört
757 781 38 21 sitt
808 788 55 20 upp-

111 816 61 27 drag,
187 814 29 29 pä
230 816 141 21 förevarande
385 814 63 29 fräga
463 814 67 23 mäste
544 814 74 22 utöfva
633 817 30 19 ett
677 815 111 21 märkbart
802 815 61 28 infly-

110 850 72 26 tande,
198 851 70 20 ansett
282 849 32 28 sig
330 857 39 20 ega
384 849 75 28 giltiga
474 849 46 21 skäl
535 851 32 20 att
577 849 8 20 i
595 849 40 20 full
646 848 218 23 öfverensstämmelse

110 884 49 21 med
173 883 57 22 hvad
243 884 8 21 i
266 884 41 21 den
321 883 80 28 nädiga
414 884 162 27 propositionen
589 882 97 27 föresläs,
701 883 106 28 tillstyrka

306 921 33 17 att
362 917 90 21 ärendet
474 917 20 28 ej
515 917 36 21 mä
573 917 37 21 vid
629 917 69 21 denna
717 917 106 28 landtdag
842 917 25 29 af

248 951 126 22 Ständerna
391 952 102 27 slutligen
513 951 122 26 behandlas,
654 955 53 17 utan
731 952 80 20 lemnas
830 951 36 21 be-

248 986 86 25 roende,
354 987 108 27 äfvensom
482 989 32 18 att
533 993 25 14 en
580 985 96 22 särskild
699 985 79 22 komitö
798 986 66 20 måtte

248 1021 26 28 af
287 1019 110 30 Regering
413 1020 39 21 och
467 1019 102 27 Ständer,
583 1020 34 21 till
630 1019 45 22 lika
686 1021 61 20 antal
763 1020 25 29 af
801 1019 63 21 hvar-

238 1055 69 26 "dera,
324 1054 118 22 emellertid
456 1058 56 18 utses
528 1057 32 18 att
576 1055 5 20 i
592 1053 138 30 Helsingfors
747 1054 48 21 stad
810 1061 55 14 sam-

247 1089 123 26 manträda,
387 1088 85 22 hvilken
492 1089 79 20 komitö
588 1089 62 27 äläge
666 1092 33 17 att
713 1089 102 19 närmare
830 1095 35 21 ge-

248 1124 80 28 nomgä
346 1124 39 20 och
402 1123 96 28 granska
518 1123 25 21 de
562 1122 115 28 aflemnade
690 1123 117 28 förslagen
826 1122 38 21 och

249 1158 25 20 de
289 1157 154 29 uträkningar,
456 1157 84 28 hvarpä
555 1156 106 22 desamma
674 1156 112 29 grundats,
799 1157 65 28 jemte

250 1191 25 21 de
290 1195 44 17 mot
346 1192 46 20 dem
404 1192 80 28 gjorda
495 1190 179 28 anmärkningar,
687 1194 55 18 samt
748 1191 33 27 pä
792 1191 73 28 grund

250 1226 25 28 af
288 1226 70 20 denna
372 1225 161 29 undersökning
549 1225 38 21 och
601 1225 48 21 med
664 1225 87 27 ledning
763 1226 26 28 af
796 1225 69 21 under

250 1260 60 21 tiden
324 1267 84 14 vunnen
422 1260 123 28 erfarenhet
557 1260 55 20 huru
623 1259 42 21 den
673 1260 131 28 föreslagna
813 1259 52 29 för-

249 1294 97 20 ändrade
360 1294 183 27 undervisningen
552 1294 43 27 för
607 1293 212 27 räntepersedlarnes
831 1293 34 20 be-

249 1326 118 26 räknande,
388 1327 96 28 jemförd
505 1327 47 21 med
573 1334 30 14 nu
620 1328 10 19 i
647 1327 78 20 sådant
747 1326 118 22 hänseende

249 1362 102 28 gällande
370 1361 235 29 beräkningsgrunder,
624 1360 80 22 komme
723 1364 32 18 att
777 1361 87 29 utfalla,

249 1396 55 29 efter
317 1397 115 28 förloppet
450 1396 26 29 af
492 1397 36 20 två
547 1396 26 22 är
586 1396 58 28 från
663 1395 103 22 komitens
785 1397 80 20 tillsät-

251 1431 71 26 tande,
338 1431 84 30 afgifva
436 1431 104 29 utförligt
554 1431 100 28 yttrande
665 1437 34 14 om
710 1430 94 21 berörda
814 1431 52 28 för-
