1023 1664
191 125 32 16 868
388 122 72 24 Nådiga
471 124 139 21 Propositionen
622 124 35 17 N:o
671 125 25 15 18.

166 188 135 28 männyttiga
318 187 83 27 företag
420 189 60 19 snart
497 187 73 21 kunna
588 187 113 21 föranleda
717 187 165 28 negocierandet
896 187 25 21 af

167 229 42 21 nya
226 221 96 22 statslån.
355 221 110 21 Utskottet
481 221 69 21 finner
569 221 84 21 derföre
671 221 36 21 det
727 222 8 20 i
758 222 161 26 propositionen

167 256 123 27 föreslagna
308 257 43 20 sätt
369 257 32 19 att
419 256 8 20 i
445 256 59 21 detta
523 255 100 21 afseende
638 253 27 29 gå
679 255 94 28 tillväga,
788 262 52 15 vara
854 256 8 20 i
877 255 43 22 alla

169 290 114 22 afseenden
297 290 34 22 väl
346 290 125 21 beräknadt.
494 290 10 20 I
516 290 40 20 den
571 297 50 13 mon
636 289 191 28 försäljningsaftal
841 290 79 21 mellan

170 324 149 22 donatarierne
341 324 39 21 och
402 324 110 21 bönderne
530 323 183 27 tillvägabringas,
736 324 40 21 och
798 323 25 22 de
845 330 76 15 senare

169 358 110 22 förbundit
293 358 32 28 sig
340 359 32 20 att
386 358 33 20 till
433 358 82 21 kronan
531 357 81 28 årligen
626 357 95 21 inbetala
735 360 30 19 ett
780 356 24 22 så
818 360 55 19 stort
883 358 37 21 be-

169 393 52 27 lopp
239 393 24 20 af
279 392 157 27 löseskillingen
455 392 39 21 och
513 393 63 20 ränta
599 390 56 27 derå,
675 394 32 19 att
730 392 35 21 det
786 392 135 22 motsvarade

170 427 149 21 annuiteterna
335 425 13 22 å
361 426 92 21 kronans
468 426 157 27 försträckning
641 426 33 21 för
693 425 128 27 ändamålet,
837 426 84 21 komme

170 461 113 21 efterhand
304 460 81 22 inlösen
408 460 23 21 af
452 460 154 22 donationerna
628 462 31 19 att
681 468 40 20 ega
739 468 54 18 rum,
813 460 109 22 äfvensom

171 495 75 22 endäst
260 494 24 22 sä
299 496 45 20 stor
359 494 34 22 del
408 495 7 21 i
431 494 81 27 sender,
528 502 46 14 som
591 494 75 21 härtill
680 494 141 27 erfordrades,
837 495 84 21 komme

171 531 33 20 att
217 531 107 26 upptagas
339 528 13 22 å
367 529 35 21 det
417 528 121 28 föreslagna
552 528 241 22 amortissementslånet
806 537 34 13 om
851 531 14 19 4
875 528 46 22 mil-

168 564 64 28 joner
246 564 61 21 mark
322 565 55 19 samt
392 564 32 20 att
439 564 107 20 emitteras
562 562 13 22 å
590 563 26 21 de
630 563 33 21 till
678 563 105 27 säljarene
794 563 129 22 utfärdande

172 598 12 20 5
200 599 100 26 procents
315 597 176 28 obligationerna,
506 596 30 28 på
550 597 36 21 det
602 596 18 28 ej
641 604 76 20 genom
732 599 31 19 ett
776 599 89 20 motsatt
879 598 44 22 för-

171 632 90 22 farande
279 639 26 14 en
323 632 86 27 plötslig
427 632 121 27 minskning
566 631 25 22 af
602 631 83 22 landets
700 631 173 29 kapitaltillgång
887 631 36 23 må

173 666 94 22 inträffa.

241 701 32 21 De
287 700 128 22 hithörande
429 702 99 20 närmare
542 700 188 28 bestämningarne
741 700 118 23 innehållas
874 701 8 21 i
897 701 27 21 de

171 737 34 21 tre
219 735 68 22 första
301 737 120 19 momenten
436 734 24 22 af
473 736 40 20 den
527 734 79 28 nådiga
620 735 165 27 propositionen.

241 770 138 21 Beträffande
399 770 35 20 det
452 770 67 21 första
538 769 23 21 af
579 769 53 27 dem,
648 770 39 20 har
701 770 104 21 utskottet
819 771 46 20 mot
879 770 45 21 det-

174 811 82 15 samma
273 804 54 22 intet
345 806 32 20 att
395 804 109 21 anmärka.
533 804 33 21 De
585 804 24 21 af
625 804 120 21 Ständerna
763 804 104 28 anslagna
881 812 44 14 me-

174 839 41 26 del,
233 846 46 14 som
297 838 46 22 deri
361 838 96 28 antydas,
477 838 61 22 torde
558 839 57 20 ännu
633 837 28 28 på
679 838 64 28 länge
760 838 47 22 icke
821 846 53 14 vara
893 840 32 20 att

173 872 98 29 påräkna
289 874 57 25 enär,
365 872 66 28 enligt
449 873 40 21 den
507 872 122 22 fastställda
648 872 117 28 ordningen
783 873 34 21 för
836 874 89 26 disposi-

173 908 73 21 tionen
261 907 24 21 af
297 908 119 20 inkomsten
432 906 13 22 å
459 907 192 26 bränvinsskatten,
667 908 97 26 anslaget
779 907 42 27 ,till
837 915 24 14 en
874 907 52 22 fond

174 942 34 21 för
227 941 274 27 donationslägenheternas
520 941 121 21 inlösande*
661 942 24 20 är
705 942 35 21 det
758 941 75 27 sjunde
851 942 8 21 i
877 942 49 21 ord-

174 976 79 27 ningen
271 976 40 21 och
329 975 46 21 icke
393 975 43 21 kan
454 974 51 28 utgä
523 975 45 21 förr
587 976 28 20 än
633 975 65 27 sagde
716 976 99 25 inkomst,
831 983 46 14 som
891 976 35 22 för

174 1010 87 22 förlidet
276 1009 25 22 är
315 1009 81 28 utgjort
411 1010 75 21 endast
501 1010 97 27 omkring
610 1016 26 14 en
647 1009 46 21 half
702 1010 74 27 miljon
788 1010 67 26 mark,
867 1010 60 28 stigit

175 1045 34 21 till
222 1044 65 22 minst
302 1045 11 19 5
328 1044 105 27 miljoner.
463 1044 49 21 Med
531 1044 35 21 det
586 1044 103 27 anslagna
707 1044 107 27 beloppet,
835 1046 90 24 200,000

177 1078 61 22 mark
257 1086 34 14 om
309 1077 52 27 äret,
377 1078 62 22 äfven
457 1085 34 14 om
507 1078 35 21 det
560 1077 68 22 redan
646 1085 29 14 nu
693 1078 71 21 kunde
782 1078 58 28 utgä,
859 1078 68 22 skulle

178 1112 113 26 dessutom,
315 1112 69 21 derest
406 1112 19 27 ej
449 1112 69 21 andra
539 1112 69 21 medel
629 1112 124 26 tillkomme,
773 1112 36 22 det
831 1111 96 29 äsyftade

177 1146 66 22 mälet
260 1146 55 22 först
332 1146 7 20 i
358 1153 25 13 en
402 1146 93 27 aflägsen
514 1146 87 21 framtid
615 1146 72 21 kunna
701 1146 80 21 vinnas.
811 1146 116 27 Utskottet,

177 1189 46 14 som
235 1181 79 28 jemväl
329 1183 70 20 ansett
414 1183 32 19 att
461 1181 35 21 det
510 1188 50 15 vore
575 1181 110 28 olämpligt
697 1188 34 14 om
742 1181 103 28 styrelsen
860 1181 68 22 skulle

178 1215 75 21 bindas
269 1221 75 21 genom
359 1214 68 27 några
444 1215 240 26 specialbestämningar
698 1215 8 19 i
721 1215 127 21 afseende'&
862 1215 65 21 vilko-

178 1256 39 14 ren
238 1249 34 20 för
295 1248 36 21 det
352 1247 147 28 ifrägakomna
521 1247 245 27 amortissementslänet,
789 1248 33 21 fär
845 1248 84 21 derföre

177 1283 114 28 tillstyrka,
309 1283 32 20 att
360 1281 119 22 Ständerna
497 1281 66 22 mätte
581 1281 8 21 i
607 1281 92 28 enlighet
717 1282 49 21 med
781 1282 66 28 sagde
860 1281 69 23 första

179 1319 94 21 moment
287 1317 7 21 i
309 1317 160 28 propositionen
483 1317 93 21 besluta:

373 1351 110 29 Styrelsen
505 1351 128 28 Dberättigas,
656 1352 93 28 såframt
771 1352 24 21 de
818 1352 25 28 af
863 1351 67 22 Stän-

317 1386 68 21 derna
397 1386 104 28 anslagna
511 1386 68 21 medel
590 1386 38 21 och
640 1386 146 29 tilläfventyrs
800 1387 130 28 uppstäende

188 1429 17 18 N
318 1420 142 29 besparingar
479 1421 13 20 å
511 1421 136 20 statsmedlen
666 1420 67 29 blifva
745 1421 42 28 för
806 1421 125 22 ändamålet

318 1455 161 28 otillräckliga,
501 1455 69 21 under
593 1454 136 23 Ständernas
753 1457 100 26 garanti,
877 1456 53 21 helst
