1020 1661
356 113 71 22 Nådiga
438 114 136 21 Propositionen
587 115 35 16 N:o
635 115 27 16 17.
827 117 32 16 839

200 174 34 23 för
252 175 92 30 adjunkt
360 177 8 20 i
386 176 77 28 början
483 178 61 25 1,430
562 177 68 27 mark,
648 177 49 22 med
712 179 112 21 enahanda
837 179 43 21 för-

131 209 89 28 höjning
241 217 46 14 som
304 210 34 22 för
356 211 76 25 lektor,
451 211 41 21 och
510 211 83 22 således
611 212 53 21 efter
682 212 62 28 tjugu
762 212 35 23 års
815 213 67 27 tjenst

131 245 63 24 4,290
209 244 67 21 mark.

200 284 10 19 1
230 283 113 21 Danmark
365 284 34 21 för
421 284 74 21 rektor
514 286 63 24 4,576
595 285 67 26 mark,
681 286 48 21 med
750 287 40 20 572
808 286 72 22 marks

130 316 122 28 förhöjning
270 318 62 20 hvart
346 318 64 20 femte
425 317 24 22 år
463 318 44 22 tills
521 319 63 21 lönen
598 319 36 21 vid
648 319 81 22 femton
744 319 35 22 års
794 320 86 28 tjenste-

129 350 32 21 tid
175 352 64 26 utgör
255 352 61 26 6,292
331 352 69 21 finska
415 353 70 26 mark;

198 390 33 22 för
251 392 135 28 öfverlärare
406 394 61 24 2,860
482 393 67 26 mark,
565 393 48 21 med
628 394 113 22 enahanda
755 394 123 29 förhöjning

129 431 45 15 som
190 425 32 21 för
237 426 73 21 rektor
324 426 43 22 tills
382 426 63 22 lönen
460 427 69 21 blifvit
544 428 62 26 4,576
621 427 69 23 finska
704 429 71 26 mark;

196 465 34 22 för
250 466 91 28 adjunkt
361 468 61 24 1,430
441 468 66 26 mark,
523 468 49 21 med
586 467 123 29 förhöjning
724 469 25 21 af
762 470 40 20 286
817 470 62 21 mark

128 499 54 22 efter
196 500 63 21 hvart
273 500 67 28 tredje
356 500 24 22 år
394 501 43 21 tills
452 501 63 22 lönen
531 502 53 22 efter
598 502 81 22 femton
690 502 36 22 års
737 504 141 28 tjenstgöring

128 535 59 27 stigit
200 534 34 21 till
250 536 61 25 2,860
326 535 70 22 finska
410 536 67 21 mark.

195 575 114 21 Dessutom
327 575 64 22 hafva
408 575 130 23 öfverlärare
557 576 39 22 och
615 577 114 28 adjunkter
747 577 34 21 del
798 577 8 21 i
821 577 54 22 skol-

127 609 122 28 afgifterna.

126 649 11 22 I
152 648 98 30 Norrige
265 649 34 22 för
313 651 97 21 rektorer
438 651 79 21 mellan
533 651 61 26 5,148
610 651 40 22 och
666 652 63 25 6,864
743 651 45 25 Fm,

279 692 11 11 »
314 684 94 22 lektorer
473 693 10 12 »”
533 687 62 25 2,946
626 693 11 12 »
668 687 62 24 5,720
761 693 11 12 »
802 688 55 20 samt

279 727 10 11 »
316 719 114 28 adjunkter
474 727 11 12 »
533 721 62 24 2,002
626 728 12 11 »
668 721 62 25 4,576
762 728 11 12 »

196 759 107 22 Lärarene
319 759 7 21 i
340 760 117 21 Kristiania
475 759 64 22 hafva
557 760 107 21 dessutom
684 761 41 20 572
740 761 62 21 mark
816 767 60 15 mera

125 795 28 20 än
168 793 99 22 lärarene
281 793 29 28 pä
325 794 67 21 andra
408 796 57 19 orter
479 794 8 21 i
501 795 97 27 Norrige.

192 827 74 28 Enligt
285 829 35 20 det
338 828 24 21 af
377 828 43 27 mig
438 828 135 22 framställda
590 829 103 27 förslaget
712 829 67 21 skulle
793 829 80 22 lärare-

123 862 91 22 lönerna
227 862 8 20 i
249 862 91 22 Finland
354 862 75 21 blifva:

192 896 33 22 för
240 897 61 28 lägre
317 896 236 22 elementarskollärare
568 897 35 21 vid
618 897 104 21 tillträdet
737 898 68 25 1,500,
820 897 54 21 efter

123 931 30 21 tio
174 930 36 22 ärs
232 932 142 27 tjenstgöring
395 932 62 24 2,300
476 933 55 20 samt
549 931 35 22 vid
602 931 62 27 tjugu
682 930 36 22 ärs
735 930 138 28 tjensteälder

125 966 63 26 2,700
203 965 71 27 mark;

191 998 33 22 för
240 999 92 29 kolleger
347 1000 35 20 vid
396 999 104 22 tillträdet
515 1000 69 26 1,700,
600 998 53 22 efter
663 1000 31 21 tio
705 998 24 22 är
742 1001 63 24 2,700
817 1002 55 19 samt

123 1033 53 22 efter
191 1033 62 29 tjugu
268 1032 34 23 ärs
316 1033 66 28 tjenst
397 1035 62 24 3,200
474 1034 67 21 mark.

189 1068 178 22 Lektorslönerna
385 1069 8 20 i
410 1068 91 22 Finland
518 1069 77 27 utgöra
613 1067 34 22 för
666 1068 26 21 de
710 1069 74 27 yngste
800 1069 69 26 2,400,

121 1103 34 20 för
174 1102 26 22 de
218 1103 60 21 äldre
296 1104 61 24 2,600
377 1103 40 21 och
436 1103 33 21 för
487 1103 26 21 de
533 1102 68 22 äldste
620 1103 62 25 2,800
702 1103 67 25 mark,
785 1102 85 22 hvartill

122 1136 67 22 skulle
207 1137 84 21 komma
310 1144 26 14 en
353 1136 162 28 lönetillökning
529 1136 25 22 af
568 1138 60 24 1,200
644 1136 61 21 mark
720 1136 54 21 efter
788 1136 29 21 tio
834 1134 35 24 ärs

121 1173 56 19 samt
192 1171 24 21 af
228 1171 122 27 ytterligare
366 1172 40 20 600
422 1171 61 21 mark
498 1170 53 22 efter
565 1170 62 28 tjugu
642 1170 35 22 ärs
692 1170 147 28 tjenstgöring.

188 1204 34 22 Då
240 1205 171 21 rektorsarvodet
428 1205 35 21 vid
481 1206 66 26 högre
562 1204 187 22 elementarskolor
764 1212 76 20 genom
855 1206 12 20 5

119 1241 116 20 momentet
254 1239 24 21 af
293 1239 45 21 ofta
356 1238 120 28 äberopade
493 1238 58 28 Kejs.
570 1238 126 29 kungörelse
714 1238 103 22 bestämts
835 1238 34 22 till

120 1274 41 20 800
180 1274 67 25 mark,
267 1273 61 21 torde
346 1273 36 21 det
395 1273 36 20 vid
445 1272 134 28 fullständigt
593 1272 213 22 elementarläroverk
820 1273 47 21 icke

119 1307 73 21 kunna
205 1306 125 28 understiga
346 1307 61 25 1,500
422 1306 67 21 mark.

187 1340 183 28 Afskedstagande
390 1340 71 21 lärare
480 1340 39 22 och
537 1339 109 22 lärarinna
663 1340 74 25 borde,
755 1340 66 28 enligt
840 1340 27 21 de

119 1375 93 28 grunder
227 1382 55 15 anm.
299 1376 11 20 6
326 1375 24 22 af
362 1374 136 22 merberörde
512 1374 128 29 kungörelse
649 1374 135 27 bestämmer,
795 1374 70 22 säsom

118 1409 91 23 tillskott
222 1409 33 22 till
270 1409 199 28 pensionsbeloppet
483 1407 82 24 erhälla
579 1409 81 22 hälften
676 1409 24 21 af
712 1408 40 22 den
766 1409 100 28 förhöjda

119 1444 192 28 lönetillökningen.
