1017 1659
195 136 32 16 918
393 134 72 23 Nådiga
476 134 137 22 Propositionen
626 135 35 16 N:o
673 136 27 15 20.

240 199 41 20 8:0.
311 198 43 21 För
369 198 35 20 det
418 197 114 28 brottsliga
546 196 117 23 innehållet
676 197 8 21 i
699 199 30 19 ett
744 197 124 28 offentligen
882 198 41 27 gif-

171 233 35 20 vet
224 231 117 27 skådespel,
365 238 88 14 ansvare
475 231 18 27 ej
516 231 83 21 mindre
621 230 134 27 författaren,
778 238 34 14 om
833 232 44 20 han
898 232 25 20 är

170 265 65 26 känd,
250 267 28 19 än
294 266 40 20 den
349 265 51 21 eller
419 265 26 21 de
462 264 217 22 teaterföreståndare
698 265 51 21 eller
768 264 41 22 den
827 265 96 22 enskilda

171 306 85 21 person,
272 305 46 15 som
333 298 48 22 låtit
395 299 94 27 uppföra
504 299 123 21 detsamma.

517 365 11 27 8
544 366 34 19 34.

240 408 42 21 För
301 407 38 22 allt
353 407 56 22 hvad
424 409 31 20 uti
471 415 26 14 en
511 407 109 28 periodisk
634 407 62 21 skrift
711 407 159 28 offentliggöres
886 415 36 14 an-

172 449 61 15 svare
254 443 127 27 utgifvaren.
411 437 44 26 Äro
477 442 106 28 utgifvare
603 441 58 26 flere,
680 449 51 14 vare
753 441 29 22 då
803 443 80 20 enhvar
901 442 25 21 af

172 477 48 22 dem
241 477 50 21 fullt
312 484 77 14 ansvar
406 476 151 26 underkastad,
577 476 70 22 derest
666 476 26 21 de
711 476 18 28 ej
749 476 55 28 gitta
820 476 104 28 uppgifva

172 511 41 22 den
226 511 113 28 brottslige
353 510 73 22 ibland
444 511 33 27 sig
491 511 40 21 och
546 511 79 21 honom
640 518 34 13 om
689 511 81 21 brottet
785 510 137 27 öfverbevisa,

172 545 51 22 eller
237 546 8 20 i
260 546 99 21 anmälan
374 545 33 22 till
421 545 226 28 Pressöfverstyrelsen
661 545 80 22 lemnat
755 553 112 20 noggrann
882 545 40 22 och

171 579 98 23 bestämd
283 579 85 28 uppgift
383 587 35 14 om
433 579 146 28 fördelningen
598 579 24 21 af
634 579 99 22 skriftens
748 579 112 22 redaktion
876 579 48 21 dem

172 613 97 26 emellan,
284 614 9 21 i
307 613 79 22 hvilket
400 613 38 22 fall
454 621 26 14 en
495 613 53 22 hvar
563 612 75 23 endast
657 620 88 15 ansvare
759 613 35 22 för
808 614 33 21 sin
857 613 65 22 afdel-

171 649 58 27 ning.
259 648 65 21 Detta
345 648 56 27 gälle
423 648 62 21 äfven
507 648 34 21 för
561 648 35 21 det
614 647 38 22 fall
670 649 31 20 att
722 648 106 28 utgifvare
847 655 76 21 genom

171 683 99 21 bortresa
285 682 51 22 eller
351 689 71 14 annan
441 682 24 21 af
479 683 79 21 honom
575 682 51 27 sjelf
641 682 106 21 beroende
766 683 158 27 omständighet

172 719 25 20 är
212 717 111 28 aflägsnad
337 716 48 22 från
399 717 191 28 tryckningsorten,
609 715 25 22 så
652 717 63 27 länge
733 724 72 15 annan
824 717 99 28 ansvarig

172 751 101 22 redaktör
287 751 46 22 icke
348 751 97 26 anmälts,
461 751 28 28 pä
504 753 43 20 sätt
566 752 11 27 $
593 753 25 19 13
633 759 63 14 mom.
713 753 12 20 8
740 751 94 28 stadgar.
857 751 66 22 Utom

173 786 40 21 den
228 786 143 27 ansvarighet,
387 792 45 15 som
448 784 90 22 sålunda
552 785 7 21 i
573 785 74 27 hvarje
661 785 39 22 fall
715 785 81 28 åligger
810 785 112 28 utgifvare,

172 820 55 21 skall
240 820 35 21 för
288 822 89 25 uppsats
393 819 23 22 af
429 819 108 28 brottsligt
554 819 100 26 innehåll,
670 827 45 14 som
730 820 49 21 med
794 822 68 19 utsatt
879 820 43 21 för-

172 854 144 21 fattarenamn
330 853 67 22 finnes
411 853 71 22 införd
493 854 7 21 i
511 853 108 28 periodisk
634 853 68 27 skrift,
718 853 62 22 äfven
794 853 128 23 författaren

173 888 60 21 alltid
248 895 52 15 vara
315 895 77 14 ansvar
406 888 150 21 underkastad.

516 955 11 27 8
544 955 33 20 35.

239 996 74 21 Under
327 996 138 28 iakttagande
483 997 24 21 af
523 996 186 28 bestämningarne
723 996 8 22 i
746 997 70 22 denna
829 998 92 21 Förord-

171 1030 52 27 ning
244 1030 60 21 skola
326 1031 108 20 allmänna
455 1031 73 27 lagens
550 1031 137 27 grundsatser
709 1038 35 14 om
766 1031 130 28 delaktighet
914 1032 8 21 i

171 1063 59 22 brott
243 1064 109 27 tillämpas
364 1064 79 27 jemväl
457 1064 29 27 pä
500 1064 284 29 tryckfrihetsförbrytelser;
801 1065 54 22 dock
866 1066 56 27 gälle

171 1098 76 21 härvid
262 1097 70 22 säsom
347 1098 79 21 allmän
441 1099 58 26 regel
514 1101 31 18 att
560 1098 147 28 boktryckare,
719 1099 147 22 bokhandlare
881 1100 40 21 och

171 1132 68 27 Ofrige
257 1132 171 27 bokutspridare,
447 1133 7 20 i
473 1133 39 21 och
530 1133 35 20 för
583 1133 32 20 sin
637 1133 119 27 befattning
777 1133 49 21 med
848 1133 73 22 skrifts

170 1165 174 29 mänfaldigande
362 1166 51 21 eller
431 1167 141 27 utspridning,
591 1167 47 21 icke
655 1168 38 20 äro
712 1167 161 28 medansvarige
887 1167 35 22 för

172 1200 47 21 dess
234 1199 100 22 innehäll.

515 1250 10 27 8
543 1250 32 19 36.

239 1291 42 21 Vid
302 1291 127 28 pröfningen
451 1291 63 22 deraf
533 1291 106 22 huruvida
659 1291 71 29 någon
748 1293 25 21 af
793 1292 26 22 de
836 1293 8 20 i
894 1295 24 19 31

170 1325 94 22 nämnda
282 1326 139 28 förbrytelser
439 1326 54 22 skall
511 1333 62 15 anses
591 1327 64 21 hafva
673 1327 69 21 blifvit
761 1335 76 20 genom
858 1327 63 22 skrift

169 1359 118 29 begängen,
309 1360 40 22 bör
371 1361 100 21 domaren
490 1363 51 25 taga
558 1361 8 21 i
585 1361 154 27 öfvervägande
761 1362 47 21 icke
830 1362 92 22 allenast

170 1395 99 22 skriftens
287 1402 26 14 ur
333 1395 146 28 ordalydelsen
497 1394 137 30 framgäende
653 1396 85 28 mening
757 1396 40 22 och
815 1404 106 14 samman-

168 1430 68 27 hang,
251 1431 53 20 utan
319 1430 40 21 ock
373 1430 45 21 deri
433 1430 174 22 förekommande
621 1430 153 22 förnärmande
787 1431 133 29 hänsyftnin-

169 1471 39 21 gar
226 1462 29 29 pä
272 1471 103 21 personer
393 1465 40 21 och
451 1464 155 27 förhällanden,
625 1465 90 21 änskönt
733 1464 63 23 dessa
816 1465 48 22 icke
882 1467 38 21 äro
