1017 1664
195 121 32 16 998
392 119 73 23 Nådiga
476 120 137 21 Propositionen
625 120 34 16 N:o
671 121 28 15 21.

238 174 32 27 m)
285 173 142 22 Uteslutande
442 173 24 21 af
479 174 26 20 19
520 174 11 27 8
548 174 26 20 30
589 173 49 26 kap.
653 173 25 20 R.
693 172 32 27 B.,
741 179 46 15 som
800 171 119 22 innehåller

169 208 79 21 förbud
265 209 46 20 mot
329 207 195 27 ändringssökande
541 207 32 21 uti
588 206 97 21 Hofrätts
703 207 71 27 utslag
788 207 8 20 i
810 205 108 22 brottmål.

169 242 65 21 Detta
252 241 83 26 förbud,
355 248 46 15 som
418 241 121 22 tillkommit
553 240 29 29 på
597 247 26 14 en
637 241 38 25 tid,
691 240 28 22 då
733 240 114 22 Hofrätten
862 241 58 21 ännu

169 276 99 27 utgjorde
290 277 77 26 högsta
385 275 190 26 domstolsinstans,
594 275 45 25 har,
659 275 67 21 sedan
744 282 26 14 en
787 275 82 21 instans
887 274 32 21 öf-

168 318 38 14 ver
223 311 115 21 Hofrätten
355 310 106 25 inrättats,
479 309 70 22 blifvit
567 309 104 21 åsidosatt
689 309 40 22 och
744 309 103 27 rättighet
861 309 59 21 med-

168 344 72 28 gifven
258 346 32 20 att
304 345 7 20 i
327 344 72 28 dylika
413 343 43 22 mål
471 351 76 20 genom
562 343 76 22 besvär
653 343 66 22 anlita
733 343 77 28 högsta
825 343 93 22 domsto-

168 379 41 26 len,
224 380 8 20 i
247 379 41 21 den
304 379 91 26 ordning
409 379 106 20 särskilda
529 377 152 28 författningar
696 377 74 22 derom
783 376 115 23 innehålla.

237 414 25 27 n)
282 412 157 28 Upphäfvande
457 413 24 20 af
494 414 26 19 20
535 413 12 27 $
563 413 26 20 30
604 412 49 27 kap.
669 412 24 21 R.
709 412 31 26 B.,
756 412 60 21 hvari
831 412 87 28 stadgas

168 449 33 20 att
216 448 47 26 den,
278 455 46 14 som
338 447 39 21 hos
388 447 108 27 Regenten
508 447 75 27 klagar
595 446 97 22 deröfver
703 448 32 20 att
745 446 87 21 Hofrätt
842 446 77 28 vräng-

168 483 88 26 visligen
271 482 59 21 dömt
345 481 51 21 eller
411 483 32 19 att
457 483 71 19 rätten
543 482 25 20 är
582 481 79 21 honom
675 481 70 21 nekad
759 481 86 26 vorden,
857 481 61 26 skall,

169 517 38 21 der
225 517 43 21 han
285 515 25 22 af
325 515 131 28 föregängen
474 516 89 27 varning
582 515 47 22 icke
647 515 56 22 låter
721 515 32 28 sig
770 517 58 20 rätta
843 516 40 21 och
898 516 19 27 ej

168 551 67 22 heller
253 551 42 21 kan
313 550 91 29 fulltyga
422 551 37 20 sitt
476 549 123 28 pästäende,
618 550 95 21 dömmas
731 549 33 22 till
784 549 36 22 det
834 558 84 19 ansvar,

168 593 46 14 som
225 587 25 19 är
260 587 97 19 närmast
368 585 142 21 dödsstraffet.
533 585 95 21 Berörde
640 585 124 27 stadgande,
775 585 61 21 hvari
847 585 71 21 straff-

167 619 164 22 bestämmelsen
349 619 47 21 icke
414 618 45 22 står
476 619 7 21 i
502 618 112 28 tillbörligt
631 618 134 22 förhållande
783 618 33 22 till
830 619 88 22 förseel-

168 661 48 14 sens
237 654 86 27 ringare
345 653 153 26 beskaffenhet,
521 654 40 20 har
583 655 80 19 ansetts
682 653 59 21 desto
760 653 67 22 hellre
845 654 73 21 kunna

168 687 59 29 utgå,
248 694 46 15 som
315 687 125 22 derförutan
462 694 77 14 ansvar
557 687 34 21 för
609 687 99 21 ohemula
725 686 118 23 tillvitelser
862 690 56 20 emot

168 722 87 22 domare
269 722 32 21 uti
316 722 99 28 gällande
429 722 36 27 lag
479 722 47 20 icke
541 722 83 21 saknas.

236 756 11 21 I
261 756 154 27 sammanhang
429 756 49 20 med
493 756 180 21 ofvanomordade
687 756 117 28 ändringar
814 757 8 21 i
832 764 30 14 nu
873 757 45 27 gäl-

167 790 65 22 lande
249 790 42 27 lag,
309 790 72 21 hvilka
399 790 8 20 i
421 791 14 19 4
449 792 116 20 momentet
580 791 38 20 äro
634 790 119 28 föreslagne
768 793 32 19 att
814 790 82 22 införas
910 791 8 21 i

168 824 109 22 allmänna
294 824 74 28 lagens
385 825 52 24 text,
456 824 131 22 förekomma
605 824 7 20 i
631 824 160 27 propositionen
810 825 108 21 dessutom

168 858 108 28 åtskilliga
294 858 69 22 andra
379 858 62 21 deraf
453 866 45 14 mer
513 858 52 22 eller
579 858 82 22 mindre
675 859 107 21 beroende
797 859 120 21 förändrin-

168 900 46 21 gar,
228 893 76 28 tillägg
319 893 40 21 och
373 892 164 28 uteslutningar,
552 892 35 22 vid
602 893 157 28 granskningen
770 894 24 21 af
802 894 72 21 hvilka
884 896 34 19 ut-

168 927 80 21 skottet
261 927 71 21 funnit
346 926 46 22 skäl.
406 926 34 21 till
454 926 94 28 följande
563 926 173 28 anmärkningar.

235 960 58 22 Från
309 962 10 20 1
336 961 11 27 8
362 961 8 20 i
386 962 9 19 1
412 961 49 26 kap.
476 962 25 20 R.
515 961 24 21 B.
556 962 24 20 är
595 960 122 22 utelemnad
731 961 137 22 föreskriften
883 969 35 15 om

168 995 197 21 häradsnämndens
383 994 151 28 qvalifikation,
553 995 60 21 antal
631 995 40 21 och
690 997 65 20 sättet
769 996 34 21 för
818 996 48 22 dess
880 1004 38 14 an-

167 1030 100 26 tagande.
297 1028 33 22 Då
348 1029 167 21 likabeskaffade
533 1029 132 21 föreskrifter
687 1030 93 22 rörande
801 1030 26 22 de
849 1031 69 28 öfrige

168 1063 145 21 domstolarne
334 1063 32 21 uti
384 1063 108 21 allmänna
509 1064 62 27 lagen
590 1064 83 26 saknas,
693 1065 40 20 och
751 1065 105 21 särskilda
873 1065 43 22 för-

167 1098 118 27 fattningar
300 1097 73 21 derom
387 1096 70 22 finnas
471 1097 121 26 utfärdade,
607 1098 61 21 torde
683 1098 60 28 giltig
758 1099 114 28 anledning
883 1100 33 21 till

168 1132 36 21 det
221 1132 122 27 föreslagna
360 1131 159 22 utelemnandet
533 1132 136 26 förekomma,
685 1132 56 22 helst
753 1132 164 28 ifrågavarande

167 1166 160 22 bestämmelser
345 1166 19 27 ej
383 1166 188 21 öfverensstämma
588 1167 49 20 med
655 1167 56 21 hvad
725 1166 29 28 på
769 1167 26 21 de
808 1167 60 22 fleste
883 1176 34 14 or-

168 1202 33 19 ter
216 1201 7 19 i
237 1200 74 20 landet
329 1201 24 19 är
367 1200 129 26 vedertaget.
526 1200 60 20 Dock
601 1207 46 13 som
661 1201 125 27 härigenom
802 1201 29 21 all
845 1210 71 12 annan

167 1234 109 21 föreskrift
297 1233 4 21 i
316 1234 71 20 ämnet
405 1233 83 21 komme
507 1235 32 19 att
556 1233 83 26 saknas,
655 1236 28 19 än
697 1234 56 21 hvad
767 1234 77 28 Kongl.
860 1235 56 21 bref-

167 1269 35 20 vet
220 1267 24 21 af
257 1267 41 21 den
314 1268 12 20 9
343 1266 124 28 September
484 1268 53 20 1800
554 1267 72 22 derom
641 1267 123 27 innehåller,
780 1269 39 21 har
833 1270 83 21 utskot-

167 1304 31 19 tet
216 1304 70 19 ansett
304 1302 76 27 nödigt
398 1304 32 19 att
443 1302 8 20 i
466 1302 64 21 slutet
548 1302 25 21 af
585 1302 41 21 den
640 1302 108 22 blifvande
762 1303 154 29 förordningen

167 1337 68 22 under
253 1336 101 22 särskildt
371 1338 95 20 moment
480 1336 67 22 borde
560 1336 81 22 införas
657 1337 118 28 stadgande
789 1339 79 26 derom,
884 1341 32 20 att

167 1371 56 22 hvad
244 1371 139 22 härförinnan
403 1371 93 21 rörande
517 1371 117 22 nämndens
656 1372 59 21 antal
737 1373 39 22 och
795 1374 121 27 antagande

167 1413 50 15 vore
235 1405 101 28 stadgadt
354 1406 39 21 och
411 1405 124 28 vedertaget
549 1406 68 21 skulle
632 1406 43 22 tills
690 1407 73 22 vidare
778 1407 90 23 fortfara
883 1411 32 19 att

166 1447 52 15 vara
232 1440 105 28 gällande.
