1014 1670
320 104 72 23 Nådiga
403 105 136 22 Propositionen
550 105 34 16 N:o
598 105 26 16 15.
788 105 34 16 755

95 170 12 27 8
125 170 112 27 upptagna
254 168 161 29 bestämningen
434 169 79 26 derom,
532 170 32 20 att
582 168 24 22 af
621 168 82 22 banker
720 169 41 21 och
779 168 65 22 bank-

95 203 65 28 bolag
174 203 104 22 utställda
294 203 74 22 vexlar
386 203 40 22 och
445 203 136 28 anvisningar
598 203 60 21 skola
675 202 99 22 utfärdas
789 202 13 22 &
818 204 26 19 60

95 237 75 28 pennäs
188 237 63 22 karta
268 237 41 21 och
326 237 48 22 icke
391 237 98 22 erfordra
505 237 72 22 vidare
595 237 110 26 kartering
723 236 27 21 dä
769 237 25 21 de
812 237 34 21 till

94 271 84 22 inlösen
195 271 85 25 företes,
299 271 108 22 äfvensom
426 273 31 19 att
475 270 28 22 dä
520 270 109 22 vexelbref
648 270 99 22 utfärdas
768 271 9 20 i
794 271 52 22 flere

95 305 115 27 exemplar,
226 305 76 21 endast
317 307 30 18 ett
362 305 24 21 af
399 305 62 21 dessa
475 305 90 22 behöfva
580 304 104 27 karteras,
696 307 33 18 att
740 304 48 22 frän
802 305 43 22 för-

95 339 123 28 fattningen
232 338 58 29 utgä.

164 373 11 28 8
192 375 32 19 11.
255 373 77 27 Tredje
350 374 82 27 stycket
450 373 8 21 i
477 373 69 22 denna
565 373 11 28 &
595 380 51 15 anse
668 373 126 26 Ständerna,
812 373 34 22 till

95 407 106 23 vinnande
216 407 24 21 af
252 409 69 19 större
336 407 109 28 tydlighet,
457 406 87 28 päkalla
555 415 26 15 en
591 407 255 29 redaktionsförändring.

165 442 11 28 8
194 442 32 20 14.
256 442 10 21 I
285 441 64 28 afsigt
367 444 32 19 att
417 442 131 21 förekomma
568 442 88 28 möjliga
674 442 172 28 misstydningar,

95 476 65 22 hafva
179 475 120 23 Ständerna
316 476 33 21 till
368 476 26 22 de
411 476 69 21 under
495 476 68 22 denna
577 476 12 28 $
605 478 111 26 upptagna
729 478 117 20 momenter

95 510 61 28 fogat
174 512 31 20 ett
222 512 53 26 nytt,
291 518 46 14 som
354 511 8 21 i
380 510 118 28 ordningen
515 510 75 22 blifver
609 510 35 22 det
662 511 68 26 40:de,
749 510 24 22 af
788 511 58 22 inne-

95 544 46 22 håll
156 547 32 19 att
204 544 149 28 duplettakter,
368 552 47 14 som
429 546 7 20 i
454 544 167 29 rättegängsmäl
635 545 91 27 ingifvas
740 545 34 21 till
788 545 58 22 dom-

96 579 96 22 stolarne
210 581 54 19 samt
283 580 71 21 dessas
372 579 158 22 notifikationer
548 580 33 20 till
598 579 158 28 borgenärerne
774 579 7 21 i
795 580 51 21 kon-

95 613 97 22 kursmä!
206 615 38 20 äro
259 613 49 22 från
322 614 116 27 stempladt
451 621 84 20 papper
549 613 102 22 befriade.

165 649 11 27 $
190 649 32 20 15.
245 648 96 21 Emedan
352 648 147 22 erfarenheten
510 648 55 21 visat
576 650 32 19 att
620 648 128 27 stadgandet
758 649 8 20 i
778 648 69 22 denna

97 683 12 28 &
125 682 99 22 stundom
241 682 47 21 icke
305 682 69 22 blifvit
391 683 74 28 riktigt
483 682 129 28 uppfattadt,
628 683 40 20 och
686 682 107 22 föranledt
807 691 39 19 up-

97 717 96 28 penbara
210 715 206 28 missförhållanden,
435 717 40 21 har
493 723 26 15 en
537 717 156 28 omredigering
711 717 24 22 af
748 718 18 27 8,
782 717 65 28 enligt

97 751 131 22 Ständernas
243 749 61 30 åsigt,
320 751 54 22 varit
389 751 127 28 nödvändig.

166 786 11 27 8
193 787 33 20 23.
256 785 75 21 Denna
349 786 11 27 $
378 785 41 21 har
436 785 69 22 blifvit
523 785 63 22 ställd
604 786 7 21 i
630 785 217 23 öfverensstämmelse

96 820 50 21 med
164 820 132 21 Ständernas
314 819 191 23 ofvanomnämnda
523 820 70 21 beslut
610 820 36 22 vid
665 821 11 19 5
696 821 18 27 8,
737 820 110 28 angående

97 854 161 29 lysningssedel.

165 889 11 27 $
193 890 33 20 27.
249 888 133 28 Stadgandet
395 888 9 21 i
419 888 70 22 denna
503 890 18 27 $,
537 888 109 29 angående
662 889 70 21 forum
743 890 35 22 för
788 890 60 22 brott

96 925 58 21 emot
176 923 334 29 stempelpappersförordningen
533 924 78 26 derom,
636 926 32 19 att
690 923 77 23 sådant
788 925 59 21 brott

97 959 116 27 »upptages
229 958 39 22 och
284 958 94 21 afdömes
393 957 25 22 af
435 958 40 21 den
493 958 56 27 Rätt,
569 958 38 21 der
625 958 81 22 brottet
724 959 69 22 blifvit
810 960 37 22 be-

97 992 79 29 gånget
196 993 39 21 och
253 993 120 27 upptäckt",
387 993 42 29 har
447 994 58 26 synts
524 992 120 22 Ständerna
662 993 72 21 kunna
752 993 48 22 leda
814 994 34 22 till

98 1027 41 22 den
157 1026 99 29 tydning,
276 1028 31 20 att
325 1029 76 19 tvenne
418 1026 49 22 fora
484 1027 33 21 för
532 1028 62 20 dessa
611 1027 59 21 brott
684 1028 70 21 kunde
768 1028 78 27 finnas;

97 1062 41 22 och
156 1062 65 21 hafva
239 1062 67 21 orden
324 1060 116 29 ,begånget
463 1062 38 21 och
523 1061 116 29 upptäckt"
661 1061 83 22 derföre
766 1062 81 29 utbytts

97 1098 46 20 mot
158 1096 61 22 ordet
234 1096 147 28 ,uppenbart*.
404 1096 42 22 För
461 1096 69 22 denna
544 1096 91 28 ändring
649 1096 64 22 hafva
728 1096 120 24 Ständerna

98 1131 70 21 funnit
186 1130 48 22 stöd
252 1131 63 21 äfven
333 1131 76 26 deruti,
428 1132 32 20 att
478 1130 79 22 sådane
574 1130 66 26 brott,
659 1131 87 21 hvarom
764 1132 40 22 här
822 1134 26 20 är

97 1164 69 30 fråga,
181 1165 73 21 kunna
268 1172 61 15 anses
344 1164 113 28 begångna
469 1164 45 28 just
529 1165 37 21 der
581 1164 26 22 de
621 1164 66 22 blifva
701 1166 131 26 uppenbara.

166 1201 12 27 8
194 1201 34 19 41.
257 1200 38 21 Uti
310 1200 52 21 sista
375 1201 116 20 momentet
505 1198 24 22 af
543 1199 68 21 denna
626 1200 11 26 $
653 1200 93 27 stadgas,
762 1200 36 22 det
812 1201 35 23 må

99 1236 44 25 ytre
157 1235 89 26 procent
264 1234 24 20 af
303 1234 56 21 hvad
376 1234 58 20 inom
452 1233 46 22 året
517 1233 34 20 för
565 1233 189 28 kartaförsäljning
768 1235 80 22 influtit

99 1268 40 21 och
154 1268 82 21 kronan
250 1267 184 28 tillgodokommit,
449 1267 8 21 i
471 1267 171 21 landskontorets
657 1266 126 30 årsräkning
794 1269 53 22 affö-

98 1309 44 19 ras,
157 1302 24 20 af
197 1301 84 21 hvilken
300 1303 89 25 procent
406 1300 37 22 två
461 1301 59 20 delar
539 1301 95 20 tillfaller
648 1301 199 23 landskamreraren

99 1335 40 21 och
154 1335 41 21 den
210 1334 134 22 återstående
358 1334 130 27 tredjedelen
506 1334 233 27 landträntmästaren*,
754 1336 7 20 i
776 1337 71 21 stället

99 1368 34 22 för
152 1370 31 20 att
202 1368 65 28 enligt
285 1368 40 22 den
343 1368 128 28 nugällande
489 1367 151 29 förordningen
658 1368 24 21 af
700 1370 55 21 1864
773 1371 75 22 endast

99 1402 37 23 två
150 1405 94 26 procent,
260 1403 32 21 till
308 1403 59 28 jemn
385 1402 86 29 delning
489 1402 90 22 emellan
592 1402 200 24 landskamreraren
806 1407 41 21 och

99 1438 218 22 landträntmästaren
334 1436 52 29 utgå
404 1436 71 23 såsom
493 1437 118 28 ersättning
624 1437 35 22 för
672 1437 80 23 vården
767 1448 34 14 om
816 1441 30 21 di-

756 1482 22 15 48
