1017 1661
177 108 33 17 796
376 105 75 24 Nädigä
460 107 138 21 Propositionen
609 106 34 18 N:o
657 107 26 16 15.

154 171 50 20 tion
218 170 66 29 gjort;
304 170 53 28 sjelf
372 170 62 21 eller:
438 166 80 49 genom
535 169 78 21 ombud
627 169 33 28 på
678 169 74 21 stället
773 171 78 26 uttaga
868 169 36 40 det

153 200 120 54 Vrämplade
286 210 84 23 papper
385 203 43 22 han
438 204 34 28 på
487 203 73 22 kredit
574 203 102 21 erhåller.

498 263 13 29 $
526 261 37 23 88.

226 306 165 22 Vederbörande
406 305 129 22 embetsverk
550 305 40 22 och
604 305 133 29 tjenstemän,
753 312 45 14 som
812 305 36 21 till
859 306 45 20 sine

154 340 146 29 empeditioner
318 340 97 29 begagna
436 340 85 29 tryckta
544 340 126 26 blanketter,
692 346 52 14 vare
767 339 137 29 berättigade

152 378 40 23 att,
211 376 32 27 på
265 376 103 20 anmälan
390 374 38 22 hos
450 373 142 23 Guvernören
612 375 10 20 i
644 374 65 27 länet,
729 374 103 28 antingen
846 374 58 29 från

152 410 109 21 ränteriet
282 410 49 27 utfå
354 410 102 28 lämpligt
477 409 76 28 belopp
574 409 26 29 af
620 409 143 29 erforderligt
785 408 119 29 stämpladt

148 442 87 30 papper
243 444 43 29 för
301 447 34 17 att
349 443 120 22 blanketter
482 443 126 29 påtryckas,
624 443 52 21 eller
692 442 37 22 ock
738 443 30 29 få
783 443 45 20 sine
844 442 60 21 blan-

153 478 70 21 ketter
240 483 77 24 genom
334 476 151 23 Guvernörens
497 479 94 28 försorg
611 478 36 21 till
661 476 243 29 Kartasigillata-Kon-

153 510 57 23 torat
228 512 137 29 öfversända,
374 513 44 28 för
432 516 33 17 att
480 512 110 21 derstädes
606 512 104 28 stämplas
726 511 40 22 och
782 511 70 21 såsom
866 519 38 13 an-

152 554 44 14 nan
204 546 241 29 kartasigillataremiss
454 547 35 21 till
496 546 174 22 Landskontoret
678 546 134 21 ätersändas.
830 545 74 21 Hvar-

153 579 55 31 efter
226 581 26 21 de
266 581 96 22 sälunda
379 581 119 29 stämplade
521 580 145 22 blanketterne
689 581 36 20 till
742 580 108 21 ränteriet
871 580 34 29 af-

153 613 86 24 lemnas.
254 616 40 21 och
315 616 118 26 derstädes,
454 615 44 21 lika
519 615 47 21 med
584 618 68 18 annat
673 614 119 29 stämpladt
809 621 94 22 papper,

154 650 116 21 behandlas
286 650 38 21 och
338 650 118 26 redovisas,
475 654 56 17 samt
546 650 54 28 efter
616 649 64 29 behof
693 650 36 20 till
742 648 161 22 vederbörande

154 684 103 29 utgifvas.

497 722 12 28 $
524 719 38 23 39.

220 764 38 22 Då
276 764 71 27 karta,
366 765 80 21 ämnad
465 766 36 20 till
516 765 121 28 expedition
652 765 38 21 hos
704 764 130 22 embetsverk
848 764 53 21 eller

153 800 132 28 tjensteman,
301 806 76 22 genom
393 799 153 29 misskrifning
558 799 137 29 förderfvas,
714 799 37 21 mä
770 798 42 22 slik
831 798 71 27 karta,

151 834 53 29 fall
218 833 148 29 expeditionen
380 833 46 22 icke
439 834 70 27 finnes
524 841 55 14 vara
593 833 172 29 underskrifven,
782 833 37 22 hos
833 833 71 21 Läne-

152 869 109 28 styrelsen,
274 869 32 28 pä
320 868 41 22 den
372 869 43 28 för
430 869 147 28 expeditionen
596 869 114 27 ansvarige
726 868 178 29 tjenstemannens

152 904 104 20 anmälan
274 903 39 21 och
330 903 48 21 med
396 903 54 21 hans
468 904 102 25 reversal,
584 902 86 29 utbytas
689 906 55 18 emot
762 906 47 25 nytt
824 904 80 27 stämp-

152 937 47 22 ladt
209 944 86 22 papper
309 938 27 28 af
349 937 45 21 lika
408 938 74 22 värde.
511 937 51 21 Men
578 938 27 20 är
620 937 148 29 expeditionen
783 938 68 20 redan
865 944 39 14 un-

152 971 136 29 derskrifven
306 971 123 21 ankommer
447 972 36 21 det
496 972 34 28 pä
548 971 104 22 Senatens
670 971 234 29 Ekonomie-Departe-

152 1010 58 16 ment
228 1010 39 22 att,
286 1006 54 26 efter
360 1006 128 21 hemställan
506 1006 26 29 af
547 1006 171 29 Länestyrelsen,
737 1007 10 20 i
765 1006 75 28 hvarje
857 1006 46 28 fall

151 1041 103 21 närmare
274 1041 81 28 pröfva
377 1040 39 21 och
432 1041 119 28 förordna,
574 1040 108 22 huruvida
704 1042 125 20 restitution
851 1041 52 21 eller

152 1074 134 29 afskrifning
305 1075 25 28 af
346 1075 185 28 stämpelafgiften
546 1075 42 29 för
606 1075 26 21 de
650 1074 128 30 misskrifna
796 1074 107 22 kartorna

152 1108 40 21 bör
207 1108 95 29 beviljas,
322 1108 109 29 äfvensom
448 1107 94 22 Senaten
560 1109 77 20 tillhör
656 1112 33 17 att
707 1109 109 28 medgifva
830 1108 72 29 utbyte

153 1142 25 29 af
195 1140 77 23 kartor
291 1143 36 20 till
345 1143 79 20 sådane
443 1143 151 28 expeditioner,
607 1143 43 28 för
664 1143 75 21 hvilka
754 1143 124 29 afgifterne,
892 1143 11 21 i

151 1177 102 32 anseende
272 1177 36 20 till
319 1177 123 28 fattigdom
461 1177 52 21 eller
532 1185 72 13 annan
622 1177 52 28 laga
692 1176 71 27 orsak,
782 1178 21 27 ej
820 1176 82 22 kunnat

153 1209 37 22 hos
205 1210 119 28 sakegaren
338 1211 65 27 utfås.

496 1255 12 28 8
522 1254 37 22 40.

220 1298 124 30 Förefaller
359 1298 153 29 misskrifning
526 1298 38 22 vid
583 1298 75 22 kartas
673 1296 141 25 användande
830 1300 26 29 af
868 1306 35 15 en-

151 1332 58 22 skild
222 1340 82 21 person
323 1333 52 21 eller
390 1332 41 22 har
449 1333 73 29 någon
540 1333 26 29 af
577 1333 121 29 uppenbart
715 1334 90 29 misstag
824 1334 79 30 begag-

151 1371 40 18 nat
209 1366 67 30 högre
295 1367 65 21 karta
378 1368 29 20 än
418 1367 147 29 föreskrifvet
583 1369 33 25 är,
635 1368 35 21 mä
690 1368 100 22 tillstånd
805 1370 35 20 till
854 1370 48 21 dess

150 1402 116 29 utbytande
285 1401 62 22 sökas
366 1402 37 21 hos
422 1400 140 23 Guvernören
580 1403 10 20 i
608 1403 64 26 länet,
699 1403 7 21 å
725 1403 65 22 hvars
812 1403 90 22 bestäm-

150 1437 76 21 mande
242 1436 78 22 sådant
334 1437 10 20 i
359 1436 75 29 hvarje
446 1437 47 28 fall
511 1436 133 26 ankommer;
662 1437 54 22 dock
730 1438 36 21 må
780 1439 10 20 i
804 1439 97 28 afseende
