1025 1656
325 121 73 23 Nådiga
409 122 138 22 Propositionen
559 122 35 17 N:o
607 122 27 16 17.
800 122 31 17 851

103 182 33 22 till
152 183 112 26 1,554,080
279 184 69 26 mark,
363 184 149 22 motsvarande
527 186 54 20 nära
592 184 39 28 82/3
642 186 90 26 procent
745 184 63 22 deraf
816 185 41 22 och

104 216 93 24 sålunda
210 218 75 28 intaga
299 220 31 19 ett
344 218 64 28 högst
422 218 144 22 framstående
576 220 67 20 rum
628 212 14 39 i
655 219 137 21 statsverkets
802 219 55 22 bud-

103 253 42 27 get.
167 252 111 22 Ehuruväl
293 252 26 21 de
334 252 155 28 uppoffringar,
505 260 46 14 som
565 254 64 26 göras
643 253 35 21 för
693 253 40 21 den
748 253 110 21 allmänna

104 286 190 28 undervisningens
313 288 46 24 sak,
378 288 38 20 äro
434 294 46 14 mer
494 288 28 19 än
537 286 79 28 många
631 287 68 21 andra
714 286 144 28 statsutgifter

103 320 185 27 fruktbringande,
307 320 71 22 såsom
397 321 81 27 egnade
493 322 32 20 att
539 320 102 22 befordra
655 321 84 21 landets
754 320 58 22 såväl
826 321 33 21 in-

104 354 137 26 tellektuella,
257 362 46 14 som
317 354 119 22 materiella
450 354 202 27 framåtskridande,
667 354 60 22 hålla
738 356 121 21 Ständerna

104 388 55 22 dock
174 388 156 28 underdånigst
345 388 45 22 före
409 390 32 20 att
458 389 144 21 kostnaderna
617 389 72 21 derför
704 388 68 23 måste
787 390 70 27 afpas-

104 429 36 14 sas
159 422 55 21 efter
228 423 56 21 hvad
299 422 221 28 omständigheternas
535 423 50 21 kraf
598 422 125 29 oafvisligen
738 423 80 26 fordra,
834 422 25 23 så

104 458 32 19 att
158 456 69 22 andra
247 456 45 22 lika
314 456 188 29 magtpåliggande
525 457 122 21 statsbehof
667 457 123 27 derigenom
811 458 47 21 icke

103 489 67 23 blifva
185 489 123 23 åsidosatta.

171 524 51 22 Med
237 525 100 21 afseende
351 524 55 23 härå
420 525 64 22 hafva
499 525 126 26 Ständerna,
641 525 7 21 i
662 525 64 29 fråga
737 533 34 14 om
782 526 76 28 anslag

104 559 33 21 till
154 559 141 22 förevarande
313 559 71 26 behof,
403 559 68 22 under
490 560 41 21 den
549 560 134 21 närvarande
698 560 86 27 tryckta
798 560 59 22 ställ-

104 593 79 28 ningen
198 593 8 21 i
219 593 74 22 landet
308 595 71 20 ansett
393 593 103 28 förslaget
508 601 35 14 om
555 594 246 21 elementarläroverkets
812 601 45 14 om-

103 627 103 28 bildning,
229 626 68 23 såvidt
319 628 42 21 den
379 628 24 21 af
420 628 26 22 de
464 628 79 21 äskade
562 628 101 27 anslagen
680 628 105 28 betingas,
804 629 55 21 böra

104 661 82 22 lemnas
204 662 107 22 beroende
329 662 34 21 till
380 662 177 21 nästkommande
576 662 110 27 landtdag,
704 662 36 21 vid
757 663 100 27 tidpunk-

104 697 37 20 ten
162 696 88 21 hvarför
269 696 35 21 det
321 697 25 20 är
362 697 32 20 att
408 696 83 27 hoppas
510 698 31 19 att
557 696 126 26 Ständerna,
700 697 70 21 derest
784 697 74 21 landet

103 729 83 22 tilldess
207 730 78 21 hunnit
305 731 73 20 hemta
396 731 32 26 sig
447 729 53 22 efter
520 730 25 21 de
564 730 89 21 sednare
673 729 62 23 årens
754 730 104 28 felslagna

104 763 92 22 skördar
211 765 40 20 och
266 764 68 21 andra
350 771 137 21 ogynsamma
502 763 155 28 förhållanden,
672 764 71 21 kunde
754 764 59 22 finna
824 767 34 18 ut-

104 799 40 26 väg
160 798 33 21 för
209 798 129 27 beviljandet
355 798 24 21 af
392 798 26 21 de
432 798 34 21 för
480 797 163 29 ifrågavarande
657 799 68 20 behof
734 799 125 27 oundgäng-

104 832 44 27 Ega
166 832 75 26 medel,
258 832 67 28 jemte
344 832 36 21 det
398 831 121 22 Ständerna
537 832 96 28 uttryckt
651 833 40 21 den
711 832 148 28 underdäniga

105 866 83 21 önskan
206 868 33 19 att
256 866 25 22 E.
300 867 26 20 K.
342 866 46 27 M:t,
403 866 8 21 i
425 867 102 21 händelse
543 866 136 22 statsverkets
694 865 115 30 tillgångar
824 865 34 23 sä-

105 900 52 21 dant
175 900 112 28 medgifva,
306 901 69 21 under
393 901 59 21 tiden
470 901 49 21 ville
536 901 8 21 i
561 900 73 21 Nåder
651 900 88 28 vidtaga
757 901 102 27 lämpliga

104 933 103 29 åtgärder
221 934 34 21 för
269 934 247 28 undervisningsverkets
531 934 117 28 tillbörliga
663 934 115 22 ordnande.

174 968 63 22 Det
230 964 12 37 i
253 968 40 22 den
311 968 79 28 nådiga
408 969 161 27 propositionen
586 968 128 22 framstälda
731 968 81 28 förslag
827 970 32 20 att

105 1009 77 21 genom
201 1002 132 22 allmännare
352 1003 40 21 och
406 1002 66 28 något
487 1002 85 28 förhöjd
587 1002 110 28 skolafgift
710 1003 65 21 vinna
789 1004 70 20 större

104 1036 78 28 bidrag
197 1036 33 22 till
247 1036 129 22 skolverkets
388 1036 113 22 underhåll
512 1036 24 22 af
545 1036 26 22 de
581 1036 148 28 medborgare,
742 1044 45 14 som
799 1036 62 22 deraf

104 1070 34 22 för
157 1070 45 22 sine
221 1070 55 22 barn
296 1070 67 28 draga
382 1071 40 21 den
440 1072 108 20 närmaste
562 1072 81 26 nyttan,
659 1070 65 22 hafva
739 1070 121 22 Ständerna

105 1104 35 22 för
158 1104 33 22 sin
211 1104 33 22 del
263 1105 18 27 ej
301 1104 82 22 kunnat
401 1105 91 21 biträda.
524 1104 122 22 Ständerna
663 1106 35 20 tro
718 1104 36 22 det
772 1111 88 15 snarare

106 1146 52 14 vara
173 1139 122 26 önskvärdt,
312 1146 35 14 om
361 1138 33 22 till
409 1139 40 21 och
464 1139 48 21 med
528 1139 40 21 den
583 1146 76 20 genom
674 1138 120 28 Kejserliga
805 1138 54 22 kun-

105 1172 98 29 görelsen
221 1172 40 22 den
281 1174 26 20 30
326 1173 91 21 Januari
437 1174 53 20 1862
509 1172 111 29 påbjudna
634 1172 115 28 skolafgift,
765 1180 46 14 som
825 1174 34 20 ut-

105 1206 40 29 går
160 1207 50 21 med
225 1208 27 20 48
266 1207 63 21 mark
343 1207 34 21 för
391 1207 75 27 hvarje
482 1206 114 23 betalande
611 1207 45 21 elev
671 1214 34 14 om
721 1206 52 27 året,
788 1207 71 21 kunde

105 1242 45 21 helt
168 1242 41 21 och
226 1240 67 23 hållet
310 1242 105 26 upphöra,
432 1242 88 21 emedan
536 1242 40 21 den
591 1241 18 27 ej
625 1243 53 19 utan
692 1242 99 21 kännbar
804 1248 55 20 upp-

106 1276 78 26 offring
203 1276 42 21 kan
263 1276 99 26 erläggas
380 1276 25 20 af
420 1275 92 28 mången
526 1275 147 27 medborgare,
689 1283 51 18 som,
756 1276 69 20 ehuru
839 1275 19 27 ej

106 1309 108 27 hänförlig
231 1309 34 21 till
283 1310 41 20 den
342 1309 77 27 fattiga
438 1309 135 26 folkklassen,
588 1309 41 20 har
644 1310 32 20 att
690 1308 106 28 bekämpa
811 1309 49 21 eko-

106 1342 98 22 nomiska
221 1342 132 28 svårigheter
371 1343 34 20 för
424 1349 52 21 egen
495 1344 40 20 och
550 1343 33 21 sin
598 1342 79 28 familjs
692 1343 104 26 utkomst;
811 1349 49 15 men

108 1376 28 22 då
151 1376 136 29 skolafgiften
302 1377 34 21 för
351 1377 133 21 närvarande
500 1378 18 27 ej
533 1377 58 21 lärer
601 1377 73 21 kunna
686 1376 34 22 för
731 1376 130 23 skolverkets

107 1410 115 24 underhåll
239 1411 109 27 umbäras,
367 1411 64 22 hafva
450 1411 120 22 Ständerna
589 1413 69 20 ansett
673 1411 36 22 det
724 1418 52 15 vara
791 1411 70 29 billigt

108 1448 32 21 att
160 1447 26 22 de
204 1446 124 23 betalandes
343 1446 57 23 olika
414 1446 227 29 förmögenhetsvilkor
654 1447 75 28 läggas
744 1447 32 21 till
791 1446 70 28 grund

770 1494 22 15 54
