1020 1664
338 104 71 24 Nådiga
420 106 136 22 Propositionen
568 106 34 17 N:o
615 105 28 17 24.
798 105 43 16 1101

283 171 13 20 4
310 176 62 15 mom.

310 203 137 23 Alternativt:

338 237 156 28 Oförändradt;

280 268 76 33 Ellér:

186 306 36 21 det
237 303 123 29 ankommer
376 306 13 25 å
405 305 109 29 Styrelsen
527 308 39 24 att,
579 306 54 28 efter
645 305 34 28 sig
684 305 126 29 företeende
822 311 43 14 om-

186 340 155 29 ständigheter,
361 341 103 28 antingen
484 340 46 22 låta
548 341 59 20 detta
625 343 91 18 moment
733 339 60 29 utgå,
813 339 52 21 eller

185 374 38 22 ock
239 375 43 29 för
304 375 41 21 den
366 373 49 23 deri
436 373 204 31 kronobetjeningen
663 373 134 22 tillerkända
817 374 48 20 rät-

185 409 70 28 tighet
267 409 139 29 föreskrifva
423 409 25 21 de
466 409 195 28 inskränkningar,
677 407 110 30 Styrelsen
801 414 63 15 anser

186 444 112 29 lämpliga.

282 477 92 28 Tillägg:

243 507 161 34 Öfverträdelse
423 512 26 27 af
462 513 61 20 dessa
538 511 133 30 stadganden
685 511 84 30 medför
779 511 87 29 förlust

187 546 25 29 af
225 546 94 21 bränvin
334 546 38 21 och
387 546 51 21 kärl
453 547 64 20 hvari
531 547 37 20 det
575 547 115 28 förvaras.

433 634 68 18 Art.
518 634 33 18 5.

133 681 31 22 Om
178 688 66 15 ansvar
258 680 33 22 och
306 687 59 15 annan
380 682 23 20 än
417 680 53 22 ofvan
484 681 58 21 utsatt
554 679 69 29 påföljd
637 680 29 22 fr
680 679 138 23 öfverträdelser
832 680 21 22 af

332 715 58 21 denna
404 715 116 28 författnings
535 714 120 22 föreskrifter.

185 764 11 22 1
215 763 70 23 denna
302 763 77 23 artikel
397 770 62 15 anser
476 764 104 21 utskottet
597 764 51 27 inga
667 764 117 27 ändringar
801 763 8 21 i
827 763 39 21 sak

117 799 24 22 af
157 797 80 29 nöden;
257 799 75 21 endast
349 798 249 28 redaktionsförändring
617 798 24 21 af
656 800 76 20 tvenne
751 798 24 28 88
794 797 72 22 föran-

119 833 58 22 ledes
192 833 25 22 af
229 833 36 22 det
280 832 134 29 föregäende.

495 868 11 28 8
526 868 33 20 67.

457 901 142 23 Oförändrad.

494 957 11 27 g
524 957 35 21 68.

287 987 10 20 1
314 992 63 15 mom.

243 1019 55 29 Ifall
308 1020 47 26 den,
367 1027 45 14 som
422 1020 92 21 innehar
526 1019 107 29 rättighet
645 1022 32 18 att
689 1020 102 21 tillverka
802 1019 65 21 brän-

187 1056 43 26 vin,
245 1055 89 29 utöfvar
350 1055 52 21 eller
414 1055 56 21 låter
480 1054 76 29 utöfva
568 1054 121 21 densamma
700 1055 14 20 ä
725 1058 67 17 annat
804 1054 63 22 ställe

187 1091 29 20 än
232 1089 123 21 kontraktet
370 1089 132 26 bestämmer,
514 1089 53 21 eller
579 1089 68 21 under
659 1089 33 21 tid
702 1089 29 21 dä
742 1089 69 21 sädan
823 1089 45 21 till-

187 1124 107 28 verkning
312 1123 46 22 icke
377 1124 27 20 är
424 1124 91 26 tillåten,
535 1123 51 21 eller
605 1123 48 21 med
665 1124 53 28 flere
735 1125 28 19 än
779 1130 25 14 en
819 1123 49 21 red-

188 1158 59 28 skap,
263 1158 57 21 skall
334 1157 45 21 icke
396 1158 91 20 allenast
501 1158 36 20 det
552 1157 95 21 bränvin
661 1165 45 13 som
721 1158 90 21 sålunda
824 1158 44 20 till-

187 1192 88 22 verkats
298 1192 38 21 och
358 1192 31 20 all
407 1192 76 20 dervid
502 1191 111 29 begagnad
631 1191 93 28 redskap
739 1192 64 28 jemte
823 1192 45 20 till-

188 1227 54 21 redd
261 1226 62 22 mäsk
340 1226 39 21 och
396 1226 151 28 drankförräd
562 1233 55 13 vara
625 1226 121 28 förbrutet,
761 1230 53 17 utan
830 1225 38 21 ock

187 1261 42 21 den
248 1261 112 28 brottslige
378 1260 68 29 gälda
460 1262 10 18 i
485 1259 123 22 kontraktet
617 1260 117 29 fastställd
749 1260 67 28 afgift
825 1260 43 28 för

189 1295 74 28 hvarje
283 1295 71 19 kanna
372 1295 26 27 af
412 1295 96 19 nämnda
526 1295 100 24 bränvin,
643 1294 119 20 beräknadt
777 1296 36 18 till
828 1295 41 18 den

187 1328 10 21 €
211 1328 12 27 8
239 1327 15 21 3
269 1331 82 18 utsatta
366 1327 80 28 styrka,
458 1331 56 17 samt
524 1327 106 21 dessutom
643 1327 49 21 böta
703 1331 30 17 ett
744 1328 47 21 med
803 1327 66 28 sagde

191 1361 66 30 afgift
273 1361 45 22 lika
334 1361 81 29 belopp.

287 1397 74 32 Öfriga
374 1403 121 20 momenten

314 1436 148 22 oförändrade.
