1017 1670
325 113 71 24 Nådiga
407 115 137 22 Propositionen
555 116 35 17 N:o
602 116 27 17 15.
794 119 32 16 691

103 177 309 32 kartasigillataförsäljningen
433 179 57 22 inom
508 180 64 22 länet.
604 179 34 23 Då
655 181 92 21 nämnde
764 181 85 28 tjenste-

102 212 62 21 mäns
182 211 95 29 -aflöning
291 212 66 23 delvis
371 213 64 22 beror
449 214 25 21 af
486 214 25 22 de
527 215 97 27 sportler,
639 223 35 14 om
688 215 72 22 hvilka
775 216 25 21 de
815 216 35 21 vid

102 246 104 28 tjenstens
224 246 123 23 erhållande
365 248 69 22 blifvit
451 249 164 27 tillförsäkrade,
634 251 25 20 är
677 249 36 22 det
731 250 70 27 billigt
819 252 32 20 att

104 281 70 21 denna
196 281 61 21 deras
278 282 92 21 inkomst
391 283 46 21 icke
458 283 134 22 förminskas.
625 284 41 21 Det
685 291 77 14 ansvar
780 291 45 14 som
843 285 8 20 i

104 315 59 21 detta
178 315 99 22 afseende
291 315 81 28 äligger
386 317 216 26 Landskamreraren,
618 319 25 19 är
655 317 64 22 ocksä
730 318 24 21 af
764 318 40 21 den
814 318 36 21 be-

103 349 119 22 skaffenhet
243 351 32 20 att
297 357 26 14 en
341 351 134 28 godtgörelse
493 352 72 21 derför
583 352 24 21 af
623 351 36 23 tvä
676 354 89 26 procent
783 351 67 22 mäste

103 390 62 15 anses
180 391 52 15 vara
246 384 75 28 skälig.

171 418 13 21 I
198 418 85 22 formelt
299 419 99 22 afseende
412 420 63 22 hafva
491 420 107 22 dessutom
612 420 68 28 nägra
694 420 78 22 brister
785 421 7 21 i
808 421 42 21 för-

102 452 120 28 fattningen
236 455 85 26 yppats,
335 454 34 21 till
382 454 82 22 hvilkas
479 455 137 27 afhjelpande
631 455 26 21 de
673 455 125 23 dithörande
813 456 37 21 än-

104 487 94 28 dringar,
213 495 46 14 som
273 488 106 22 nedanför
391 488 70 23 finnas
475 491 117 26 upptagna,
607 489 96 23 föresläs.

171 522 11 22 I
196 522 54 28 följd
264 523 65 22 häraf
343 523 139 23 öfverlemnas
497 524 32 22 till
544 524 121 22 Ständerna
678 524 94 28 följande

102 621 100 33 Förslag
219 622 40 26 till
275 622 150 33 Förordning
443 622 122 33 angående
579 623 273 34 stämpelpappersafgif-

261 669 41 25 ten
319 668 9 25 i
345 667 226 28 Storfurstendömet
587 669 109 26 Finland.

423 737 14 17 1
453 737 79 22 Kap.

364 783 93 22 Allmänna
474 783 119 22 föreskrifter.

456 830 11 27 8
489 830 18 20 1.

172 868 49 22 Alla
239 869 134 28 handlingar,
388 876 46 15 som
449 869 24 21 af
485 869 82 22 landets
583 869 122 27 domstolar,
721 870 131 22 embetsverk

104 904 40 21 och
159 903 147 29 myndigheter
320 904 105 26 utfärdas,
441 904 59 21 skola
514 911 52 14 vara
577 903 13 22 ä
601 904 116 28 stämpladt
727 911 82 20 papper
821 904 31 21 af-

104 938 89 26 fattade,
209 939 55 20 samt
278 938 43 21 alla
335 938 84 28 inlagor
434 938 39 22 och
489 938 67 22 andra
570 938 134 28 handlingar,
716 946 46 14 som
772 938 34 21 till
816 938 36 22 be-

104 972 71 22 mälde
198 972 146 28 myndigheter
365 973 96 27 ingifvas,
484 980 51 14 vara
553 973 100 27 antingen
672 972 13 22 &
703 972 50 21 slikt
770 980 83 20 papper

104 1007 83 21 skrifna
198 1007 51 21 eller
259 1007 49 21 med
319 1007 172 27 stämpelpapper
502 1008 51 20 eller
565 1007 179 27 stämpelmärken
751 1007 101 27 belagda;

105 1042 39 20 allt
162 1042 32 20 till
213 1042 35 21 det
265 1041 85 28 belopp,
369 1040 29 28 pä
417 1042 36 21 det
471 1042 48 25 sätt,
535 1042 48 20 med
598 1041 26 21 de
638 1042 110 26 undantag
762 1041 40 21 och
816 1041 36 21 vid

106 1076 36 21 det
156 1076 96 28 äfventyr
266 1076 40 20 här
321 1076 116 21 nedanföre
453 1076 93 27 stadgas.

458 1132 11 26 8
486 1132 18 20 2.

176 1173 178 28 Stämpelpapper
365 1174 40 21 och
416 1174 179 27 stämpelmärken
607 1173 60 21 skola
677 1173 69 21 finnas
754 1175 33 19 att
793 1171 61 29 tillgå

106 1208 25 21 af
146 1208 94 27 följande
258 1208 86 26 värden,
362 1208 115 28 nemligen:
497 1208 13 21 ä
529 1210 33 24 20,
579 1208 32 25 25,
629 1209 34 24 30,
678 1209 33 25 40,
728 1209 33 24 50,
778 1208 33 24 60,
827 1208 26 20 70

106 1242 40 21 och
162 1243 27 19 80
204 1242 70 27 penni,
290 1243 55 20 samt
360 1241 13 22 ä
389 1243 10 19 1
415 1242 68 25 mark,
501 1244 9 19 1
527 1242 61 21 mark
604 1242 26 20 50
645 1242 70 26 penni,
732 1243 20 24 2,
767 1242 19 24 3,
802 1242 20 24 4,
834 1242 19 24 5,

107 1277 19 24 6,
146 1277 19 24 7,
184 1277 20 24 8,
224 1277 32 25 10,
276 1277 33 24 15,
329 1277 34 24 20,
383 1277 33 25 25,
435 1278 34 24 30,
488 1278 33 24 40,
538 1277 33 24 50,
587 1277 32 24 60,
635 1277 34 24 80,
687 1277 46 24 100,
751 1276 45 24 150,
813 1276 40 19 200

106 1309 41 22 och
162 1311 41 19 500
218 1310 67 21 mark.

458 1339 11 26 8
486 1340 18 18 3.

175 1374 19 27 Ä
212 1381 73 27 hvarje
304 1381 39 21 ark
361 1381 172 28 stämpelpapper
551 1381 115 27 anbringas
685 1381 79 21 öfverst
778 1380 13 22 &
806 1380 48 22 dess

83 1422 3 2 *
106 1416 69 21 första
190 1415 46 22 sida
251 1422 26 14 en
291 1416 71 28 tryckt
377 1416 95 27 stämpel,
487 1416 63 22 hvars
561 1416 49 28 färg
622 1416 33 20 för
667 1416 103 21 kartorna
780 1415 13 22 å
803 1423 51 20 pen-

106 1450 103 22 nivärden
226 1451 26 20 är
269 1450 56 22 brun
343 1452 56 20 samt
417 1450 34 22 för
469 1451 47 21 dem
534 1450 13 22 &
566 1453 10 19 1
596 1450 62 22 mark
676 1450 40 22 och
735 1450 120 22 derutöfver

764 1492 23 16 44
