1014 1661
322 117 71 22 Nädiga
405 117 136 22 Propositionen
553 117 34 17 N:o
601 118 26 15 21.
795 117 33 16 9259

99 180 73 21 kunna
191 181 53 20 utan
262 179 113 28 olägenhet
393 180 106 27 iakttagas
518 180 41 22 och
576 180 57 27 förty
647 178 133 28 bibehållits;
798 179 53 22 lika-

100 221 47 15 som
164 214 40 21 ock
223 213 47 27 den,
288 214 8 21 i
314 213 101 22 afseende
433 213 13 22 å
463 214 60 21 tiden
544 214 35 21 för
599 214 88 21 besvärs
709 213 118 22 anförande
844 213 8 21 i

100 248 95 26 Hofrätt,
213 248 32 21 uti
264 249 12 20 5
294 248 12 27 &
326 249 26 20 25
370 248 49 27 kap.
438 247 211 29 Rättegängsbalken
667 247 59 28 gifna
744 247 108 22 allmänna

100 282 110 22 föreskrift
231 283 81 21 ansetts
333 281 55 22 böra
410 281 86 27 gvarstä
514 281 136 22 oförändrad.
680 281 48 22 Den
745 281 32 21 tid
799 280 53 27 åter,

100 324 47 14 som
161 316 34 22 för
209 316 116 22 inställelse
343 316 3 20 i
360 316 84 27 Högsta
458 316 124 21 Domstolen
595 315 76 21 hittills
682 316 55 21 varit
748 315 104 26 bestämd,

100 352 25 20 är
144 351 46 25 ock,
208 351 8 21 i
234 349 101 23 ändamål
352 352 33 20 att
402 350 102 22 befordra
525 351 69 21 större
612 350 152 27 skyndsamhet
781 349 8 21 i
806 349 46 27 lag-

101 384 127 28 skipningen
243 385 40 21 och
298 385 7 21 i
321 384 65 28 öfrigt
401 384 24 22 af
438 385 26 21 de
479 384 51 27 skäl,
546 391 46 15 som
606 384 40 21 här
661 384 63 22 ofvan
734 384 8 20 i
753 383 99 22 afseende

101 418 13 23 å
128 418 54 23 måls
197 419 93 28 fullföljd
304 419 8 21 i
326 418 88 25 Hofrätt
433 419 105 28 angifvits,
557 418 120 29 föreslagen
692 420 32 20 att
738 418 113 22 förkortas.

101 453 87 22 Parters
202 455 44 20 rätt
260 460 62 21 synes
338 453 122 28 derigenom
474 453 47 22 icke
535 453 73 21 kunna
622 453 128 28 äfventyras.

168 488 74 27 Enligt
260 489 26 20 26
304 487 50 28 kap.
374 489 11 19 1
405 488 12 27 &
435 487 211 28 Rättegångsbalken
664 487 55 22 skall
741 487 47 26 den,
807 494 46 15 som

101 521 49 23 frän
164 523 118 21 Underrätt
297 521 80 28 vädjar,
393 522 73 28 bifoga
480 522 33 21 sin
526 522 73 28 inlaga
613 522 33 21 till
660 521 116 22 Hofrätten
790 529 26 14 en
831 522 25 22 af

100 555 37 23 tvä
151 556 120 26 löftesmän,
287 563 26 15 en
327 556 34 21 för
375 556 68 28 begge
458 556 40 22 och
513 556 68 28 begge
592 556 34 22 för
638 563 32 19 en,
682 555 107 29 ingängen
803 556 50 22 bor-

101 598 42 21 gen
156 590 34 22 för
206 590 40 22 den
260 590 93 22 kostnad
371 590 40 22 och
431 590 72 26 skada,
519 597 45 15 som
582 590 44 22 han
643 590 43 22 kan
700 590 82 22 kännas
797 590 55 29 skyl-

102 625 36 29 dig
153 627 32 20 att
200 625 69 28 gälda,
285 625 71 21 derest
370 625 44 21 han
428 625 47 21 icke
489 624 66 22 hellre
570 625 36 22 vill
620 625 33 21 till
668 624 99 22 säkerhet
782 624 72 22 derför

101 660 100 22 nedsätta
215 660 125 27 penningar,
359 659 72 21 silfver
449 659 52 21 eller
519 658 61 28 guld;
599 660 8 20 i
621 659 155 27 sammanhang
790 660 63 21 hvar-

101 694 50 22 med
168 694 32 21 uti
218 694 66 27 sagde
301 693 91 28 kapitels
408 695 12 19 6
435 694 12 27 $
462 693 113 27 förklaras,
591 695 37 25 att,
644 701 35 13 om
693 693 57 21 hvad
764 692 90 23 sålunda

102 730 25 20 är
142 728 134 22 föreskrifvet
293 726 128 27 underlätes,
441 728 41 21 den
498 727 106 28 vädjande
621 728 38 20 sitt
676 727 42 22 vad
736 727 41 22 och
794 728 60 21 talan

103 764 57 20 emot
175 762 155 21 Underrättens
345 762 50 21 dom
409 761 100 26 förlorat;
528 762 41 21 och
587 762 8 20 i
609 763 27 19 30
651 762 49 26 kap.
716 762 12 20 3
744 762 12 27 $
772 768 82 15 samma

101 796 52 22 balk
171 796 88 27 stadgas
277 798 32 19 att
328 796 46 26 den,
393 802 46 14 som
456 795 101 28 fullföljer
575 794 133 28 underdänig
722 796 60 21 talan
797 797 57 20 emot

102 830 97 22 Hofrätts
219 830 49 21 dom
287 830 51 21 eller
356 830 80 27 utslag,
455 830 55 21 skall
528 830 63 21 ställa
612 830 81 27 borgen
711 829 33 22 för
762 829 92 22 kostnad

102 865 41 21 och
165 864 73 25 skada,
260 871 46 14 som
328 871 34 14 om
385 863 41 22 vad
447 863 48 22 frän
517 863 112 22 underrätt
652 865 24 20 är
698 864 69 27 sagdt.
803 863 51 22 Med

103 899 63 22 dessa
180 898 132 22 föreskrifter
326 897 80 29 åsyftas
421 898 34 22 väl
469 900 33 20 att
517 898 46 26 den,
576 905 45 15 som
633 897 77 29 drager
722 905 25 15 en
762 899 38 21 sak
814 905 40 15 un-

103 934 39 21 der
156 933 66 27 högre
236 933 62 21 Rätts
312 932 107 28 pröfning,
434 932 39 22 bör
491 932 100 22 försäkra
605 932 33 22 sin
652 932 114 28 vederpart
781 932 74 22 derom

103 970 34 19 att
154 967 68 21 denne
241 968 18 27 ej
279 967 54 21 skall
353 966 67 22 blifva
437 967 85 21 lidande
541 974 75 20 genom
635 967 77 21 sakens
730 966 98 29 fullföljd,
846 967 8 21 i

103 1002 103 22 händelse
221 1002 70 21 dertill
306 1002 19 27 ej
341 1002 25 20 är
384 1001 53 21 skäl.
466 1002 49 21 Men
533 1003 60 19 utom
611 1001 36 21 det
664 1004 33 19 att
715 1001 140 22 omförmälde

103 1036 81 28 borgen
204 1036 6 21 i
228 1036 118 21 allmänhet
364 1036 18 27 ej
402 1036 61 21 torde
480 1036 73 21 kunna
572 1036 63 26 göras
654 1036 98 27 gällande
770 1036 8 20 i
792 1034 63 29 fräga

104 1078 35 14 om
154 1072 66 20 annat
234 1072 28 20 än
276 1069 224 28 rättegängskostnad,
515 1069 85 22 hvilken
614 1070 98 27 vanligen
726 1071 25 19 är
766 1068 24 23 sä
805 1069 49 22 obe-

103 1104 69 28 tydlig
190 1107 32 18 att
238 1104 71 27 någon
327 1104 108 27 synnerlig
453 1105 44 26 vigt
513 1104 47 21 icke
578 1104 43 20 kan
638 1104 58 27 ligga
713 1103 29 28 pä
762 1104 93 27 borgens

105 1138 105 22 ställande
228 1138 77 26 derför,
323 1138 57 21 lärer
399 1138 36 21 det
453 1138 61 21 äfven
535 1145 52 14 vara
609 1145 79 20 genom
707 1137 149 22 erfarenheten

105 1172 136 29 ådagalagdt,
264 1174 32 20 att
318 1172 74 26 sällan,
416 1180 34 14 om
472 1179 37 15 ens
529 1171 105 28 någonsin
656 1172 59 21 talan
736 1171 70 22 blifvit
826 1171 30 28 på

105 1207 71 28 grund
194 1207 24 22 af
232 1207 82 27 borgen
332 1206 33 21 för
384 1207 90 21 kostnad
493 1207 39 21 och
550 1206 67 21 skada
634 1206 48 21 förd
705 1208 57 19 emot
783 1205 72 23 löftes-

104 1242 99 25 männen,
219 1241 40 22 och
274 1243 32 18 att
321 1240 133 28 följaktligen
468 1240 147 28 iakttagandet
630 1241 22 21 at
667 1241 25 20 de
707 1241 8 20 i
730 1241 58 20 detta
802 1241 53 21 hän-

105 1275 77 22 seende
200 1275 126 22 meddelade
344 1275 133 22 föreskrifter
495 1273 105 28 öfvergått
618 1275 33 21 till
669 1283 27 13 en
714 1277 44 19 tom
777 1275 77 21 forma-

105 1309 53 22 litet.
188 1309 30 21 Af
234 1308 67 22 sådan
320 1309 64 21 orsak
403 1310 55 20 samt
480 1307 27 22 då
528 1309 73 20 härtill
622 1309 96 20 kommer
740 1310 32 19 att
794 1309 62 21 dessa

106 1343 133 28 stadganden
258 1342 45 21 ofta
320 1342 107 21 föranledt
445 1342 71 21 dertill
534 1343 32 20 att
583 1344 74 25 parter
671 1342 91 21 förlorat
776 1343 32 20 sin
823 1345 33 19 ta-

105 1377 38 22 lan
158 1377 75 21 endast
248 1384 75 20 genom
339 1384 25 14 en
380 1377 51 21 eller
447 1383 70 14 annan
532 1376 117 28 obetydlig,
665 1377 33 20 för
714 1376 40 22 den
768 1377 8 21 i
790 1379 66 19 rätte-

107 1411 82 30 gångar
208 1411 147 22 obevandrade
374 1411 18 28 ej
412 1411 101 21 märkbar
531 1410 124 29 felaktighet
669 1411 7 21 i
691 1410 111 23 företedda
816 1411 40 22 löf-

107 1446 124 27 tesskrifter,
250 1447 25 20 är
293 1453 29 15 nu
340 1446 115 27 föreslaget
472 1447 32 20 att
522 1446 145 28 skyldigheten
685 1445 34 22 för
741 1445 47 28 den,
811 1453 45 15 som
