1017 1664
311 98 71 23 Nådiga
393 100 138 21 Propositionen
543 100 34 17 N:o
590 100 27 17 15.
783 99 32 17 767

152 203 86 28 Jintligt
246 203 128 27 röstegande
386 203 39 20 och
437 203 110 21 betalande
558 203 89 26 mantal,
660 203 42 21 kle-

157 237 198 28 resilägenheterna
370 237 53 21 dock
437 237 142 29 undantagna
611 252 91 6 ....
802 239 25 20 15

128 278 48 14 men
192 279 32 13 om
240 271 89 21 boställe
344 271 20 28 ej
373 271 77 27 finnes,
466 272 74 21 endast
558 287 2 4 .
584 287 4 5 .
611 287 5 4 .
639 287 6 5 .
668 287 33 5 ..
815 275 12 18 7

130 304 33 22 8:0
179 305 13 21 &
208 304 232 29 adjunktsbeställning
456 306 51 20 eller
523 313 72 14 annan
605 309 98 24 prester-

158 340 31 27 lig
206 339 127 29 befattning,
343 339 42 28 för
402 339 85 22 hvilken
502 341 125 28 aflöningen
639 339 63 22 beror

157 374 26 29 af
203 373 94 22 enskildt
319 373 56 29 aftal
397 375 89 20 emellan
507 375 40 21 den
563 375 138 28 förordnade

158 409 38 21 och
212 409 53 20 hans
277 409 118 28 principal,
419 409 6 20 &
441 409 68 20 sådan
523 409 71 26 karta,
610 416 38 13 som
659 409 42 29 för

158 443 24 22 de
197 443 62 29 ifrån
273 442 153 29 Domkapitlen
440 444 104 28 utgående
556 443 146 29 expeditioner

159 479 27 20 är
195 477 156 30 föreskrifven.

131 511 34 23 9:o
181 512 13 21 &
210 511 109 22 klockare-
334 513 51 20 eller
401 513 176 28 orgelnisttjenst,
590 513 42 28 för
648 512 54 21 hvil-

158 546 40 21 ken
217 547 62 20 lönen
298 548 27 19 är
345 547 34 20 tll
398 547 43 20 viss
461 554 80 13 summa
556 547 9 20 i
575 547 126 28 penningar

158 581 102 26 bestämd,
275 580 14 21 4
299 584 92 25 procent
406 581 69 29 deraf,
486 588 54 19 men,
551 581 39 21 der
606 581 20 28 ej
641 581 62 20 lönen

159 617 27 20 är
204 615 92 22 sålunda
313 618 75 23 utsatt,
406 616 9 20 i
435 615 191 29 landsförsamling
649 615 53 29 efter

158 650 113 21 enahanda
285 649 72 29 grund
373 649 38 21 och
427 651 36 20 till
478 649 45 22 lika
537 649 81 29 belopp,
634 657 44 13 som
689 650 13 20 å

158 684 249 29 sockneadjunktstjenst,
420 688 55 17 samt
488 686 9 19 i
513 685 189 28 stadsförsamling

157 719 48 22 med
220 726 25 14 en
260 719 107 21 tiondedel
377 719 26 28 af
411 719 40 20 den
459 719 42 28 för
513 719 191 29 pastorsfullmak-

159 757 35 18 ten
208 755 10 20 i
233 761 81 13 samma
323 753 137 29 församling
476 754 109 21 bestämda
600 753 71 22 karta.

129 787 50 22 10:0
195 789 14 20 &
224 787 306 30 sockneskrifvarebefattning
556 804 5 5 .
585 804 4 5 .
613 803 62 6 sov
664 783 15 38 +

130 822 44 21 11:0
190 823 14 20 &
218 821 164 40 kyrkoväktare,
399 821 64 22 skall-
477 823 39 20 och
531 823 102 28 brofogde
648 803 55 40 voi

159 864 71 13 annan
244 852 85 25 mindre
345 856 129 29 beställning
489 857 37 21 vid
542 856 74 29 kyrka,
629 856 74 22 socken

159 891 39 20 och
212 891 107 28 menighet
332 907 3 4 .
362 906 30 5 <»
419 906 2 5 <
446 906 3 5 o
500 906 62 6 eaa
585 906 118 5 ken

130 925 48 21 12:0
202 925 14 21 å
237 925 77 20 embete
337 925 38 20 och
398 925 70 28 tjenst,
491 933 44 13 som
557 925 54 28 efter
631 925 73 21 derom

159 959 65 29 gjord
243 959 120 28 ansökning
381 959 99 21 erhällits
497 966 76 22 genom
592 963 112 25 transport

160 994 51 21 eller
227 993 52 29 byte,
292 993 91 29 skrifves
393 993 34 28 pä
438 994 118 28 stämpladt
567 1001 86 21 papper
669 995 35 20 till

161 1028 45 21 lika
224 1028 81 28 belopp,
325 1035 44 13 som
387 1027 38 22 vid
441 1027 122 29 befordran,
579 1028 71 21 derest
664 1029 41 20 den

160 1063 43 25 lön,
222 1069 44 14 som
285 1062 116 26 tillträdes,
417 1063 27 20 är
459 1063 70 20 större
545 1064 29 19 än
589 1063 40 20 den
638 1063 67 28 förut

160 1097 123 28 innehafda,
302 1103 47 14 men
368 1097 39 20 äro
427 1093 139 25 dessa-löner
586 1096 45 21 lika
653 1097 51 21 eller

161 1131 40 21 den
220 1131 116 21 tillirädda
355 1131 62 20 lönen
435 1131 92 26 mindre,
546 1131 107 28 begagnas
671 1132 34 20 sä-

160 1165 44 21 dan
219 1165 70 26 karta,
305 1171 44 14 som
364 1165 27 20 är
407 1164 95 21 bestämd
511 1165 42 28 för
568 1165 35 21 det
619 1165 86 21 embets-

160 1198 61 22 verks
237 1199 152 28 expeditioner,
405 1199 116 28 hvarifrån
530 1198 132 29 fullmakten
677 1200 28 20 el-

162 1235 32 20 ler
203 1233 164 28 förordnandet
384 1233 109 28 utfärdas.
522 1232 55 22 Sker
593 1237 112 24 transpor-

162 1272 34 17 ten
214 1271 52 18 utan
278 1268 138 28 föregången
435 1267 120 29 ansökning
570 1275 49 21 eger
634 1268 72 28 någon

162 1301 243 28 kartasigillata-afgift
419 1302 86 27 derföre
519 1301 46 21 icke
580 1308 54 14 rum.

132 1336 23 28 b)
172 1337 13 20 &
199 1343 65 13 namn
282 1336 52 20 eller
349 1335 124 28 värdighet.
482 1339 53 16 utan
549 1335 86 21 dermed
643 1336 63 28 före-

160 1371 45 21 nad
220 1371 77 28 tjenst:

133 1406 32 21 1:o
178 1406 42 28 för
236 1405 45 26 den,
297 1411 45 14 som
357 1405 26 20 är
403 1405 52 20 eller
469 1405 60 21 varit
543 1405 9 20 i
568 1405 66 26 civil-,
649 1406 57 20 mili-

162 1442 47 19 tär-
223 1441 52 20 eller
291 1439 187 28 skolläraretjenst
492 1439 47 21 med
557 1440 37 21 lön
608 1441 33 27 på
656 1443 49 23 stat,
