1020 1661
187 113 33 16 608
383 111 72 22 Nådiga
465 112 136 21 Propositionen
613 111 35 17 N:o
661 112 26 15 13.

160 175 68 23 finnes
246 176 104 26 upptaget
369 173 78 26 derom,
467 175 32 20 att
517 173 167 22 handelsböcker
702 173 60 22 skola
776 180 41 21 ega
831 173 77 22 sådant

161 208 87 26 vitsord,
267 211 32 18 att
316 208 57 22 hvad.
387 208 26 21 de
428 207 111 27 innefatta,
553 209 8 20 i
576 207 97 27 förening
687 208 49 21 med
750 207 33 26 ed,
798 214 62 15 anses
874 207 34 22 för

161 242 50 21 fullt
231 242 64 26 bevis,
316 243 64 26 utgör
401 241 67 22 redan
489 243 31 20 ett
538 241 119 28 betänkligt
674 242 109 27 undantag
801 241 49 22 från
868 241 41 22 den

162 277 129 27 grundsatts,
306 276 133 28 lagstiftaren
453 276 123 27 välvisligen
590 275 48 28 följt
652 278 56 18 samt
722 276 7 20 i
745 278 25 18 17
786 276 49 27 kap.
847 275 24 21 R.
884 276 24 20 B.

162 311 79 21 uttalat
259 311 35 21 vid
312 310 169 22 bestämmandet
499 310 24 22 af
537 310 25 22 de
577 310 180 28 omständigheter
773 310 40 23 och
827 309 82 22 sakför-

162 344 121 27 hållanden,
301 344 72 22 hvilka
390 344 7 20 i
415 344 128 28 rättsfrågor
557 344 53 22 böra
624 344 78 22 räknas
718 344 33 21 för
765 344 50 28 laga
830 344 58 21 bevis
902 345 8 20 i

162 380 122 25 allmänhet,
304 379 40 22 och
362 378 77 23 strider
454 378 79 28 jemväl
551 379 7 20 i
577 378 64 28 öfrigt
659 381 45 19 mot
722 379 41 21 den
781 378 128 23 hufvudsak-

162 414 45 28 liga
224 414 90 27 princip,
334 420 45 15 som
394 414 26 20 är
433 413 95 28 uttryckt
541 413 8 20 i
565 413 60 20 30:de
640 413 165 28 domareregeln,
822 413 37 21 der
874 413 36 22 det

162 448 71 21 heter:
257 447 74 27 ,Medh
349 447 47 21 Edh
415 447 46 22 skal
478 454 51 14 man
547 453 62 15 svara
624 447 39 22 och
678 447 46 22 icke
738 448 70 27 klaga,
824 447 40 22 och
878 448 32 21 in-

163 490 41 21 gen
218 481 36 22 må
269 481 70 28 svärja
354 481 31 28 sig
399 481 94 28 penning
507 481 42 21 til*
564 494 28 3 —
607 480 99 29 Onekligt
721 488 61 21 synes
797 481 40 22 ock
851 489 59 19 vara,

164 519 32 20 att
218 524 76 20 genom
312 515 71 28 sagde,
402 515 168 22 handelsböcker
587 515 127 22 tillerkände
732 516 178 27 bevisningskraft

164 551 41 21 den
220 550 104 21 enskildes
336 549 98 21 säkerhet
444 550 8 20 i
463 549 98 21 afseende
572 548 13 22 å
596 550 153 26 äganderätten
761 550 82 27 ganska
854 558 56 20 myc-

162 585 38 21 ket
218 584 128 28 äfventyras,
364 586 23 26 ty
406 584 38 21 allt
462 584 64 21 beror
540 582 29 29 på
584 584 40 20 den
638 583 143 22 bokförandes
796 584 115 28 ordentlig-

162 619 44 27 het,
221 619 108 21 moralitet
344 619 40 21 och
398 618 122 28 borgerliga
535 619 44 20 ära.
608 618 38 21 Att
660 618 132 21 fortfarande
803 618 108 22 bibehålla

164 654 59 21 detta
236 652 134 29 privilegium
385 652 62 22 äfven
461 652 34 22 för
509 652 127 26 handlande,
649 652 61 22 torde
721 652 72 22 kunna
803 653 107 22 försvaras

164 688 74 22 endast
262 688 126 27 derigenom,
414 688 32 20 att
467 687 117 21 detsamma
602 687 82 27 helgats
703 687 24 21 af
744 687 41 22 den
803 688 108 21 allmänna

164 722 65 22 seden
247 722 41 21 och
306 721 29 28 på
353 721 69 28 grund
440 721 62 21 deraf
513 722 129 25 sedermera,
657 721 67 22 redan
737 721 34 22 för
786 722 68 21 sekler
869 722 42 21 till-

163 756 63 26 baka,
241 756 89 27 inrymts
344 756 8 20 i
366 755 165 28 lagstiftningen,
547 757 55 20 samt
616 757 32 19 att
660 756 46 21 dess
718 756 142 28 borttagande
871 756 40 22 och

164 790 135 22 uteslutande
317 789 48 22 från
383 790 63 27 lagen
463 797 89 14 numera
569 789 69 22 blefve
652 790 99 21 förenadt
765 791 49 21 med
828 791 84 27 hvarje-

163 824 72 23 banda
250 823 131 29 svårigheter
392 824 40 21 och
443 824 161 27 förvecklingar.
626 824 52 20 Men
687 826 32 19 att
729 825 57 27 gifva
797 825 41 21 den
849 825 63 21 emel-

163 858 64 22 lertid
241 858 111 22 tillkomna
366 858 184 28 undantagslagen
565 865 25 14 en
604 858 155 22 vidsträcktare
769 859 141 28 tillämpning,

164 894 29 21 än
210 900 45 14 som
271 893 45 21 deri
330 892 70 22 blifvit
414 892 142 28 uttryckligen
571 892 85 26 nämnd,
672 892 95 22 deremot
780 893 57 21 talar
851 893 7 21 i
873 893 38 21 all-

164 928 88 21 mänhet
272 927 66 21 redan
356 926 71 28 dylika
444 926 72 28 lagars
534 927 46 21 inre
598 926 91 22 väsende
708 928 39 20 och
765 927 147 21 beskaffenhet

165 963 56 20 samt
234 968 51 16 vore
299 961 63 27 förty,
378 960 53 22 efter
445 962 44 20 min
503 961 70 26 tanke,
588 960 46 22 icke
650 968 36 14 ens
701 961 48 22 med
764 961 46 22 skäl
821 962 40 21 och
872 961 39 22 bil-

164 996 68 28 lighet
247 995 235 22 öfverensstämmande.

233 1031 43 21 För
293 1029 170 22 handtverkaren
481 1029 42 22 kan
538 1029 113 26 dessutom,
666 1030 8 20 i
688 1030 38 21 fall
740 1029 172 23 beskaffenheten

165 1064 25 22 af
204 1065 54 21 hans
277 1064 51 27 yrke
346 1062 34 22 får
397 1063 118 21 bestämma
533 1063 113 26 omdömet,
664 1063 111 22 förmånen
793 1066 32 19 att
839 1063 22 22 få
875 1064 36 22 be-

166 1106 70 20 gagna
254 1099 8 20 i
280 1097 61 28 fråga
359 1098 94 21 varande
471 1097 127 22 bevismedel
612 1098 46 21 icke
673 1105 61 14 anses
749 1105 52 14 vara
815 1098 24 21 af
852 1100 59 20 verk-

165 1132 40 28 ligt
219 1132 70 22 behof.
311 1131 11 21 I
337 1131 92 28 egentlig
443 1132 40 20 och
499 1131 137 28 ursprunglig
651 1132 84 27 mening
750 1132 63 21 hafva
829 1132 42 22 alla
886 1133 26 21 de

166 1167 57 21 olika
237 1166 159 22 handtverkena
409 1165 33 22 till
456 1164 90 23 föremål
561 1166 37 25 att,
615 1165 53 22 efter
683 1165 129 28 föregången
827 1166 85 22 beställ-

165 1201 58 26 ning,
238 1199 30 28 på
282 1207 81 13 annans
378 1200 52 21 eller
445 1201 47 25 eget
506 1199 87 21 råämne
607 1200 107 26 nedlägga
728 1200 36 21 det
775 1200 80 26 arbete,
867 1208 46 14 som

166 1233 108 22 erfordras
295 1233 34 21 för
351 1234 32 19 att
406 1233 34 20 det
459 1233 54 20 skall
530 1233 66 21 blifva
613 1233 84 27 tjenligt
714 1233 33 21 till
765 1233 147 28 förbrukning.

165 1268 44 21 För
226 1269 34 20 att
278 1266 13 22 å
308 1267 33 21 sin
359 1267 47 21 sida
424 1267 103 27 betrygga
544 1266 181 22 handtverkarens
739 1268 45 21 rätt
798 1266 33 23 till
844 1268 69 22 betal-

166 1302 51 28 ning
235 1302 34 21 för
287 1301 59 21 detta
363 1301 78 26 arbete,
460 1301 40 21 har
518 1301 134 27 lagstiftaren
670 1301 65 22 också
753 1302 108 22 tillerkänt
875 1303 37 21 ho-

166 1344 51 14 nom
236 1336 40 22 den
293 1335 144 27 förmänsrätt,
457 1342 45 14 som
517 1336 89 21 omtalas
620 1336 8 20 i
643 1338 11 19 3
670 1337 12 27 $
699 1338 25 20 17
739 1336 49 28 kap.
803 1337 27 21 H.
845 1337 24 21 B.
884 1350 28 3 —

166 1372 48 20 Den
227 1370 89 21 innebär
330 1370 34 21 för
378 1370 171 21 handtverkaren
562 1371 130 27 rättigheten
703 1372 32 20 att
747 1371 112 27 gvarhälla
869 1372 44 27 gäl-

168 1406 104 21 denärens
286 1405 102 28 egendom
401 1404 55 22 intill
471 1404 47 21 dess
532 1404 137 29 betalningen
680 1405 79 28 erlagts
771 1405 33 22 för
816 1406 35 21 det
862 1406 50 22 ned-

167 1439 65 28 lagda
252 1439 89 22 arbetet.
374 1438 43 23 Vill
434 1438 169 23 handtverkaren
621 1441 52 20 utan
691 1439 110 29 betalning
818 1440 95 22 utlemna
