1020 1670
340 107 70 25 Nådiga
421 109 137 23 Propositionen
568 110 35 17 N:o
616 111 27 16 13.
806 111 33 16 615

112 170 58 28 gifva:
187 170 69 22 denne
274 171 365 30 lägsökningshandlingarne,;
598 166 43 39 men
660 172 76 27 kunde,
755 174 52 20 utan
829 175 33 20 att

111 204 111 29 äfrentiyra
239 205 171 23 handelsbokens
427 207 79 22 vitsord
524 207 8 22 i
549 207 73 26 saken,
636 206 45 23 låta
698 207 87 22 dermed
799 206 63 23 anstå

111 238 57 23 huru
181 239 64 28 länge
259 247 46 14 som
315 240 64 22 helst.
402 240 46 22 Och
463 241 67 22 ehuru
544 248 28 15 en
581 240 69 23 sådan
662 241 113 28 tolkning
762 234 11 39 i
786 241 75 28 sjelfva

111 273 73 22 verket
198 281 50 14 vore
267 281 26 14 en
310 273 132 30 förtydning,
461 277 52 20 enär
531 275 41 22 den
585 275 85 22 hvilade
687 274 29 29 på
734 277 31 20 ett
780 283 79 20 uppen-

111 307 49 22 bart
175 307 163 23 misskännande
353 308 25 22 af
390 308 36 22 det
440 309 112 22 anmärkta
566 309 137 28 stadgandets
718 311 58 20 rätta
790 309 69 28 grund

111 341 40 22 och
168 341 95 29 mening,
279 342 64 22 hafva
360 342 118 23 Ständerne
496 343 60 27 dock,
571 343 29 28 på
615 343 36 22 det
665 345 31 20 att
710 343 74 28 hvarje
798 343 61 22 miss-

109 375 100 23 förstånd
225 377 130 22 härutinnan
372 376 66 23 måtte
455 385 53 15 vara
529 377 89 28 afböjdt,
640 378 35 22 för
695 377 164 29 ifrågavarande

111 410 34 22 del
159 411 24 21 af
195 412 14 20 2
227 412 12 27 8
257 412 83 28 antagit
358 412 41 22 den
417 412 129 22 förändrade
563 412 85 29 lydelse,
667 420 46 14 som
730 413 41 21 här
788 412 71 22 nedan

110 445 135 22 framställes.

177 480 74 28 Enligt
269 482 12 20 3
300 482 12 26 8
330 481 8 21 i
357 480 36 22 det
410 480 84 29 Nädiga
510 481 139 29 lagförslaget
671 480 67 22 borde
755 481 102 27 köparen,

111 521 34 15 om
159 514 45 22 han
215 514 48 22 icke
277 515 49 22 ville
338 515 114 27 godkänna
466 516 78 22 honom
562 516 115 27 behörigen
694 515 97 22 tillställd
809 516 49 21 räk-

109 549 57 27 ning,
185 549 102 29 antingen
304 550 92 22 enskildt
413 550 126 22 underrätta
559 550 135 28 köpmannen
712 550 73 22 derom
806 550 52 21 eller

109 584 113 22 instämma.
237 584 69 23 denne
318 584 34 22 till
369 584 98 23 domstol.
496 585 49 22 Men
564 584 88 23 emedan
671 584 35 23 det
722 584 136 22 förekommit

110 618 123 28 Ständerne,
253 618 71 24 såsom
342 619 67 22 borde
427 620 36 21 det
480 620 46 22 icke
541 619 66 22 heller
622 627 52 14 vara
687 619 78 22 honom
780 618 77 23 förme-

109 653 52 22 nadt
176 655 32 20 att
222 654 78 27 kunna,
318 654 49 21 med
385 654 87 22 alldeles
490 654 113 22 enahanda
619 653 89 28 påföljd,
725 654 39 21 hos
782 653 75 28 Kejsa-

109 695 49 14 rens
172 688 237 29 Befallningshafvande
423 689 8 21 i
445 691 61 20 orten
520 689 91 26 anmäla,
627 690 32 19 att
673 689 42 20 han
730 689 19 27 ej
762 689 94 27 godkän-

108 729 40 15 ner
157 723 125 28 räkningen,
298 723 64 22 hafva
377 723 118 22 Ständerne
509 724 8 21 i
532 723 64 28 sagde
611 723 12 28 $
638 723 71 27 tillagt
724 730 25 14 en
763 723 93 21 bestäm-

108 757 51 28 ning
177 757 8 21 i
203 756 77 23 sådant
298 757 60 28 syfte.
387 757 42 22 Det
447 759 25 20 är
486 757 109 28 naturligt,
611 759 32 19 att
657 757 100 27 köparen,
770 757 35 21 vid
821 756 36 22 det

108 791 43 22 han
176 791 111 28 begaghar
311 791 91 22 nämnde
427 791 101 28 omgång,
549 791 142 22 underkastar
712 791 32 27 sig
765 791 44 21 alla
830 791 27 21 de

107 826 144 27 iakttagelser,
266 833 47 15 som
326 826 72 21 kunna
412 833 52 14 vara
478 826 101 21 särskildt
593 825 103 27 stadgade
710 825 8 21 i
728 825 100 21 afseende
841 824 15 22 å

108 860 153 27 preskriptions
280 860 127 28 afbrytande
425 867 75 21 genom
518 860 100 22 anmälan
633 860 39 21 hos
686 859 115 28 Kejsarens
815 858 40 22 Be-

107 894 212 29 fallningshafvande.

175 929 11 21 I
207 929 218 22 öfverensstämmelse
446 929 49 21 med
516 928 42 22 den
579 927 64 28 äsigt,
667 935 45 14 som
732 928 68 27 ligger
822 927 33 21 till

107 964 70 28 grund
197 964 34 21 för
249 964 130 21 Ständernas
401 963 179 22 sistomförmälda
601 962 84 28 ätgärd,
706 962 65 21 hafva
793 961 61 22 Stän-

108 999 65 21 derne
193 998 8 22 i
222 998 69 22 andra
312 1006 63 14 mom.
398 998 24 22 af
443 1000 13 19 4
474 999 12 27 &
504 998 67 21 insatt
591 997 76 21 orden:
690 997 84 21 anmäle
797 997 58 25 eller,

107 1034 137 27 hvarigenom
266 1033 139 28 gäldenärens
423 1033 102 27 rättighet
542 1034 32 20 att
591 1031 90 22 medelst
698 1030 99 22 anmälan
815 1031 40 21 hos

107 1068 114 28 Kejsarens
235 1066 237 29 Befallningshafvande
489 1066 89 22 beröfva
594 1066 87 21 fordran
699 1064 28 28 pä
746 1064 69 28 grund
833 1064 24 22 af

107 1103 78 21 honom
199 1102 98 22 tillställd
310 1102 92 27 räkning
417 1102 48 21 dess
482 1101 111 22 exekutiva
609 1100 107 28 egenskap
735 1099 119 21 utsträckes

106 1137 34 22 till
153 1137 95 25 fordran,
264 1144 46 14 som
324 1136 95 28 grundar
433 1136 31 27 sig
483 1135 13 22 å
514 1135 93 22 afslutad
625 1134 92 22 motbok.
746 1133 109 28 Derjemte

107 1171 65 22 hafva
191 1171 126 26 Ständerne,
330 1170 34 22 till
378 1169 188 23 ästadkommande
581 1169 23 21 af
616 1168 65 28 nödig
696 1168 103 28 tydlighet
813 1167 41 21 och

106 1205 139 27 bestämdhet,
261 1206 8 20 i
283 1205 68 22 första
365 1212 62 15 mom.
443 1205 24 21 af
479 1211 82 15 samma
575 1204 11 28 $
601 1202 90 23 framför
706 1202 61 22 ordet
778 1202 75 26 ,emot-

106 1241 64 28 tagit"
184 1241 67 21 insatt
266 1240 61 21 ordet
342 1240 120 28 bevisligen.

174 1275 74 21 Under
267 1274 212 27 öfverläggningarne
495 1274 8 21 i
521 1274 71 21 ämnet
609 1272 40 21 har
667 1270 61 29 fråga
749 1269 103 29 uppstått,

107 1316 34 15 om
162 1309 47 21 icke
230 1307 187 23 meromförmälda
437 1305 221 29 lagstiftningsåtgärd
680 1305 67 21 skulle
765 1305 63 20 vinna
846 1304 8 20 i

106 1343 65 21 värde
193 1342 127 28 derigenom,
343 1343 32 20 att
397 1341 40 21 den
458 1338 210 29 bevisningsförmån,
686 1339 89 20 hvarom
792 1336 62 29 fråga

106 1379 31 25 är,
151 1377 116 28 medgifves
285 1376 62 22 äfven
362 1376 53 26 dem,
431 1375 76 26 hvilka,
522 1374 66 28 enligt
602 1372 114 23 bestående
730 1372 123 21 författnin-

106 1419 45 21 gar,
169 1411 24 22 få
209 1410 30 29 på
255 1410 147 29 landsbygden
419 1410 51 22 idka
486 1408 79 24 handel
586 1407 71 23 såsom
677 1407 87 27 näring,
783 1401 70 35 såsom

107 1447 39 22 ock
157 1446 54 27 dem,
223 1446 72 23 hvilka
305 1446 8 22 i
323 1445 49 23 stad
382 1444 52 24 eller
448 1444 29 30 på
486 1444 78 22 landet
578 1442 69 23 drifva
659 1441 122 23 industrielt
794 1441 59 29 yrke.
