1020 1664
195 107 33 16 656
395 105 72 23 Nådiga
479 106 136 22 Propositionen
627 105 34 17 N:o
676 106 24 16 14.

172 169 221 22 sammankommande
416 168 88 22 ständer
520 169 132 28 framlägga
668 168 90 29 förslag
777 168 56 22 huru
851 169 70 22 denna

173 203 73 22 kredit
261 203 64 22 borde
341 204 139 28 organiseras
492 203 43 28 för
550 207 33 17 att
601 203 154 21 verksammast
774 203 94 29 bidraga
886 203 37 21 till

173 239 36 21 det
224 238 89 29 afsedda
328 238 129 21 ändamålet.

241 271 29 23 Så
288 272 62 28 ringa
368 272 89 21 fondens
475 270 114 29 tillgånger
608 279 30 14 nu
656 271 40 22 ock
718 273 45 25 äro,
783 272 54 21 skall
858 272 65 22 likväl

174 308 62 21 deras
258 307 116 22 oafbrutna
395 307 127 28 indragning
544 306 48 21 från
612 307 138 27 jordbrukets
772 307 65 28 tjenst
858 307 66 22 blifva

173 342 35 21 för
226 342 118 21 detsamma
361 341 103 26 kännbar,
479 348 49 14 men
547 341 95 21 deremot
660 341 62 21 deras
742 340 182 29 ändamålsenliga

174 375 140 23 användande
331 375 114 22 framkalla
462 375 103 22 förökade
586 375 70 21 medel
679 375 33 21 till
731 375 139 28 jordbrukets
888 376 36 21 be-

175 409 64 23 stånd
252 410 43 22 och
308 409 118 22 förkofran.
455 409 34 22 Då
505 409 25 22 de
544 408 49 23 från
607 409 79 22 fonden
702 408 28 29 på
744 410 75 28 längre
829 410 57 22 tider
896 418 29 14 nu

174 444 102 23 utlånade
290 444 70 22 medel
373 444 55 21 först
443 444 53 22 efter
510 444 58 21 hand
579 443 132 29 småningom
722 444 75 28 inflyta
809 445 40 21 och
859 445 67 21 blifva

176 479 143 26 användbara,
338 479 116 28 medgifver
472 478 59 22 tiden
549 478 41 21 den
605 478 122 29 föreslagna
742 479 184 27 organisationens

175 521 79 21 mogna
268 513 150 28 bepröfvande.

243 547 138 24 Beträffande
399 547 95 22 bankens
513 547 167 29 sedelutgifning
698 548 124 22 instämmer
837 548 39 28 jag
894 549 32 21 uti

176 583 42 21 den
232 583 25 21 af
269 583 119 21 Utskottets
402 582 111 27 pluralitet
530 582 96 21 uttalade
641 583 85 27 mening
741 590 35 14 om
790 583 100 21 behofvet
904 583 25 21 af

176 624 28 14 en
218 616 124 28 förändring
357 616 24 21 af
395 616 26 21 de
435 616 75 22 hittills
525 616 99 28 gällande
639 616 132 22 föreskrifter
785 616 8 22 i
808 617 70 21 denna
892 617 35 21 del

176 651 26 21 af
213 650 224 28 banklagstiftningen,
456 658 49 14 men
523 650 42 22 kan
583 650 18 27 ej
617 650 86 22 biträda
718 650 119 22 Utskottets
851 651 75 21 betän-

176 685 70 22 kande
260 685 93 21 rörande
367 686 65 19 sättet
446 684 33 22 för
494 684 162 28 förändringens
671 685 173 27 genomförande.

245 719 110 22 Utskottet
369 718 40 22 har
424 717 70 23 såsom
509 719 69 27 grund
588 718 34 22 för
633 719 37 21 sitt
681 719 81 28 förslag
772 720 33 20 till
817 720 109 22 ordnande

178 754 25 22 af
215 754 71 21 denna
299 754 81 27 vigtiga
394 753 154 28 angelägenhet
563 753 46 28 lagt
626 753 41 22 den
683 754 157 28 omständighet
855 756 31 20 att
901 762 26 14 en

177 788 43 22 viss
234 788 35 22 del
283 788 23 21 af
319 790 31 19 ett
364 788 62 21 lands
444 787 210 28 omsättningsmedel
672 788 67 22 under
754 788 43 22 alla
811 788 116 22 förhållan-

178 822 42 22 den
234 821 120 29 qvarhålles
368 822 40 22 hos
423 822 149 22 allmänheten.
601 822 143 22 Erkännande
763 823 128 28 riktigheten
906 823 24 21 af

178 857 70 21 denna
269 857 136 27 iakttagelse,
427 856 68 22 finner
514 857 39 27 jag
575 856 108 22 Utskottet
704 857 35 21 vid
764 858 163 27 tillämpningen

178 892 65 22 hafva
258 892 33 20 för
305 891 84 28 mycket
404 891 73 22 afvikit
491 890 48 22 från
554 891 26 21 de
594 898 77 20 genom
686 892 147 22 erfarenheten
849 891 79 29 ådaga-

178 926 65 28 lagda
261 926 65 22 fakta.
356 926 10 21 I
384 926 117 21 allmänhet
519 926 60 21 skola
596 926 189 22 bestämmelserna
803 934 36 14 om
861 926 66 22 sedel-

178 960 134 28 utgifningen
329 962 77 26 ytterst
424 960 57 21 hvila
498 959 29 28 på
545 960 36 21 det
598 960 112 27 praktiska
727 959 144 23 förhållandet
888 961 40 21 och

178 995 100 22 behofvet
292 995 57 21 inom
368 995 36 21 det
421 994 50 22 land
490 994 33 22 för
541 994 81 22 hvilket
640 995 26 21 de
684 996 37 20 äro
740 994 64 28 gifna,
824 996 40 21 och
881 996 47 21 icke

178 1030 84 21 mindre
276 1030 40 21 bör
330 1029 157 22 fastställandet
502 1029 23 21 af
539 1029 35 21 det
588 1029 77 27 belopp
681 1029 77 26 sedlar,
770 1036 46 15 som
830 1030 46 22 icke
891 1037 37 15 an-

179 1071 34 15 ses
228 1064 130 21 förekomma
372 1064 34 20 till
420 1064 88 25 inlösen,
523 1070 52 14 vara
589 1063 107 22 beroende
707 1063 24 22 af
740 1064 26 21 de
780 1063 149 23 förhållanden

179 1105 46 15 som
239 1098 146 28 uppenbarats
400 1098 57 21 inom
471 1097 84 22 landets
569 1098 99 21 affärslif.
690 1098 66 22 Tiden
772 1098 89 22 emellan
874 1100 54 20 1841

180 1132 41 22 och
237 1133 61 25 1855,
314 1131 28 21 då
356 1132 179 27 silfverutvexling
550 1132 52 27 egde
616 1139 54 19 rum,
688 1132 83 22 lemnar
785 1132 46 22 icke
846 1140 27 14 en
888 1133 41 22 till-

180 1166 89 28 förlitlig
290 1166 114 27 utredning
426 1173 34 14 om
481 1166 184 21 sedelemissionen
683 1166 7 20 i
708 1166 97 26 Finland,
824 1168 52 20 enär
894 1167 36 21 det

179 1201 65 26 ryska
262 1200 138 27 sedelmyntet
417 1200 33 20 till
468 1200 120 20 obestämdt
610 1199 78 27 belopp
707 1200 68 21 under
797 1200 70 22 denna
888 1201 41 21 tid-

180 1234 62 27 rymd
257 1233 132 21 cirkulerade
407 1233 57 21 inom
482 1234 79 20 landet.
589 1233 48 21 Den
655 1233 63 21 korta
732 1234 32 20 tid
779 1240 45 14 som
838 1234 93 21 förflutit

181 1268 54 21 efter
253 1267 177 29 myntreformens
449 1266 165 28 genomförande
632 1268 25 19 är
672 1267 7 21 i
695 1267 58 21 detta
771 1268 121 21 hänseende
906 1267 24 22 så

180 1302 85 28 mycket
282 1301 185 28 betydelsefullare
489 1309 46 14 som
549 1301 20 22 vi
588 1301 106 21 derunder
712 1301 123 29 genomgått
853 1309 25 14 en
897 1302 33 21 för

180 1337 92 21 Finland
286 1336 75 33 hittills
376 1333 71 24 okänd
465 1335 155 29 penningekris.
650 1334 34 23 Då
698 1336 109 22 Utskottet
824 1338 106 27 upptager

182 1373 32 20 att
228 1372 68 21 under
310 1367 70 36 ddnna
394 1371 43 22 kris
453 1371 143 21 sedelstocken
611 1370 47 21 icke
672 1370 80 29 nedgät
766 1371 67 22 under
845 1373 27 20 20
884 1372 47 21 mil-

179 1406 63 28 joner
256 1406 67 26 mark,
335 1398 108 29 förefaller
459 1405 35 22 det
509 1405 101 22 oväntadt
624 1407 32 19 att
671 1405 110 22 Utskottet
795 1406 32 22 till
844 1407 25 20 16
884 1407 47 21 mil-

179 1440 63 27 joner
261 1441 60 21 mark
339 1441 85 21 nedsatt
439 1439 36 22 det
492 1439 78 28 belopp
588 1446 46 15 som
650 1439 67 22 skulle
731 1447 62 15 anses
808 1440 123 28 oundgäng-
