1700 1817
669 178 71 24 Nådiga
752 180 137 22 Propositionen
900 181 35 17 N:o
948 182 27 16 15.
1141 183 32 15 791

788 245 13 28 $
816 243 35 22 2.

507 284 92 30 Bhifver
610 286 60 29 från
681 286 67 28 förut
767 287 111 29 begagnad
896 287 65 21 karta
979 288 130 28 anteckning
1123 288 73 28 utplå-

444 319 44 26 nad.
505 320 53 20 :eller
580 320 61 28 eljest
663 320 114 28 borttagen
794 322 10 20 i
822 322 103 20 ändamål
943 324 33 18 att
994 320 42 22 slik
1056 322 65 20 karta
1140 322 54 28 ånyo

444 351 108 29 använda,
570 360 52 15 vare
641 354 42 28 lag,
703 360 45 15 som
766 356 61 27 säges
844 356 10 20 i
871 354 16 22 3
901 356 13 26 $
933 354 14 20 8
963 355 48 28 kap.
1026 355 170 29 Missgernings-

444 386 84 22 balken.

789 426 12 28 $
817 424 37 23 26.

508 467 173 32 Vederbörande
693 468 92 28 fiskaler
805 469 38 21 och
861 468 172 29 kronoäklagare
1051 471 10 19 i
1076 469 118 22 allmänhet

443 502 87 29 äligger
548 506 34 18 att
595 503 34 28 på
643 503 36 26 det
692 507 160 25 noggrannaste
867 504 56 21 vaka
938 504 59 29 öfver
1012 504 70 21 denna
1096 504 99 21 Förord-

442 537 65 29 nings
530 537 129 29 efterlefnad
681 537 38 22 och
741 538 156 28 öfverträdelse
919 539 65 28 deraf
1001 539 96 28 lagligen
1115 539 78 28 beifra,

442 570 93 23 hvarvid
553 571 25 21 de
596 578 41 22 ega
653 572 62 29 njuta
731 572 59 28 hägn
805 573 38 20 och
858 572 91 29 beskydd
965 572 90 22 likasom
1070 573 68 21 andre
1152 580 42 14 em-

442 605 54 22 bets-
511 605 38 22 och
569 607 126 28 tjenstemän
712 610 56 18 samt
786 606 113 29 skyndsam
917 608 40 21 och
971 607 84 29 kraftig
1071 607 122 22 handräck-

441 641 55 28 ning
514 640 37 21 hos
569 641 161 22 vederbörande
749 641 149 24 auktoriteter.
927 641 109 30 Fullgöra
1054 642 25 21 de
1097 642 20 29 ej
1136 642 58 21 hvad

442 675 48 21 dem
507 675 93 22 sålunda
618 675 77 29 ålagdt
713 677 34 25 är,
766 683 51 14 vare
835 677 86 28 derföre
941 677 50 28 laga
1013 683 80 14 ansvar
1114 677 78 21 under-

442 708 96 23 kastade.

758 784 23 16 6
799 783 80 22 Kap.

442 823 31 21 Om
478 818 7 37 «
490 822 74 24 domstol
581 822 8 23 i
607 822 37 22 mål
661 823 76 22 rörande
754 823 138 22 öfverträdelser
910 823 21 22 af
947 823 58 22 denna
1019 823 111 28 Förordning
1144 825 47 22 samt

540 860 103 28 fördelning
657 861 22 21 af
691 860 56 27 böter,
761 867 38 15 som
815 861 56 27 enligt
885 861 100 21 densamma
1000 860 94 23 ädömmas.

785 913 13 27 $
812 911 39 22 27.

508 953 127 30 Angifvelse
654 961 34 14 om
703 954 59 21 brott
777 958 54 18 emot
846 954 69 22 denna
929 953 142 30 Förordning
1086 959 105 24 upptages

441 989 39 21 och
498 989 117 28 afdömmes
634 988 26 29 af
676 988 41 21 den
733 988 62 27 Rätt,
815 989 38 21 der
871 988 80 21 brottet
969 988 72 29 blifvit
1062 989 128 30 wppenbart,

439 1029 49 15 men
502 1022 49 23 sker
565 1023 37 21 det
619 1023 37 22 vid
675 1022 128 22 embetsverk
821 1024 52 21 eller
889 1022 36 22 ock
945 1023 38 21 hos
998 1024 132 28 tjensteman,
1146 1031 45 14 som

440 1058 20 29 ej
474 1064 50 23 eger
538 1057 116 27 domsrätt,
663 1057 86 30 förvise
763 1057 66 22 målet
844 1059 36 20 till
890 1057 159 22 vederbörande
1063 1058 128 21 underdom-

440 1093 42 22 stol
492 1092 34 29 på
540 1093 80 25 stället,
636 1095 33 18 att
683 1092 39 21 der
737 1092 26 28 af
777 1092 99 29 offentlig
892 1091 104 29 åklagare
1010 1093 93 28 utföras.

507 1125 52 22 Har
571 1126 129 21 embetsman
708 1126 65 29 felat,
790 1127 141 28 öfverlemnas
946 1127 65 20 målet
1027 1127 35 20 till
1076 1127 41 21 den
1131 1126 59 21 dom-

440 1161 48 26 stol,
503 1167 45 15 som
564 1161 60 29 öfver
640 1161 53 21 hans
708 1160 71 21 andra
793 1161 189 28 tjensteförseelser
997 1167 48 22 eger
1061 1161 113 21 domsrätt.

512 1194 45 22 Vill
573 1195 74 28 någon
666 1195 82 21 tilltala
766 1194 369 30 kartasigillata-försäljningsman
1147 1194 43 29 för

434 1229 36 29 fel
482 1229 11 21 i
507 1229 39 21 och
554 1230 43 28 för
612 1229 47 21 dess
677 1229 129 29 befattning,
825 1230 84 21 anmäle
927 1229 79 21 sådant
1024 1229 37 20 hos
1077 1229 40 21 den
1130 1235 59 22 myn-

440 1263 81 29 dighet,
536 1270 45 15 som
597 1263 76 21 honom
689 1263 160 28 tillförordnat.

784 1323 13 28 $
812 1321 37 22 28.

507 1364 55 27 Den,
578 1373 45 14 som
640 1365 112 29 underslef
764 1369 55 17 emot
837 1365 69 21 denna
920 1363 143 30 Förordning
1082 1364 106 29 angifver,

440 1399 95 21 erhäller
551 1399 37 21 två
606 1400 131 28 tredjedelar
753 1399 25 29 af
791 1399 20 28 ej
829 1399 84 21 mindre
931 1399 25 21 de
972 1399 67 25 böter,
1055 1406 45 13 som
1115 1399 74 21 ådöm-

439 1441 46 14 mas
500 1434 41 21 den
549 1432 115 30 felaktige,
680 1434 29 20 än
723 1434 26 28 af
761 1434 40 21 den
815 1433 164 21 undansnillade
994 1433 195 29 stämpelafgiften;

439 1476 48 14 men
501 1468 41 22 den
557 1468 135 23 återstående
708 1468 128 30 tredjedelen
851 1468 100 29 tillfaller
967 1467 90 22 kronan.
