1017 1667
184 123 33 17 722
384 121 71 23 Nådiga
466 122 138 21 Prepositionen
616 121 34 17 N:o
664 121 26 17 15.

161 185 35 22 för
209 180 87 49 hvilken
307 184 20 28 ej.
343 184 67 22 heller
424 184 70 22 lösen
498 191 50 21 eger
562 191 54 19 rum,
634 184 89 22 hvarom
740 183 69 29 tydlig
822 179 90 55 Häne

158 220 56 26 ning
228 218 13 22 å
246 218 158 28 expeditionen
418 218 40 22 bör
473 218 43 24 ske.

230 254 56 20 34:0.
314 252 84 28 Utslag,
417 252 122 26 resolution,
555 252 74 22 ordres
644 253 56 21 samt
712 222 202 60 Löftesförbindelse,

162 287 197 29 vederhäftighets-,
377 288 142 27 intecknings-
538 288 40 21 och
597 289 67 19 annat
680 286 65 27 bevis,
764 294 46 15 som
829 286 13 22 å
856 287 58 21 förut

162 322 117 28 behörigen
294 322 102 22 karterad
410 322 72 28 inlaga
497 321 51 23 eller
562 322 102 28 handling
679 322 94 22 tecknas,

233 358 55 20 35:0.
301 352 9 36 -
316 356 49 22 Alla
379 356 178 28 undersöknings-
569 357 41 21 och
624 356 290 28 besigtningsinstrumenter,

163 391 214 28 kostnadsförslager,
396 392 149 27 beräkningar,
564 391 74 21 kartor
658 391 39 21 och
718 391 82 27 planer,
822 390 94 22 rörande

163 426 135 28 sjöfällning,
320 427 210 26 vattenuttappning,
554 426 72 27 odling
648 425 24 22 af
690 426 52 24 kärr:
764 426 40 21 och
825 433 90 18 mossar,

161 463 73 21 samt
238 467 35 21 om
292 461 129 27 anläggning
440 460 24 22 af
479 460 70 26 kanal,
568 460 61 26 sluss,
648 460 79 22 allmän
741 460 114 28 landsväg,
869 460 47 25 bro,

162 495 91 28 jernväg
267 503 28 13 m.
311 503 27 13 m.
355 495 72 28 dylikt.

164 552 14 8 4
199 525 28 39 217
235 531 54 23 86:0.
303 525 7 39 +
319 529 150 31 Ansökningar
484 537 34 14 om
532 529 179 22 utbekommande
729 517 25 34 af
769 529 147 28 begrafnings-

165 548 59 44 bjelp
240 563 53 22 efter
307 563 78 22 afliden
401 564 89 22 embets-
506 564 39 22 och
560 564 134 27 tjensteman.

172 621 8 6 +
214 621 3 1 +
234 600 55 31 87:0.
319 599 141 22 Afskedsbref
475 599 35 22 för
528 599 62 22 civila
611 599 129 28 tjenstemän
762 599 40 21 och
823 587 95 40 betjente

166 629 109 26 äfvensom
288 633 128 22 underbefäl
431 634 40 21 och
486 633 127 28 gemenskap
628 633 35 22 vid
678 633 69 22 finska
760 633 114 26 militären,
890 632 28 23 då

166 667 98 22 afskedet
278 667 92 22 erhålles
384 670 52 19 utan
452 675 52 20 egen
519 668 124 28 ansökning.

236 703 60 26 38:0.
309 701 61 29 Alla
387 702 92 26 skrifter,
498 709 46 14 som
562 702 32 21 till
613 702 167 28 kronobetjente,
802 703 57 20 samt
880 709 39 20 pa-

169 733 65 32 stors-
253 732 41 31 och
309 735 269 28 kontraktsprosteembete
593 737 96 27 ingifvas,
705 737 48 21 med
771 736 110 28 undantag
895 736 25 22 af

166 758 225 51 tjensteansökningar
406 771 40 21 och
459 771 34 20 till
508 771 48 21 dem
570 771 95 21 hörande
680 771 90 28 bilagor.

237 804 55 22 39:0.
321 805 149 28 Ansökningar
489 805 40 22 och
546 806 82 25 besvär,
647 812 46 14 som
711 805 25 21 af
752 805 26 22 de
795 805 7 21 i
820 805 99 22 anmärk-

167 829 81 42 ningen
263 842 11 19 1
290 840 68 21 under
380 840 11 27 8
411 841 13 20 4
442 840 92 21 nämnde
552 846 102 21 personer
671 840 33 21 till
721 840 61 21 Hans
799 839 121 29 Kejserliga

168 874 102 28 Majestät
285 873 51 22 eller
352 873 92 23 Senaten
458 874 96 27 ingifvas,
570 875 56 20 samt
644 874 43 21 alla
702 874 110 21 derstädes
826 874 94 22 fallande

169 909 82 26 domar,
266 908 71 28 utslag
352 908 40 22 och
406 908 142 22 resolutioner
562 908 33 22 till
610 908 60 22 desse
684 906 113 30 personer.

514 973 12 27 8
543 973 32 20 15.

239 1015 41 22 Om
297 1015 109 28 handling,
425 1022 45 15 som
488 1015 49 23 med
554 1014 49 23 stöd
621 1015 24 22 af
660 1014 160 23 föreskrifterne
837 1015 8 22 i
862 1015 58 22 näst-

170 1046 129 31 föregående
313 1050 12 27 &
342 1052 26 19 14
386 1050 47 21 icke
450 1050 68 22 blifvit
536 1049 106 27 karterad,
662 1049 92 22 derefter
768 1049 104 22 inlemnas
886 1049 36 22 vid

171 1083 78 22 sådant
267 1084 143 21 'embetsställe
428 1085 40 21 och
487 1083 24 22 af
526 1083 68 22 sådan
616 1091 84 20 person,
723 1083 35 22 för
779 1083 85 22 hvilken
885 1083 36 22 be-

170 1117 73 22 frielse
257 1117 49 22 från
320 1118 275 28 stämpelpappersafgiften
606 1118 18 27 ej
637 1120 25 19 är
676 1118 125 28 medgifven,
816 1118 41 21 bör
872 1117 49 22 den-

171 1159 83 15 samma”
268 1153 48 21 med
330 1153 63 21 karta
403 1151 111 30 beläggas,
529 1152 29 28 pä
572 1155 44 19 sätt
629 1153 7 20 i
651 1153 11 27 $
678 1155 14 19 4
707 1154 25 20 är
746 1152 139 22 föreskrifvet.
908 1148 2 2 |

516 1215 12 27 8
539 1212 39 23 16.

242 1258 48 20 Alla
305 1257 68 22 andra
388 1257 117 27 eftergifter
519 1258 8 20 i
542 1257 146 28 skyldigheten
703 1258 33 21 att
749 1258 99 28 begagna
858 1259 64 20 stäm-

172 1292 125 28 pelpapper,
312 1299 46 15 som
372 1292 20 27 ej
407 1291 70 22 blifvit
491 1298 76 22 genom
582 1292 70 20 denna
665 1292 135 28 Förordning
814 1292 109 28 förnyade,

173 1326 86 22 komma
272 1326 35 22 för
321 1326 114 22 framtiden
450 1328 33 20 att
497 1326 87 22 alldeles
598 1326 105 28 upphöra.
