1017 1667
196 137 34 16 752
395 134 72 22 Nådiga
478 134 137 22 Propositionen
628 134 34 17 N:o
676 134 26 16 15.

172 200 60 25 sten,
246 198 130 23 framställes
393 199 8 21 i
418 198 44 22 den
475 197 80 29 nådiga
568 197 161 29 propositionen
743 195 106 23 huruvida
864 195 62 22 Stän-

175 233 67 22 derna
263 233 71 23 kunde
355 233 59 22 finna
435 232 97 29 lempligt
552 234 34 20 att
606 231 133 22 tillförsäkra
757 230 127 22 statsverket
901 238 27 14 en

175 267 151 23 motsvarande
340 267 56 22 ökad
414 267 93 21 inkomst
525 274 76 20 genom
616 268 33 19 att
663 266 106 27 medgifva
783 265 123 28 förhöjning
920 266 8 21 i

175 310 30 13 nu
220 302 99 28 gällande
334 302 78 27 belopp
428 300 13 22 ä
457 302 36 21 det
507 301 179 27 stempelpapper,
704 308 47 14 som
764 300 56 21 skall
834 300 35 21 vid
884 307 43 14 em-

175 336 126 22 betsverken
319 336 34 21 för
371 336 146 27 expeditioner
535 336 40 20 och
593 335 84 27 inlagor
695 335 115 27 begagnas.
830 347 28 3 —
880 334 50 22 Men

176 370 28 22 då
218 369 161 23 Bondeståndet
390 370 80 28 jemväl
484 370 73 21 härtill
571 370 76 27 vägrat
662 370 37 20 sitt
713 369 67 26 bifall,
791 368 65 22 hafva
867 368 63 22 Stän-

177 405 66 22 derna
264 405 47 21 icke
328 404 68 21 heller
414 405 7 20 i
441 406 69 19 denna
532 404 34 21 del
587 404 82 21 kunnat
690 406 80 25 antaga
792 403 40 21 den
850 402 80 28 nådiga

176 439 167 28 propositionen,
361 440 53 20 utan
439 437 111 23 bibehållit
572 445 81 14 samma
675 437 154 22 klassifikation
848 437 24 21 af
888 444 42 15 em-

176 473 133 26 betsverken,
327 473 7 21 i
353 473 99 22 afseende
471 472 13 22 å
503 473 26 21 de
547 473 36 21 vid
601 472 48 22 dem
670 472 141 27 erforderliga
832 471 98 28 stempel-

178 508 120 25 valörerna,
311 514 48 15 som
374 507 167 22 förnärvarande
557 508 24 20 är
596 506 108 22 fastställd
719 507 40 21 och
773 507 8 20 i
796 506 41 21 den
851 506 81 28 nådiga

179 542 161 27 propositionen
354 536 67 27 finnes
435 542 87 27 intagen
536 541 69 22 under
619 542 11 27 $
646 543 20 19 4.

248 576 112 21 Likaledes
375 575 64 22 hafva
454 575 120 22 Ständerna
588 576 18 27 ej
622 576 82 20 kunnat
718 575 75 21 bifalla
804 575 54 22 det
849 571 14 36 i
871 575 61 21 2:dra

179 617 63 15 mom.
257 610 135 22 framställda
410 610 81 28 förslag
509 612 32 19 att
558 609 164 26 helfrihetsbref,
742 616 45 15 som
806 610 66 27 enligt
886 609 45 28 gäl-

180 645 64 22 lande
259 644 138 27 stadganden,
414 645 90 21 skrifvas
515 643 14 22 å
540 643 36 23 två
586 644 72 21 marks
673 644 177 28 stempelpapper,
866 644 66 21 fram-

181 679 57 21 deles
257 678 68 22 skulle
343 679 88 21 affattas
450 677 13 23 &
482 679 50 22 slikt
554 686 82 21 papper
658 679 33 21 till
708 679 53 21 visst
781 678 78 28 belopp
879 678 53 22 efter

180 713 113 26 lästetalet,
309 713 89 22 emedan
413 713 128 28 utgörandet
556 713 25 22 af
593 721 27 14 en
635 712 68 22 sådan
717 713 86 28 förhöjd
816 713 116 27 bevillning

181 747 71 23 blifvit
265 747 25 22 af
302 747 181 28 Borgareståndet
496 748 104 28 motsagd.

250 782 169 22 Vidkommande
438 782 36 21 det
491 783 68 21 under
579 782 56 27 3:dje
648 789 63 14 mom.
726 782 8 21 i
749 781 138 22 förenämnde
901 782 32 21 in-

180 824 62 21 gress
256 819 111 26 upptagna
382 816 188 29 ändringsförslag,
586 816 63 22 hafva
669 816 120 22 Ständerna
803 819 70 19 ansett
888 817 45 21 det-

181 858 82 15 samma
281 851 49 22 fullt
352 851 127 22 motiveradt
501 851 65 26 deraf,
590 853 32 19 att
643 851 190 28 stempelafgiftens
854 851 79 27 belopp

182 886 123 27 derigenom
323 886 84 21 komme
425 887 32 20 att
475 886 7 21 i
501 888 30 20 ett
549 886 102 27 riktigare
670 885 134 22 förhållande
825 887 59 20 rätta
902 886 32 27 sig

183 920 53 21 efter
251 921 75 21 värdet
344 920 24 21 af
385 921 41 20 den
445 921 103 26 egendom
564 920 51 21 eller
629 920 107 21 storleken
751 920 24 21 af
788 920 41 21 den
844 927 89 19 summa,

182 954 90 22 skriften
287 955 52 21 eller
354 954 153 28 afhandlingen
521 955 8 20 i
543 954 74 28 hvarje
631 954 39 21 fall
685 955 76 27 gäller;
780 955 76 21 härvid
870 954 65 22 hafva

183 988 121 23 Ständerna
321 989 70 26 likväl,
410 989 134 22 beträffande
562 989 195 28 stempelbeloppen
775 989 34 22 för
826 991 109 25 certepar-

183 1023 48 27 tier,
250 1025 70 20 ansett
339 1031 26 14 en
380 1023 59 28 jemn
457 1023 207 28 procentberäkning
682 1024 34 21 för
734 1024 43 21 alla
799 1023 135 28 fraktbelopp

183 1057 55 22 böra
253 1065 40 20 ega
306 1065 55 18 rum,
377 1057 90 22 sålunda
482 1060 31 19 att
529 1058 61 21 dessa
605 1057 67 22 skulle
686 1057 98 22 utfärdas
795 1057 29 28 på
835 1058 99 27 stempel-

183 1099 89 20 papper,
291 1091 120 22 beräknadt
429 1092 53 21 efter
501 1093 26 20 20
545 1091 64 28 penni
627 1091 34 22 för
678 1092 74 27 hvarje
771 1093 40 20 100
833 1092 62 21 mark
912 1091 25 22 af

184 1122 161 36 fraktsumman.
609 1138 2 5 ;

253 1160 10 21 I
282 1160 94 27 enlighet
393 1160 49 21 med
460 1160 55 21 hvad
533 1160 8 21 i
559 1160 48 21 4:de
625 1167 62 14 mom.
707 1160 7 21 i
732 1160 109 27 ingressen
860 1162 75 26 yttras,

185 1201 51 15 anse
254 1194 62 21 äfven
339 1194 120 21 Ständerna
476 1197 33 18 att
527 1195 35 20 det
579 1195 111 26 undantag
708 1195 41 20 bör
766 1195 108 26 bortfalla,
889 1203 47 13 som

184 1227 68 21 finnes
267 1227 101 28 stadgadt
382 1227 111 27 angående
508 1228 35 20 det
558 1228 179 27 stempelpapper,
753 1227 67 22 hvarå
834 1229 102 20 Finlands

184 1262 73 20 Banks
271 1261 73 21 vexlar
359 1262 40 20 och
417 1262 136 28 anvisningar
571 1261 60 22 skola
641 1262 116 26 utfärdas;
775 1269 48 14 men
840 1262 50 21 med
906 1262 30 21 af-

185 1296 77 21 seende
277 1296 19 27 ej
312 1296 83 22 mindre
411 1295 51 23 derå
475 1298 34 20 att
523 1296 96 21 enskilda
633 1296 92 22 bankers
739 1296 73 22 vexlar
826 1296 60 26 böra,
902 1295 34 23 så-

186 1338 45 14 som
253 1330 153 28 afhandlingar
429 1331 89 21 emellan
540 1330 94 22 enskilde
655 1338 109 20 personer,
786 1330 23 22 få
830 1331 106 21 cirkulera

186 1367 52 20 utan
253 1367 32 19 att
299 1372 52 14 vara
369 1365 158 21 underkastade
544 1365 110 27 kartering
668 1365 74 21 förrän
757 1365 26 22 de
797 1366 33 20 till
845 1366 91 21 domstol

186 1400 97 27 ingifvas,
299 1400 27 21 än
341 1400 40 21 ock
395 1398 14 22 å
424 1400 35 20 det
474 1407 55 20 gagn
545 1400 39 21 och
601 1400 40 21 den
653 1400 83 21 lättnad
750 1400 186 28 penningestrans-

186 1434 97 21 aktioner
297 1434 72 22 erfara
383 1434 25 21 af
421 1434 71 28 dylika
506 1434 80 26 vexlar,
597 1434 33 22 till
640 1434 83 22 hvilkas
734 1434 129 28 fördyrande
874 1434 63 21 Stän-

186 1467 67 23 derna
270 1467 59 23 finna
347 1468 46 22 skäl
410 1468 47 22 icke
475 1468 138 27 förekomma,
631 1468 65 22 hafva
713 1467 121 23 Ständerna
852 1468 56 22 velat
929 1468 8 21 i
