1025 1661
328 129 72 24 Nädiga
412 130 137 21 Propositionen
560 131 35 16 N:o
608 130 28 17 24.
653 154 3 1 -
794 131 43 15 1123

108 199 30 14 nu
160 192 67 21 redan
248 199 72 14 vunna
342 192 150 22 erfarenheten
513 193 55 22 visat
586 191 76 23 sådant
680 199 53 15 vara
751 191 109 29 behöfligt,

108 225 80 22 föreslä
202 227 103 27 lämpliga
319 233 49 14 men
383 227 48 20 med
446 227 26 21 de
487 227 57 21 förut
560 227 103 27 stadgade
677 227 139 26 principerna
831 226 31 22 öf-

108 260 209 21 verensstämmande
333 260 143 28 jemkningar,
495 261 39 21 har
550 261 39 27 jag
604 260 99 21 omfattat
719 261 36 21 det
770 261 92 20 alterna-

108 294 44 22 tiva
174 294 86 27 förslag,
280 301 46 14 som
344 294 47 21 icke
408 294 7 20 i
435 294 133 28 betydligave
586 293 50 21 män
654 294 81 21 afviker
754 293 48 22 frär
821 294 41 20 den

108 327 81 28 nädiga
206 328 167 26 propositionen.
403 328 50 21 Men
468 327 64 22 ocksä
547 328 7 20 i
570 327 58 22 detta
644 328 113 20 alternativ
771 328 40 20 har
827 334 36 14 en-

110 362 40 27 ligt
164 361 116 28 min'äsigt
294 362 114 21 utskottets
422 362 112 27 pluralitet
548 362 7 20 i
570 361 99 22 afseende
684 360 13 23 å
711 363 77 20 tvenne
803 361 7 21 i
825 362 11 27 $
849 363 12 19 6

110 396 124 27 föreslagna
252 396 117 27 ändringar
387 395 96 28 frängätt
501 396 65 27 sagde
581 396 115 27 principer,
711 395 100 23 hvarföre
823 396 40 27 jag

109 431 81 26 nödgas
210 431 98 20 häremot
325 430 88 27 inlägga
431 431 44 20 min
493 430 137 21 reservation.
662 429 34 22 Dä
715 429 147 22 hufvudända-

110 463 66 22 mälet
193 465 49 20 med
261 464 157 21 ofvannämnda
437 464 134 27 Förordning
590 465 31 25 är,
640 458 32 27 att
691 464 116 21 inskränka
821 464 42 21 till-

110 497 85 29 gängen
215 498 35 21 till
272 499 40 20 och
330 498 164 21 konsumtionen
512 498 24 21 af
552 499 96 25 bränvin,
668 505 63 14 anser
747 498 39 28 jag
804 498 60 22 detta

110 533 50 21 bäst
174 533 80 24 vinnas,
270 540 35 13 om
321 540 67 13 varan
401 533 68 21 finnes
484 533 120 27 tillgänglig
620 531 13 22 &
648 531 24 23 sä
684 532 23 21 få
718 533 39 21 och
769 532 24 21 sä
803 531 61 29 långt

111 566 49 22 från
175 566 122 22 hvarandra
312 566 96 28 aflägsna
423 567 77 21 ställen
515 574 46 14 som
576 566 89 28 möjligt,
681 568 56 20 samt
752 568 31 20 att
798 566 65 22 fabri-

110 601 76 22 kernes
206 601 59 21 antal
282 600 133 24 fördenskull
433 600 67 22 borde
518 608 52 14 vara
587 601 84 27 mycket
689 601 117 21 inskränkt.
836 601 30 21 Af

112 636 60 21 detta
190 635 46 22 skäl
254 636 40 20 har
310 635 39 27 jag
367 635 47 21 icke
432 635 81 21 kunnat
532 636 60 20 rösta
606 635 40 26 för,
662 637 32 19 att
708 635 155 27 minimibelop-

111 672 38 25 pet
170 670 34 21 för
222 669 218 27 fabrikstillverkning
457 669 109 21 nedsättes
584 669 68 21 under
669 669 125 28 tjugutusen
811 670 53 20 kan-

112 711 46 15 nor.
187 704 31 21 Af
235 711 82 15 samma
336 704 47 21 skäl
400 703 67 29 vägar
482 704 39 27 jag
536 703 64 23 ocksä
614 704 60 27 yrka,
690 706 32 19 att
736 704 127 27 stadgandet

113 738 35 21 om
162 738 173 28 Länestyrelsens
350 738 103 27 rättighet
468 740 32 19 att
513 738 111 21 motverka
638 738 132 22 inrättandet
781 738 23 21 af
813 738 51 22 flere

113 772 125 22 brännerier
253 772 58 21 invid
326 772 128 26 hvarandra,
470 772 124 22 bibehälles.

182 806 37 22 Uti
233 805 135 23 förestäende
382 806 131 22 reservation
528 806 88 22 förenar
630 806 32 28 sig
676 807 160 21 undertecknad

660 841 67 21 Adolf
740 840 67 23 Siren.

216 901 30 21 Af
258 901 217 28 Landtdagsmannen
488 902 68 21 Jonas
571 902 132 21 Wiitikkala:

182 944 126 22 Förenande
322 945 44 27 mig
381 946 7 20 i
403 944 56 22 hvad
470 945 57 21 Herr
537 945 25 21 R.
574 944 151 28 Björkenheim
727 940 12 36 i
754 945 33 21 sin
798 952 67 15 reser-

114 979 72 21 vation
205 979 83 21 fordrat
302 979 8 21 i
326 979 99 21 afseende
439 978 14 22 &
467 979 233 27 hränvinsredskapens
718 979 87 26 inlösen,
822 980 44 21 mä-

114 1015 33 19 ste
162 1014 39 26 jag
216 1014 92 27 upplysa
322 1015 33 19 att
367 1013 38 27 jag
420 1013 108 21 dessutom
542 1013 63 27 hyser
621 1013 40 21 den
677 1012 62 28 äsigt,
757 1015 32 19 att
803 1013 64 22 brän-

114 1048 180 27 vinsbränningen
313 1047 140 21 öfverhufvud
470 1047 68 21 borde
557 1047 77 21 ordnas
654 1046 28 28 pä
698 1045 26 23 en
739 1047 130 29 fullkomligt

115 1081 95 27 naturlig
224 1081 111 28 grundval,
351 1080 24 22 sä
391 1083 31 19 att
437 1076 43 37 alla
493 1082 59 20 förut
568 1081 111 27 befintliga
694 1082 40 20 och
745 1082 124 22 nuvarande

116 1115 132 28 svårigheter
268 1114 68 23 måtte
358 1115 109 22 undvikas.
501 1115 129 22 Grunderna
648 1115 34 21 för
701 1123 26 13 en
745 1114 68 23 sådan
831 1123 37 14 an-

116 1150 92 27 ordning
223 1157 60 14 vore:

186 1185 32 20 1:0
234 1185 32 20 att
280 1183 124 22 tillochmed
419 1183 24 22 så
458 1183 46 22 små
519 1183 226 22 bränvinsbrännerier
756 1183 71 22 kunde
838 1184 32 21 in-

116 1219 75 25 rättas,
208 1220 31 19 att
254 1218 26 21 de
295 1218 68 21 under
379 1217 56 22 årets
450 1218 51 27 lopp
518 1217 67 22 skulle
600 1218 86 21 tillreda
701 1219 42 20 400
758 1218 93 25 kannor;

186 1254 34 19 2:o
239 1254 32 19 att
289 1253 34 20 för
342 1251 73 28 hvarje
430 1251 66 22 sådan
512 1253 71 20 kanna
598 1251 68 22 skulle
681 1252 84 21 betalas
782 1254 9 19 1
808 1252 62 21 mark

116 1287 8 21 i
142 1287 65 25 skatt,
226 1287 84 21 hvilken
330 1284 74 28 hvarje
423 1285 24 22 år
461 1285 30 27 på
505 1287 92 20 förhand
612 1286 66 21 borde
693 1286 105 26 erläggas,
814 1288 56 19 samt

118 1322 32 20 att
168 1320 62 22 dessa
248 1320 141 21 förbindelser
408 1320 7 20 i
434 1320 99 21 afseende
552 1318 13 22 ä
578 1320 209 26 bränvinsbränning
802 1320 67 20 skulle

118 1354 58 28 gälla
191 1355 102 27 antingen
307 1354 69 21 under
391 1355 30 20 ett
436 1354 51 21 eller
502 1354 63 27 högst
580 1353 42 21 fem
638 1352 34 22 års
687 1353 41 26 tid;

188 1390 33 20 3:0
244 1390 32 20 att
296 1387 133 23 inrättandet
451 1387 23 22 af
494 1387 227 22 bränvinsbrännerier
741 1387 18 28 ej
778 1387 92 22 behöfde

119 1430 53 15 vara
189 1423 155 22 underkastadt
362 1421 71 29 någon
448 1429 71 15 annan
533 1422 154 28 inskränkning
702 1429 37 15 ens
754 1422 48 21 med
816 1423 54 22 hän-

119 1459 78 22 seende
210 1459 34 20 till
258 1458 102 29 beloppet
375 1457 24 22 af
411 1457 36 22 det
461 1457 125 22 tillverkade
600 1457 118 27 bränvinet,
729 1458 28 21 än
768 1459 33 20 att
811 1457 58 22 kom-

780 1499 20 16 7
