1014 1664
194 115 33 16 940
395 112 71 23 Nådiga
477 113 137 21 Propositionen
626 113 34 16 N:o
673 113 27 15 20.

170 177 44 22 dan
231 176 77 28 åtgärd
326 176 59 22 förut
402 175 71 22 blifvit
490 175 109 22 derstädes
613 175 49 21 med
678 174 123 22 densamma
814 174 107 28 vidtagen.

170 211 148 28 Anledningen
335 210 33 22 till
383 210 41 21 den
439 210 122 28 föreslagna
574 209 159 27 uteslutningen
747 208 62 22 torde
823 215 53 15 vara
890 210 33 20 att

171 245 123 27 derigenom
307 244 81 22 bereda
401 244 160 22 vederbörande
575 243 84 21 tillfälle
674 244 38 26 att,
726 244 8 20 i
748 242 175 22 förekommande

170 279 45 27 fall,
230 278 112 29 påskynda
356 278 101 28 qvarstad
472 278 13 22 å
500 285 71 15 annan
586 280 34 19 ort
630 277 91 22 medelst
732 284 76 21 genom
818 277 105 27 telegram

170 313 100 23 affärdad
288 312 115 26 föreskrift,
421 312 8 21 i
447 312 79 22 hvilket
544 312 38 21 fall
600 312 41 21 den
656 312 60 28 eljest
730 312 141 27 erforderliga
885 311 37 23 be-

170 348 112 28 visningen
296 348 19 28 ej
330 348 43 20 kan
389 349 74 25 genast
478 346 165 23 åstadkommas.

238 382 11 22 I
264 382 37 22 det
314 382 34 21 till
363 381 118 23 Ständerne
495 381 36 22 vid
546 382 84 21 senaste
640 380 104 28 landtdag
755 380 118 22 aflemnade
884 379 38 23 nå-

171 416 50 29 diga
238 416 81 28 förslag
337 416 33 21 till
388 415 262 29 tryckfrihetsförordning
668 416 56 20 hade
742 416 27 20 62
785 415 11 27 &
812 414 111 28 angående

172 451 115 22 svarandes
305 452 45 19 rätt
367 452 33 19 att
417 450 8 21 i
443 448 180 30 tryckfrihetsmål
642 450 8 21 i
664 450 56 21 vissa
734 449 39 22 fall
787 449 72 22 bevisa
874 456 48 15 san-

171 486 79 27 ningen
268 484 25 22 af
308 484 73 28 gjordt
398 484 89 22 tillmäle
506 486 56 20 emot
580 484 83 21 enskild
677 491 85 20 person,
777 483 69 22 blifvit
860 483 63 22 affat-

171 520 39 22 tad
223 520 8 21 i
246 519 93 27 enlighet
353 519 49 21 med
415 518 187 22 bestämmelserne
616 519 8 21 i
639 526 83 14 samma
732 519 62 21 ämne
805 518 31 21 uti
848 525 26 15 en
885 525 38 14 an-

171 561 43 15 nan
235 554 34 21 till
291 553 120 21 Ständerna
433 552 27 22 då
482 552 79 22 aflåten
578 552 66 28 nådig
661 553 134 27 proposition
812 551 112 29 angående

170 588 56 30 falsk
245 587 116 29 angifvelse
378 588 41 21 och
437 594 72 14 annan
527 587 163 27 ärekränkning.
724 587 126 21 Sedermera
867 586 57 22 hade

171 622 55 22 dock
245 622 121 22 Ständerna
384 622 32 21 uti
435 621 130 22 sistnämnde
579 622 133 27 proposition
726 621 75 21 härom
815 621 67 21 infört
897 628 26 14 en

170 656 132 28 förändring,
317 656 86 22 hvilken
418 656 25 21 af
451 656 60 21 Hans
523 656 120 28 Kejserliga
654 656 101 27 Majestät
766 656 105 27 godkänts
882 655 41 22 och

170 690 80 22 influtit
268 691 32 21 uti
320 692 25 20 10
361 691 11 27 &
389 690 24 22 af
428 690 79 28 nådiga
522 690 154 27 förordningen
691 689 110 28 angående
816 689 54 22 falsk
886 696 37 15 an-

172 725 86 28 gifvelse
277 724 40 22 och
332 732 71 14 annan
418 724 157 28 ärekränkning
590 724 25 22 af
627 724 42 21 den
684 726 26 19 26
726 724 119 22 November
861 725 62 20 1866.

171 759 73 28 Enligt
262 758 121 28 åberopade
401 758 84 28 lagrum
503 760 25 20 är
545 758 105 22 svarande
668 758 123 28 berättigad
809 760 33 20 att
855 758 69 21 förete

171 794 111 26 bevisning
300 801 34 14 om
352 793 109 21 tillmälets
480 793 96 27 sanning,
595 793 8 21 i
622 792 27 22 de
666 793 38 21 fall
723 792 27 22 då
765 794 43 20 han
823 792 101 28 erbjuder

171 828 33 28 sig
218 830 33 19 att
265 828 74 28 styrka
353 828 43 21 viss
410 827 98 21 bestämd
519 828 104 27 handling
634 828 52 20 eller
696 826 164 28 uraktlåtenhet,
873 834 50 15 vare

171 862 33 28 sig
225 864 33 19 att
280 862 70 22 denna
371 862 103 27 handling
493 863 24 20 är
535 862 7 21 i
560 862 36 27 lag
613 862 49 21 med
681 869 77 14 ansvar
776 862 77 28 belagd
871 862 53 21 eller

171 896 53 26 icke,
247 898 56 20 samt
325 896 119 21 domstolen
466 903 77 20 genom
561 896 102 21 särskildt
680 896 70 22 beslut
768 896 105 21 förklarat
892 897 32 20 att

172 931 48 21 dess
235 930 176 28 ådagaläggande
426 930 42 22 kan
482 930 94 22 utesluta
591 930 53 21 eller
657 930 78 22 mildra
750 930 173 22 straffbarheten.

171 966 43 21 Det
228 966 52 26 skäl,
296 972 46 14 som
357 964 107 22 föranledt
479 966 32 20 att
526 966 26 20 62
568 966 11 26 $
591 964 65 22 likväl
666 964 42 22 fått
720 964 130 22 oförändrad
861 972 63 20 gvar-

172 999 34 22 stå
220 1000 8 21 i
241 999 206 28 tryckfrihetslagen,
463 1001 25 20 är
503 999 28 28 på
546 1001 43 20 sätt
603 1000 67 20 redan
685 1000 110 21 ofvanföre
806 999 69 23 blifvit
886 1006 37 15 an-

171 1034 48 28 tydt
234 1034 91 22 vilkoret
340 1041 34 13 om
390 1033 69 22 denna
473 1034 137 27 författnings
625 1034 121 28 antagande
761 1034 7 21 i
783 1034 142 22 oförändradt

172 1068 66 22 skick.
266 1068 50 21 Men
335 1067 28 21 då
378 1075 26 14 en
419 1068 150 22 eftersträfvad
584 1068 218 22 öfverensstämmelse
816 1068 8 21 i
839 1068 84 22 författ-

171 1103 105 27 ningarne
290 1102 56 22 varit
360 1102 41 21 den
417 1102 151 28 ursprungliga
583 1102 143 28 anledningen
740 1102 34 22 till
789 1102 40 22 den
844 1102 80 28 lydelse

173 1138 26 20 62
215 1138 11 27 &
242 1136 92 27 erhållit,
354 1136 39 22 och
413 1136 58 22 detta
485 1136 50 27 mål,
551 1136 66 22 sedan
631 1137 103 27 förslaget
748 1136 34 22 till
796 1136 128 29 författning

172 1179 36 14 om
222 1171 158 27 ärekränkning
394 1170 115 29 undergått
524 1171 97 27 ändring,
638 1171 118 22 emellertid
770 1171 46 22 icke
831 1173 92 26 vunnits,

172 1208 56 19 samt
246 1206 61 26 giltig
326 1206 63 19 orsak
407 1208 32 17 att
457 1205 133 21 beträffande
608 1213 30 12 nu
652 1205 164 27 ifrågavarande
831 1208 93 19 omstän-

173 1239 73 27 dighet
262 1239 33 20 uti
313 1239 200 27 tryckfrihetslagen
530 1238 110 22 bibehålla
657 1247 27 13 en
701 1239 155 26 bestämmelse,
871 1239 52 22 afvi-

172 1273 70 22 kande
264 1271 48 23 från
330 1272 56 22 hvad
405 1273 7 21 i
431 1280 81 14 samma
530 1273 39 21 sak
586 1274 8 20 i
612 1273 117 22 allmänhet
746 1275 50 20 vore
815 1273 107 29 stadgadt,

173 1308 59 21 desto
254 1307 83 21 mindre
359 1307 136 27 förekomme,
514 1315 46 14 som
579 1308 40 21 den
638 1308 87 21 alldeles
743 1308 47 21 icke
808 1309 115 21 inverkade

172 1341 29 29 på
220 1343 26 21 de
265 1342 108 22 allmänna
389 1342 100 28 grunder,
505 1341 29 29 på
548 1342 71 22 hvilka
633 1343 290 28 tryckfrihetsförordningen

172 1377 91 26 hvilade,
286 1377 39 21 och
344 1377 34 21 för
397 1377 64 28 öfrigt
480 1385 26 14 en
525 1377 125 28 förändring
669 1377 24 22 af
710 1377 69 22 denna
797 1379 11 27 $
827 1378 96 28 skäligen

172 1412 47 21 icke
233 1411 71 22 kunde
319 1413 90 26 antagas
424 1419 52 14 vara
487 1412 108 21 stridande
607 1414 57 19 emot
675 1413 59 21 Hans
746 1413 119 28 Kejserliga
875 1413 46 21 Ma-

171 1446 77 28 jestäts
266 1445 79 29 nådiga
362 1446 89 28 afsigter
469 1446 49 21 med
532 1446 140 22 nästberörde
687 1447 132 28 förordning,
834 1447 40 22 har
888 1449 34 20 ut-
