1017 1661
185 111 44 16 1014
384 109 71 24 Nådiga
466 111 138 22 Propositionen
616 110 35 17 N:o
663 111 27 16 21.

161 173 113 22 anmärkta
288 173 142 28 olägenheter.
460 173 49 22 Med
524 173 68 22 andra
608 173 161 22 bestämmelser
782 173 8 21 i
805 173 60 22 detta
878 173 32 22 af-

161 207 78 22 seende
255 207 67 22 blifva
339 207 243 28 förlikningsdomstolar
599 207 40 22 här
653 207 146 28 fullkomligen
813 207 98 22 öfverflö-

162 241 56 28 diga,
236 240 73 23 såvida
327 241 99 28 gällande
444 241 35 28 lag
497 241 67 22 redan
581 241 116 28 medgifver
718 243 73 25 parter
813 243 45 20 rätt
879 243 33 20 att

161 276 33 20 till
212 276 54 27 gode
284 277 60 20 mäns
359 276 99 27 pröfning
474 275 128 22 öfverlemna
617 275 126 27 afgörandet
758 275 24 21 af
795 276 61 21 deras
871 277 39 20 tvi-

161 310 102 27 stigheter
277 311 56 20 samt
347 310 49 28 laga
411 310 143 22 domstolarne
572 311 25 19 är
614 309 143 28 uttryckligen
771 309 139 23 föreskrifven

161 344 147 28 skyldigheten
323 346 32 20 att
369 344 52 22 söka
434 343 70 23 förmå
518 346 73 26 parter
609 344 33 21 till
659 343 121 29 förlikning.
809 344 102 22 Deremot

161 378 62 22 torde
239 378 34 22 till
290 378 124 22 minskande
433 379 23 21 af
472 378 143 22 tvistemålens
634 379 58 21 antal
707 385 26 15 en
748 380 69 20 större
831 379 79 21 verkan

161 419 52 15 vara
227 415 32 19 att
273 412 97 28 påräkna
384 413 24 21 af
420 413 235 27 förlikningsnämnder,
667 413 81 21 hvilkas
759 413 100 28 uppdrag
869 414 41 21 och

160 446 129 28 befogenhet
307 453 50 15 vore
375 447 110 21 inskränkt
504 447 33 21 till
556 446 185 28 åvägabringande
759 447 25 21 af
799 447 111 21 förliknin-

164 488 39 20 gar
217 483 74 25 parter
305 481 90 21 emellan
410 482 40 20 och
464 480 115 29 atböjande
594 480 24 22 af
630 481 117 28 obefogade
765 480 145 29 rättegångar,

161 522 49 14 men
225 516 70 21 denna
308 515 126 27 institution,
449 516 63 21 hvars
527 515 122 22 inrättande
667 516 124 21 ankommer
807 515 30 28 på
851 516 59 21 kom-

161 557 114 14 munernas
290 557 54 20 egna
358 550 148 27 tillgöranden,
521 552 31 24 är,
567 549 72 22 såsom
653 550 106 21 beroende
774 550 24 21 af
810 557 27 14 en
851 557 59 14 mera

161 583 142 22 framskriden
324 584 96 27 bildning
442 585 40 21 och
506 584 112 22 utvecklad
639 584 185 27 kommunalanda,
843 585 8 20 i
870 584 40 22 den

161 619 108 21 närmaste
284 619 114 21 framtiden
412 619 46 21 icke
473 621 33 20 att
520 620 96 21 emotses.

229 653 71 21 Onekt
314 653 68 28 ligger
397 653 54 21 dock
465 653 73 28 hvarje
553 652 122 23 sträfvande
689 653 34 22 för
737 653 173 28 lagskipningens

161 686 143 23 befordrande
321 687 29 28 på
368 687 78 26 landet,
465 695 46 14 som
528 688 46 21 icke
593 687 132 22 omedelbart
742 688 57 22 afser
817 695 27 14 en
862 688 49 21 full-

162 721 85 28 ständig
261 721 131 28 ombildning
407 721 24 21 af
443 722 179 21 Häradsrätterne
637 722 40 20 och
692 721 62 22 deras
769 723 141 25 verksamhet,

161 762 46 14 mer
222 755 51 21 eller
288 755 83 22 mindre
384 754 30 29 på
428 755 60 21 sidan
504 763 34 14 om
552 755 72 26 målet,
639 755 56 21 hvad
713 756 52 27 godt
784 762 75 21 genom
875 757 35 20 de-

161 796 82 15 samma
261 789 60 28 eljest
339 788 35 22 må
387 789 81 22 vinnas.
499 789 108 22 Utskottet
625 796 62 14 anser
705 790 33 27 sig
757 789 84 22 derföre
855 790 54 21 böra

161 823 128 21 tillerkänna
307 825 30 19 ett
356 823 124 27 obetingadt
496 823 108 21 företräde
622 823 22 21 åt
666 822 106 28 åtgärder,
795 831 45 14 som
861 824 49 21 leda

161 856 32 22 till
215 864 26 14 en
263 856 68 22 sådan
353 857 163 28 omgestaltning
538 857 24 22 af
581 857 189 27 Häradsrätterne,
794 860 32 19 att
848 858 62 22 dessa

160 891 114 22 framdeles
295 892 70 20 kunde
386 893 63 26 göras
470 892 34 20 till
524 893 139 26 permanenta
685 891 117 23 domstolar
820 893 40 21 och
878 894 33 20 att
934 892 2 2 '

161 926 32 21 uti
208 925 47 22 dem
270 926 83 21 komme
369 928 31 19 att
414 925 50 29 ingå
478 926 52 22 flere
544 928 28 20 än
587 933 26 15 en
628 926 115 28 lagkunnig
758 927 97 21 medlem.
881 926 29 23 Så

160 960 49 21 klar
226 960 92 27 insigten
336 967 35 15 om
388 960 120 21 fördelarne
526 960 24 22 af
566 968 26 14 en
615 961 57 27 dylik
693 960 126 28 förändring
840 962 41 20 och
901 961 9 22 i

161 994 53 28 följd
229 994 62 21 deraf
303 994 159 28 benägenheten
476 994 33 21 till
523 994 149 28 uppoffringar
683 994 72 22 derför
767 996 27 20 än
806 996 30 25 är,
848 996 61 21 torde

161 1028 55 22 dock
231 1028 26 22 de
271 1028 49 21 med
335 1030 30 19 ett
379 1028 135 28 fullständigt
528 1028 105 22 ernående
648 1029 23 22 af
685 1030 58 21 detta
753 1028 44 23 mål
807 1029 102 23 förenade

160 1063 144 21 kostnaderna
318 1062 34 21 för
366 1063 133 21 närvarande
514 1063 114 27 öfverstiga
644 1063 83 22 landets
742 1063 87 22 krafter.
859 1064 49 21 Men

161 1095 70 22 såsom
245 1098 32 20 ett
291 1098 46 26 steg
355 1096 33 21 till
405 1097 117 21 närmande
540 1097 24 21 af
580 1097 116 21 detsamma
711 1097 67 28 ligger
792 1097 33 21 till
840 1098 68 21 hands

161 1130 93 22 ökandet
273 1130 24 22 af
313 1130 50 28 laga
380 1130 83 28 tingens
482 1131 59 21 antal
559 1130 32 22 till
611 1131 64 21 minst
692 1133 75 19 trenne
785 1138 35 14 om
837 1130 48 23 året
901 1132 8 21 i

161 1164 73 28 hvarje
255 1164 84 28 tinslag.
373 1164 73 22 Redan
464 1173 30 13 nu
512 1164 113 22 förefinnes
644 1172 26 14 en
687 1165 80 28 mängd
789 1166 119 28 domsagor,

160 1199 32 20 uti
209 1199 72 21 hvilka
299 1200 32 20 tre
350 1198 106 22 ordinarie
473 1200 55 26 ting,
543 1201 52 18 utan
613 1198 114 28 svårighet,
746 1206 35 14 om
799 1200 40 20 ock
860 1200 48 21 med

160 1231 66 28 något
247 1232 68 22 ökade
337 1232 114 22 kostnader
472 1232 34 22 för
527 1232 226 28 häradshöfdingarne,
776 1233 131 22 medhinnas.

160 1266 44 21 Der
219 1265 46 23 åter
279 1265 80 23 målens
375 1266 39 22 och
428 1267 131 27 tingslagens
577 1266 78 28 mängd
673 1267 64 27 lägga
755 1267 75 22 hinder
847 1268 8 21 i
873 1270 35 20 vä-

160 1307 41 21 gen
219 1300 33 22 för
269 1301 85 27 tingens
372 1300 88 27 ökande,
479 1301 68 22 blefve
569 1308 26 14 en
618 1301 85 28 delning
725 1302 24 21 af
769 1302 139 28 domsagorne

159 1334 128 29 nödvändig.
310 1335 81 22 Genom
405 1334 79 29 nådiga
498 1335 141 29 kungörelsen
653 1336 41 21 den
709 1338 26 19 26
750 1337 91 28 Augusti
854 1339 53 20 1862

160 1370 25 20 är
203 1370 107 27 reglering
327 1370 24 21 af
368 1370 140 27 domsagorne
525 1371 7 20 i
550 1370 79 26 landet,
647 1370 99 22 afseende
763 1372 120 27 minskning
900 1372 8 21 i

161 1403 62 22 deras
241 1403 96 28 omfång,
355 1403 105 28 vidtagen,
478 1411 49 15 men
545 1404 65 22 delvis
629 1405 57 21 ännu
703 1403 30 29 på
750 1405 159 28 verkställighet

160 1437 112 23 beroende.
295 1437 64 23 Såväl
373 1438 175 29 genomförandet
562 1439 24 22 af
599 1438 41 23 den
654 1439 67 22 redan
732 1439 122 23 anbefallda
865 1440 43 22 del-
