1017 1661
187 112 33 15 776
384 109 72 23 Nådiga
467 109 138 22 Propositionen
617 109 35 16 N:o
665 109 27 16 15.

164 174 58 26 vidd,
238 173 72 22 såvidt
324 173 46 21 icke
384 173 145 28 uttryckligen
544 173 61 27 säges
621 175 32 17 att
669 171 40 21 den
718 170 132 29 fastställda
865 169 49 22 kar-

166 212 38 17 tan
219 207 105 22 beräknas
333 207 42 29 för
391 207 74 28 hvarje
481 206 40 21 ark
537 206 81 28 hvaraf
631 205 94 28 skriften
740 205 79 20 består.

162 232 232 29 LL
598 232 318 29 rr

802 268 57 16 Mark.
859 264 8 28 |
875 269 28 19 pii.

178 333 144 29 Aktiebref
333 334 11 20 i
358 333 83 26 handel,
447 333 87 29 fartyg,
547 331 54 22 bank
614 332 39 21 och
662 332 117 21 industriel

206 368 126 28 inrättning
355 368 51 20 eller
429 375 72 13 annan
523 368 141 27 anläggning,
687 374 44 14 som
753 368 27 19 är

206 401 101 28 grundad
317 402 33 27 på
365 401 84 21 aktier:

207 436 29 21 då
255 436 48 20 hela
317 436 96 21 insatsen
423 435 42 29 för
480 435 75 28 hvarje
570 435 57 20 aktie
643 436 27 19 är
686 435 95 20 bestämd

236 470 35 21 till
286 468 49 22 200
349 469 63 21 mark
427 470 52 21 eller
494 469 107 21 derunder
635 484 4 5 .
663 485 4 4 .
691 485 5 4 .
719 484 62 5 ...
821 478 29 3 —
880 466 25 20 120

208 504 123 28 derutöfver
340 504 43 28 för
398 504 74 28 hvarje
481 504 61 28 fulla
557 503 43 22 100
618 503 136 21 mark...
822 512 28 3 —
881 501 25 19 |10

180 538 149 28 Anvisning
348 538 52 21 eller
415 539 179 27 assignation,
613 545 21 13 se
647 519 136 47 förskrif-

208 573 70 28 ning.

181 606 261 27 Arrendekontrakt,
458 614 20 14 se
495 606 132 22 kontrakt.

182 642 203 28 Assuransbref,
395 642 112 29 förnyelse
523 642 38 21 och
577 642 100 28 gvittans,
693 648 20 14 se
722 641 62 29 för-

211 675 194 29 säkringsbref.

183 710 188 29 Bodmeribref
383 710 100 21 karteras
498 710 70 21 såsom
576 710 196 29 förskrifning.

184 745 140 29 Bytesbref
337 746 13 20 å
359 745 50 28 fast
424 745 101 28 egendom
536 745 51 21 eller
594 745 79 29 fartyg
685 744 99 22 karteras

212 779 45 22 lika
275 780 47 20 med
341 779 135 29 köpebref,
496 780 38 20 och
553 779 39 21 bör
611 780 78 20 värdet
707 780 26 28 af
745 779 40 21 den

212 814 106 27 egendom,
335 821 44 13 som
393 814 49 27 gått
456 814 10 19 i
481 814 52 28 byte,
550 814 64 20 alltid
627 814 33 19 uti
671 813 114 29 bytesbref-

212 852 34 17 vet
259 849 10 20 i
279 849 125 27 penningar
419 849 99 25 utsättas,
534 848 93 29 såframt
639 848 83 28 lagfart
733 848 53 21 derå

213 882 55 22 skall
287 882 71 21 kunna
376 882 95 29 beviljas,
490 886 55 18 samt
563 883 128 28 mellangift,
711 883 28 20 då
754 883 33 20 så-

214 917 43 21 dan
275 920 34 25 egt
327 923 54 20 rum,
397 917 37 21 vid
450 917 166 21 bestämmandet
631 917 25 29 af
668 917 118 28 stämplade

210 955 95 25 pappret
319 951 138 22 inberäknas.

187 985 154 30 Certeparti
353 987 51 20 eller
418 985 103 29 fraktslut
536 993 27 14 om
571 986 86 29 fartyg,
663 986 42 29 för
713 986 74 29 hvarje

215 1020 43 22 100
273 1021 62 21 mark
351 1021 24 28 af
383 1020 179 29 fraktsumman
560 1016 12 37 .
585 1035 62 6 «sc
669 1036 119 6 0.
828 1032 27 3 —
885 1019 27 20 [20

187 1055 265 28 Fideikommissbref
480 1055 99 21 karteras
608 1055 70 21 såsom
707 1050 81 27 testa-

214 1094 89 17 mente.

187 1121 167 29 Fraktsedel,
371 1130 20 14 se
407 1123 205 21 konnässement.

190 1158 112 26 Förord,
318 1165 21 14 se
355 1157 263 29 äktenskapsförord.

189 1192 194 28 Förskrifning
405 1192 52 21 eller
479 1192 124 24 skuldsedel,
625 1192 64 25 vexel,
705 1195 85 24 postre-

216 1226 116 26 missvexel,
355 1226 114 27 anvisning
491 1225 38 20 och
552 1226 133 26 assignation
704 1225 25 29 af
745 1226 45 20 alla

218 1260 46 28 slag
281 1259 98 21 karteras
395 1259 54 29 efter
465 1258 193 29 kapitalbeloppet:

219 1295 35 21 till
269 1294 38 21 och
321 1294 48 21 med
383 1292 48 23 200
446 1293 62 21 mark
533 1309 2 5 .
559 1310 4 4 .
587 1309 4 5 .
615 1309 175 6 0.
831 1306 27 3 —
888 1293 26 19 [20

218 1332 55 18 samt
295 1329 124 27 derutöfver
436 1328 41 30 för
496 1328 74 29 hvarje
583 1328 61 28 fulla
662 1326 49 23 200
728 1328 62 21 mark

248 1364 58 21 ända
321 1364 35 21 till
370 1362 69 27 1,000
453 1363 84 21 mark
535 1358 13 38 .
560 1379 5 5 .
589 1379 4 5 .
617 1378 89 6 ....
831 1376 27 2 —
888 1362 26 20 [20

219 1399 85 29 utöfver
319 1397 67 28 1,000
401 1397 62 22 mark
469 1398 41 29 för
523 1397 73 28 hvarje
601 1397 62 29 fulla
674 1396 44 22 100
729 1378 62 40 mark
831 1409 27 4 —
888 1397 26 20 120

220 1433 78 22 Derest
312 1433 109 28 betalning
437 1433 14 21 å
462 1432 105 28 kapitalet
572 1432 67 28 förut
650 1431 55 22 skett
715 1431 76 22 beräk-
