1025 1661
171 111 33 16 838
373 109 71 24 Nådiga
456 110 137 21 Propositionen
605 110 35 16 N:o
655 110 24 16 17.

213 173 98 22 Lönerna
325 173 36 22 för
375 173 70 21 lärare
460 173 7 21 i
482 171 59 30 sång,
556 173 100 27 teckning
671 172 41 21 och
726 172 120 29 gymnastik
860 179 36 15 va-

144 209 59 21 riera
217 208 90 21 emellan
322 209 41 19 300
378 207 40 21 och
435 209 61 24 1,200
511 207 44 22 rdr.

214 241 178 22 Lärarelönerna
406 243 10 19 i
430 241 115 22 Danmark
560 242 27 21 år
602 240 65 22 1863.

212 277 43 21 För
269 277 75 21 rektor
361 277 61 25 1,600
437 276 178 26 riksbanksdaler,
631 276 49 21 med
695 284 27 14 en
735 275 162 27 lönetillökning

144 311 24 22 af
189 312 41 20 200
251 311 53 21 rbdr
326 310 54 21 efter
401 310 73 28 hvarje
493 310 64 22 femte
575 309 25 22 är
618 310 43 21 tills
679 310 64 21 lönen
762 308 84 30 uppgår
864 309 33 21 till

144 346 63 25 2,200
226 346 58 21 rbdr.
315 344 41 22 Vid
375 344 226 28 metropolitanskolan
616 344 7 21 i
638 344 142 28 Köpenhamn
794 345 40 21 har
848 344 49 21 rek-

143 381 35 20 tor
201 380 108 21 dessutom
330 381 31 19 ett
382 378 64 29 årligt
468 379 90 21 tillskott
575 378 25 22 af
616 380 41 20 200
676 379 58 26 rbdr,
754 379 40 21 och
813 377 84 29 åtnjuta

143 415 100 27 samtliga
264 414 98 21 rektorer
379 413 7 21 i
406 413 73 22 landet
500 413 47 22 fritt
569 415 92 26 qvarter,
684 421 46 14 som
752 413 100 22 bekostas
875 413 24 22 af

143 451 77 20 staten.

211 483 42 22 För
269 483 136 27 öfverlärare
420 484 63 27 utgör
498 483 63 22 lönen
574 484 61 25 1,000
647 483 59 26 rbdr,
718 483 48 22 med
778 489 26 15 en
814 483 82 28 förhöj-

142 519 52 27 ning
209 518 25 21 af
247 519 40 20 200
303 517 53 22 rbdr
370 517 62 22 hvart
443 517 63 22 femte
518 515 25 24 år
553 517 43 22 tills
608 517 63 22 lönen
681 517 71 22 blifvit
764 518 60 25 1,600
837 517 59 22 rbdr.

211 553 42 20 För
272 551 91 29 adjunkt
382 553 40 20 500
442 552 52 21 rbdr
509 552 48 21 med
573 558 26 14 en
613 552 123 28 förhöjning
751 551 25 21 af
789 553 39 20 100
844 552 53 21 rbdr

142 586 55 22 efter
211 586 74 28 hvarje
300 586 69 28 tredje
384 585 25 22 år
423 586 43 21 tills
481 586 64 21 lönen
559 588 63 26 utgör
639 588 61 24 1,000
714 585 59 22 rbdr.
796 586 41 21 Vid
852 593 44 15 me-

142 621 192 27 tropolitanskolan
354 621 58 21 delas
432 621 108 21 dessutom
557 620 72 22 halfva
648 620 40 21 och
706 620 35 21 vid
760 619 69 29 öfriga
847 620 48 22 sko-

142 654 34 22 lor
193 655 50 21 hela
261 654 90 28 afgiften
370 654 34 22 för
424 655 26 21 de
468 655 75 25 elever,
562 654 72 22 hvilka
652 652 74 23 skolan
744 654 41 21 har
803 662 45 14 mer
867 656 29 20 än

144 690 47 24 100,
207 689 70 27 jemnt
295 688 90 22 emellan
404 688 157 22 öfverlärarene
579 688 41 21 och
635 688 147 28 adjunkterne.
812 688 42 21 Vid
870 688 26 22 de

142 724 70 20 större
227 723 100 21 skolorna
337 723 83 21 lemnar
432 722 58 22 detta
501 724 30 20 ett
542 722 91 22 tillskott
644 722 24 22 af
677 722 52 21 flere
740 721 84 23 hundra
835 722 60 28 rbdr,

142 756 89 23 emedan
246 756 89 28 afgiften
350 757 34 21 för
400 757 44 21 elev
455 757 35 21 vid
501 756 227 28 metropolitanskolan
739 758 65 27 utgör
816 758 27 20 60
854 757 41 22 och

142 791 35 22 vid
193 791 26 21 de
234 791 69 28 öfriga
317 791 101 21 skolorna
433 792 27 20 40
475 791 58 21 rbdr.

118 833 5 4 ”
212 825 178 22 Lärarelönerna
404 826 10 20 i
429 824 105 30 Norrige.

209 860 43 22 För
274 860 100 22 rektorer
392 860 84 22 variera
494 860 89 22 lönerna
601 860 91 22 emellan
711 862 41 20 900
771 861 40 21 och
832 862 61 25 1,200

141 894 38 22 rdr
194 895 76 27 specie,
285 894 34 22 för
335 895 137 28 öfverlärare
488 891 90 25 emellan
594 895 40 20 500
650 894 40 22 och
707 896 68 25 1,000,
791 897 55 19 samt
860 895 34 21 för

142 928 115 29 adjunkter
273 929 93 21 'emellan
384 930 41 20 300
444 929 40 21 och
504 930 41 20 800
563 929 38 21 rdr
621 929 76 27 specie.
730 930 114 20 Dessutom
863 928 30 22 åt-

141 963 62 27 njuta
221 963 44 21 alla
282 963 78 26 lärare,
379 962 82 22 hvilkas
479 963 60 21 löner
558 962 18 28 ej
595 962 74 28 uppgå
688 963 32 21 till
740 965 42 19 800
800 964 38 20 rdr
853 971 40 20 sp.,

142 998 31 20 ett
191 996 24 22 så
232 997 82 21 kalladt
333 996 81 28 dyrtids
432 997 75 28 tillägg
526 997 24 21 af
563 998 26 20 20
605 1000 90 24 procent
710 998 33 21 för
758 998 27 21 de
800 997 36 22 två
850 998 43 21 för-

140 1033 35 19 sta
189 1031 141 22 hundradena
344 1031 24 21 af
380 1031 69 27 lönen,
467 1033 25 19 10
507 1038 58 21 proc.
577 1031 34 21 för
623 1032 36 20 det
669 1032 75 28 tredje,
757 1032 40 22 och
810 1033 10 20 5
832 1039 59 21 proc.

140 1065 34 22 för
188 1066 74 28 hvarje
277 1066 24 21 af
314 1066 26 20 de
356 1066 68 27 öfriga
439 1066 132 21 hundraden.
601 1066 10 20 I
626 1066 118 21 Kristiania
758 1066 64 22 hafva
836 1066 56 22 lära-

140 1107 51 15 rene
207 1103 30 19 ett
251 1100 90 21 tillskott
356 1099 25 21 af
395 1101 39 20 100
450 1100 37 21 rdr
502 1107 31 20 sp.
548 1100 83 21 utöfver
642 1100 161 21 lärarelönerna
813 1099 29 28 på
854 1107 38 15 an-

141 1135 40 22 dra
195 1137 64 20 orter.

209 1169 67 22 Dessa
293 1169 67 26 löner,
378 1169 139 22 förvandlade
535 1169 33 22 till
581 1169 66 22 finskt
661 1171 59 26 mynt
735 1169 54 22 efter
803 1169 51 22 kurs
869 1169 26 22 af

142 1205 39 18 143
201 1203 64 27 penni
283 1203 34 20 för
336 1210 26 13 en
376 1203 105 20 riksdaler
496 1203 85 21 svenskt
595 1203 110 27 riksmynt,
722 1205 41 18 286
778 1204 65 26 penni
858 1203 34 21 för

140 1243 27 14 en
186 1237 68 20 dansk
271 1236 174 21 riksbanksdaler
463 1239 55 18 samt
537 1237 40 20 572
595 1237 65 26 penni
675 1237 35 20 för
725 1244 27 13 en
766 1237 66 21 norsk
846 1237 45 22 silf-

138 1270 109 28 verspecie
262 1269 111 27 riksdaler,
387 1271 87 27 utgöra:

207 1305 11 21 I
232 1304 91 29 Sverige
339 1304 35 22 för
388 1304 74 22 rektor
478 1305 34 21 vid
527 1304 135 29 fullständigt
676 1305 215 22 elementarläroverk

138 1340 8 22 i
160 1340 77 28 början
249 1340 62 25 5,720
323 1341 56 20 samt
390 1339 54 22 efter
455 1340 29 21 tio
497 1338 34 23 års
543 1339 110 28 tjenstetid
665 1341 62 25 6,435
739 1340 69 22 finska
818 1340 72 27 mark;

207 1374 34 21 för
256 1374 69 21 lektor
339 1374 8 20 i
362 1374 76 27 början
454 1375 62 25 2,860
532 1375 67 25 mark,
615 1375 48 20 med
677 1374 123 29 förhöjning
815 1375 24 22 af
848 1376 41 20 715

138 1409 62 22 mark
215 1408 53 22 efter
283 1408 63 21 hvart
360 1408 64 22 femte
438 1407 31 28 år,
484 1408 41 22 och
540 1408 82 23 således
637 1409 54 22 efter
705 1409 62 28 tjugu
782 1409 35 22 års
832 1409 57 22 oför-

138 1443 61 28 vitlig
213 1443 64 27 tjenst
293 1444 63 25 5,720
371 1443 69 21 finska
454 1443 71 26 mark;

860 1478 10 17 /
