1020 1670
187 123 44 31 1042
390 125 70 23 Nådiga
471 125 138 22 Propositionen
621 125 35 17 N:o
669 126 27 15 21.

232 189 25 22 så
275 189 47 28 ofta
339 189 35 21 det
393 189 84 27 tarfvas
496 188 39 21 och
553 188 149 28 ordföranden
715 187 74 21 derom
804 187 106 29 tillsäger.

232 223 37 21 Då
283 223 62 21 skola
360 222 156 28 Borgmästare
533 222 38 20 och
585 221 108 26 Rådmän,
709 221 89 21 klockan
814 222 30 20 tio
860 222 51 20 eller

233 258 14 21 å
265 257 40 21 den
324 257 32 21 tid
374 264 45 14 som
431 256 42 28 för
493 256 89 21 Rättens
602 256 160 21 sammanträde
781 255 43 21 kan
842 256 71 21 varda

233 291 106 22 särskildt
357 291 100 26 bestämd,
474 292 35 20 till
523 291 122 28 Rådstufva
660 290 90 22 komma.

519 337 46 28 28.

290 380 39 30 (Af
345 388 81 14 samma
443 380 80 29 lydelse
541 380 47 22 med
607 380 149 22 motsvarande
774 380 12 28 &
804 380 8 21 i
829 378 84 30 Nädiga

234 416 177 27 propositionen.)

549 445 12 20 3
576 443 18 28 8.

292 481 62 29 (Lika
368 481 92 28 lydande
474 481 49 22 med
538 483 13 19 4
566 481 11 28 &
592 481 8 20 i
614 479 85 30 Nädiga
712 481 177 28 propositionen.)

549 528 46 27 48.

293 564 39 29 (Af
342 571 81 15 samma
434 564 79 28 lydelse
524 571 46 15 som
581 565 12 20 5
605 564 11 27 &
628 563 7 21 i
646 562 84 30 Nädiga
737 563 176 29 propositionen.)

398 616 22 16 9
433 616 47 17 till
492 616 58 16 och
562 615 69 17 med
642 616 28 16 11
681 616 72 22 kap.

295 654 39 28 (Af
347 654 111 21 enahanda
472 653 80 29 lydelse
567 660 45 15 som
626 653 8 20 i
644 652 84 29 Nädiga
739 653 175 28 propositionen.)

515 705 38 17 12
565 705 72 22 kap.

292 736 16 22 2
323 738 12 27 8
351 737 81 21 ändras
447 736 104 22 sålunda:

292 766 36 26 Är
343 771 72 27 någon
424 771 129 28 förfallolös
569 770 69 26 borta,
654 770 29 21 dä
697 769 43 23 han
750 778 65 21 ropas
827 771 25 28 af
861 771 54 21 Rät-

239 809 34 18 ten
282 806 64 28 fram
360 808 33 18 att
404 804 55 21 kära
471 806 51 20 eller
534 812 70 19 svara,
617 805 48 21 böte
681 806 4 19 i
696 804 100 22 Härads-
808 805 39 21 och
858 805 59 22 Räd-

237 841 120 28 stufvurätt
376 839 36 20 två
430 839 67 26 daler,
516 839 10 21 i
544 839 72 28 hvarje
633 838 106 22 särskildt
753 840 55 25 mål;
823 839 94 22 kommer

238 875 43 20 han
299 874 19 28 ej
338 873 112 26 tillstädes,
469 873 77 22 medan
563 873 65 21 målet
640 874 53 29 före
713 875 32 25 är,
762 875 46 20 böte
824 874 92 22 dubbelt.

237 908 105 22 Inställer
362 909 33 28 sig
414 908 120 21 svaranden
553 908 13 21 å
579 908 76 28 första
671 909 46 27 ting
733 909 38 20 och
787 909 77 28 blifver
880 909 37 21 kä-

238 943 84 22 randen
339 947 41 22 ute,
400 942 46 21 böte
465 950 44 13 som
527 942 63 28 sagdt
609 943 33 26 är,
663 942 38 21 och
719 943 64 28 gälde
798 943 46 22 dess
861 943 56 21 kost-

239 978 50 25 nad,
308 977 38 21 der
365 977 43 21 han
426 977 19 27 ej
463 977 37 21 vid
518 978 64 20 nästa
601 977 47 28 ting
669 978 13 20 ä
697 977 79 26 landet,
792 978 52 20 eller
858 978 60 20 inom

238 1019 26 14 en
282 1012 80 20 mänad
379 1012 9 20 i
407 1011 81 25 staden,
507 1012 68 28 gitter
594 1011 52 26 visa,
666 1011 35 21 det
716 1011 42 21 han
774 1012 51 28 laga
833 1012 84 28 förfall

239 1046 54 29 haft,
309 1046 39 21 och
363 1049 32 17 att
407 1046 42 20 han
460 1046 19 28 ej
491 1045 80 21 kunnat
582 1044 81 22 Rätten
675 1046 36 20 det
721 1045 105 29 kungöra.
849 1045 68 22 Stem-

238 1088 46 13 mer
306 1080 19 28 ej
344 1080 111 21 käranden
474 1079 64 21 saken
555 1080 30 25 in,
605 1080 39 20 och
661 1080 41 21 den
715 1080 112 29 fullföljer
847 1080 13 21 å
877 1081 41 21 den

239 1115 40 25 tid,
298 1122 44 14 som
360 1122 29 14 nu
404 1116 26 20 är
445 1114 74 28 sagdt;
533 1120 51 15 vare
599 1114 122 21 svaranden
730 1114 42 28 för
786 1114 53 22 hans
855 1114 63 22 käro-

238 1149 45 21 mål
291 1149 45 29 fri.

507 1177 13 21 5
535 1177 39 21 och
591 1175 13 23 7
619 1177 32 28 $$.

296 1214 39 28 (Af
347 1214 112 20 enahanda
473 1214 79 26 lydelse
567 1221 45 13 som
623 1214 7 20 i
642 1213 85 28 Nådiga
741 1214 176 28 propositionen.)

382 1263 38 17 13
432 1263 47 17 till
491 1264 57 16 och
560 1264 70 17 med
642 1263 48 17 22
702 1265 72 20 kap.

295 1295 39 29 (Af
347 1295 43 22 lika
404 1294 94 23 innehåll
513 1302 46 15 som
573 1295 8 22 i
594 1294 85 29 Nådiga
693 1296 175 29 propositionen.)

511 1347 48 17 23
574 1347 72 22 kap.

555 1388 45 28 18.

296 1417 22 29 Å
336 1425 137 29 häradsting,
492 1425 25 21 så
535 1425 37 20 ock
590 1425 37 21 vid
646 1425 51 28 laga
715 1433 38 21 syn
772 1427 9 19 i
792 1426 126 28 jordatvist,

240 1460 36 21 må
294 1460 20 29 ej
332 1460 102 27 dömmas,
449 1460 39 21 der
503 1460 20 28 ej
531 1459 48 29 fem
594 1460 10 20 i
618 1460 107 21 nämnden
739 1461 47 21 äro.
816 1460 103 29 Rådstuf-
