1020 1664
186 133 43 16 1030
388 130 70 24 Nådiga
470 132 136 21 Propositionen
618 132 35 16 N:o
665 132 27 15 21.

163 195 68 20 första
248 195 40 21 och
306 195 55 21 enda
379 194 117 21 Underrätt
513 195 8 20 i
538 194 54 25 stad,
607 194 90 21 likasom
711 193 157 22 Häradsrätten
882 195 26 20 är

163 228 36 21 det
213 227 29 29 på
256 228 79 26 landet,
350 228 67 21 skulle
433 227 80 22 erhålla
528 235 26 14 en
568 227 144 28 väsendtligen
727 227 56 22 ökad
792 227 115 28 betydelse,

163 269 34 14 om
221 263 40 21 den
282 262 66 22 likhet
366 262 50 22 eller
435 262 216 21 öfverensstämmelse
668 262 8 20 i
694 263 63 20 sättet
775 261 34 22 för
827 261 81 22 målens

163 297 135 27 behandling,
314 304 45 15 som
374 297 132 27 naturligtvis
521 297 40 21 bör
576 303 39 21 ega
629 304 48 13 rum
692 296 89 21 emellan
797 296 62 21 dessa
869 303 39 24 un-

164 332 160 26 derdomstolar,
343 331 29 28 på
390 339 80 14 samma
488 331 56 28 gång
560 330 145 28 genomfördes
721 331 7 20 i
743 331 43 21 alla
801 331 26 21 de
842 331 65 26 delar,

164 366 37 21 der
220 366 35 21 det
269 368 51 19 utan
336 366 112 27 olägenhet
462 366 43 21 kan
520 366 42 21 ske.
591 365 43 21 För
649 365 58 22 detta
722 365 110 22 ändamåls
847 364 61 22 ernå-

163 401 54 21 ende
231 400 63 22 ställa
308 401 32 26 sig
355 400 25 21 de
396 400 111 21 anmärkta
522 399 145 28 stadgandena
682 400 7 21 i
704 400 89 21 sednare
808 407 63 14 mom.
887 399 24 22 af

162 434 163 28 ifrågavarande
344 435 17 27 $,
378 433 80 23 sådana
473 435 26 20 de
514 435 37 20 äro
567 434 102 21 affattade
683 434 7 21 i
705 434 40 21 den
760 433 84 28 Nådiga
858 441 50 20 pro-

162 469 126 28 positionen,
302 470 53 20 utan
370 469 59 28 giltig
444 469 114 27 anledning
572 469 8 20 i
594 469 73 26 vägen.
696 469 42 20 Det
752 468 101 22 behöfver
868 469 40 20 vis-

163 503 92 28 serligen
272 503 46 22 icke
336 503 110 26 bestridas,
462 505 32 19 att
508 503 66 21 bland
588 503 27 20 de
628 502 49 27 mål,
693 510 46 14 som
753 503 108 21 inkomma
875 502 33 21 till

163 537 169 26 Rådstufvurätt,
351 539 30 20 ett
399 538 40 21 och
458 539 71 24 annat,
548 544 50 15 vare
613 537 31 27 sig
659 537 33 21 till
706 537 53 27 följd
774 537 23 21 af
809 537 98 21 handlin-

163 579 77 21 garnes
255 574 59 19 stora
327 572 133 27 vidlyftighet
475 572 51 21 eller
540 571 28 28 på
584 572 69 27 grund
668 572 24 21 af
704 572 75 27 sjelfva
790 571 76 22 sakens
877 572 31 21 in-

163 606 101 22 vecklade
283 606 51 21 eller
352 606 103 28 granlaga
473 606 152 26 beskaffenhet,
643 606 46 21 icke
707 606 42 21 kan
764 608 75 25 genast
854 606 54 21 efter

164 641 105 22 afslutade
287 641 160 27 förhandlingar
465 641 92 27 afgöras.
590 640 49 21 Men
657 642 59 19 utom
734 641 35 21 det
787 642 32 19 att
838 641 71 28 dylika

163 675 39 22 fall
224 675 61 22 äfven
306 675 72 21 kunna
396 675 86 21 inträffa
500 675 34 22 vid
552 675 135 26 Häradsrätt,
706 675 43 21 kan
766 675 143 28 nyssberörda

164 710 157 27 omständighet
340 710 93 27 skäligen
452 710 74 21 endast
544 710 111 21 föranleda
669 710 76 26 dertill,
761 712 32 19 att
807 709 101 22 Rådstuf-

163 745 98 20 vurätten
275 744 8 21 i
297 743 38 22 fall
353 744 24 21 af
392 744 99 21 anmärkt
509 744 151 26 beskaffenhet,
676 744 52 21 efter
743 744 116 21 verkställd
873 744 35 21 be-

164 778 90 28 räkning
273 777 23 22 af
312 778 56 21 huru
382 777 49 28 lång
446 778 31 21 tid
492 785 45 14 som
552 778 107 21 erfordras
673 778 34 21 för
722 777 75 22 målets
812 779 96 21 fullstän-

164 812 50 27 diga
228 812 101 27 pröfning
344 812 40 21 och
400 812 84 21 domens
499 813 146 25 utarbetande,
661 813 90 20 utsätter
763 813 40 20 och
814 813 34 21 för
859 820 49 19 par-

163 848 61 20 terne
241 846 171 27 tillkännagifver
431 847 68 26 dagen
518 847 33 21 för
570 846 79 21 dennas
669 846 136 22 afkunnande
820 847 40 21 och
874 849 34 20 ut-

165 881 104 27 gifvande.
302 881 80 21 Genom
401 888 26 14 en
444 880 67 22 sådan
529 881 119 27 anordning
665 881 74 26 skulle,
757 883 54 20 utan
828 881 80 28 verklig

164 915 113 28 olägenhet
295 915 33 21 för
348 915 122 26 domstolen,
489 915 106 28 synnerlig
613 915 84 21 lättnad
715 915 90 22 beredas
819 916 88 27 sakega-

163 956 52 14 rene
233 951 55 19 samt
305 949 99 22 behofvet
421 949 33 21 för
473 949 118 22 svaranden
610 951 37 24 att,
667 950 60 21 äfven
742 957 35 14 om
791 950 43 21 han
848 951 60 27 nöjes

164 983 49 21 med
228 983 81 26 domen,
324 983 71 22 tillösa
410 984 31 27 sig
456 983 122 22 densamma
592 984 104 27 upphöra,
711 985 8 20 i
733 984 84 21 hvilken
833 984 34 21 del
882 992 26 14 en

163 1017 124 28 ytterligare
301 1017 67 21 likhet
382 1017 88 21 emellan
486 1018 26 21 de
522 1017 56 22 båda
589 1018 164 21 underrätterna
764 1018 81 22 således
856 1026 52 13 vun-

163 1059 45 14 nes.
241 1052 42 20 För
304 1051 41 21 den
363 1051 128 22 förändrade
508 1052 85 27 lydelse,
611 1059 47 14 som
677 1052 123 27 Ständerne,
819 1051 28 28 pä
865 1055 43 19 sätt

163 1086 26 20 af
205 1085 35 22 det
258 1085 94 28 följande
369 1087 97 19 närmare
484 1085 100 28 framgår,
603 1087 83 26 antagit
702 1086 34 22 för
755 1088 12 19 5
783 1087 11 27 $
810 1088 26 19 24
852 1087 55 27 Kap.

163 1119 24 21 R.
203 1119 31 26 B.,
250 1121 24 20 är
289 1119 87 21 härmed
391 1120 7 20 i
412 1119 146 22 hufvudsaken
572 1120 129 27 redogjordt.
718 1133 25 2 —
759 1121 46 21 Och
819 1121 89 21 emedan

165 1155 12 19 6
197 1154 10 27 $
226 1153 7 21 i
252 1160 82 15 samma
351 1153 54 27 Kap.
425 1153 39 22 och
478 1154 60 25 Balk,
554 1154 32 21 till
600 1154 53 27 följd
669 1154 23 21 af
706 1154 129 21 Ständernas
849 1156 58 19 näst-

164 1187 141 21 omförmälda
320 1186 82 27 åtgärd,
417 1187 67 22 blefve
499 1188 112 27 tillämplig
627 1189 75 20 endast
716 1187 13 22 ä
739 1188 93 26 Hofrätt,
843 1189 65 21 hafva

165 1220 118 21 Ständerne
300 1220 55 21 varit
373 1219 119 23 föranlätne
507 1223 32 18 att
554 1221 61 21 äfven
629 1221 34 22 för
678 1221 69 22 denna
761 1222 12 27 &
788 1223 79 27 antaga
882 1229 26 14 en

163 1254 118 22 förändrad
294 1254 85 29 lydelse.

232 1289 79 21 Vidare
329 1289 63 22 hafva
410 1289 118 22 Ständerne
544 1290 47 21 icke
609 1290 80 21 kunnat
707 1290 85 22 biträda
810 1290 41 22 den
865 1290 43 22 Nä-

165 1323 50 28 diga
231 1323 159 28 propositionen
410 1323 50 27 deri,
480 1325 32 20 att
531 1325 11 20 7
562 1325 11 27 &
592 1324 7 21 i
617 1325 94 28 änsagde
728 1325 55 28 Kap.
799 1325 40 22 och
853 1325 55 22 Balk

164 1358 35 22 hel
214 1359 40 21 och
268 1357 71 22 hällen
354 1358 67 21 skulle
435 1366 25 13 ur
474 1358 64 28 lagen
552 1358 57 29 utgä.
631 1360 32 21 De
679 1359 44 22 deri
734 1360 174 22 förekommande

164 1392 249 29 straffbestämningarne
435 1393 71 22 kunna
527 1394 128 27 visserligen,
677 1395 62 22 äfven
761 1395 66 28 enligt
845 1395 62 22 Stän-

165 1428 76 21 dernas
259 1428 91 27 mening,
369 1427 112 26 undvaras,
500 1435 48 14 men
562 1429 33 20 till
610 1429 25 20 de
651 1429 65 26 delar,
731 1437 81 13 samma
827 1431 11 26 $
853 1429 55 22 före-

165 1461 89 23 skrifver
268 1461 55 22 hvad
338 1461 136 23 Hofrätterne
488 1463 64 22 hafva
566 1464 32 21 att
611 1463 97 28 iakttaga
718 1464 7 21 i
736 1463 99 22 afseende
846 1463 13 22 ä
871 1463 36 22 do-
