1017 1664
200 131 32 16 708
399 129 73 24 Nådiga
483 130 137 22 Propositionen
632 130 35 17 N:o
681 131 26 16 15.

244 233 35 22 för
293 233 101 24 utländsk
411 232 107 29 kargadör
533 232 52 22 eller
601 232 144 28 superkargör
758 233 34 21 att

244 267 30 28 på
290 269 10 20 1
312 267 79 23 månad
405 267 80 22 besöka
499 274 71 16 annan
584 267 49 22 stad
646 268 58 21 inom
718 267 74 22 landet

218 303 33 20 5:0
273 301 220 24 Hinderlöshetsbevis
519 301 88 22 skrifves
628 300 30 29 på
679 301 113 22 enahanda

245 337 64 21 karta
323 336 48 21 med
390 336 69 28 öfriga
474 336 145 28 expeditioner
634 335 48 22 från
697 336 37 22 det
748 343 43 15 em-

244 371 106 26 betsverk,
366 377 46 16 som
427 371 117 22 detsamma
557 371 106 22 utfärdar.

218 406 33 20 6:0
269 405 106 28 Resepass
391 405 35 21 för
443 405 56 22 finsk
516 405 140 28 medborgare
677 405 34 21 till
728 405 64 28 Ryss-

244 439 59 26 land,
321 439 109 22 äfvensom
448 439 177 28 tillständshiljett
642 439 33 22 till
692 439 100 29 förlängd

244 473 86 22 vistelse
345 473 119 23 derstädes:

241 503 39 37 för
294 507 497 28 ständsperson
469 503 15 37 .
502 503 19 37 .
530 507 261 28 «eaa

257 550 12 12 »
295 542 241 28 Telle
421 538 36 36 Ca
472 538 45 36 kw
529 538 39 36 RR
588 558 62 5 SUK
673 558 62 5 kN
758 558 6 6 e
787 551 17 12 m!

257 584 12 12 »
294 576 35 21 för
343 576 92 28 allmoge
450 577 40 21 och
504 558 129 46 tjenstebjon
645 592 90 5 RAD
759 592 34 5 SA

245 615 162 30 Anmärkning.
432 616 103 22 Utfärdas
550 618 131 27 gemensamt
694 623 50 21 pass
758 616 36 22 för

217 658 50 15 man
282 651 40 22 och
336 651 83 26 hustru,
430 651 108 22 föräldrar
550 651 40 22 och
604 651 62 26 barn,
681 651 112 22 husbonde

217 685 52 22 eller
287 685 119 22 matmoder
421 686 40 21 och
477 686 47 21 dess
541 685 136 29 tjenstehjon,
693 685 52 22 eller
756 683 37 24 för

217 719 43 22 alla
277 720 34 21 till
329 722 32 19 ett
377 719 86 22 hushåll
481 720 95 22 hörande
590 727 108 20 personer,
713 720 79 29 begag-

216 761 39 15 nas
270 761 82 15 samma
365 755 64 21 karta
443 762 46 14 som
502 754 34 22 för
550 761 51 22 pass
617 754 22 22 åt
654 762 26 14 en
694 762 84 20 person.

218 802 32 21 7:o
269 801 54 21 Pass
341 801 34 21 för
392 800 99 28 borgare,
509 801 115 22 inskrifven
642 801 8 21 i
668 801 55 22 finsk
737 801 55 27 stad,

244 837 34 20 att
291 835 66 22 vistas
371 835 8 20 i
392 835 112 28 Ryssland,
520 835 108 22 äfvensom
646 835 147 22 tillståndsbil-

242 869 43 28 jett
299 869 34 21 till
346 869 100 28 förlängd
459 869 85 22 vistelse
559 869 120 22 derstädes:

244 904 36 21 för
294 904 165 28 grosshandlare
480 920 1 5 .
503 920 5 5 .
537 920 28 5 <.
588 919 176 6 0.
788 920 5 6 .

245 938 34 22 för
294 945 71 15 annan
379 938 122 23 handlande
517 938 51 22 eller
582 937 108 23 fabrikant
730 955 64 5 =...

244 973 35 22 för
293 980 72 15 annan
378 973 93 28 borgare
503 989 5 5 .
531 989 6 5 .
560 989 205 5 «sen

217 1009 33 20 8:0
269 1007 227 28 Fartygsförpassning
514 1006 47 23 från
579 1007 163 27 Tullkammare,
761 989 33 40 ät

244 1045 88 18 vensom
345 1041 124 28 Magistrats
485 1042 54 22 folk-
554 1041 51 22 eller
620 1042 93 27 sjöpass:

274 1077 25 27 a)
314 1076 34 21 för
362 1076 80 21 utrikes
457 1075 81 28 gående
553 1075 80 29 fartyg:

244 1110 65 21 finskt
325 1110 40 21 och
379 1110 60 28 ryskt
455 1110 92 21 däckadt.
584 1125 8 6 .
616 1125 5 5 .
645 1125 4 5 .
673 1126 5 5 .
701 1126 34 5 ..
759 1126 33 7 E

244 1144 66 21 finskt
324 1144 41 21 och
378 1144 61 28 ryskt
453 1144 106 22 odäckadt
588 1160 5 5 .
617 1160 5 5 .
645 1159 5 5 .
674 1160 90 6 ....
788 1161 5 6 .

245 1177 112 22 utländskt
402 1193 20 6 2
446 1193 5 5 s
475 1194 4 5 s
503 1193 290 7 s.

274 1211 24 28 0)
313 1211 35 20 för
361 1210 80 21 inrikes
456 1193 81 72 gående
552 1189 80 80 fartyg:

246 1245 205 21 däckadt
376 1241 30 35 s
419 1241 28 35 e
478 1241 31 35 oe
532 1241 33 35 ca.
617 1259 5 6 0
659 1260 20 5 5
702 1260 63 6 «
753 1241 17 35 &«
788 1261 5 6 5

246 1278 108 23 odäekadt
390 1293 34 6 ss»
447 1294 33 5 «5
519 1294 18 5 8
562 1293 60 6 KA
646 1294 146 6 NN

190 1325 167 28 Pensionsbref:

219 1368 31 22 1:o
265 1366 34 22 för
314 1365 178 28 afskedstagande
503 1365 90 22 embets-
606 1366 41 21 och
657 1366 135 27 tjensteman,

244 1409 47 14 som
302 1399 92 23 erhäller
404 1399 89 28 pension
503 1407 26 14 ur
540 1399 100 28 kronans,
651 1399 71 30 nägon
733 1402 59 22 stads

245 1436 52 22 eller
315 1442 71 16 annan
404 1434 79 22 allmän
501 1434 70 26 kassa,
591 1441 27 15 en
636 1435 47 22 half
703 1439 90 24 procent

245 1470 25 23 af
282 1469 201 29 pensionsbeloppet
497 1468 34 22 för
545 1470 31 20 ett
590 1467 31 23 är.

826 907 40 20 120

841 975 26 21 15

890 268 26 20 50

891 543 26 20 70

891 578 26 19 50

891 1283 27 20 40
