1020 1661
182 131 32 16 880
378 129 70 22 Nådiga
460 129 137 22 Propositionen
609 130 34 17 N:o
658 131 25 15 18.

295 195 32 18 att
341 191 159 28 Ridderskapet
515 192 38 20 och
563 191 72 22 Adeln
650 195 55 17 samt
719 191 186 28 Borgareståndet

295 227 49 20 ville
354 226 83 28 förena
451 227 33 27 sig
499 233 34 14 om
548 225 164 29 ofvanberörda,
728 226 26 28 af
766 225 86 22 Preste-
868 225 38 22 och

295 259 166 21 Bondestånden
476 260 106 20 beslutade
598 259 186 29 tidsbestämning;

160 293 28 22 då
206 294 158 21 slutmomentet
381 294 7 20 i
407 293 130 22 Ständernas
555 300 49 15 svar
622 294 67 20 skulle
711 292 82 23 erhålla
814 294 41 21 den
876 293 30 27 ly-

161 328 64 26 delse,

297 366 32 17 att
351 360 125 23 Ständerna
498 363 9 19 i
528 362 173 28 underdänighet
723 362 89 21 anhälla
834 365 42 23 att,
898 362 10 20 i

297 396 100 21 händelse
412 396 25 21 de
451 404 29 13 nu
495 396 25 29 af
533 395 130 27 Ständerna,
682 397 10 20 i
709 396 152 29 hufvudsaklig
876 396 32 28 öf-

296 431 193 21 verensstämmelse
508 431 48 21 med
570 430 62 22 Hans
652 430 123 29 Kejserliga
793 430 115 29 Majestäts

297 465 83 28 nädiga
392 465 96 29 förslag,
509 465 119 29 tillstyrkta
647 466 105 28 ätgärder
774 465 45 21 icke
842 464 66 22 skulle

297 500 59 21 inom
368 500 114 28 förloppet
501 500 24 29 af
542 501 29 19 tio
591 500 26 20 är
636 500 97 28 härefter
752 500 48 21 leda
822 500 36 20 till
879 502 30 18 ett

291 534 147 29 fullständigt
455 534 167 28 genomförande
637 534 25 27 af
674 534 235 21 donationsböndernas

298 568 105 29 befrielse,
422 567 61 22 Hans
503 567 123 30 Kejserliga
643 567 104 30 Majestät
765 568 29 21 dä
809 567 50 22 ville
874 568 36 21 till

299 602 82 21 landets
400 601 95 22 Ständer
515 602 130 29 öfverlemna
662 609 42 22 nya
717 603 89 28 förslag
822 602 88 21 ledande

299 637 36 20 till
345 637 85 27 slutligt
440 637 167 28 genomförande
620 638 25 27 af
657 637 70 20 denna
741 637 92 20 allmänt
847 637 64 28 efter-

300 671 101 28 längtade
418 670 102 29 befrielse.

232 705 42 22 Det
288 705 74 21 härvid
373 705 24 21 af
405 705 155 27 Ridderskapet
574 705 40 21 och
628 704 69 21 Adeln
711 705 111 21 beslutade
836 704 75 28 tillägg

293 739 115 29 förfaller,
424 739 86 22 emedan
527 739 46 21 icke
591 739 25 29 af
628 739 67 29 något
714 743 67 17 annat
795 739 65 22 stånd
870 739 42 28 på-

299 773 87 29 yrkadt.

233 827 139 28 Helsingfors,
387 827 41 22 den
443 829 12 19 7
469 827 44 28 Maj
531 829 60 19 1867.

357 982 98 20 Finlands
473 982 98 21 Ständers
588 980 141 28 underdåniga
747 988 54 19 svar,
816 982 10 21 i
841 982 72 21 anled-

301 1018 53 26 ning
373 1016 25 29 af
411 1015 62 21 Hans
492 1016 123 28 Kejserliga
633 1015 115 29 Majestäts
767 1016 83 28 nådiga
862 1024 52 20 pro-

297 1052 105 27 position,
422 1051 107 28 angående
552 1051 83 20 inlösen
653 1051 25 28 af
694 1051 193 28 donationsgodsen
904 1052 10 19 i

306 1085 100 28 Wiborgs
422 1085 39 21 och
475 1084 36 22 S:t
525 1084 91 21 Michels
631 1085 43 20 län.

453 1138 20 21 S.
490 1138 25 21 A.
530 1138 26 20 K.
573 1145 18 14 0.
608 1138 21 21 S.

234 1182 42 21 Vid
291 1180 109 22 sisthällne
414 1180 102 28 landtdag
531 1180 94 22 förelade
640 1180 24 21 E.
679 1181 26 20 K.
721 1180 39 22 M:t
775 1181 99 21 Finlands
886 1181 28 22 dä

167 1215 128 23 församlade
311 1215 91 21 Ständer
417 1221 26 14 en
461 1214 64 27 nädig
543 1214 133 26 proposition
690 1222 35 13 om
741 1216 136 26 upptagande
892 1216 24 20 af

167 1248 90 23 statslän
272 1249 32 21 för
320 1250 32 19 att
365 1248 80 21 bereda
460 1248 25 20 de
501 1246 12 22 &
533 1248 191 26 donationsgodsen
742 1248 8 21 i
764 1248 99 28 Wiborgs
878 1249 36 21 län

166 1284 85 22 bosatte
265 1283 81 21 bönder
360 1283 65 27 utväg
440 1284 31 19 att
485 1281 71 22 tillösa
571 1282 31 26 sig
614 1282 46 20 sina
675 1280 94 23 äboende
784 1282 129 28 lägenheter.

167 1319 38 21 Uti
220 1318 86 28 afgitvet
320 1316 143 28 underdänigt
481 1323 48 14 svar
547 1314 28 29 pä
594 1316 68 22 denna
677 1317 138 27 proposition,
831 1318 83 21 hvilken

168 1353 120 22 Ständerna
302 1352 106 22 handlade
422 1352 8 20 i
445 1351 153 27 sammanhang
612 1351 48 21 med
676 1353 30 19 ett
716 1352 57 20 inom
783 1351 131 23 Bondestän-

168 1388 36 22 det
218 1387 120 22 framstäldt
352 1385 142 28 underdånigt
508 1385 210 28 petitionsmemorial
733 1385 109 28 angående
852 1387 62 21 Lohi-

167 1423 61 21 koski
246 1422 101 22 donation
364 1422 7 20 i
391 1421 31 21 S:t
439 1420 88 21 Michels
545 1420 42 26 län,
603 1420 85 21 anhöllo
707 1420 126 27 Ständerna,
848 1422 67 21 som
901 1416 18 36 i

167 1457 120 22 hufvudsak
301 1455 112 29 godkände
427 1455 40 22 den
482 1453 79 30 nädiga
575 1455 170 27 propositionens
763 1454 98 29 syftemäl
875 1456 40 21 och
