1017 1659
326 96 70 24 Nådiga
407 98 136 22 Propositionen
554 99 36 17 N:o
603 100 27 16 15.
796 100 34 18 731

103 160 34 22 för
151 161 33 21 att
197 159 121 23 blanketter
331 159 121 30 påtryckas,
468 161 52 22 eller
534 162 40 21 ock
588 160 23 23 få
625 162 46 22 sine
684 162 121 22 blanketter
816 169 35 21 ge-

102 201 51 15 nom
171 194 148 22 Guvernörens
337 193 84 30 försorg
439 196 33 21 till
490 196 276 28 Kartasigillata-Kontoret
783 196 69 22 öfver-

102 228 74 26 sända,
194 228 34 22 för
245 230 33 20 att
296 228 109 22 derstädes
424 230 101 27 stämplas
544 230 40 21 och
602 230 70 22 säsom
690 237 71 15 annan
779 230 72 22 karta-

102 262 167 28 sigillataremiss
287 262 33 22 till
337 263 171 22 Landskontoret
525 262 132 23 ätersändas.
689 264 114 21 Hvarefter
825 264 26 21 de

102 295 91 23 sålunda
210 296 119 28 stämplade
346 297 148 21 blanketterne
510 297 34 21 till
561 298 104 21 ränteriet
686 297 102 22 afiemnas
810 298 41 21 och

102 330 116 26 derstädes,
233 330 44 22 lika
295 330 48 22 med
361 332 66 20 annat
444 331 116 27 stämpladt
574 338 89 20 papper,
677 331 118 22 behandlas
811 331 40 22 och

101 363 116 27 redovisas,
232 366 56 20 samt
302 364 55 22 efter
371 364 67 22 behof
450 365 32 21 till
496 365 159 22 vederbörande
669 365 99 28 utgifvas.

445 431 12 27 s
473 432 33 20 39.
848 450 2 2 .

169 471 34 23 Då
220 472 69 27 karta,
309 472 77 22 ämnad
404 473 33 21 till
456 473 121 28 expedition
595 474 39 21 hos
652 473 133 22 embetsverk
799 473 51 22 eller

101 506 134 28 tjensteman,
254 514 76 21 genom
349 507 145 29 misskrifning
514 508 125 26 förderfvas,
661 506 36 23 må
718 508 42 22 slik
780 508 70 26 karta,

100 540 46 22 ifäll
161 541 149 27 expeditionen
323 541 48 22 icke
388 541 68 22 finnes
470 549 52 14 vara
539 542 168 26 underskrifven,
725 542 40 21 hos
782 542 68 22 Läne-

100 575 109 27 styrelsen,
225 574 28 29 på
269 576 40 21 den
327 575 34 22 för
379 576 148 27 expeditionen
545 576 111 28 ansvarige
670 576 181 28 tjenstemannens

100 609 101 22 anmälan
216 610 39 21 och
270 610 49 21 med
337 610 53 22 hans
409 610 99 26 reversal,
526 610 87 28 utbytas
632 612 56 20 emot
705 612 47 26 nytt
770 612 80 26 stämp-

99 644 46 20 ladt
159 651 84 20 papper
257 644 25 22 af
294 644 43 22 lika
352 644 71 22 värde.
452 644 50 22 Men
520 646 25 20 är
563 644 149 28 expeditionen
729 644 68 22 redan
811 652 39 14 un-

101 678 131 23 derskrifven
250 678 123 22 ankommer
392 678 36 22 det
445 678 29 28 på
496 679 103 21 Senatens
621 678 230 28 Ekonomie-Departe-

98 714 60 20 ment
179 714 38 25 att,
241 712 53 22 efter
315 713 127 21 hemställan
464 713 24 21 af
504 713 168 28 Länestyrelsen,
691 714 8 20 i
717 712 73 28 hvarje
811 712 39 22 fall

98 748 101 20 närmare
212 747 76 27 pröfva
303 747 40 21 och
361 747 107 27 förordna,
487 747 105 22 huruvida
610 747 121 22 restitution
749 746 52 22 eller
818 746 31 22 af-

98 781 105 28 skrifning
218 781 24 22 af
258 781 180 28 stämpelafgiften
456 782 33 21 för
508 782 26 21 de
551 781 122 22 misskrifna
690 782 103 21 kartorna
809 781 42 22 bör

98 815 96 28 beviljas,
217 815 108 22 äfvensom
347 816 92 21 Senaten
461 816 73 22 tillhör
556 818 32 20 att
609 815 106 29 medgifva
736 816 74 28 utbyte
828 815 25 22 af

98 850 74 22 kartor
190 850 33 21 till
241 849 80 23 sådane
341 850 151 28 expeditioner,
510 850 35 22 för
562 850 72 22 hvilka
651 850 120 28 afgifterne,
786 850 7 22 i
812 857 38 15 an-

98 884 77 22 seende
194 884 32 21 till
244 884 113 28 fattigdom
376 884 51 22 eller
445 892 71 16 annan
530 885 51 29 laga
595 885 69 27 orsak,
680 884 18 28 ej
714 884 82 22 kunnat
810 885 40 21 hos

98 918 118 28 sakegaren
230 918 64 23 utfås,

444 974 12 27 s
472 975 33 20 40.

167 1015 117 23 Förefaller
301 1016 144 27 misskrifning
463 1016 35 22 vid
515 1016 74 21 kartas
611 1016 139 21 användande
772 1015 24 22 af
812 1022 37 15 en-

98 1050 55 22 skild
168 1057 78 21 person
262 1050 51 22 eller
327 1050 40 22 har
381 1049 71 29 någon
468 1050 24 22 af
503 1050 122 28 uppenbart
639 1050 88 28 misstag
741 1050 109 28 begagnat

98 1085 67 27 högre
179 1084 63 22 karta
260 1086 28 20 än
305 1084 135 22 föreskrifvet
458 1086 30 25 är,
507 1084 36 22 må
560 1083 96 23 tillstånd
673 1084 34 21 till
725 1084 48 21 dess
787 1084 62 28 utby-

99 1118 64 22 tände
179 1119 62 21 sökas
255 1119 40 21 hos
314 1118 137 23 Guvernören
469 1119 7 21 i
494 1119 64 26 länet,
577 1118 13 22 å
608 1119 63 21 hvars
689 1118 160 22 bestämmande

98 1152 77 22 sådant
189 1153 8 20 i
211 1153 74 27 hvarje
299 1152 38 22 fall
352 1153 132 26 ankommer;
500 1153 55 21 dock
568 1152 36 22 mä
618 1153 7 20 i
639 1152 100 22 afseende
753 1151 14 22 å
781 1152 68 22 sådan

98 1187 69 26 karta,
183 1194 46 14 som
243 1187 110 27 begagnas
367 1187 32 21 till
414 1186 227 28 rättegångsfullmakt,
656 1186 79 28 inlaga,
749 1186 58 22 bevis
819 1186 29 22 el-

98 1221 32 21 ler
145 1228 72 14 annan
231 1221 62 21 skrift
307 1221 25 21 af
345 1221 111 21 enahanda
470 1221 152 25 beskaffenhet,
634 1220 65 28 något
713 1220 75 28 utbyte
801 1220 47 22 icke

99 1254 86 22 tillåtas.

166 1289 47 20 Den
235 1289 125 26 delegarene
378 1289 7 19 i
404 1289 101 20 Finlands
527 1288 222 28 Hypotheksförening
771 1294 76 20 genom

97 1321 85 28 Nådiga
200 1322 181 21 Cirkulärbrefvet
399 1322 24 21 af
440 1322 40 21 den
500 1324 25 18 19
544 1322 52 21 Juni
616 1323 54 19 1860
693 1321 90 27 tillagda
803 1322 45 20 rätt

98 1358 38 24 att,
152 1355 28 22 då
194 1356 33 21 till
245 1356 124 28 föreningen
387 1356 64 21 ställd
469 1356 125 26 skuldsedel,
614 1355 33 22 för
665 1355 85 22 hvilken
767 1354 80 22 inteck-

96 1391 52 28 ning
165 1390 70 22 blifvit
254 1390 118 27 meddelad,
390 1390 25 22 af
431 1398 26 14 en
475 1390 51 22 eller
544 1398 72 14 annan
634 1390 69 26 orsak,
727 1390 121 22 sedermera

97 1426 47 22 icke
159 1425 95 23 kommer
269 1427 32 20 att
311 1426 115 27 begagnas,
437 1425 120 28 utgifvaren
568 1426 26 21 är
604 1424 121 29 berättigad
736 1426 33 21 att
779 1423 69 24 återfå
