1020 1664
192 114 34 16 988
390 111 71 24 Nådiga
472 114 137 21 Propositionen
621 114 34 16 N:o
669 114 27 16 21.

237 176 37 22 Uti
289 176 27 22 14
331 177 51 27 kap.
397 176 20 21 J.
432 177 23 20 B.
472 177 87 27 stadgas
577 178 37 25 att,
627 173 44 25 der
689 184 48 20 ego-
756 176 40 30 och
811 176 104 28 rågångs-

167 210 76 22 tvister
258 211 18 27 &j
289 211 75 21 kunna
380 212 53 20 utan
451 218 39 21 syn
507 210 14 22 &
538 211 87 21 marken
643 210 95 27 afslutas,
758 210 90 22 domstol
865 218 50 20 eger

166 245 36 21 till
214 244 68 22 sådan
298 248 38 24 syn
350 245 164 21 sammanträda.
543 245 73 27 Enligt
632 247 25 19 10
673 245 11 28 &
701 246 26 20 25
742 245 49 27 kap.
806 245 24 21 R.
842 244 25 22 B.
881 241 35 25 får

170 280 54 21 dock
242 281 56 20 emot
315 279 197 27 lagmanssynedom
531 279 18 28 ej
568 280 73 26 vädjas
659 280 69 20 under
748 280 93 25 Hofrätt,
864 281 52 19 utan

168 313 36 21 mä
223 314 40 21 den
286 314 85 20 dermed
392 313 114 28 missnöjde
528 314 39 21 hos
588 316 101 25 regenten
711 313 52 22 söka
784 314 131 27 riddaresyn.

168 348 76 21 Denna
259 348 109 26 öfverrätt,
382 348 59 22 hvari
455 348 145 22 ledamöterne
614 348 67 22 borde
699 350 57 19 utses
775 348 24 21 af
814 350 101 25 regenten

168 382 34 21 för
220 383 73 27 hvarje
312 382 90 21 särskild
422 382 64 28 gång,
505 383 67 21 skulle
590 382 67 28 enligt
674 382 140 22 nästnämnde
831 383 85 26 lagrutn

166 416 63 21 bestå
242 411 26 26 af
281 422 25 16 en
320 416 49 21 utaf
382 417 74 25 ,rikets
473 416 46 26 råd,
539 417 51 21 eller
608 416 40 21 den
666 417 8 20 i
692 416 65 22 heder
776 417 40 21 och
834 416 82 22 embeto

162 450 56 22 "dera
232 452 95 20 närmast
342 452 41 25 är",
396 451 65 27 jemte
477 451 57 27 ,fyra
549 450 67 22 andra
634 451 97 27 lagfarne
746 450 39 22 och
801 451 115 27 ojäfaktige

168 486 50 20 män
232 487 57 19 samt
306 485 174 21 häradsnämnd*.
510 485 67 21 Dessa
595 492 40 20 ega
653 492 52 21 syna
725 485 35 21 det
778 492 45 14 som
842 485 74 21 omtvi-

163 521 50 20 stas
229 520 40 20 och
283 520 49 21 dom
347 520 96 21 deröfver
461 519 57 21 fälla.
548 520 74 21 Denna
641 518 82 29 åldriga
742 520 91 20 domstol
850 520 41 20 har
902 520 14 20 i

161 554 157 22 -mannaminne
332 554 46 21 icke
392 554 69 21 blifvit
478 553 106 28 påkallad.
613 554 11 20 I
642 554 116 21 allmänhet
776 553 141 23 förekommer

168 592 89 17 numera
275 588 35 21 vid
328 594 49 20 ego-
395 588 40 21 och
452 587 167 28 rågångstvister
636 586 63 29 högst
714 588 68 21 sällan
800 588 67 21 behof
881 588 35 20 för

169 622 303 21 domstolssammanträdande
490 622 8 20 i
517 623 39 20 och
575 622 34 20 för
627 629 38 20 syn
683 621 29 28 på
730 623 34 20 ort
786 622 39 21 och
848 622 67 21 ställe.

167 656 135 28 Erforderlig
322 656 110 27 bevisning
449 657 7 20 i
470 656 75 27 dylika
567 656 72 21 tvister
657 656 48 26 kan,
725 656 65 21 sedan
808 656 108 21 storskifte

170 689 106 28 Ofvergätt
292 691 80 20 största
390 690 60 21 delen
468 690 24 21 af
504 690 73 21 landet
591 690 40 21 och
646 690 112 21 markerne
773 691 37 20 äro
826 689 13 22 ä
853 690 63 21 karta

168 724 111 26 affattade,
298 723 28 28 pä
348 732 70 13 annan
436 726 40 26 väg
494 723 125 29 lämpligare
638 722 162 28 ästadkommas,
820 724 40 21 och
878 724 38 22 der

160 755 210 31 "skifteshandlingar
387 758 95 22 befinnas
501 758 156 28 ofullständiga,
677 758 50 22 eller
746 758 99 28 otydliga,
865 759 51 21 eller

168 793 46 21 helt
229 793 39 21 och
283 790 66 24 hållet
363 792 82 26 saknas,
464 793 104 21 inhemtäs
586 792 114 28 utredning
714 793 8 21 i
736 792 65 22 målet
813 793 103 22 tillföflit-

161 827 72 27 "Egåst
255 833 74 21 genom
346 826 212 29 landtmätaresyner,
576 827 7 21 i
601 828 79 20 hvilket
699 826 100 22 ändamål
817 827 99 27 gällande

167 861 290 27 landtmäteriförfattningar
467 862 98 21 meddela
579 862 80 27 nödiga
673 861 137 22 föreskrifter.
832 857 13 37 I
862 861 53 29 följd

167 896 66 21 häraf
248 896 64 21 hafva
330 902 49 20 ego-
398 896 39 20 och
455 895 166 29 rägängstvister
639 896 66 21 redan
722 897 9 20 i
748 895 94 29 längliga
859 897 56 21 tider

167 930 128 21 behandlats
314 930 24 20 af
353 930 25 21 de
396 930 85 28 vanliga
499 930 207 26 öfverdomstolarne,
725 932 60 20 utom
802 932 8 20 i
830 931 26 21 de
877 931 38 21 fall

159 964 38 21 ”då
212 964 71 28 dylika
296 963 44 21 mål
358 963 95 29 uppstått
471 966 68 20 under
557 965 39 21 och
614 965 8 20 i
640 966 154 27 sammanhang
811 966 49 20 med
877 965 38 28 pä-

169 998 81 27 gäende
265 998 113 26 storskifte,
393 999 7 20 i
414 999 84 21 hvilken
512 999 101 21 händelse
629 1000 61 20 dessa
703 1000 111 27 upptagits
830 1000 24 20 af
866 1007 49 20 ego-

168 1032 146 28 delningstätt,
330 1032 95 22 derifrän
440 1032 64 22 mälet
518 1034 7 20 i
540 1034 127 27 besvärsväg
683 1034 79 27 dragits
781 1034 67 21 under
863 1034 51 28 hög-

168 1068 34 20 sta
219 1066 130 22 domstolens
368 1067 105 27 pröfning.
509 1068 221 27 Riddaresynerätten,
754 1067 90 22 sålunda
862 1067 52 22 ohe-

168 1101 66 27 höllig
246 1102 10 19 i
271 1102 32 26 sig
318 1100 53 28 sjelf,
387 1101 100 27 olämplig
501 1102 7 20 i
523 1102 32 20 sin
573 1102 191 27 sammansättning
783 1103 39 20 och
842 1102 73 21 alltför

167 1135 96 21 kostsam
277 1137 31 19 att
323 1135 76 21 anlitas
415 1136 23 20 af
451 1135 41 21 den
506 1136 100 26 enskilde,
622 1136 42 21 kan
680 1136 83 22 derföre
777 1138 52 20 utan
844 1135 69 23 afsak-

167 1169 43 21 nad
225 1170 107 25 umbäras,
350 1170 8 20 i
376 1170 104 21 anseende
498 1170 84 21 hvartill
601 1171 40 20 den
659 1170 78 28 nädiga
754 1171 160 26 propositionen

168 1209 35 16 om
220 1203 49 21 dess
288 1203 132 21 afskaffande
441 1204 62 21 torde
525 1204 122 27 godkännas
669 1205 7 20 i
698 1205 217 21 öfverensssämmelse

167 1237 49 20 med
231 1237 169 26 propositionens
422 1239 6 18 3
443 1239 98 19 moment.

236 1269 48 23 Den
301 1270 90 28 ändring
408 1271 8 20 i
430 1271 55 22 vissa
504 1271 127 22 domstolars
647 1272 150 27 organisation,
812 1279 46 14 som
873 1272 40 21 den

167 1303 79 29 nädiga
263 1305 159 28 propositionen
441 1305 86 28 äsyftar,
545 1306 125 21 inskränker
688 1307 32 27 sig
738 1306 33 21 till
784 1307 130 22 förändrade

165 1339 161 22 bestämmelser
341 1340 91 21 rörande
451 1340 35 21 det
503 1341 58 20 antal
580 1341 122 26 ledamöter,
722 1347 51 20 som,
793 1341 66 29 enligt
874 1343 10 20 1
901 1343 12 27 &

168 1375 26 20 23
210 1375 49 26 kap.
274 1374 24 21 R.
314 1375 31 26 B.,
360 1375 8 20 i
382 1374 99 27 Härads-,
497 1374 126 22 Rädstufvu-
643 1376 40 21 och
701 1375 87 22 Hofrätt
806 1377 107 22 erfordras

166 1408 34 22 för
219 1408 62 22 dessa
298 1411 77 20 rätters
394 1409 125 22 domförhet.
551 1410 73 27 Enligt
642 1410 58 21 detta
717 1411 83 27 lagrum
818 1411 40 21 bör
879 1411 34 22 för

166 1443 134 22 närvarande
317 1443 8 21 i
343 1443 91 22 nämnde
452 1443 99 23 afseende
567 1444 69 22 finnas
654 1445 31 21 uti
703 1444 135 27 Häradsrätt,
853 1447 59 20 utom
