1020 1661
185 121 45 32 1048
385 125 71 22 Nådiga
466 126 138 22 Propositionen
615 124 34 18 N:o
662 125 29 17 21.

230 188 36 21 till
274 188 134 29 femhundra
423 187 67 27 daler,
507 187 38 22 och
553 187 76 29 fäster
644 187 43 21 han
701 187 47 22 med
759 187 26 21 ed
796 188 40 25 sin,
848 187 61 29 inför

228 220 121 31 Hofrätten
363 222 52 21 eller
429 223 110 20 närmaste
554 221 91 22 domstol
659 222 10 20 i
684 225 67 22 orten,
767 221 38 21 der
821 221 43 20 han
877 221 32 21 vi-

229 259 51 23 stas,
297 259 32 18 att
348 255 42 21 han
409 256 20 27 ej
446 263 61 14 mera
525 263 60 21 eger;
599 255 30 21 dä
643 255 36 21 mä
695 255 43 21 han
752 259 53 17 utan
816 256 93 27 pennin-

228 297 42 21 gar
285 289 64 22 saken
364 290 37 20 hos
415 289 106 29 Kejsaren
530 289 109 29 fullfölja.
671 287 73 23 Gitter
760 289 42 21 han
820 290 21 28 ej
859 289 51 21 eden

228 324 36 29 gå,
280 324 61 28 hafve
357 324 20 28 ej
392 324 75 20 vidare
483 324 60 21 talan
557 324 10 21 i
581 323 70 21 saken.
674 323 76 22 Faller
766 323 76 21 honom
856 323 54 28 gods

229 359 53 20 eller
298 358 126 28 penningar
447 359 41 25 till,
511 359 68 20 innan
601 358 43 20 han
665 358 65 21 saken
748 358 37 21 hos
804 358 106 28 Kejsaren

223 392 102 29 fullfölja
345 392 49 25 bör;
410 393 99 27 fullgöre
528 392 65 28 deraf
609 392 56 21 hvad
683 393 9 20 i
709 392 11 20 1
738 392 12 27 $
764 391 146 30 föreskrifvet

229 427 35 20 är.
291 425 49 22 Den
357 426 24 21 så
401 430 45 17 stor
466 427 36 20 lön
514 427 42 28 för
574 427 39 20 sitt
631 426 84 26 embete,
735 426 51 21 eller
802 426 59 27 årlig
877 426 33 21 be-

228 460 99 29 nädning
342 458 83 31 hafver,
440 463 33 18 att
488 460 84 28 hälften
586 459 66 30 deraf
663 460 87 29 uppgår
765 460 35 21 till
809 459 102 29 femhun-

229 494 43 21 dra
286 494 68 26 daler,
369 494 36 21 mä
420 495 19 27 ej
453 498 54 17 utan
517 495 126 27 penningar
651 495 30 28 få
692 493 105 29 Hofrätts
808 494 50 21 dom
871 502 39 13 un-

230 529 38 20 der
284 528 115 28 Kejsarens
415 528 135 22 skärskädan
564 528 77 28 draga,
658 529 58 21 ändå
732 531 34 19 att
781 528 43 21 han
838 529 20 28 ej
873 536 37 13 an-

230 566 38 17 nat
282 562 53 29 gods
351 561 83 31 hafver.

500 613 12 22 7
527 614 39 21 och
581 612 14 22 8
609 614 33 28 $$.

285 656 20 28 (I
320 656 93 28 enlighet
427 656 49 22 med
491 655 84 30 Nädiga
588 656 177 28 propositionen.)

288 714 14 22 9
316 716 13 28 $
345 716 81 22 ändras
441 717 35 20 till
485 716 101 29 följande
602 716 90 28 lydelse:

286 757 15 22 I
313 758 26 22 de
353 759 52 26 mål,
420 766 44 14 som
478 759 10 21 i
502 758 11 21 1
528 760 12 27 $
555 759 11 21 1
580 766 62 14 mom.
654 760 98 27 nämnas,
767 766 51 14 vare
833 760 77 20 instäl-

230 792 93 30 lelsedag
339 793 42 29 för
399 794 75 20 målets
490 794 105 29 fullföljd
617 793 38 21 hos
673 793 107 29 Kejsaren
802 794 108 21 seationde

229 827 70 28 dagen
317 828 54 28 efter
390 827 46 26 den,
456 828 28 20 dä
503 827 130 30 Hofrättens
652 827 49 21 dom
722 828 80 28 utgafs.
834 827 76 22 Fuller

230 861 41 21 den
285 861 14 21 &
313 862 48 21 sön-
377 861 52 21 eller
445 861 102 30 helgedag
562 863 35 24 in;
615 861 70 28 gänge
703 861 73 22 derom
795 869 44 14 som
856 863 10 20 i
881 861 29 22 25

230 895 49 30 kap.
294 895 32 21 23
340 896 13 28 $
367 895 64 29 sagdt
446 897 34 20 är.

286 954 29 23 10
329 956 12 28 $
357 955 82 22 ändras
454 956 105 21 sälunda:

286 999 48 22 Sist
352 999 14 21 &
386 999 194 28 inställelsedagen,
597 999 54 28 före
673 999 89 22 klockan
785 999 47 28 tolf,
854 999 56 22 skall

230 1033 41 22 den
285 1033 93 21 sökande
391 1033 86 29 ingifva
495 1033 98 29 skriftlig
612 1034 82 28 inlaga,
713 1033 49 22 deri
780 1033 43 21 han
836 1034 74 27 fram-

229 1068 77 21 ställer
321 1068 49 20 sina
383 1067 148 28 päminnelser
546 1071 55 17 emot
615 1067 41 21 den
670 1069 55 25 dom,
742 1075 44 14 som
801 1067 108 29 öfverkla-

228 1108 47 22 gas.
307 1101 42 21 Vid
362 1102 92 28 inlagan
462 1102 53 28 foge
531 1101 43 21 han
587 1100 131 29 Hofrättens
733 1102 51 21 dom
798 1101 39 21 och
852 1101 57 22 bevis

230 1136 60 28 öfver
304 1136 112 27 missnöjes
431 1136 103 20 anmälan
548 1139 61 21 samt,
625 1137 9 19 i
643 1136 48 28 fall
706 1136 100 20 tillåtelse
823 1136 36 21 till
871 1137 38 20 än-

229 1169 170 29 dringssökande
419 1170 86 28 begärts
522 1170 10 20 i
550 1169 40 21 den
608 1171 43 27 väg
666 1168 15 22 6
699 1170 12 27 $
729 1170 125 28 medgifver,
871 1170 38 21 och

230 1203 117 21 sökandens
359 1203 123 28 fattigdom
496 1204 20 27 ej
531 1203 72 27 blifvit
621 1204 10 19 i
645 1203 121 29 Hofrätten
784 1208 74 23 genast
875 1207 34 17 ut-

229 1236 61 26 redd,
302 1237 81 28 jemväl
398 1237 40 21 den
452 1236 124 28 utredning,
591 1236 85 21 hvilken
696 1237 25 28 af
733 1236 131 29 Hofrättens
879 1238 30 20 då

228 1270 123 22 meddelade
360 1270 144 30 föreskrifter
520 1270 42 21 kan
572 1270 109 29 påkallas,
697 1271 69 21 såsom
781 1270 37 22 ock
834 1271 25 21 de
871 1279 38 13 an-

229 1305 38 21 dre
280 1305 139 29 handlingar,
431 1305 83 28 hvarpå
530 1305 42 21 han
587 1306 33 28 sig
636 1305 98 29 beropar,
746 1306 64 28 jemte
826 1306 83 29 duplett

230 1340 26 28 af
267 1340 97 28 inlagan.

285 1379 48 22 Den
351 1387 45 14 som
413 1387 66 14 svara
497 1379 61 27 skall,
574 1386 36 22 ege
629 1380 108 28 dupletten
752 1380 26 29 af
790 1380 118 22 sökandens

229 1415 76 27 inlaga
322 1415 29 20 dä
369 1418 76 25 uttaga
463 1417 55 18 samt
536 1414 83 21 komma
633 1415 48 20 med
696 1415 109 28 skriftligt
820 1423 50 13 svar
883 1417 25 19 in

230 1449 14 20 å
252 1448 113 29 fjortonde
380 1449 69 29 dagen
464 1449 53 28 efter
532 1449 193 28 inställelsedagen.
752 1449 41 22 Vid
808 1450 35 21 det
858 1457 50 14 svar
