1020 1661
350 119 72 22 Nädiga
434 120 137 21 Propositionen
582 119 34 17 N:o
630 121 26 15 14.
824 119 34 16 629

195 181 117 28 anledning
334 181 62 22 deraf
415 182 153 27 ofördröjligen
589 183 54 26 göra
664 182 27 21 de
713 182 166 27 anmärkningar

197 215 52 22 eller
263 215 87 28 vidtaga
365 216 41 21 den
424 215 82 28 åtgärd,
522 216 86 21 hvartill
623 217 46 20 skäl
683 217 43 20 kan
740 216 138 21 förekomma.

253 250 26 27 d)
296 249 194 28 Bankfullmäktige
508 250 54 21 böra
583 250 113 21 öfvervaka
717 250 161 21 Bankdirektio-

196 290 53 14 nens
261 283 131 28 mänadtliga
402 284 132 27 inventering
545 284 25 21 af
579 284 98 21 Bankens
684 284 34 20 till
726 284 154 21 ofvanberörde

199 317 76 21 fonder
289 318 94 20 hörande
399 318 74 20 kassor
488 318 40 20 och
543 318 167 27 förvaringsrum
724 318 7 20 i
746 317 133 27 Helsingfors

195 351 56 26 stad,
271 351 65 27 enligt
355 352 70 20 dertill
443 352 24 20 af
483 352 159 21 vederbörande
664 352 121 27 uppgjorda
807 351 72 22 kassa-

195 385 83 28 förslag
292 386 40 21 och
347 386 282 28 inventarieförteckningar,
645 388 55 19 samt
715 386 112 25 dessutom,
840 387 40 20 när

197 418 25 23 sä
236 420 68 21 finnes
318 421 81 26 nödigt,
418 419 44 22 läta
480 421 8 20 i
506 421 32 20 sin
556 422 91 20 närvaro
666 421 91 20 anställa
773 422 61 19 extra
848 421 30 20 in-

197 455 136 27 venteringar
348 455 114 25 derstädes,
478 455 108 21 äfvensom
605 455 193 27 Bankfullmäktige
813 454 66 27 skola,

197 496 35 15 om
247 489 46 21 skäl
308 489 70 21 dertill
393 489 146 26 förekommer,
556 489 73 28 sjelfve
644 489 51 21 eller
710 496 75 20 genom
803 489 77 21 tillför-

197 523 93 22 ordnadt
304 523 80 21 ombud
398 523 114 21 verkställa
528 523 57 28 dylik
599 524 132 26 inventering
746 523 24 21 af
781 523 99 21 Bankens

196 556 165 29 ifrägavarande
382 558 155 27 tillhörigheter
556 558 33 21 vid
613 557 47 21 dess
681 558 77 21 kontor
779 558 9 20 i
809 557 71 21 lands-

196 594 93 20 orterne.
319 591 73 28 Yppas
410 592 35 21 vid
464 592 61 21 dessa
546 592 158 27 inventeringar
724 592 47 20 skäl
792 591 33 21 till
843 598 37 14 an-

196 626 146 27 märkningar,
362 633 40 20 ega
420 626 193 28 Bankfullmäktige
631 626 87 27 vidtaga
737 625 40 21 den
796 625 84 29 ätgärd,

198 660 87 22 hvartill
299 660 209 28 omständigheterna
522 661 72 21 kunna
609 660 116 22 föranleda.

257 695 20 27 e)
293 694 193 28 Bankfullmäktige
502 696 37 20 äro
558 694 89 28 pligtige
661 696 32 19 att
708 694 60 22 doldt
782 695 41 21 och
837 694 43 21 för-

198 729 75 27 tegadt
290 728 80 22 bevara
388 729 44 26 allt,
452 736 45 14 som
515 731 60 19 rörer
594 728 95 22 enskilda
706 736 113 20 personers
837 728 43 21 för-

197 762 115 22 hällanden
330 762 32 22 till
380 763 88 21 Banken
490 763 52 21 eller
560 763 7 21 i
585 763 66 27 öfrigt
668 763 36 21 vid
724 762 157 28 förvaltningen

199 797 43 21 kan
259 796 99 22 förefalla
376 796 24 22 af
415 796 67 22 sådan
500 796 147 22 beskaffenhet
665 798 32 20 att
716 797 35 21 det
765 797 66 27 enligt
845 797 36 27 lag

198 831 41 21 och
254 831 208 27 bankförfattningar
477 833 43 25 tyst
534 837 52 15 vara
601 831 45 20 bör.

251 866 25 28 f
298 865 194 28 Bankfullmäktige
514 865 165 26 sammanträda,
700 864 29 28 pä
750 865 87 22 kallelse
860 865 24 21 af

200 899 150 26 ordföranden,
370 898 24 22 sä
413 899 44 21 ofta
472 899 129 22 ärendernas
619 899 147 22 beskaffenhet
785 899 35 21 det
838 899 42 22 for-

201 933 57 26 drar,
275 934 39 20 och
330 934 38 20 bör
384 940 26 14 en
424 934 52 20 hvar
492 934 24 20 af
530 934 47 21 dem
592 934 51 20 eller
658 934 39 21 ock
712 934 89 27 behörig
816 941 64 21 supp-

199 967 58 21 leant
268 968 7 20 i
287 966 151 22 fränvarandes
449 968 61 21 ställe
522 968 72 21 dervid
602 968 196 21 tillstädeskomma.
822 968 59 28 Upp-

200 1000 45 22 stär
261 1001 145 28 skiljaktighet
420 1002 8 20 i
442 1002 116 28 meningar,
571 1002 66 28 gäller
652 1002 34 22 för
700 1002 70 21 beslut
785 1002 55 21 hvad
856 1003 25 21 de

200 1036 61 21 fleste
279 1038 58 25 säga,
352 1044 48 14 men
415 1036 35 21 vid
468 1037 43 21 lika
530 1037 58 21 antal
607 1038 69 20 röster
690 1036 29 28 pä
733 1036 106 22 hvardera
853 1038 29 20 si-

199 1070 44 22 dan
257 1070 40 22 har
312 1070 143 22 ordföranden
473 1071 132 27 utslagsröst.
636 1071 131 22 Protokollet
785 1071 57 22 föres
861 1072 23 20 af

199 1111 28 15 en
242 1104 142 27 Sekreterare,
403 1105 84 21 hvilken
505 1105 193 28 Bankfullmäktige
716 1112 39 21 ega
773 1108 53 23 utse,
842 1106 40 21 och

203 1139 145 26 expeditioner
365 1139 158 22 underskrifvas
540 1139 26 21 af
582 1139 47 22 dem
648 1147 45 13 som
711 1139 7 20 i
733 1139 76 21 sakens
823 1139 59 28 pröf-

200 1173 51 27 ning
267 1173 89 27 deltagit
370 1175 55 19 samt
439 1173 173 28 kontrasigneras
627 1173 24 21 af
665 1173 156 22 Sekreteraren.

256 1209 25 26 g)
297 1207 187 28 Bankfullmäktig,
500 1215 46 14 som
560 1208 65 21 vistas
640 1208 6 20 i
662 1208 80 25 staden,
758 1207 34 22 får
803 1207 18 28 ej
834 1207 48 22 från

199 1241 159 22 sammanträde
376 1241 108 25 uteblifva,
503 1242 52 21 utan
574 1243 32 20 att
623 1242 73 27 hvarje
711 1241 56 28 gäng
782 1241 101 22 särskildt

200 1275 65 22 hafva
286 1276 50 27 laga
357 1275 72 21 förfall
451 1276 87 21 anmält.
567 1275 44 21 Vill
632 1275 180 28 Bankfullmäktig
834 1283 58 14 resa-

201 1308 48 21 frän
267 1309 82 25 staden,
367 1309 41 20 bör
426 1309 42 20 han
487 1309 72 21 derom
578 1309 38 20 hos
636 1308 143 21 ordföranden
797 1309 85 21 anmäla

202 1343 40 20 och
257 1343 47 20 med
320 1343 88 27 behörig
427 1342 113 27 suppleant
558 1342 65 21 träffa
641 1341 67 22 sädan
727 1342 155 22 öfverenskom-

201 1377 71 25 melse,
292 1379 32 19 att
342 1377 171 22 sammanträden
534 1377 46 21 icke
602 1384 77 20 genom
699 1377 54 21 hans
775 1376 106 28 fränvaro,

201 1413 54 20 utan
272 1411 130 22 inträffande
421 1411 24 22 af
461 1411 68 22 andra
544 1410 137 23 oförutsedda
695 1411 186 29 omständigheter,

203 1446 128 22 förhindras.
