1023 1664
329 106 72 23 Nådiga
411 107 137 22 Propositionen
558 107 35 17 N:o
605 107 29 17 24.
799 107 43 17 1117

185 169 60 29 öfver
267 169 35 21 det
324 169 73 27 beslut,
420 177 45 14 som
483 169 26 30 af
524 170 121 28 Magistrat
664 170 52 21 eller
734 169 132 22 kommunal-

185 205 91 19 stämma
290 205 10 20 i
314 205 94 27 enlighet
422 205 48 20 med
485 205 69 21 denna
569 205 13 28 $
596 204 114 27 meddelas,
726 205 9 21 i
750 205 51 28 laga
816 205 49 20 ord-

183 238 54 27 ning
253 244 39 21 ega
306 245 56 13 rum.
384 235 65 24 Intill
464 239 47 20 dess
526 239 96 28 ändring
635 238 73 29 blifvit
719 239 102 28 vidtagen
832 246 35 21 ge-

183 279 50 13 nom
252 271 68 22 beslut
338 279 44 14 som
399 274 78 19 vunnit
495 273 52 28 laga
566 272 68 29 kraft,
650 272 56 21 skall
720 276 54 18 utan
789 273 77 20 hinder

184 306 26 27 af
226 306 95 28 anförda
336 306 76 21 besvär
426 307 252 28 utskänkningsafgiften
693 307 54 28 utgå
762 307 54 28 efter
831 307 36 20 det

184 340 27 27 af
225 339 149 30 Magistraten
392 341 38 21 och
445 341 230 22 kommunalstämman
690 341 110 21 bestämda
815 340 53 22 kan-

185 375 65 21 netal.

463 411 24 27 88
503 411 91 20 53—55.

448 444 154 23 Oförändrade.

493 499 33 28 Ny
544 499 19 29 &.

242 541 46 22 Der
307 542 132 29 gästgifveri
458 543 27 20 är
503 543 79 21 mellan
596 542 54 28 flere
670 539 65 24 äboer
744 541 124 30 fördeladt,

185 576 36 21 mä
239 576 147 29 utskänkning
405 577 25 28 af
446 577 47 20 dem
510 576 46 22 icke
576 576 113 29 samtidigt
706 576 93 29 utöfvas,
814 579 54 18 utan

187 611 25 28 af
232 618 25 13 en
280 611 53 20 hvar
352 611 67 22 under
439 609 40 23 den
499 611 32 21 tid
550 611 42 21 han
610 611 260 28 gästgifverihällningen

186 645 103 29 besörjer.
319 644 54 28 Den,
392 652 44 15 som
454 646 41 21 vill
512 646 35 21 sin
562 645 64 21 andel
639 646 10 19 i
662 644 208 29 utskänkningsrät-

188 680 94 28 tigheten
296 681 105 27 uppsäga,
416 687 51 14 vare
483 680 76 21 dertill
574 679 126 29 berättigad
713 680 59 21 inom
784 679 40 22 den
836 679 34 21 tid

186 715 9 20 i
210 715 12 27 $
237 713 24 22 51
276 715 65 28 sagdt
356 715 33 20 är.
419 713 53 22 Har
486 715 138 28 uppsägning
640 713 61 27 skett,
716 715 70 27 gänge
802 713 67 29 afgift

186 752 25 17 ut
229 749 76 21 endast
317 749 43 28 för
378 749 41 21 den
437 749 52 21 eller
508 749 25 22 de
549 749 76 21 äboers
640 749 70 26 andel,
727 748 73 21 hvilka
814 748 56 29 vilja

185 783 151 28 utskänkning
348 783 143 29 fortfarande
509 783 60 27 idka,
588 783 40 21 och
646 783 83 28 deltage
749 789 25 15 en
792 782 54 21 hvar
860 783 11 20 i

188 817 93 30 afgiften
299 819 9 19 i
320 817 144 29 förhållande
483 819 36 20 till
537 818 41 21 den
596 818 34 21 tid
645 817 43 22 han
702 817 168 28 utskänknings-

188 852 74 21 rätten
276 853 9 20 i
293 853 108 28 förening
415 853 48 20 med
478 852 260 29 gästgifverihällningen
752 851 96 29 utöfvar.

494 907 34 28 Ny
543 907 18 27 &

244 949 47 22 För
305 950 63 21 såväl
384 950 134 28 minutering
536 956 45 15 som
598 949 148 28 utskänkning
764 949 26 29 af
806 949 66 21 brän-

188 985 38 20 vin
243 984 83 21 räknas
339 984 200 29 försäljningsäret
558 985 13 20 &
590 983 73 22 landet
672 984 58 28 frän
745 983 41 22 den
800 983 11 21 1
825 982 47 23 No-

189 1018 84 22 vember
289 1019 38 21 och
341 1019 10 20 i
366 1019 48 21 stad
422 1019 59 28 frän
496 1019 40 21 den
551 1018 11 21 1
576 1018 61 21 Juni.

495 1073 35 28 Ny
544 1073 18 28 $-
789 1101 2 2 |

250 1115 43 22 Vid
311 1117 41 21 den
370 1115 127 30 beräkning,
516 1123 46 15 som
576 1117 9 20 i
600 1117 12 27 $
627 1115 29 22 52
674 1116 144 29 omförmäles,
836 1115 37 21 må

190 1151 36 20 det
244 1150 114 21 ankomma
373 1151 13 20 å
401 1151 171 21 vederbörandes
582 1151 110 28 pröfning
708 1153 33 18 att
756 1150 117 21 bestämma

190 1185 36 22 det
243 1186 81 20 minsta
343 1184 102 22 kannetal
456 1186 43 27 för
518 1185 81 22 hvilket
616 1184 148 29 utskänkning
778 1185 42 28 får
840 1184 33 29 öf-

191 1223 107 25 vertagas.

248 1254 51 21 Men
320 1255 38 21 vid
380 1255 24 20 de
423 1253 113 22 auktioner
555 1254 14 21 å
586 1254 223 28 utminuteringsrätt,
829 1260 45 14 som

192 1289 67 27 enligt
278 1289 26 26 $$
322 1288 29 21 46
370 1289 39 20 och
426 1287 30 21 47
474 1296 40 20 ega
532 1295 54 18 rum,
602 1289 36 20 må
653 1288 72 21 anbud
740 1288 19 27 ej
775 1290 98 25 antagas,

191 1329 45 14 som
250 1323 128 28 understiga
392 1323 10 20 i
416 1322 48 21 stad
479 1325 82 18 ettusen
576 1321 40 21 och
630 1322 14 21 å
660 1322 72 21 landet
740 1321 135 29 femhundra

192 1351 90 26 kannor.

499 1394 34 28 Ny
548 1394 18 28 8.

250 1430 115 37 Ärsafgift
378 1437 42 30 för
437 1437 150 22 minuthandel
605 1437 48 22 med
671 1437 40 21 och
728 1435 147 30 utskänkning
