1017 1667
179 102 33 18 986
364 101 71 24 Nädiga
446 102 136 22 Propositionen
594 102 35 17 N:o
641 103 28 16 214.

154 166 133 27 betydligare
302 165 82 21 skilnad
399 165 47 21 icke
464 164 66 22 heller
548 165 146 21 förekommer.
723 164 140 22 Annorlunda
877 165 26 20 är

154 198 144 24 förhållandet
315 199 122 27 visserligen
455 200 8 20 i
480 198 79 23 sådane
577 198 50 27 mål,
641 198 34 22 till
692 198 83 22 hvilkas
789 198 113 22 utförande

154 235 103 27 parterna
271 234 135 28 personligen
420 233 86 21 inställa
524 234 32 27 sig
575 233 40 21 och
633 232 93 22 särdeles
745 233 8 21 i
771 233 26 21 de
815 232 44 28 fall,
875 231 28 23 då

154 268 153 22 vittnesförhör
324 268 68 22 tillika
411 268 43 21 kan
471 268 85 21 komma
574 268 7 21 i
599 266 67 29 fråga.
696 267 49 22 Men
763 267 90 22 emedan
871 266 33 22 till

155 310 27 14 en
200 303 42 27 god
259 301 215 29 rättegångsordning
492 302 70 26 hörer,
581 302 56 22 hvad
655 302 61 22 äfven
734 302 7 20 i
757 304 11 19 3
785 302 10 27 &
813 303 26 20 14
853 302 50 26 kap.

155 337 24 21 R.
195 337 24 21 B.
235 338 25 20 är
274 336 110 28 påbjudet,
400 338 31 20 att
446 338 99 26 parterne
560 337 53 21 böra
628 336 65 22 redan
708 336 7 21 i
730 336 68 22 första
813 336 91 22 domstol

155 371 121 21 framställa
293 371 30 21 all
341 371 115 27 bevisning,
474 372 55 20 samt
547 370 156 28 medgifvandet
721 370 8 22 i
748 372 11 20 3
779 372 12 26 $
811 372 25 20 17
855 370 49 28 kap.

157 412 81 14 samma
252 405 51 22 balk
317 405 35 21 för
366 407 73 25 parter
454 408 32 18 att
500 404 59 22 såväl
577 406 7 20 i
602 405 81 21 hofrätt
701 412 46 14 som
764 405 141 28 lagmansrätt

156 439 67 22 förete
239 440 124 27 ytterligare
380 439 109 28 bevisning
508 440 39 20 och
566 438 26 24 få
605 439 80 21 vittnen
703 438 96 27 afhörde,
818 439 88 27 egentli-

157 480 41 20 gen
213 474 24 21 är
252 475 32 20 att
298 473 109 22 betraktas
426 472 70 23 såsom
514 475 30 19 ett
562 474 109 27 undantag
689 472 49 23 från
753 474 79 20 allmän
846 473 60 28 regel

158 508 41 21 och
217 506 82 24 således
317 508 56 21 afser
392 508 26 21 de
435 508 39 21 fall
492 507 28 22 då
538 515 26 14 en
582 507 67 22 sådan
666 508 111 28 bevisning
791 508 46 21 icke
851 508 57 21 varit

157 544 78 26 parten
255 542 60 22 förut
331 542 88 28 veterlig
441 542 51 22 eller
513 542 34 21 för
565 542 68 22 denne
654 542 129 28 tillgänglig,
801 542 52 22 eller
874 542 34 22 till

158 577 65 21 hvars
240 576 122 22 företeende
379 576 114 28 anledning
510 577 54 21 först
582 584 75 14 senare
671 577 68 21 under
753 577 88 21 tvistens
855 576 53 22 fort-

159 610 57 29 gång
229 612 68 27 yppat
311 612 38 27 sig,
365 611 48 26 kan,
428 611 36 21 vid
479 618 25 15 en
519 611 124 28 allvarligen
654 611 110 21 handhafd
775 610 133 29 rättegångs-

159 646 98 28 ordning,
275 645 151 22 vittnesförhör
443 646 36 21 vid
498 646 25 21 de
540 646 67 28 högre
624 646 135 22 instanserna
777 646 75 21 endast
869 653 40 13 un-

161 680 121 28 dantagsvis
300 680 137 21 förekomma.
469 680 137 28 Beklagligen
624 681 40 21 har
685 680 58 22 detta
761 680 149 28 medgifvande

160 714 74 22 vunnit
248 715 39 21 hos
302 714 194 28 lagmansrätterna
511 715 39 21 den
565 714 156 29 utsträckning,
737 716 33 20 att
785 714 40 22 den
840 714 70 22 förbe-

160 748 95 22 redande
269 749 186 27 handläggningen
470 749 24 21 af
506 748 76 27 målen,
598 756 45 14 som
661 750 114 27 rätteligen
794 749 117 22 ankommit

160 782 30 30 på
204 783 156 27 häradsrätten,
379 784 3 20 i
400 783 78 29 många
495 783 38 22 fall
551 784 33 21 till
602 791 27 14 en
646 784 47 22 icke
711 784 62 28 ringa
789 784 34 22 del
843 784 68 22 öfver-

161 818 82 28 flyttats
264 818 33 22 till
314 818 174 28 lagmansrätten,
506 818 137 28 hvarigenom
661 819 150 21 häradsrätten
829 819 82 21 undan-

163 853 81 27 dragits
263 852 145 29 skyldigheten
427 855 32 19 att
476 853 8 21 i
502 852 68 22 första
587 853 58 21 hand
662 853 76 28 pröfva
753 854 40 21 och
807 855 58 27 yttra
880 854 32 28 sig

163 895 34 14 om
214 888 80 22 verkan
312 888 24 21 af
352 888 40 21 den
414 895 75 14 senare
510 887 112 22 företedda
641 888 144 28 bevisningen.
822 888 90 22 Derföre

162 922 73 22 kunna
248 922 47 22 icke
309 922 68 22 heller
391 922 26 21 de
432 924 50 20 utur
496 922 140 22 omförmälde
654 922 106 22 missbruk
778 923 134 28 härflytande

162 956 145 22 kostnaderna
321 956 36 21 vid
374 964 29 14 nu
420 956 164 28 ifrågavarande
598 956 123 28 jemförelse
739 959 62 25 tagas
815 957 8 21 i
836 957 77 21 beräk-

164 992 51 26 ning
233 991 40 21 och
291 990 70 22 alldra
377 990 65 21 minst
460 990 66 28 något
543 991 47 21 skäl
610 991 87 21 derutur
715 991 82 22 hemtas
815 991 34 22 för
867 992 45 27 lag-

164 1026 166 20 mansrätternes
351 1024 135 28 behöflighet.
516 1025 42 21 För
576 1025 65 27 öfrigt
662 1025 61 22 torde
746 1026 35 21 det
803 1026 40 21 ock
861 1033 52 15 vara

165 1061 32 19 att
215 1061 80 20 emotse
313 1059 36 21 det
369 1059 82 21 landets
473 1059 105 22 hofrätter
600 1060 65 25 skola,
683 1060 8 20 i
709 1060 101 21 händelse
829 1060 24 21 af
868 1060 45 27 lag-

165 1094 168 21 mansrätternes
347 1094 147 26 upphörande,
504 1093 49 21 med
568 1093 114 28 anledning
693 1093 25 22 af
727 1094 122 27 derigenom
860 1101 54 21 upp-

165 1128 77 21 komne
263 1127 129 21 förändrade
414 1126 147 22 förhållanden
583 1128 40 20 och
644 1127 136 22 föreskriften
798 1128 7 20 i
824 1130 11 18 3
855 1128 11 28 $
888 1129 25 20 17

166 1162 48 27 kap.
237 1161 24 21 R.
281 1161 31 27 B.,
331 1161 119 26 framdeles,
472 1162 89 21 likasom
582 1162 104 26 hitintills,
708 1162 58 21 fästa
787 1162 74 28 nödigt
884 1162 30 22 af-

166 1195 76 22 seende
261 1194 13 22 å
293 1196 40 20 den
351 1198 101 24 parterne
470 1196 46 20 deri
534 1196 107 26 medgifna
658 1198 44 19 rätt
720 1198 32 19 att
770 1196 61 21 äfven
846 1197 7 19 i
868 1197 46 20 hof-

165 1230 72 20 rätten
254 1228 23 22 få
295 1228 119 22 framställa
431 1228 197 28 vittnesbevisning,
647 1230 38 20 der
703 1228 77 23 sådant
798 1229 24 22 af
838 1230 77 21 sakens

165 1262 148 22 beskaffenhet
334 1262 41 21 och
395 1264 112 26 parternes
524 1262 157 28 beqvämlighet
699 1263 104 28 påkallas.
835 1264 32 21 De
885 1264 31 21 öf-

165 1297 48 28 riga
228 1296 142 28 olägenheter,
385 1303 47 15 som
450 1296 24 21 af
489 1296 202 28 lagmansrätternes
709 1298 128 28 indragning
851 1298 65 21 tilläf-

165 1333 86 27 ventyrs
265 1331 78 26 kunna,
359 1330 89 22 likasom
463 1331 35 21 vid
515 1330 73 28 hvarje
606 1339 69 14 annan
695 1332 125 28 förändring
839 1332 25 22 af
879 1333 37 21 be-

167 1365 88 23 stående
273 1365 155 27 förhållanden,
446 1365 66 21 blifva
531 1373 26 14 en
575 1366 61 28 följd,
656 1366 86 22 komma
763 1367 154 28 otvifvelaktigt

168 1401 53 21 efter
235 1400 58 22 hand
308 1402 32 20 att
354 1400 55 26 vika,
423 1400 57 22 helst
498 1400 107 28 Styrelsen
623 1400 46 22 icke
686 1401 57 22 lärer
757 1400 113 24 underlåta
885 1404 32 20 att

168 1436 48 20 med
231 1434 114 28 anledning
360 1435 24 21 af
400 1434 202 28 lagmansrätternes
620 1435 133 23 afskaffande
772 1436 40 21 och
829 1436 87 22 Hofrät-
