1023 1673
190 133 44 16 1090
387 130 70 23 Nådiga
469 131 142 21 Propositionen.
617 131 34 16 N:o
665 131 27 15 24.

166 201 41 15 nor
221 195 8 21 i
243 194 78 28 dygnet
336 194 67 21 under
419 202 25 13 en
459 193 78 22 månad
552 194 14 21 å
581 195 26 19 30
619 194 73 27 dagar.
715 193 42 21 Det
770 188 75 38 minsta
860 192 53 21 med-

166 229 59 28 gifna
239 228 132 28 totalbelopp
386 228 69 21 blefve
469 228 90 21 sålunda
574 229 63 25 4,500
651 228 83 20 kannor
752 227 34 21 för
805 226 54 27 året;
875 226 40 23 och
936 235 3 1 -

166 264 61 21 torde
245 264 36 20 det
299 263 47 21 icke
363 262 91 22 behöfva
473 262 90 22 särskild
581 262 126 27 förklaring,
724 263 31 19 att
774 261 36 22 det
824 260 45 22 står
884 261 32 21 fa-

166 298 113 22 brikanten
301 298 46 20 fritt
369 299 32 19 att
423 297 68 21 drifva
513 296 162 28 tillverkningen
697 304 38 19 per
755 296 56 28 dygn
832 295 84 21 utöfver

166 332 52 22 eller
235 332 69 21 under
323 332 40 20 150
381 332 88 26 kannor,
489 332 55 21 blott
562 331 59 21 detta
639 331 30 21 tal
687 331 42 21 blir
747 330 170 27 medelbeloppet

165 367 34 21 för
222 367 77 28 dygnet
320 366 69 21 under
410 366 49 21 hela
481 366 41 22 den
544 366 31 21 tid
597 366 157 21 fabrikationen
777 366 24 20 är
823 365 7 20 i
853 364 62 28 gång.

166 401 171 22 Vidkommande
352 401 66 21 sedan
433 401 64 26 tiden,
513 401 34 21 för
561 400 84 22 hvilken
659 400 205 27 brännerirättighet
877 399 40 21 bör

166 437 94 27 inropas,
276 437 39 20 har
330 436 109 25 utskottet,
455 436 48 21 med
518 435 153 22 föranledande
687 435 24 21 af
724 435 40 21 den
779 435 72 28 praxis
871 441 46 14 som

166 471 68 21 redan
248 471 130 21 härutinnan
393 471 58 27 gjort
465 471 32 26 sig
512 470 105 27 gällande,
630 471 69 20 ansett
715 469 35 22 det
764 469 54 23 böra
832 469 7 21 i
854 470 11 27 $
881 469 36 21 be-

167 507 108 24 stämmas,
291 507 32 20 att
338 505 198 21 auktionsanbuden
553 505 47 20 icke
618 504 91 21 behöfde
727 504 37 21 ske
781 504 34 21 för
829 511 46 14 mer
890 505 28 19 än

167 541 31 20 ett
213 539 30 27 är,
259 547 48 14 men
322 541 32 20 att
368 540 114 26 inroparen
497 541 25 19 är
537 539 121 27 berättigad
673 540 37 24 att,
726 537 29 28 pä
769 538 100 21 anmälan
880 545 38 14 sex

166 574 103 22 månader
284 574 45 21 före
344 575 133 20 kontraktets
491 573 92 28 utgång,
601 576 53 19 utan
668 581 28 20 ny
711 573 88 22 auktion
817 573 101 21 fortsätta

167 609 163 27 tillverkningen
348 607 122 29 päföljande
489 607 31 22 är.
549 608 42 21 Vid
610 607 76 22 sädant
704 607 134 22 förhällande
856 607 62 22 torde

167 643 164 28 spekulanterne
349 643 78 21 lättare
445 643 72 21 kunna
535 643 64 20 ställa
617 642 40 21 den
675 642 35 21 för
728 641 126 28 ätagandets
869 641 48 22 full-

168 678 94 27 görande
277 677 140 28 erforderliga
432 677 104 26 säkerhet,
552 678 28 19 än
595 683 34 14 om
645 677 26 20 de
689 678 37 19 äro
745 676 131 24 nödsakade'
886 678 33 19 att

167 711 51 29 ingä
236 712 101 21 kontrakt
354 712 33 21 för
405 712 53 21 flera
476 711 25 22 är
519 712 48 21 med
587 719 42 14 ens.
659 711 69 21 Jemte
747 711 36 21 det
801 711 34 21 för
853 711 65 28 öfrigt

168 747 41 22 den
223 746 162 29 Länestyrelsen
399 746 108 22 tilldelade
522 746 108 27 rättighet,
649 747 32 20 att
699 746 53 21 efter
768 745 151 28 godtfinnande

168 782 120 26 ymotverka
302 781 131 21 inrättandet
451 781 24 21 af
491 781 51 21 flere
556 781 125 21 brännerier
696 781 7 20 i
718 781 77 20 närhet
808 780 33 21 till
855 780 62 21 hvar-

168 816 85 26 andra",
269 817 80 21 ansetts
363 816 54 21 böra
431 815 114 27 försvinna,
565 815 88 21 emedan
673 815 35 21 det
725 822 55 20 egna
797 815 100 21 intresset
911 815 8 20 i

168 850 83 22 sådana
268 850 73 28 frågor
360 851 24 20 är
403 857 26 14 en
447 850 71 21 bättre
536 850 109 27 regulator
663 851 28 19 än
710 850 208 20 administrationens

169 884 107 28 åtgärder,
291 885 40 20 har
349 883 163 28 ifrågavarande
530 885 11 27 &
560 884 69 21 blifvit
647 884 7 20 i
669 884 93 27 enlighet
777 884 48 21 med
840 884 78 21 omför-

168 919 73 21 mälda
255 918 183 28 ändringsförslag
454 918 153 28 omredigerad.

237 952 40 27 Då,
292 953 8 21 i
318 952 101 22 händelse
439 953 40 21 den
497 952 63 22 ofvan
579 952 121 28 föreslagna
717 952 164 28 nedsättningen
897 952 24 22 af

168 987 330 27 minimitillverkningsbeloppet
513 987 23 21 af
549 986 120 22 Ständerna
684 986 129 28 godkännes,
829 988 30 20 ett
869 987 50 21 vida

169 1023 70 20 större
253 1022 59 21 antal
327 1022 126 20 brännerier
467 1021 61 21 torde
546 1021 85 21 komma
650 1022 31 20 att
697 1021 108 27 anläggas,
821 1022 28 20 än
863 1021 57 21 hvad

168 1056 36 22 vid
220 1056 35 22 det
269 1064 29 13 nu
313 1056 127 21 föreskrifna
455 1056 159 26 minimibelopp
630 1055 68 21 skulle
712 1056 55 20 varit
778 1056 89 27 möjligt,
879 1056 40 21 har

169 1090 104 22 utskottet
290 1092 71 19 ansett
379 1090 92 21 Senaten
485 1090 46 21 icke
546 1090 54 21 böra
614 1090 100 21 besväras
729 1090 48 20 med
792 1090 127 27 pröfningen

170 1125 24 21 af
211 1123 25 23 de
254 1125 91 21 skeende
364 1124 204 26 auktionsanbuden,
587 1126 52 18 utan
657 1126 53 19 trott
729 1124 58 22 detta
805 1123 114 29 åliggande

169 1159 73 21 kunna
259 1160 52 20 utan
326 1158 55 22 våda
399 1158 139 22 öfverlemnas
553 1158 45 22 helt
613 1158 40 21 och
668 1157 65 22 hållet
749 1157 22 22 åt
786 1158 133 28 Länestyrel-

169 1200 73 19 serna;
257 1192 100 22 hvarföre
375 1193 47 21 7:de
440 1193 40 21 och
499 1193 47 21 8:de
565 1193 24 27 $$
608 1192 69 21 blifvit
694 1192 8 21 i
720 1192 93 28 enlighet
831 1192 89 22 härmed

170 1226 102 21 ändrade.

238 1259 154 27 Förpligtelsen
408 1261 31 19 att
453 1259 134 21 förskottsvis
601 1259 72 21 betala
683 1259 237 27 tillverkningsskatten,

169 1294 74 28 hvarje
265 1293 57 29 gång
343 1294 48 21 med
413 1294 64 21 minst
499 1300 26 15 en
547 1293 97 28 sjettedel
662 1293 24 21 af
701 1293 49 21 hela
768 1294 101 27 beloppet
887 1294 34 21 för

170 1328 53 27 året,
238 1328 82 22 medför
335 1328 183 28 nödvändigheten
537 1328 24 21 af
578 1330 30 19 ett
623 1329 68 20 större
705 1328 162 28 rörelsekapital
882 1329 39 21 hos

170 1364 145 26 fabrikanten,
338 1365 28 19 än
387 1364 103 27 näringen
513 1363 61 28 eljest
599 1363 67 21 skulle
689 1363 106 27 erfordra,
819 1364 40 21 och
881 1364 40 22 har

170 1400 77 21 kännts
262 1398 25 22 sä
300 1398 142 28 betungande,
458 1400 37 24 att,
511 1398 29 28 pä
555 1400 43 20 sätt
613 1398 41 21 den
668 1398 79 28 nädiga
761 1399 160 27 propositionen

170 1434 107 28 upplyser,
297 1434 51 21 flere
369 1433 132 21 fabrikanter
523 1433 77 22 ansökt
622 1440 34 14 om
678 1433 99 21 befrielse
795 1432 46 23 från
862 1434 59 21 detta

170 1467 119 29 äliggande.
318 1468 109 22 Utskottet
449 1468 115 28 tillstyrker
587 1468 84 22 derföre
691 1470 24 19 11
735 1468 30 28 &:s
787 1468 134 22 ändrande
903 1463 20 38 i
