1023 1664
183 111 49 31 1104
383 115 71 23 Nådiga
465 117 137 21 Propositionen
615 117 34 16 N:o
662 117 28 16 24.

159 179 159 20 konsumenten.
348 179 130 27 Härigenom
496 179 73 21 vinnes
591 186 26 14 en
638 179 137 27 nedsättning
793 179 25 21 af
832 185 79 15 varans

158 213 110 27 partipris,
286 213 85 21 hvilken
389 212 68 21 måste
471 213 65 21 verka
551 213 81 21 derbän
648 214 32 20 att
693 212 163 27 lurendrejeriet
871 213 40 20 och

158 246 186 28 lönnbränningen
361 247 47 20 icke
426 247 72 21 kunna
516 246 87 28 betinga
622 253 26 14 en
665 246 62 26 vinst,
746 246 115 29 tillräcklig
879 248 33 19 att

158 282 101 27 uppväga
269 280 144 22 kostnaderna
424 281 39 20 och
475 281 72 21 risken
558 281 35 21 vid
608 281 166 27 handteringens
789 280 122 23 utöfvande.

158 309 34 26 Då
208 315 40 21 den
264 315 33 20 del
313 315 24 21 af
348 315 115 22 utskottets
477 314 145 27 medlemmar,
638 322 45 14 som
695 314 99 22 omfattat
806 315 35 21 det
852 314 60 21 förra

159 349 141 26 alternativet,
314 349 93 21 bestämt
425 349 185 22 bränvinsskatten
628 351 32 19 att
677 346 53 31 utgå
748 349 48 22 med
810 349 8 21 i
833 351 31 20 ett
878 349 34 21 för

159 383 39 21 allt
212 390 26 14 en
253 383 61 21 mark
329 383 34 22 för
381 383 74 28 hvarje
473 383 122 22 fabricerad
613 383 77 26 kanna,
709 383 42 22 har
769 383 66 28 enligt
854 384 58 21 detta

159 417 113 22 alternativ
282 417 232 28 tillverkningsskatten
524 418 103 21 bestämts
639 418 32 20 till
683 419 26 20 60
720 418 65 27 penni
794 425 39 23 per
840 418 72 21 kanna

159 454 57 19 samt
229 452 239 28 utskänkningsskatten
483 453 33 20 till
531 454 27 19 40
573 453 65 26 penni
652 459 39 20 per
705 451 85 26 kannä.
811 452 101 21 Utminu-

159 486 171 27 teringsskatten,
346 486 85 22 hvilken
444 485 69 23 måste
531 487 129 21 bestämmas
678 486 66 28 något
761 487 60 27 lägre
836 488 28 19 än
878 488 34 19 ut-

158 521 227 27 skänkningsafgiften,
400 520 29 28 pä
445 521 34 21 det
494 521 46 22 icke
556 521 35 21 det
605 521 135 22 lönnbrända
754 521 112 22 bränvinet
877 520 36 22 mä

159 555 65 21 vinna
238 555 118 28 afsättning
370 554 34 22 för
418 555 192 26 hemkonsumtion,
625 556 41 21 har
680 563 51 14 man
746 557 70 20 ansett
827 555 19 28 ej
858 555 54 22 böra

159 589 116 28 Ofverstiga
290 590 26 20 25
331 589 64 28 penni
413 597 40 20 per
471 589 77 22 kanna.
578 589 10 21 I
603 590 67 21 likhet
688 589 49 22 med
756 590 156 27 tillverknings-

160 622 84 23 skatten
258 623 68 22 skulle
339 624 174 27 utminuterings-
526 624 40 21 och
578 623 270 29 utskänkningsafgifterna
862 623 52 29 ingå

159 657 34 22 till
212 658 132 21 statskassan
362 658 40 22 och
417 659 47 20 icke
482 657 70 23 säsom
570 659 8 20 i
595 658 87 28 Sverige
700 658 34 21 till
752 659 160 26 kommunerna,

160 693 58 25 enär,
234 693 66 27 enligt
316 692 129 22 Ständernas
460 693 35 21 vid
511 694 83 20 senaste
608 693 104 28 landtdag
726 693 93 21 träffade
832 686 80 39 beslut,

160 733 26 14 en
202 726 34 21 del
251 727 24 20 af
287 727 186 22 bränvinsskatten
488 727 111 22 allaredan
612 727 71 22 blifvit
694 727 102 28 anslagen
806 728 35 21 för
851 727 61 22 kom-

159 760 88 22 munala
260 761 72 21 behof.

228 795 174 28 Formuleringen
424 796 25 20 af
468 796 26 21 de
516 796 31 27 88,
570 803 45 14 som
637 796 45 21 afse
700 796 154 27 utminutering
872 797 40 20 och

158 829 144 28 utskänkning
317 829 25 21 af
353 829 96 26 bränvin,
465 831 25 20 är
508 830 63 27 gjord
589 830 7 20 i
615 830 93 28 enlighet
726 830 48 21 med
794 830 118 28 Styrelsens

159 863 34 20 till
208 865 71 19 senast
293 863 129 22 församlade
441 863 87 22 ständer
542 864 123 21 alternativt
683 864 135 22 framställda
831 864 82 28 förslag

160 897 8 21 i
184 897 58 22 detta
257 899 68 20 ämne.

483 961 69 18 Art.
569 962 21 16 1.

229 999 75 22 Såsom
325 1000 85 26 bekant,
429 1008 38 13 var
486 1001 36 22 det
542 1001 178 28 hufvudsakligen
742 1001 49 23 med
812 997 100 27 afseende

160 1033 52 23 derå
227 1036 32 19 att
273 1033 71 29 någon
363 1035 222 28 maximibestämning
600 1035 33 21 för
648 1035 265 28 bränvinstillverkningen

160 1069 8 21 i
182 1068 73 21 landet
268 1069 47 20 icke
329 1069 71 26 ingick
414 1069 8 20 i
437 1070 143 21 nästnämnda
594 1069 200 28 alternativförslag,
806 1077 46 14 som
867 1071 45 21 det-

160 1109 82 14 samma
256 1103 47 20 icke
317 1102 47 21 blef
376 1103 61 27 lagdt
451 1103 32 20 till
498 1104 70 27 grund
582 1103 34 21 för
632 1103 39 21 den
687 1103 24 22 af
725 1105 55 20 1864
798 1103 35 22 års
849 1104 63 21 Stän-

161 1137 38 20 der
218 1136 111 21 beslutade
348 1137 127 27 författning
492 1138 7 20 i
518 1139 77 24 ämnet,
615 1137 68 21 ehuru
702 1137 124 26 detsamma,
842 1138 70 21 såsom

159 1170 68 27 bygdt
240 1169 29 28 på
287 1170 65 21 friare
369 1171 203 28 näringsprinciper,
588 1171 52 28 egde
655 1171 109 28 betydliga
782 1172 129 21 företräden.

159 1204 43 21 Det
216 1205 40 19 har
270 1204 84 21 derföre
369 1207 58 24 synts
446 1205 93 27 önskligt
554 1207 32 18 att
600 1205 72 20 kunna
687 1205 88 27 tillegna
790 1205 41 21 den
846 1213 66 14 nuva-

160 1237 68 21 rande
245 1237 262 28 bränvinslagstiftningen
525 1239 63 20 dessa
605 1238 122 21 företräden
744 1241 53 19 utan
815 1241 33 19 att
866 1240 46 21 der-

160 1271 46 22 före
224 1270 78 29 frångå
320 1271 35 22 det
373 1271 115 22 moraliska
506 1271 104 29 syftemål,
630 1279 45 14 som
696 1273 68 28 ligger
786 1273 33 22 till
842 1273 70 28 grund

160 1305 35 22 för
209 1305 257 30 maximibestämningen;
485 1307 41 21 och
541 1314 49 14 man
604 1308 40 21 har
660 1307 70 22 funnit
744 1315 26 15 en
785 1310 65 27 utväg
865 1309 47 22 der-

160 1340 33 21 till
208 1347 77 22 genom
300 1348 26 14 en
341 1342 103 21 successiv
461 1341 121 29 förhöjning
598 1342 24 21 af
634 1342 90 22 skatten.
754 1342 37 29 Dä
799 1343 112 28 nemligen,

161 1374 71 23 såsom
249 1376 41 21 här
308 1375 63 22 ofvan
388 1377 109 23 nämndes,
517 1377 230 28 tillverkningsskatten
765 1378 7 20 i
791 1378 60 22 detta
869 1379 42 21 för-

162 1409 46 28 slag
223 1411 25 20 är
262 1411 98 21 bestämd
374 1411 33 22 till
422 1411 75 22 endast
513 1413 25 19 60
554 1411 64 28 penni
636 1419 39 20 per
692 1412 78 26 kanna,
785 1412 29 27 på
829 1413 35 21 det
880 1415 32 20 att

161 1443 195 23 fabriksbränvinet
377 1447 74 26 genast
473 1444 35 22 må
529 1445 73 22 kunna
622 1445 49 22 med
693 1446 83 28 önsklig
798 1446 113 29 framgång
