1017 1667
181 132 33 17 802
381 131 72 23 Nådiga
464 132 136 22 Propositionen
611 132 36 17 N:o
660 132 26 16 16.

157 194 230 28 beräkningsgrunder,
402 195 84 21 komme
500 196 32 20 att
547 194 82 27 utfalla,
645 194 54 22 efter
713 194 109 28 förloppet
834 194 26 22 af
871 194 37 22 två

158 228 25 22 år
196 227 57 23 ifrån
268 228 105 22 komiténs
388 229 137 27 tillsättande,
544 229 81 28 afgifva
641 228 98 28 utförligt
756 228 107 28 yttrande:
873 235 35 15 om

154 262 96 23 berörda
268 261 81 30 förslag
367 265 56 20 samt
444 264 105 21 huruvida
568 263 26 22 de
611 264 73 21 kunna
701 264 8 20 i
727 263 38 22 sitt
786 263 123 22 nuvarande

157 298 61 22 skick.
236 299 97 27 antagas,
352 298 52 21 eller
421 298 7 21 i
446 300 66 20 annat
529 298 39 22 fall
585 300 48 26 nytt
651 297 134 29 fullständigt
802 297 81 29 förslag
901 298 8 20 i

158 333 78 25 ämnet,
251 332 8 21 i
274 332 217 22 öfverensstämmelse
509 332 49 22 med
577 332 26 22 de
621 332 24 22 af
658 332 121 22 Ständerna
792 332 68 21 redan
873 332 36 22 vid

158 366 99 23 sednaste
272 366 103 28 landtdag
390 366 113 28 godkända
517 366 182 28 hufvudgrunder,
714 368 105 26 uppgöra.

351 421 73 28 Enligt
437 421 60 22 Hans
511 421 121 28 Kejserliga
649 421 111 28 Majestäts
775 420 84 28 Nådiga
872 421 37 22 be-

294 455 100 28 fallning,
410 456 69 27 gifven
493 455 8 22 i
516 455 32 22 S:t
561 455 140 28 Petersburg,
716 455 41 22 den
770 457 26 20 14
808 456 46 28 (26)
867 456 41 21 De-

297 490 84 23 cember
397 491 61 20 1866.

435 554 66 25 Alex.
524 554 108 24 Armfelt.

651 630 22 19 A.
685 631 28 19 W.
725 631 137 20 Wallensköld.

157 778 166 33 Underdänigt
344 778 93 33 förslag
459 778 40 27 till
520 777 149 34 Förordning
688 777 124 34 angäende
830 779 79 27 förän-

157 823 6 2 N
260 819 61 26 drad
338 819 173 32 undervisning
529 819 38 25 för
583 819 240 32 räntepersedlarnes

381 858 154 27 beräknande
553 859 9 25 i
579 858 108 27 Finland.

227 919 12 22 I
257 919 27 22 de
302 919 60 21 delar
383 918 25 22 af
427 918 96 27 Finland,
545 918 86 21 hvartill
653 918 47 27 den,
720 919 85 27 jemlikt
825 919 85 29 Nädiga

158 953 123 23 Manifestet
296 953 41 22 den
352 954 26 20 28
393 953 59 21 Mars
471 953 22 28 (9
509 953 70 28 April)
596 954 54 20 1840
666 953 41 21 och
720 952 85 29 Nädiga
822 954 88 28 Kungö-

158 989 71 22 relsen
244 988 41 22 den
300 989 12 20 5
327 987 59 22 Mars
403 989 60 24 1841,
479 987 128 22 verkställde
625 987 285 28 räntepersedleomsättnin-

159 1029 41 22 gen
215 1023 82 21 sträckt
311 1023 38 27 sig,
365 1022 61 21 skola
440 1021 113 22 framdeles
569 1020 13 22 &
597 1028 26 14 en
635 1021 184 28 jordeboksrubel,
830 1023 80 22 hvilket

159 1057 101 22 skattetal
281 1057 95 21 kommer
398 1058 32 19 att
451 1056 116 21 benämnas
589 1055 89 27 ,Skatt*,
701 1057 40 20 och
763 1057 93 22 fördelas
878 1058 32 21 uti

158 1091 141 26 tiondedelar,
313 1090 106 22 beräknas
437 1090 110 27 persedlar
566 1090 40 21 och
624 1090 103 22 kontante
744 1091 119 28 penningar
877 1092 33 21 till

158 1125 96 28 följande
275 1125 85 27 belopp,
382 1125 8 20 i
412 1125 72 21 stället
505 1124 33 21 för
561 1124 35 21 det
617 1124 140 22 härförinnan
783 1125 127 28 fastställda,

158 1160 117 27 nemligen:
294 1159 7 21 i
318 1159 102 28 Nylands,
436 1152 47 28 Åbo
501 1159 40 21 och
559 1158 150 29 Björneborgs,
725 1159 137 27 Tavastehus,
879 1161 31 21 S:t

159 1194 95 25 Michels,
273 1193 85 27 Kuopio
377 1193 40 21 och
431 1193 66 21 Wasa
514 1193 37 21 län
569 1194 13 19 4
601 1193 83 27 kappar
702 1193 104 27 spanmäl,
828 1195 82 21 hälften

158 1225 40 29 räg
217 1227 40 21 och
275 1226 82 21 hälften
375 1226 60 25 korn,
452 1227 10 19 1
479 1226 70 27 kappe
564 1225 69 26 hafra,
649 1227 10 19 1
676 1225 106 28 skälpund
797 1229 57 19 smör
869 1228 41 22 och

161 1262 25 26 1/9
201 1260 106 28 skålpund
321 1260 45 28 talg
381 1260 40 21 och
435 1260 8 20 i
458 1258 119 29 Uleåborgs
591 1260 37 20 län
643 1261 13 19 4
670 1260 84 28 kappar
769 1260 103 28 spanmål,
886 1260 24 26 !/2

159 1295 71 28 kappe
244 1295 69 26 hafra,
330 1296 11 20 1
357 1293 106 29 skålpund
477 1295 58 21 smör
549 1294 40 21 och
606 1293 25 26 !/2
645 1294 106 28 skålpund
765 1295 51 29 talg,
832 1298 56 20 samt
902 1297 8 21 i

160 1330 95 28 Nylands
269 1329 37 21 län
321 1330 26 20 93
362 1329 75 27 penni;
453 1328 6 21 i
470 1322 47 28 Åbo
529 1328 39 22 och
583 1328 143 29 Björneborgs
741 1329 37 22 län
793 1331 26 20 55
834 1332 75 26 penni;

160 1365 7 21 i
182 1364 130 22 Tavastehus
327 1364 36 21 län
379 1365 10 19 1
405 1363 62 21 mark
482 1365 12 19 3
509 1363 74 28 penni;
597 1363 8 21 i
621 1363 31 22 S:t
666 1363 89 23 Michels
770 1364 36 22 län
822 1367 10 19 1
848 1366 62 21 mark

161 1400 25 20 21
206 1399 75 28 penni;
299 1399 8 21 i
325 1398 84 28 Kuopio
428 1398 37 21 län
483 1400 10 19 1
513 1398 61 22 mark
593 1400 26 19 57
641 1399 74 27 penni;
733 1399 8 21 i
759 1399 66 22 Wasa
841 1400 36 22 län
898 1402 9 20 1

159 1434 62 21 mark
237 1434 26 20 18
278 1433 65 27 penni
361 1433 40 21 och
419 1432 8 21 i
445 1431 119 29 Uleäborgs
581 1432 37 21 län
634 1434 10 19 1
660 1433 61 21 mark
739 1435 28 19 42
785 1435 75 26 penni;
878 1435 32 21 &f-

159 1474 86 15 vensom
259 1467 7 21 i
281 1466 134 22 förhållande
430 1466 71 22 dertill
515 1465 14 23 å
543 1466 73 28 hvarje
630 1466 119 23 tiondedels
763 1467 64 23 skatt.
