1020 1659
318 123 71 24 Nådiga
401 125 133 21 Propositionen
546 125 34 17 N:o
594 126 26 15 18.
787 125 33 16 885

96 187 167 28 obligationerne
281 186 67 22 skulle
366 187 108 27 ,utställas
492 188 33 21 till
542 188 122 28 säljarene*,
683 186 24 22 sä
727 188 43 21 kan
792 188 50 22 den-

95 221 82 22 samma
192 221 57 28 gifva
263 220 114 29 anledning
391 221 33 21 till
439 222 41 21 den
494 222 94 28 tydning,
604 223 33 20 att
651 222 26 22 de
690 222 47 21 icke
752 222 91 22 alleräst

95 255 68 21 skulle
185 256 7 20 i
213 254 111 29 betalning
345 255 92 28 utgifvas
458 255 33 21 till
513 256 99 27 säljaren,
635 258 51 19 utan
708 256 61 21 äfven
790 263 53 14 vara

95 289 77 22 ställde
187 288 28 28 pä
229 289 54 21 hans
298 294 64 16 nanin
378 289 39 21 och
433 289 18 27 ej
466 289 33 21 till
513 289 158 21 innehafvaren.
700 289 34 22 Då
748 290 94 21 emeller-

95 323 32 21 tid
142 323 142 28 obligationer
298 323 77 21 ställde
392 323 33 20 till
442 323 151 22 innehafvaren
611 323 49 21 vida
677 323 78 22 lättare
773 323 70 22 cirku-

95 358 45 21 lera
155 365 50 14 man
220 357 41 22 och
274 364 51 14 man
340 357 89 22 emellan
444 358 40 21 och
501 357 84 22 derföre
599 357 87 28 betinga
700 357 70 22 bättre
784 357 58 26 kurs,

96 399 50 15 anse
165 391 121 22 Ständerna
304 391 34 22 för
356 391 65 28 gifvet
440 393 32 20 att
489 392 112 27 meningen
619 391 47 22 icke
683 392 42 21 kan
739 399 52 14 vara
805 399 38 14 an-

95 432 49 19 nan,
160 427 27 20 än
202 427 32 20 att
251 425 60 22 desse
326 425 145 28 obligationer,
487 433 46 14 som
547 425 7 21 i
568 425 67 28 liqvid
648 425 92 28 utgifvas
755 426 33 21 till
802 427 41 20 säl-

93 460 81 28 jarene,
190 460 60 21 skola
264 467 52 14 vara
331 459 77 22 ställde
423 460 31 21 till
468 459 157 22 innehafvaren.
651 459 61 22 Hvad
727 460 65 22 sedan
807 460 36 22 be-

96 494 77 22 träffar
191 494 107 29 uttrycket
316 494 101 28 ,löpande
435 495 49 20 med
502 494 41 21 fem
561 496 100 25 procents
679 495 62 21 ränta
759 495 40 21 och
817 502 27 15 en

95 531 100 26 procents
214 528 55 29 årlig
287 529 167 28 ammortering",
469 529 65 22 hafva
552 528 119 22 Ständerna
686 531 53 20 trott
753 529 91 28 afsigten

97 563 86 22 dermed
201 563 19 28 ej
239 571 52 14 vara
309 565 33 20 att
360 562 13 23 å
390 563 168 28 obligationerne
576 563 55 22 skall
648 563 82 22 betalas
748 571 27 14 en
790 563 54 29 årlig

96 598 97 21 annuitet
207 597 24 22 af
244 599 12 20 6
272 600 95 25 procent,
384 600 53 19 utan
456 599 31 20 att
506 597 69 22 denna
593 598 96 21 annuitet
707 598 53 21 skall
775 598 69 28 erläg-

96 639 38 22 gas
152 633 25 21 af
192 633 114 26 bönderne,
325 639 48 14 men
391 632 168 28 obligationerne
576 632 51 28 löpa
644 633 48 20 med
711 633 12 20 5
744 635 100 25 procents

95 669 64 19 ränta
173 669 56 19 samt
243 668 139 20 ammorteras
398 673 76 21 genom
488 667 115 27 utlottning
618 667 33 20 till
665 665 25 23 så
700 669 55 19 stort
765 667 79 28 belopp

96 709 46 14 som
156 701 120 22 böndernes
294 700 69 28 årliga
380 701 158 28 afbetalningar
556 701 25 21 af
593 702 12 19 6
620 703 90 24 procent
724 700 13 22 å
751 702 94 20 hemma-

95 743 52 14 nens
169 735 131 28 löseskilling
321 735 112 27 medgifva.
464 735 103 27 Slutligen
588 735 40 21 har
647 735 36 21 det
704 737 59 26 synts
783 735 62 22 Stän-

97 770 66 21 derna
181 770 24 21 af
217 770 45 27 vigt
280 771 32 20 att
331 768 58 23 såväl
407 770 77 21 räntan
500 769 12 21 å
527 769 168 27 obligationerne
710 776 45 15 som
771 769 74 22 annui-

95 807 95 20 teternas
207 804 79 28 belopp
305 804 18 27 ej
342 803 107 22 bestämdt
466 803 84 27 fixeras,
569 805 52 20 utan
639 805 76 20 räntan
730 803 116 22 fastställes

97 841 32 20 att
143 839 46 22 icke
204 839 115 27 öfverstiga
334 839 12 20 5
362 840 55 19 samt
435 838 156 21 annuiteternes
606 837 78 28 belopp
700 839 31 20 att
745 838 48 21 icke
807 845 38 14 un-

98 874 93 27 derstiga
210 875 12 18 6
241 875 99 25 procent;
359 875 23 26 ty
400 873 26 27 ju
447 873 66 27 högre
535 872 71 22 denna
627 873 64 20 ränta
711 873 134 25 bestämmes,

98 908 59 21 desto
172 915 60 14 mera
247 907 117 28 tryckande
377 907 42 21 blir
434 907 157 21 annuiteternes
606 906 129 28 erläggande
745 907 34 21 för
793 907 51 21 bön-

97 942 74 26 derne;
189 941 56 22 hvad
264 941 45 21 åter
328 940 68 28 angår
414 941 157 21 annuiteternes
589 940 85 27 belopp,
693 939 24 22 så
732 940 26 27 ju
780 941 66 27 högre

98 976 123 21 densamma
234 976 43 20 kan
291 975 49 21 med
354 974 123 22 nuvarande
490 975 120 20 böndernes
624 974 126 28 begifvande
765 975 81 24 ställas,

97 1010 34 21 för
145 1010 60 21 desto
220 1009 97 28 billigare
331 1009 45 27 pris
394 1009 40 20 bör
452 1008 190 28 donationsegaren
657 1007 56 22 afstå
726 1008 34 22 sin
773 1008 73 27 lägen-

97 1045 42 21 het.
151 1056 28 5 —
191 1043 120 22 Ständerna
325 1043 64 22 hafva
404 1042 84 22 derföre
503 1043 82 27 antagit
599 1042 139 22 förevarande
752 1043 95 21 moment

98 1079 48 21 med
161 1078 94 29 följande
269 1077 122 22 redaktion:

291 1111 111 29 Styrelsen
416 1118 49 22 eger
480 1113 10 20 i
504 1112 68 21 sådan
588 1111 99 21 händelse
699 1115 32 17 att
746 1111 101 29 derjemte

234 1147 68 21 under
320 1145 136 22 Ständernas
474 1147 90 27 garanti
583 1146 36 21 till
637 1146 81 28 säljare
740 1145 26 29 af
781 1145 67 21 dona-

235 1180 211 29 tionslägenheterna
459 1180 9 21 i
484 1180 109 28 betalning
607 1180 86 28 utgifva
704 1180 144 27 obligationer

236 1215 35 21 till
286 1218 30 17 ett
331 1215 157 28 sammanlagdt
507 1214 74 28 belopp
601 1214 24 29 af
639 1214 63 28 högst
716 1215 47 20 åtta
777 1213 72 29 miljo-

235 1257 38 13 ner
289 1249 61 20 mark
369 1249 108 25 nominelt,
493 1248 81 21 ställda
588 1248 33 28 pä
639 1248 156 28 innehafvaren
811 1247 38 21 och

237 1283 90 28 löpande
346 1283 47 20 med
412 1283 62 27 högst
486 1283 48 27 fem
548 1285 102 24 procents
665 1283 66 19 ränta
746 1285 55 17 samt
815 1282 34 19 in-

237 1317 93 24 lösbara,
354 1316 54 29 efter
431 1315 87 22 skeende
539 1315 126 28 utlottning,
689 1315 35 20 till
746 1315 25 20 så
793 1318 55 17 stort

237 1351 73 28 belopp
326 1351 91 27 årligen,
434 1357 44 13 som
497 1349 96 29 betingas
609 1349 26 28 af
648 1349 40 21 den
702 1349 98 21 annuitet
815 1356 34 13 om

235 1386 65 20 minst
320 1383 14 21 6
348 1387 98 25 procent,
466 1383 105 22 bönderne
589 1384 10 20 i
617 1384 67 20 ränta
703 1383 38 21 och
756 1382 93 30 kapital-

237 1420 133 28 afbetalning
393 1420 14 20 &
429 1419 40 21 den
490 1422 44 18 mot
554 1417 170 29 obligationerne
743 1418 105 22 svarande

237 1454 59 22 delen
312 1454 25 29 af
351 1453 158 29 löseskillingen
524 1454 98 27 erlägga.
