1017 1667
335 108 70 24 Nädiga
416 110 135 22 Propositionen
563 110 35 22 N:o
611 110 27 16 21.
805 110 32 16 961

112 180 26 15 en
152 174 42 22 viss
212 173 149 29 förmögenhet
378 173 52 23 eller
444 174 42 22 viss
504 173 54 29 ärlig
576 174 93 22 inkomst
686 174 8 20 i
708 174 36 22 lön
759 174 51 22 eller
824 173 36 23 be-

110 207 96 29 nädning
220 208 40 22 och
276 208 81 22 således
372 210 24 20 är
410 209 8 20 i
436 208 84 22 tillfälle
538 210 32 20 att
588 208 98 22 anskaffa
704 208 36 22 det
758 209 34 21 för
809 208 52 22 ned-

111 243 121 27 sättningen
247 242 141 28 erforderliga
401 243 213 27 penningebeloppet,
633 244 111 20 hvaremot
762 242 43 22 alla
824 250 36 14 an-

111 276 46 27 dra,
176 284 46 14 som
239 277 7 20 i
263 276 90 28 behörig
371 276 91 28 ordning
480 277 72 27 styrka
570 278 33 20 sin
621 277 119 27 fattigdom,
760 278 37 24 äro
813 276 49 22 frän

110 311 41 21 slik
166 311 62 27 afgift
242 310 35 22 för
290 311 197 21 revisionssökande
501 311 101 21 befriade.
632 310 34 22 Då
682 311 35 21 det
731 312 25 20 är
774 312 32 20 att
824 311 36 21 be-

110 345 48 22 fara
172 347 38 25 att,
226 352 35 14 om
275 345 187 27 revisionsskilling
478 345 135 26 afskaffades,
629 345 83 27 Högsta
726 345 136 22 Domstolens

110 380 74 21 arbete
199 379 67 21 skulle
282 380 51 20 ökas
348 380 8 20 i
369 380 67 27 högre
454 380 53 26 grad
527 380 27 20 än
572 380 49 20 med
639 378 133 28 göromälens
788 379 74 27 jemna

110 414 57 28 gäng
184 421 50 15 vore
252 414 107 28 förenligt,
381 413 68 22 mäste
467 414 34 21 väl
523 414 59 22 detta
604 414 128 21 hämmande
753 413 58 22 band
832 412 30 29 pä

109 448 157 28 trätlystnaden
284 447 130 28 bibehållas;
432 455 49 15 men
496 448 40 22 den
551 456 89 17 summa,
656 455 46 15 som
715 456 30 13 nu
759 448 34 21 till
806 448 55 22 revi-

109 482 144 28 sionsskilling
268 482 114 26 erfordras,
398 490 61 20 synes
474 483 72 21 kunna
560 482 104 28 betydligt
678 482 116 26 nedsättas,
809 484 53 20 utan

109 519 33 20 att
157 516 125 22 förberörde
297 516 100 22 ändamål
414 516 93 22 förfelas.
537 517 43 21 Det
596 517 69 21 blefve
684 517 122 27 derigenom
820 517 42 21 lät-

109 554 48 19 tare
171 551 34 22 för
220 551 41 21 den
278 551 83 21 mindre
378 551 125 21 bemedlade
518 553 32 19 att
564 551 73 21 kunna
651 551 67 21 anlita
732 552 77 26 högsta
824 551 37 22 do-

109 586 155 26 maremakten;
284 585 40 21 och
343 584 28 22 dä
389 586 67 21 andra
474 587 73 25 parter
565 586 28 20 än
612 585 32 25 de,
663 592 46 14 som
728 585 73 21 dertill
821 592 41 20 ega

109 619 96 29 tillgäng,
221 620 19 27 ej
255 620 91 21 behöfva
360 620 99 21 nedsätta
473 619 188 28 revisionsskilling
676 620 40 20 och
731 620 129 26 densamma,

109 655 8 21 i
131 654 39 22 fall
187 654 83 28 Högsta
287 654 125 22 Domstolen
430 654 78 21 ändrar
526 654 124 21 Hofrättens
669 654 56 26 dom,
744 653 80 23 äterfäs
838 654 26 21 af

109 689 218 26 revisionssökanden,
349 689 85 21 hvilken
456 688 82 22 säledes
559 689 47 21 icke
628 688 92 22 förlorar
741 687 66 29 nägot
826 696 35 14 om

109 725 44 21 han
170 724 8 21 i
196 724 65 21 saken
279 724 41 20 har
338 725 49 25 rätt,
406 725 53 20 utan
476 723 56 21 blott
550 723 73 21 ställer
642 730 25 14 en
685 723 82 27 borgen
789 722 72 22 derför

110 760 32 20 att
159 759 51 25 han,
228 758 128 22 åtminstone
375 758 53 22 efter
450 765 53 20 egen
524 757 144 28 uppfattning,
691 758 47 21 icke
758 757 102 22 besvärar

108 793 78 27 högsta
204 792 174 22 domaremakten
396 792 8 21 i
422 792 101 28 oträngdt
540 792 49 26 mäl,
608 792 62 21 torde
692 792 114 28 anledning
827 792 34 21 till

109 828 76 21 hittills
206 827 101 27 förspord
328 826 79 28 klagan
429 826 58 22 öfver
511 826 125 28 uppställda
656 827 77 21 hinder
755 828 33 20 att
809 826 52 22 söka

109 862 89 22 rättvisa
213 862 46 21 icke
274 862 73 21 vidare
362 860 121 26 förefinnas,
499 868 34 14 om
544 860 225 28 revisionsskillingens
780 860 78 28 belopp

108 896 109 22 nedsättes
232 896 33 22 till
279 896 91 26 hälften;
385 896 88 21 hvarom
488 895 80 29 förslag
582 895 58 29 förty
653 896 40 20 här
707 895 83 21 införts.

177 931 11 21 I
203 931 99 21 afseende
317 930 13 21 ä
344 930 202 26 revisionssökande,
561 932 53 19 utan
628 930 194 28 revisionsskilling,
834 931 26 21 är

108 966 9 21 i
135 966 43 27 68
198 967 26 19 30
242 966 48 27 kap.
309 964 209 28 Rättegängsbalken
540 965 101 27 stadgadt
658 966 33 20 att
709 964 47 27 den,
775 964 85 22 hvilken

109 1002 25 20 är
152 999 24 23 sä
194 1000 63 28 fattig
275 1002 32 19 att
324 1000 44 21 han
386 1000 18 27 ej
424 1007 50 20 eger
492 1000 7 20 i
516 1000 42 21 löst
576 999 40 21 och
634 999 42 21 fast
691 999 59 27 gods,
766 1006 45 14 som
825 999 35 21 för

110 1036 50 27 gäld
178 1035 19 28 ej
219 1034 78 26 häftar,
316 1034 127 22 femhundra
462 1034 64 26 daler,
544 1033 42 27 mä,
605 1036 52 19 utan
678 1033 126 28 penningar,
827 1033 33 21 till

108 1070 84 28 Högsta
206 1070 123 21 Domstolen
346 1070 66 26 draga
427 1069 41 21 den
483 1070 44 25 sak,
542 1070 63 20 hvars
620 1068 132 28 fullföljande
768 1068 60 28 eljest
839 1068 19 28 ej

110 1106 25 20 är
151 1103 78 23 tillåtet
246 1106 53 20 utan
320 1103 193 28 revisionsskilling.
543 1102 33 22 Då
595 1102 63 22 likväl
676 1102 184 22 revisionsskillin-

109 1147 51 20 gens
178 1139 78 27 belopp
276 1140 80 20 ansetts
374 1138 54 21 böra
446 1138 114 26 nedsättas,
580 1145 62 20 synes
660 1138 40 21 ock
719 1137 40 21 den
781 1137 78 21 förmö-

109 1174 177 28 genhetssumma,
302 1180 46 14 som
361 1172 107 21 härintills
485 1172 83 28 utgjort
581 1172 68 21 vilkor
663 1172 35 21 för
712 1171 148 28 skyldigheten

110 1210 32 20 att
156 1208 88 27 erlägga
258 1206 194 28 revisionsskilling,
467 1206 94 28 skäligen
575 1206 73 21 kunna
664 1205 100 27 minskas,
780 1206 40 21 och
835 1207 25 20 är

109 1243 57 27 förty
181 1242 115 27 föreslaget
311 1243 32 20 att
358 1241 46 26 den,
420 1241 63 21 hvars
497 1240 101 22 behällna
611 1240 149 28 förmögenhet
774 1240 18 28 ej
804 1247 55 20 upp-

110 1276 39 28 går
166 1277 34 21 till
216 1276 118 21 trehundra
357 1275 59 21 daler
438 1276 51 20 eller
510 1275 128 21 femhundra
658 1274 112 28 sjuttiosex
790 1274 68 26 mark,

109 1309 36 22 må
159 1317 52 14 vara
225 1309 49 21 från
288 1308 197 27 revisionsskillings
500 1308 128 26 erläggande
644 1308 33 20 fri.
707 1307 78 21 Likaså
802 1308 65 23 lärer,

110 1346 31 19 ett
158 1343 177 27 undanrödjande
352 1342 24 21 af
393 1342 40 20 den
456 1340 100 28 omgång,
579 1342 101 20 hvarmed
702 1340 100 22 anhållan
824 1348 35 14 om

109 1377 100 23 tillåtelse
226 1378 34 21 till
277 1376 196 22 revisionssökande
490 1375 29 28 på
537 1376 69 21 denna
620 1377 46 26 väg,
683 1375 66 28 enligt
767 1383 29 13 nu
814 1375 45 28 gäl-

109 1413 63 22 lande
187 1412 139 28 stadganden,
338 1413 24 19 är
376 1411 105 25 förenadt,
496 1410 72 22 kunna
583 1418 61 14 anses
658 1410 50 22 fullt
721 1410 137 28 berättigadt,

110 1455 35 15 om
162 1447 64 22 likväl
244 1446 120 29 skyldighet
381 1445 34 22 för
433 1445 108 22 sökanden
559 1447 32 20 att
609 1444 122 29 uppteckna
748 1444 33 23 sin
796 1452 62 21 egen-
