1014 1664
327 92 72 24 Nådiga
410 93 137 23 Propositionen
559 94 34 18 N:o
607 95 26 16 15.
798 96 34 17 775

140 201 38 23 3:o
194 203 36 21 till
243 202 95 23 idkande
353 204 25 28 af
392 202 205 30 kontingenthandel
625 220 6 6 .
654 220 6 6 .
682 220 6 6 .
710 222 6 5 .|
751 207 27 20 80
812 219 29 4 |—

140 235 34 23 4:o
191 238 35 20 till
240 238 127 20 inrättande
383 238 27 28 af
421 238 114 26 värdshus,
551 238 104 30 kaffehus,
671 238 46 23 käl-

170 271 52 26 lare,
239 271 107 21 traktörs-
361 272 52 20 eller
429 280 71 13 annan
515 272 60 29 dylik
589 274 83 20 rörelse
687 274 29 21 el-

169 305 31 21 ler
216 301 93 39 näring,
321 306 95 21 hvarmed
430 306 93 28 burskap
536 307 20 29 ej
567 308 28 20 är
601 307 114 29 förenadt,

168 340 52 20 eller
236 342 34 18 att
284 340 61 21 hålla
360 339 82 29 biljard
453 342 10 19 i
473 341 49 21 stad
533 342 52 20 eller
591 342 34 27 på
637 342 78 26 landet,

169 374 55 28 efter
238 375 118 28 näringens
372 374 147 29 beskaffenhet
527 376 59 28 från
596 374 13 22 5
621 376 35 21 till
670 375 45 23 100

168 408 70 21 mark.

140 442 34 21 5:0
198 442 161 29 tillståndsbref
375 444 52 21 eller
444 444 106 28 fullmakt
565 444 43 29 för
630 444 84 22 sockne-

168 476 159 22 handtverkare
343 477 39 21 och
399 478 160 28 gerningsman,
576 481 33 17 att
619 479 34 27 på
668 479 47 21 lan-

168 510 36 21 det
217 510 53 22 idka
286 511 119 21 handtverk
425 528 4 4 «
458 528 1 4 <
538 528 62 6 sosse
623 528 33 5 sc
680 528 34 6 ca
763 514 12 20 2
810 525 28 4 |—-

140 544 36 22 6:0
185 546 42 28 för
242 546 234 26 handtverksmästare,
488 550 32 18 att
530 546 33 29 pä
577 546 74 22 landet
661 547 53 21 idka

166 580 82 28 näring
264 580 39 21 och
318 580 60 22 hålla
393 588 52 21 egen
459 581 107 27 verkstad,
576 581 59 29 från
648 580 14 22 5
678 582 35 21 till

166 613 25 21 15
205 614 69 22 mark.

109 648 603 30 Provisorsbref
345 644 37 39 <.
550 648 162 30 L]
762 652 12 19 2
797 652 39 19 [|—

110 682 121 29 Sjöpass,
247 690 20 14 se
278 690 70 22 pass.

109 716 296 30 Skattebref
282 712 16 39 å
309 716 96 30 rusthäll
426 734 2 5 .
451 734 62 6 «ss
593 734 119 6 000]
760 720 14 20 4
807 731 29 3 1—

189 761 11 11 ”
280 752 14 21 å
310 752 97 21 hemman
423 768 5 5 .
507 768 204 6 0000000]
761 755 12 20 2
807 766 28 3 |—

110 785 156 31 Skiljobref
278 787 10 20 i
296 786 104 30 fästning
416 787 53 21 eller
485 786 127 30 äktenskap:

131 821 43 29 för
189 821 175 28 ständspersoner
394 836 5 6 .
425 836 31 7 ss
483 837 30 5 sc
536 837 33 5 ss
592 838 34 5 vv
649 838 35 6 e.
717 819 24 36 |]
761 823 12 20 5
808 835 28 3 [|—-

131 856 43 28 för
190 856 70 28 öfrige
275 855 187 22 samhällsklasser
483 872 2 4 «
536 871 62 6 «ss.
649 872 6 6 sc
706 872 5 6 sd
761 858 11 20 1
807 870 29 3 [—

111 888 257 31 Tillståndsbiljett,
385 897 20 14 se
417 898 70 21 pass.

111 922 303 24 Tillståndsresolution
429 925 38 21 och
483 924 67 30 bref,
566 932 20 14 se
601 928 110 18 natura-

138 959 139 21 lisations-
292 959 39 21 och
341 959 218 29 privilegiebref.

111 991 221 31 Transportbref,
348 1000 20 14 se
377 993 138 29 fullmakt.

113 1026 85 30 Vapen
213 1028 38 21 och
265 1028 262 28 vapenförändring,
541 1035 21 14 se
577 1028 105 28 diplom.

109 1057 83 33 Öppet
214 1062 58 30 bref
290 1063 13 21 å
320 1062 203 22 utmärkelsetecken
534 1063 43 29 för
596 1062 114 29 oförvitlig

138 1097 64 28 tjenst
223 1097 613 22 EA
758 1093 18 36 5
794 1093 45 36 |—

449 1168 13 28 $
478 1166 21 23 6.

164 1216 140 30 Afhandling
320 1217 89 21 emellan
425 1216 92 22 enskilde
530 1223 105 22 personer
650 1220 55 18 samt
710 1216 136 30 förbindelse

97 1251 39 22 och
155 1259 72 13 annan
244 1251 73 29 skrift,
340 1258 45 14 som
403 1251 26 28 af
445 1250 82 23 enskild
541 1258 51 13 man
605 1251 109 29 utfärdas,
729 1251 37 20 mä
780 1251 67 28 skrif-

96 1294 38 13 vas
145 1287 33 26 pä
194 1285 130 28 ostämpladt
335 1292 92 21 papper,
442 1293 47 12 men
500 1285 46 26 bör,
558 1285 29 20 dä
599 1285 36 20 den
647 1286 81 27 företes
740 1285 37 21 vid
788 1285 58 21 dom-

97 1319 43 21 stol
161 1319 52 20 eller
236 1319 207 28 embetsmyndighet,
459 1319 74 28 förses
555 1318 47 21 med
625 1318 117 28 stämpladt
759 1325 86 21 papper

97 1354 53 21 eller
168 1351 181 30 stämpelmärken
368 1353 25 28 af
410 1352 36 21 det
463 1352 74 27 värde,
557 1359 44 14 som
620 1352 42 21 här
676 1352 118 29 nedanföre
803 1352 43 29 för

97 1388 75 29 hvarje
184 1388 46 29 fall
244 1387 71 28 finnes
335 1390 79 22 utsatt;
433 1386 38 21 och
489 1388 27 20 är
534 1386 189 29 stämpelbeloppet
740 1385 106 24 bestämdt

91 1423 42 30 för
153 1423 48 22 hela
219 1422 157 29 afhandlingen
394 1422 52 21 eller
464 1421 99 30 skriften,
580 1425 54 17 utan
651 1421 97 30 afseende
766 1421 15 22 &
798 1421 47 22 dess
