1014 1661
352 53 9 8 a

321 107 72 23 Nädiga
405 109 137 21 Pposirotionen
554 109 34 17 N:o
602 110 26 16 20.
794 109 32 16 945

228 173 46 20 11:e
305 171 128 29 Uppsätligt
453 172 143 29 utspridande
615 171 27 29 af
658 172 76 27 lögner
752 171 40 22 och
804 171 47 30 fal-

169 205 39 22 ska
228 205 83 30 rykten,
334 213 45 14 som
398 206 73 29 äsyfta
489 207 154 21 allmänhetens
655 206 138 29 förvillande
812 205 39 22 och

164 240 138 29 förledande,
321 241 85 28 straffes
424 247 19 14 o.
463 247 16 15 s.
498 249 20 14 v.
536 241 45 21 lika
598 240 49 21 med
660 241 168 26 propositionen.

228 275 46 21 12:e
306 274 91 28 Vrängd
409 275 177 28 framställning,
599 275 135 28 förtydning
754 275 52 20 eller
821 277 30 17 ett

165 308 33 29 pä
209 312 30 18 ett
250 308 108 29 skymfligt
370 309 38 20 och
413 309 170 28 förolämpande
595 310 45 19 sätt
645 308 134 28 framstäldt
790 308 61 21 klan-

168 343 40 21 der
231 344 25 28 af
276 343 275 29 styrelsemyndigheternas
571 342 106 29 åtgärder
696 350 19 14 o.
734 350 16 14 s.
769 350 19 14 v.
806 342 45 21 lika

168 377 49 22 med
231 378 168 27 propositionen.

348 418 83 21 13—17
446 425 63 14 mom.
525 416 149 23 oförändrade.

443 463 25 28 88
485 463 90 22 32—36.

432 502 154 23 Oförändrade.

355 564 8 4 v
479 554 12 28 8
507 555 32 20 36.

226 596 76 28 Utgär,
317 596 7 21 i
338 596 85 23 hvilken
437 596 102 22 händelse
553 596 150 28 efterföljande
714 596 137 28 paragrafers

169 630 152 28 nummerföljd
335 630 86 22 ändras.

484 664 51 22 eller

230 698 41 22 Vid
285 700 136 28 pröfningen
440 699 69 29 deraf,
525 699 109 21 huruvida
649 699 72 28 någon
736 699 26 28 af
775 699 25 21 de
814 699 10 20 i
838 698 13 28 $

169 732 27 22 31
213 733 96 21 nämnda
322 734 147 29 förbrytelser
487 733 56 22 skall
561 740 60 14 anses
642 733 66 29 hafva
726 732 74 29 blifvit
818 732 34 21 be-

169 768 91 29 gången,
281 768 40 21 bör
339 768 110 26 domaren,
468 771 53 17 utan
539 768 109 28 rättighet
666 770 33 18 att
714 767 71 29 draga
799 766 53 29 god-

170 802 96 29 tyckliga
284 803 113 21 slutsatser
417 802 25 28 af
457 802 118 29 uttrycken,
595 802 65 21 alltid
672 802 65 28 fästa
755 800 97 30 afseende

170 837 75 21 endast
258 837 30 28 på
303 837 103 28 skriftens
420 843 28 14 ur
460 836 149 29 ordalydelsen
615 835 145 29 framgående
772 841 80 22 uppen-

170 871 56 22 bara
244 872 86 28 mening
348 871 39 21 och
402 871 154 29 sammanhang
571 873 55 18 samt
640 871 10 20 i
658 869 53 29 fall,
727 877 44 14 som
786 872 66 25 tvety-

170 906 54 29 diga
238 913 69 22 synas,
323 906 66 21 hellre
399 905 52 28 fria
467 906 28 21 än
504 905 68 29 fälla.

458 974 22 17 "7
492 975 72 21 kap.

434 1004 151 23 Oförändradt.

458 1061 23 16 s
494 1060 73 21 kap.

455 1098 11 27 8
482 1098 90 20 55—061.

434 1136 154 22 Oförändrade.

483 1183 12 27 s
511 1183 32 20 62.

229 1222 85 26 Önskar
338 1226 106 20 svarande
465 1226 10 20 i
497 1224 185 30 tryckfrihetsmål
700 1224 97 22 rörande
816 1232 37 13 an-

171 1268 69 22 grepp
262 1264 55 18 emot
335 1260 84 21 enskild
432 1266 81 22 person
532 1259 72 21 bevisa
623 1260 111 20 tillmälets
753 1260 99 27 sanning,

172 1296 57 28 gälle
248 1295 74 21 derom
340 1294 57 21 hvad
415 1296 10 18 i
443 1295 81 19 allmän
543 1294 36 26 lag
599 1294 38 20 och
655 1294 96 20 särskild
760 1293 94 27 förord-

172 1330 54 27 ning
245 1336 33 13 om
292 1328 60 30 falsk
372 1328 117 28 angifvelse
505 1326 38 22 och
558 1334 73 14 annan
646 1326 164 29 ärekränkning
826 1328 27 19 är

173 1362 102 30 stadgadt

461 1405 23 16 9
496 1405 72 22 kap.

438 1435 151 22 Oförändradt.
