1017 1661
315 119 71 23 Nådiga
397 120 137 22 Propositionen
546 120 35 17 N:o
594 121 26 16 15.
786 120 32 16 693

90 182 71 22 relsen
178 182 35 22 för
231 183 51 22 lots-
297 183 40 22 och
352 183 193 28 båkinrättningen,
560 178 168 33 Öfverstyrelsen
742 183 34 22 för
791 185 50 26 väg-

92 217 41 22 och
151 217 307 22 vattenkommunikationerne
469 217 67 28 jemte
551 217 104 22 Cheferne
668 217 34 21 för
717 217 73 22 Saima
804 218 36 21 ka-

92 251 38 22 nal
144 252 41 21 och
197 251 125 28 jernvägen,
336 251 172 28 Bergsstyrelsen
520 252 66 27 jemte
600 251 104 22 kontroll-
718 251 40 22 och
773 253 69 26 mynt-

92 285 85 26 verken,
194 276 167 41 Öfverstyrelsen
375 285 34 21 för
423 285 157 27 pressärender,
596 286 114 20 Allmänna
723 286 119 20 Revisions-

92 320 78 24 rätten,
192 318 251 28 Krigskommissariatet,
465 319 267 27 Kartasigillatakontoret,
750 319 92 21 Alexan-

94 352 220 22 ders-Universitetets
332 352 164 28 Konsistorium,
514 353 180 25 Rektorsembete,
712 353 130 27 Fakulteter,

93 387 245 22 Examinationsutskott
344 387 41 21 och
392 387 212 26 Ekonomiedivision,
612 387 157 27 Domkapitlen,
779 386 63 29 Gym-

93 421 110 22 nasiernes
221 421 182 22 rektorsembeten
422 421 40 21 och
480 421 178 27 lärarekollegier,
675 417 169 32 Öfverstyrelsen

94 455 40 22 och
154 450 190 33 Öfverinspektorn
361 455 35 21 för
414 455 150 26 folkskolorna,
579 455 139 28 Inspektören
733 455 34 21 för
781 455 62 22 fiske-

94 490 76 25 rierne,
190 490 152 21 Direktörerne
355 489 35 22 för
404 491 81 20 statens
498 489 137 22 landtbruks-
650 490 40 21 och
705 489 139 22 forstinstitu-

94 526 40 24 ter,
152 523 279 27 Manufakturdirektionen,
450 523 161 22 Direktionerne
628 524 34 21 för
676 524 99 22 tekniska
789 525 55 21 real-

94 560 58 20 samt
162 558 240 28 navigationsskolorna,
414 558 260 26 Riddarhusdirektionen,
681 558 163 22 Direktionerne

95 593 34 21 för
143 592 68 22 finska
226 593 124 26 militärens,
365 593 129 21 civilstatens
509 594 55 20 samt
580 592 141 22 ecklesiastik-
737 593 40 21 och
788 593 56 21 skol-

96 629 81 20 statens
196 627 61 22 enke-
273 628 40 21 och
327 627 149 28 pupillkassor,
492 628 162 21 Direktionerne
668 627 36 22 för
718 626 126 28 dårvården,

96 662 109 22 allmänna
222 662 58 28 sjuk-
299 662 40 22 och
356 662 115 27 kurhusen,
490 662 129 28 spinnhusen
638 664 55 20 samt
707 662 82 22 arbets-
804 662 41 22 och

96 696 310 28 korrektionsinrättningarne.

164 747 73 22 Femte
259 748 151 29 afdelningen:
431 748 101 26 Härads-,
550 748 152 28 Egodelnings-
722 748 40 21 och
780 748 65 22 Käm-

96 784 124 25 nersrätter,
242 782 68 23 Polis-
332 783 40 21 och
393 782 199 26 Auktionskamrar,
610 783 112 21 städernas
740 782 105 27 handels-,

96 817 140 22 handtverks-
258 817 40 21 och
320 817 68 21 andra
406 817 196 26 sammankomster,
621 816 74 22 dervid
712 816 134 28 Magistrats-

96 858 79 21 person
194 850 13 22 å
226 851 103 28 tjenstens
347 852 81 27 vägnar
446 852 24 20 är
488 851 138 26 närvarande,
642 851 134 21 Tullkamrar
791 853 56 19 samt

97 885 43 22 alla
158 885 69 22 andra
244 885 69 22 under
328 885 26 21 de
368 885 68 27 högre
450 885 161 27 afdelningarne
625 885 47 21 icke
687 884 101 22 särskildt
802 892 44 14 om-

97 920 93 21 nämnde
208 919 138 26 embetsverk,
361 919 147 28 myndigheter
523 919 41 22 och
577 919 135 27 tjenstemän,
727 918 69 23 såvidt
810 919 37 22 be-

96 953 73 22 frielse
183 953 49 22 från
246 954 120 28 skyldighet
380 955 33 20 att
427 954 87 21 kartera
528 953 134 28 handlingar,
678 961 45 14 som
738 953 33 22 till
786 953 62 22 dessa

96 987 91 28 ingifvas
206 988 52 21 eller
277 987 25 22 af
318 988 48 21 dem
382 987 106 27 utfärdas,
505 988 46 21 icke
566 987 69 22 finnes
649 988 7 20 i
672 988 70 21 denna
755 987 92 22 Förord-

97 1022 51 28 ning
163 1021 142 28 uttryckligen
320 1021 125 28 medgifven.

167 1073 41 21 Vid
227 1073 43 22 alla
288 1073 155 22 ofvannämnde
457 1073 51 22 verk
523 1073 40 22 och
577 1073 148 28 myndigheter
740 1072 108 29 begagnas

98 1107 117 28 stämpladt
235 1114 84 20 papper
341 1107 51 21 eller
413 1107 191 28 kartabeläggning
626 1107 25 21 af
666 1107 182 27 nedanupptagna

98 1142 71 25 värde,
191 1142 120 20 beräknadt
332 1142 34 20 för
383 1142 63 20 hvart
464 1142 44 25 ark,
527 1141 78 22 hvaraf
620 1141 74 27 hvarje
712 1140 55 22 skild
786 1141 62 21 skrift

99 1176 51 22 eller
164 1175 103 29 handling
282 1177 93 26 utgöres,
390 1174 100 23 sålunda:
