<?xml version="1.0" encoding="UTF-8"?>
<alto xmlns="http://www.loc.gov/standards/alto/ns-v3#" xmlns:xlink="http://www.w3.org/1999/xlink" xmlns:xsi="http://www.w3.org/2001/XMLSchema-instance" xsi:schemaLocation="http://www.loc.gov/standards/alto/ns-v3# http://www.loc.gov/alto/v3/alto-3-0.xsd">
	<Description>
		<MeasurementUnit>pixel</MeasurementUnit>
		<sourceImageInformation>
			<fileName>/tmp/tess_b7z_zyuh_input.PNG</fileName>
		</sourceImageInformation>
		<OCRProcessing ID="OCR_0">
			<ocrProcessingStep>
				<processingSoftware>
					<softwareName>tesseract 5.3.4</softwareName>
				</processingSoftware>
			</ocrProcessingStep>
		</OCRProcessing>
	</Description>
	<Layout>
		<Page WIDTH="1014" HEIGHT="1667" PHYSICAL_IMG_NR="0" ID="page_0">
			<PrintSpace HPOS="0" VPOS="0" WIDTH="1014" HEIGHT="1667">
				<ComposedBlock ID="cblock_0" HPOS="109" VPOS="95" WIDTH="751" HEIGHT="196">
					<TextBlock ID="block_0" HPOS="109" VPOS="95" WIDTH="751" HEIGHT="196">
						<TextLine ID="line_0" HPOS="331" VPOS="95" WIDTH="506" HEIGHT="23">
							<String ID="string_0" HPOS="331" VPOS="95" WIDTH="72" HEIGHT="23" WC="0.92" CONTENT="Nådiga"/><SP WIDTH="12" VPOS="95" HPOS="403"/>
							<String ID="string_1" HPOS="415" VPOS="96" WIDTH="137" HEIGHT="22" WC="0.95" CONTENT="Propositionen"/><SP WIDTH="12" VPOS="96" HPOS="552"/>
							<String ID="string_2" HPOS="564" VPOS="96" WIDTH="35" HEIGHT="17" WC="0.95" CONTENT="N:o"/><SP WIDTH="14" VPOS="96" HPOS="599"/>
							<String ID="string_3" HPOS="613" VPOS="96" WIDTH="26" HEIGHT="16" WC="0.96" CONTENT="15."/><SP WIDTH="166" VPOS="96" HPOS="639"/>
							<String ID="string_4" HPOS="805" VPOS="97" WIDTH="32" HEIGHT="16" WC="0.96" CONTENT="781"/>
						</TextLine>
						<TextLine ID="line_1" HPOS="111" VPOS="158" WIDTH="749" HEIGHT="30">
							<String ID="string_5" HPOS="111" VPOS="160" WIDTH="84" HEIGHT="28" WC="0.95" CONTENT="läggas,"/><SP WIDTH="19" VPOS="160" HPOS="195"/>
							<String ID="string_6" HPOS="214" VPOS="159" WIDTH="76" HEIGHT="21" WC="0.91" CONTENT="endast"/><SP WIDTH="18" VPOS="159" HPOS="290"/>
							<String ID="string_7" HPOS="308" VPOS="158" WIDTH="151" HEIGHT="30" WC="0.90" CONTENT="karteringens"/><SP WIDTH="18" VPOS="158" HPOS="459"/>
							<String ID="string_8" HPOS="477" VPOS="160" WIDTH="165" HEIGHT="28" WC="0.96" CONTENT="sammanlagda"/><SP WIDTH="14" VPOS="160" HPOS="642"/>
							<String ID="string_9" HPOS="656" VPOS="160" WIDTH="67" HEIGHT="21" WC="0.96" CONTENT="värde"/><SP WIDTH="14" VPOS="160" HPOS="723"/>
							<String ID="string_10" HPOS="737" VPOS="163" WIDTH="123" HEIGHT="19" WC="0.96" CONTENT="motsvarar"/>
						</TextLine>
						<TextLine ID="line_2" HPOS="109" VPOS="193" WIDTH="751" HEIGHT="30">
							<String ID="string_11" HPOS="109" VPOS="194" WIDTH="36" HEIGHT="21" WC="0.96" CONTENT="det"/><SP WIDTH="19" VPOS="194" HPOS="145"/>
							<String ID="string_12" HPOS="164" VPOS="194" WIDTH="104" HEIGHT="28" WC="0.95" CONTENT="stadgade"/><SP WIDTH="20" VPOS="194" HPOS="268"/>
							<String ID="string_13" HPOS="288" VPOS="193" WIDTH="104" HEIGHT="29" WC="0.96" CONTENT="beloppet."/><SP WIDTH="29" VPOS="193" HPOS="392"/>
							<String ID="string_14" HPOS="421" VPOS="194" WIDTH="36" HEIGHT="20" WC="0.79" CONTENT="Är"/><SP WIDTH="18" VPOS="194" HPOS="457"/>
							<String ID="string_15" HPOS="475" VPOS="194" WIDTH="121" HEIGHT="28" WC="0.96" CONTENT="ansökning"/><SP WIDTH="9" VPOS="194" HPOS="596"/>
							<String ID="string_16" HPOS="605" VPOS="194" WIDTH="95" HEIGHT="29" WC="0.95" CONTENT="försedd"/><SP WIDTH="14" VPOS="194" HPOS="700"/>
							<String ID="string_17" HPOS="714" VPOS="194" WIDTH="48" HEIGHT="21" WC="0.96" CONTENT="med"/><SP WIDTH="15" VPOS="194" HPOS="762"/>
							<String ID="string_18" HPOS="777" VPOS="195" WIDTH="24" HEIGHT="21" WC="0.96" CONTENT="så"/><SP WIDTH="16" VPOS="195" HPOS="801"/>
							<String ID="string_19" HPOS="817" VPOS="195" WIDTH="43" HEIGHT="28" WC="0.96" CONTENT="hög"/>
						</TextLine>
						<TextLine ID="line_3" HPOS="109" VPOS="228" WIDTH="751" HEIGHT="29">
							<String ID="string_20" HPOS="109" VPOS="228" WIDTH="66" HEIGHT="21" WC="0.96" CONTENT="karta"/><SP WIDTH="18" VPOS="228" HPOS="175"/>
							<String ID="string_21" HPOS="193" VPOS="231" WIDTH="33" HEIGHT="17" WC="0.95" CONTENT="att"/><SP WIDTH="18" VPOS="231" HPOS="226"/>
							<String ID="string_22" HPOS="244" VPOS="228" WIDTH="70" HEIGHT="21" WC="0.95" CONTENT="denna"/><SP WIDTH="19" VPOS="228" HPOS="314"/>
							<String ID="string_23" HPOS="333" VPOS="228" WIDTH="74" HEIGHT="21" WC="0.96" CONTENT="tillika"/><SP WIDTH="18" VPOS="228" HPOS="407"/>
							<String ID="string_24" HPOS="425" VPOS="236" WIDTH="77" HEIGHT="13" WC="0.96" CONTENT="svarar"/><SP WIDTH="19" VPOS="236" HPOS="502"/>
							<String ID="string_25" HPOS="521" VPOS="232" WIDTH="55" HEIGHT="18" WC="0.96" CONTENT="emot"/><SP WIDTH="15" VPOS="232" HPOS="576"/>
							<String ID="string_26" HPOS="591" VPOS="228" WIDTH="80" HEIGHT="22" WC="0.96" CONTENT="kartan"/><SP WIDTH="15" VPOS="228" HPOS="671"/>
							<String ID="string_27" HPOS="686" VPOS="230" WIDTH="36" HEIGHT="20" WC="0.93" CONTENT="till"/><SP WIDTH="16" VPOS="230" HPOS="722"/>
							<String ID="string_28" HPOS="738" VPOS="229" WIDTH="122" HEIGHT="28" WC="0.90" CONTENT="bilagorna,"/>
						</TextLine>
						<TextLine ID="line_4" HPOS="110" VPOS="262" WIDTH="606" HEIGHT="29">
							<String ID="string_29" HPOS="110" VPOS="262" WIDTH="91" HEIGHT="29" WC="0.92" CONTENT="behöfva"/><SP WIDTH="15" VPOS="262" HPOS="201"/>
							<String ID="string_30" HPOS="216" VPOS="262" WIDTH="25" HEIGHT="22" WC="0.96" CONTENT="de"/><SP WIDTH="15" VPOS="262" HPOS="241"/>
							<String ID="string_31" HPOS="256" VPOS="262" WIDTH="136" HEIGHT="21" WC="0.96" CONTENT="sistnämnda"/><SP WIDTH="14" VPOS="262" HPOS="392"/>
							<String ID="string_32" HPOS="406" VPOS="262" WIDTH="45" HEIGHT="21" WC="0.96" CONTENT="icke"/><SP WIDTH="15" VPOS="262" HPOS="451"/>
							<String ID="string_33" HPOS="466" VPOS="264" WIDTH="127" HEIGHT="27" WC="0.93" CONTENT="ytterligare"/><SP WIDTH="17" VPOS="264" HPOS="593"/>
							<String ID="string_34" HPOS="610" VPOS="262" WIDTH="106" HEIGHT="22" WC="0.93" CONTENT="karteras."/>
						</TextLine>
					</TextBlock>
				</ComposedBlock>
				<ComposedBlock ID="cblock_1" HPOS="109" VPOS="314" WIDTH="754" HEIGHT="284">
					<TextBlock ID="block_1" HPOS="462" VPOS="314" WIDTH="51" HEIGHT="30">
						<TextLine ID="line_5" HPOS="462" VPOS="314" WIDTH="51" HEIGHT="30">
							<String ID="string_35" HPOS="462" VPOS="316" WIDTH="12" HEIGHT="28" WC="0.93" CONTENT="$"/><SP WIDTH="18" VPOS="316" HPOS="474"/>
							<String ID="string_36" HPOS="492" VPOS="314" WIDTH="21" HEIGHT="22" WC="0.91" CONTENT="9."/>
						</TextLine>
					</TextBlock>
					<TextBlock ID="block_2" HPOS="109" VPOS="358" WIDTH="754" HEIGHT="203">
						<TextLine ID="line_6" HPOS="178" VPOS="358" WIDTH="683" HEIGHT="31">
							<String ID="string_37" HPOS="178" VPOS="358" WIDTH="146" HEIGHT="27" WC="0.90" CONTENT="Embetsverk,"/><SP WIDTH="23" VPOS="358" HPOS="324"/>
							<String ID="string_38" HPOS="347" VPOS="366" WIDTH="45" HEIGHT="14" WC="0.96" CONTENT="som"/><SP WIDTH="19" VPOS="366" HPOS="392"/>
							<String ID="string_39" HPOS="411" VPOS="360" WIDTH="36" HEIGHT="20" WC="0.93" CONTENT="till"/><SP WIDTH="12" VPOS="360" HPOS="447"/>
							<String ID="string_40" HPOS="459" VPOS="359" WIDTH="136" HEIGHT="29" WC="0.92" CONTENT="fullmakter,"/><SP WIDTH="20" VPOS="359" HPOS="595"/>
							<String ID="string_41" HPOS="615" VPOS="358" WIDTH="195" HEIGHT="28" WC="0.88" CONTENT="konstitutorialer,"/><SP WIDTH="19" VPOS="358" HPOS="810"/>
							<String ID="string_42" HPOS="829" VPOS="360" WIDTH="32" HEIGHT="29" WC="0.92" CONTENT="af-"/>
						</TextLine>
						<TextLine ID="line_7" HPOS="109" VPOS="393" WIDTH="753" HEIGHT="30">
							<String ID="string_43" HPOS="109" VPOS="393" WIDTH="71" HEIGHT="22" WC="0.92" CONTENT="skeds-"/><SP WIDTH="26" VPOS="393" HPOS="180"/>
							<String ID="string_44" HPOS="206" VPOS="394" WIDTH="38" HEIGHT="21" WC="0.93" CONTENT="och"/><SP WIDTH="23" VPOS="394" HPOS="244"/>
							<String ID="string_45" HPOS="267" VPOS="394" WIDTH="154" HEIGHT="29" WC="0.90" CONTENT="pensionsbref"/><SP WIDTH="23" VPOS="394" HPOS="421"/>
							<String ID="string_46" HPOS="444" VPOS="394" WIDTH="47" HEIGHT="21" WC="0.96" CONTENT="med"/><SP WIDTH="16" VPOS="394" HPOS="491"/>
							<String ID="string_47" HPOS="507" VPOS="394" WIDTH="55" HEIGHT="28" WC="0.82" CONTENT="flere"/><SP WIDTH="23" VPOS="394" HPOS="562"/>
							<String ID="string_48" HPOS="585" VPOS="394" WIDTH="145" HEIGHT="28" WC="0.95" CONTENT="expeditioner"/><SP WIDTH="22" VPOS="394" HPOS="730"/>
							<String ID="string_49" HPOS="752" VPOS="394" WIDTH="110" HEIGHT="29" WC="0.96" CONTENT="begagnar"/>
						</TextLine>
						<TextLine ID="line_8" HPOS="110" VPOS="428" WIDTH="752" HEIGHT="29">
							<String ID="string_50" HPOS="110" VPOS="428" WIDTH="86" HEIGHT="29" WC="0.96" CONTENT="tryckta"/><SP WIDTH="18" VPOS="428" HPOS="196"/>
							<String ID="string_51" HPOS="214" VPOS="428" WIDTH="120" HEIGHT="21" WC="0.96" CONTENT="blanketter"/><SP WIDTH="20" VPOS="428" HPOS="334"/>
							<String ID="string_52" HPOS="354" VPOS="429" WIDTH="25" HEIGHT="28" WC="0.91" CONTENT="af"/><SP WIDTH="17" VPOS="429" HPOS="379"/>
							<String ID="string_53" HPOS="396" VPOS="429" WIDTH="131" HEIGHT="28" WC="0.90" CONTENT="ostämpladt"/><SP WIDTH="14" VPOS="429" HPOS="527"/>
							<String ID="string_54" HPOS="541" VPOS="435" WIDTH="92" HEIGHT="22" WC="0.96" CONTENT="papper,"/><SP WIDTH="19" VPOS="435" HPOS="633"/>
							<String ID="string_55" HPOS="652" VPOS="429" WIDTH="86" HEIGHT="28" WC="0.95" CONTENT="åligger"/><SP WIDTH="20" VPOS="429" HPOS="738"/>
							<String ID="string_56" HPOS="758" VPOS="429" WIDTH="55" HEIGHT="21" WC="0.96" CONTENT="tillse"/><SP WIDTH="16" VPOS="429" HPOS="813"/>
							<String ID="string_57" HPOS="829" VPOS="433" WIDTH="33" HEIGHT="17" WC="0.96" CONTENT="att"/>
						</TextLine>
						<TextLine ID="line_9" HPOS="111" VPOS="463" WIDTH="752" HEIGHT="29">
							<String ID="string_58" HPOS="111" VPOS="463" WIDTH="76" HEIGHT="28" WC="0.93" CONTENT="hvarje"/><SP WIDTH="15" VPOS="463" HPOS="187"/>
							<String ID="string_59" HPOS="202" VPOS="464" WIDTH="69" HEIGHT="20" WC="0.96" CONTENT="sådan"/><SP WIDTH="15" VPOS="464" HPOS="271"/>
							<String ID="string_60" HPOS="286" VPOS="463" WIDTH="129" HEIGHT="28" WC="0.96" CONTENT="expedition,"/><SP WIDTH="15" VPOS="463" HPOS="415"/>
							<String ID="string_61" HPOS="430" VPOS="464" WIDTH="68" HEIGHT="20" WC="0.96" CONTENT="innan"/><SP WIDTH="15" VPOS="464" HPOS="498"/>
							<String ID="string_62" HPOS="513" VPOS="463" WIDTH="40" HEIGHT="22" WC="0.96" CONTENT="den"/><SP WIDTH="16" VPOS="463" HPOS="553"/>
							<String ID="string_63" HPOS="569" VPOS="463" WIDTH="35" HEIGHT="20" WC="0.96" CONTENT="till"/><SP WIDTH="15" VPOS="463" HPOS="604"/>
							<String ID="string_64" HPOS="619" VPOS="463" WIDTH="160" HEIGHT="22" WC="0.93" CONTENT="vederbörande"/><SP WIDTH="15" VPOS="463" HPOS="779"/>
							<String ID="string_65" HPOS="794" VPOS="464" WIDTH="69" HEIGHT="28" WC="0.92" CONTENT="utgif-"/>
						</TextLine>
						<TextLine ID="line_10" HPOS="111" VPOS="497" WIDTH="751" HEIGHT="30">
							<String ID="string_66" HPOS="111" VPOS="504" WIDTH="41" HEIGHT="19" WC="0.92" CONTENT="ves,"/><SP WIDTH="20" VPOS="504" HPOS="152"/>
							<String ID="string_67" HPOS="172" VPOS="497" WIDTH="13" HEIGHT="21" WC="0.89" CONTENT="å"/><SP WIDTH="19" VPOS="497" HPOS="185"/>
							<String ID="string_68" HPOS="204" VPOS="497" WIDTH="290" HEIGHT="29" WC="0.91" CONTENT="Kartasigillata-Kontoret"/><SP WIDTH="17" VPOS="497" HPOS="494"/>
							<String ID="string_69" HPOS="511" VPOS="497" WIDTH="112" HEIGHT="28" WC="0.92" CONTENT="undergår"/><SP WIDTH="15" VPOS="497" HPOS="623"/>
							<String ID="string_70" HPOS="638" VPOS="497" WIDTH="90" HEIGHT="30" WC="0.96" CONTENT="behörig"/><SP WIDTH="16" VPOS="497" HPOS="728"/>
							<String ID="string_71" HPOS="744" VPOS="499" WIDTH="118" HEIGHT="28" WC="0.96" CONTENT="stämpling"/>
						</TextLine>
						<TextLine ID="line_11" HPOS="113" VPOS="532" WIDTH="261" HEIGHT="29">
							<String ID="string_72" HPOS="113" VPOS="533" WIDTH="36" HEIGHT="20" WC="0.92" CONTENT="till"/><SP WIDTH="9" VPOS="533" HPOS="149"/>
							<String ID="string_73" HPOS="158" VPOS="532" WIDTH="119" HEIGHT="29" WC="0.92" CONTENT="faststäldt"/><SP WIDTH="15" VPOS="532" HPOS="277"/>
							<String ID="string_74" HPOS="292" VPOS="532" WIDTH="82" HEIGHT="28" WC="0.96" CONTENT="belopp."/>
						</TextLine>
					</TextBlock>
					<TextBlock ID="block_3" HPOS="456" VPOS="569" WIDTH="62" HEIGHT="29">
						<TextLine ID="line_12" HPOS="456" VPOS="569" WIDTH="62" HEIGHT="29">
							<String ID="string_75" HPOS="456" VPOS="571" WIDTH="12" HEIGHT="27" WC="0.93" CONTENT="$"/><SP WIDTH="15" VPOS="571" HPOS="468"/>
							<String ID="string_76" HPOS="483" VPOS="569" WIDTH="35" HEIGHT="22" WC="0.95" CONTENT="10."/>
						</TextLine>
					</TextBlock>
				</ComposedBlock>
				<ComposedBlock ID="cblock_2" HPOS="111" VPOS="612" WIDTH="758" HEIGHT="511">
					<TextBlock ID="block_4" HPOS="111" VPOS="612" WIDTH="758" HEIGHT="511">
						<TextLine ID="line_13" HPOS="184" VPOS="612" WIDTH="679" HEIGHT="29">
							<String ID="string_77" HPOS="184" VPOS="612" WIDTH="293" HEIGHT="29" WC="0.91" CONTENT="Kartasigillata-Kontoret"/><SP WIDTH="21" VPOS="612" HPOS="477"/>
							<String ID="string_78" HPOS="498" VPOS="613" WIDTH="129" HEIGHT="22" WC="0.96" CONTENT="tillkommer"/><SP WIDTH="23" VPOS="613" HPOS="627"/>
							<String ID="string_79" HPOS="650" VPOS="617" WIDTH="42" HEIGHT="23" WC="0.95" CONTENT="att,"/><SP WIDTH="22" VPOS="617" HPOS="692"/>
							<String ID="string_80" HPOS="714" VPOS="613" WIDTH="48" HEIGHT="22" WC="0.93" CONTENT="med"/><SP WIDTH="20" VPOS="613" HPOS="762"/>
							<String ID="string_81" HPOS="782" VPOS="612" WIDTH="81" HEIGHT="23" WC="0.81" CONTENT="taktta-"/>
						</TextLine>
						<TextLine ID="line_14" HPOS="111" VPOS="647" WIDTH="752" HEIGHT="30">
							<String ID="string_82" HPOS="111" VPOS="647" WIDTH="70" HEIGHT="30" WC="0.96" CONTENT="gande"/><SP WIDTH="16" VPOS="647" HPOS="181"/>
							<String ID="string_83" HPOS="197" VPOS="648" WIDTH="26" HEIGHT="28" WC="0.93" CONTENT="af"/><SP WIDTH="12" VPOS="648" HPOS="223"/>
							<String ID="string_84" HPOS="235" VPOS="648" WIDTH="58" HEIGHT="21" WC="0.95" CONTENT="hvad"/><SP WIDTH="15" VPOS="648" HPOS="293"/>
							<String ID="string_85" HPOS="308" VPOS="648" WIDTH="46" HEIGHT="21" WC="0.93" CONTENT="dess"/><SP WIDTH="15" VPOS="648" HPOS="354"/>
							<String ID="string_86" HPOS="369" VPOS="648" WIDTH="127" HEIGHT="27" WC="0.96" CONTENT="reglemente"/><SP WIDTH="16" VPOS="648" HPOS="496"/>
							<String ID="string_87" HPOS="512" VPOS="648" WIDTH="38" HEIGHT="21" WC="0.93" CONTENT="och"/><SP WIDTH="9" VPOS="648" HPOS="550"/>
							<String ID="string_88" HPOS="559" VPOS="648" WIDTH="194" HEIGHT="29" WC="0.90" CONTENT="författningarne"/><SP WIDTH="15" VPOS="648" HPOS="753"/>
							<String ID="string_89" HPOS="768" VPOS="649" WIDTH="10" HEIGHT="20" WC="0.93" CONTENT="i"/><SP WIDTH="15" VPOS="649" HPOS="778"/>
							<String ID="string_90" HPOS="793" VPOS="649" WIDTH="70" HEIGHT="28" WC="0.95" CONTENT="öfrigt"/>
						</TextLine>
						<TextLine ID="line_15" HPOS="111" VPOS="681" WIDTH="752" HEIGHT="30">
							<String ID="string_91" HPOS="111" VPOS="682" WIDTH="86" HEIGHT="29" WC="0.91" CONTENT="stadga,"/><SP WIDTH="20" VPOS="682" HPOS="197"/>
							<String ID="string_92" HPOS="217" VPOS="683" WIDTH="19" HEIGHT="28" WC="0.92" CONTENT="ej"/><SP WIDTH="20" VPOS="683" HPOS="236"/>
							<String ID="string_93" HPOS="256" VPOS="683" WIDTH="92" HEIGHT="20" WC="0.90" CONTENT="allenast"/><SP WIDTH="18" VPOS="683" HPOS="348"/>
							<String ID="string_94" HPOS="366" VPOS="681" WIDTH="120" HEIGHT="22" WC="0.93" CONTENT="verkställa"/><SP WIDTH="17" VPOS="681" HPOS="486"/>
							<String ID="string_95" HPOS="503" VPOS="683" WIDTH="41" HEIGHT="21" WC="0.93" CONTENT="den"/><SP WIDTH="15" VPOS="683" HPOS="544"/>
							<String ID="string_96" HPOS="559" VPOS="683" WIDTH="119" HEIGHT="28" WC="0.92" CONTENT="stämpling"/><SP WIDTH="16" VPOS="683" HPOS="678"/>
							<String ID="string_97" HPOS="694" VPOS="683" WIDTH="25" HEIGHT="28" WC="0.93" CONTENT="af"/><SP WIDTH="6" VPOS="683" HPOS="719"/>
							<String ID="string_98" HPOS="725" VPOS="682" WIDTH="138" HEIGHT="29" WC="0.92" CONTENT="fullmakter,"/>
						</TextLine>
						<TextLine ID="line_16" HPOS="113" VPOS="716" WIDTH="751" HEIGHT="29">
							<String ID="string_99" HPOS="113" VPOS="717" WIDTH="196" HEIGHT="26" WC="0.92" CONTENT="konstitutorialer,"/><SP WIDTH="20" VPOS="717" HPOS="309"/>
							<String ID="string_100" HPOS="329" VPOS="716" WIDTH="94" HEIGHT="29" WC="0.92" CONTENT="afskeds-"/><SP WIDTH="16" VPOS="716" HPOS="423"/>
							<String ID="string_101" HPOS="439" VPOS="717" WIDTH="38" HEIGHT="20" WC="0.93" CONTENT="och"/><SP WIDTH="11" VPOS="717" HPOS="477"/>
							<String ID="string_102" HPOS="488" VPOS="717" WIDTH="153" HEIGHT="28" WC="0.84" CONTENT="pensionsbref"/><SP WIDTH="12" VPOS="717" HPOS="641"/>
							<String ID="string_103" HPOS="653" VPOS="717" WIDTH="47" HEIGHT="21" WC="0.93" CONTENT="med"/><SP WIDTH="10" VPOS="717" HPOS="700"/>
							<String ID="string_104" HPOS="710" VPOS="717" WIDTH="54" HEIGHT="28" WC="0.87" CONTENT="fere"/><SP WIDTH="17" VPOS="717" HPOS="764"/>
							<String ID="string_105" HPOS="781" VPOS="717" WIDTH="83" HEIGHT="28" WC="0.70" CONTENT="expedi-"/>
						</TextLine>
						<TextLine ID="line_17" HPOS="113" VPOS="750" WIDTH="751" HEIGHT="30">
							<String ID="string_106" HPOS="113" VPOS="753" WIDTH="78" HEIGHT="24" WC="0.96" CONTENT="tioner,"/><SP WIDTH="16" VPOS="753" HPOS="191"/>
							<String ID="string_107" HPOS="207" VPOS="759" WIDTH="44" HEIGHT="13" WC="0.93" CONTENT="som"/><SP WIDTH="15" VPOS="759" HPOS="251"/>
							<String ID="string_108" HPOS="266" VPOS="750" WIDTH="161" HEIGHT="27" WC="0.92" CONTENT="embetsverken,"/><SP WIDTH="16" VPOS="750" HPOS="427"/>
							<String ID="string_109" HPOS="443" VPOS="751" WIDTH="46" HEIGHT="21" WC="0.97" CONTENT="med"/><SP WIDTH="15" VPOS="751" HPOS="489"/>
							<String ID="string_110" HPOS="504" VPOS="752" WIDTH="49" HEIGHT="21" WC="0.95" CONTENT="stöd"/><SP WIDTH="15" VPOS="752" HPOS="553"/>
							<String ID="string_111" HPOS="568" VPOS="752" WIDTH="25" HEIGHT="28" WC="0.93" CONTENT="af"/><SP WIDTH="14" VPOS="752" HPOS="593"/>
							<String ID="string_112" HPOS="607" VPOS="752" WIDTH="117" HEIGHT="21" WC="0.92" CONTENT="tillätelsen"/><SP WIDTH="14" VPOS="752" HPOS="724"/>
							<String ID="string_113" HPOS="738" VPOS="753" WIDTH="10" HEIGHT="19" WC="0.96" CONTENT="i"/><SP WIDTH="14" VPOS="753" HPOS="748"/>
							<String ID="string_114" HPOS="762" VPOS="753" WIDTH="25" HEIGHT="27" WC="0.96" CONTENT="$$"/><SP WIDTH="13" VPOS="753" HPOS="787"/>
							<String ID="string_115" HPOS="800" VPOS="750" WIDTH="14" HEIGHT="22" WC="0.95" CONTENT="9"/><SP WIDTH="12" VPOS="750" HPOS="814"/>
							<String ID="string_116" HPOS="826" VPOS="751" WIDTH="38" HEIGHT="21" WC="0.93" CONTENT="och"/>
						</TextLine>
						<TextLine ID="line_18" HPOS="112" VPOS="785" WIDTH="752" HEIGHT="30">
							<String ID="string_117" HPOS="112" VPOS="785" WIDTH="32" HEIGHT="22" WC="0.90" CONTENT="38"/><SP WIDTH="14" VPOS="785" HPOS="144"/>
							<String ID="string_118" HPOS="158" VPOS="786" WIDTH="99" HEIGHT="25" WC="0.87" CONTENT="ästunda,"/><SP WIDTH="15" VPOS="786" HPOS="257"/>
							<String ID="string_119" HPOS="272" VPOS="787" WIDTH="43" HEIGHT="19" WC="0.93" CONTENT="när"/><SP WIDTH="15" VPOS="787" HPOS="315"/>
							<String ID="string_120" HPOS="330" VPOS="785" WIDTH="53" HEIGHT="22" WC="0.96" CONTENT="slike"/><SP WIDTH="16" VPOS="785" HPOS="383"/>
							<String ID="string_121" HPOS="399" VPOS="786" WIDTH="146" HEIGHT="27" WC="0.96" CONTENT="expeditioner"/><SP WIDTH="12" VPOS="786" HPOS="545"/>
							<String ID="string_122" HPOS="557" VPOS="787" WIDTH="64" HEIGHT="28" WC="0.96" CONTENT="jemte"/><SP WIDTH="10" VPOS="787" HPOS="621"/>
							<String ID="string_123" HPOS="631" VPOS="786" WIDTH="61" HEIGHT="27" WC="0.93" CONTENT="fulla"/><SP WIDTH="14" VPOS="786" HPOS="692"/>
							<String ID="string_124" HPOS="706" VPOS="786" WIDTH="158" HEIGHT="29" WC="0.88" CONTENT="stämpelafgif-"/>
						</TextLine>
						<TextLine ID="line_19" HPOS="114" VPOS="819" WIDTH="750" HEIGHT="30">
							<String ID="string_125" HPOS="114" VPOS="824" WIDTH="33" HEIGHT="17" WC="0.93" CONTENT="ter"/><SP WIDTH="19" VPOS="824" HPOS="147"/>
							<String ID="string_126" HPOS="166" VPOS="820" WIDTH="36" HEIGHT="21" WC="0.93" CONTENT="till"/><SP WIDTH="18" VPOS="820" HPOS="202"/>
							<String ID="string_127" HPOS="220" VPOS="820" WIDTH="107" HEIGHT="21" WC="0.92" CONTENT="Kontoret"/><SP WIDTH="14" VPOS="820" HPOS="327"/>
							<String ID="string_128" HPOS="341" VPOS="819" WIDTH="104" HEIGHT="22" WC="0.93" CONTENT="insändas"/><SP WIDTH="17" VPOS="819" HPOS="445"/>
							<String ID="string_129" HPOS="462" VPOS="821" WIDTH="51" HEIGHT="20" WC="0.93" CONTENT="eller"/><SP WIDTH="16" VPOS="821" HPOS="513"/>
							<String ID="string_130" HPOS="529" VPOS="821" WIDTH="69" HEIGHT="20" WC="0.90" CONTENT="säsom"/><SP WIDTH="16" VPOS="821" HPOS="598"/>
							<String ID="string_131" HPOS="614" VPOS="820" WIDTH="250" HEIGHT="29" WC="0.90" CONTENT="kartasigillata-remiss"/>
						</TextLine>
						<TextLine ID="line_20" HPOS="115" VPOS="854" WIDTH="750" HEIGHT="27">
							<String ID="string_132" HPOS="115" VPOS="856" WIDTH="37" HEIGHT="20" WC="0.93" CONTENT="till"/><SP WIDTH="18" VPOS="856" HPOS="152"/>
							<String ID="string_133" HPOS="170" VPOS="855" WIDTH="183" HEIGHT="20" WC="0.91" CONTENT="Landtränteriet"/><SP WIDTH="19" VPOS="855" HPOS="353"/>
							<String ID="string_134" HPOS="372" VPOS="854" WIDTH="83" HEIGHT="21" WC="0.96" CONTENT="komma"/><SP WIDTH="16" VPOS="854" HPOS="455"/>
							<String ID="string_135" HPOS="471" VPOS="859" WIDTH="33" HEIGHT="16" WC="0.93" CONTENT="att"/><SP WIDTH="15" VPOS="859" HPOS="504"/>
							<String ID="string_136" HPOS="519" VPOS="855" WIDTH="122" HEIGHT="26" WC="0.91" CONTENT="behandlas,"/><SP WIDTH="15" VPOS="855" HPOS="641"/>
							<String ID="string_137" HPOS="656" VPOS="858" WIDTH="54" HEIGHT="17" WC="0.93" CONTENT="utan"/><SP WIDTH="16" VPOS="858" HPOS="710"/>
							<String ID="string_138" HPOS="726" VPOS="855" WIDTH="43" HEIGHT="26" WC="0.92" CONTENT="ock,"/><SP WIDTH="17" VPOS="855" HPOS="769"/>
							<String ID="string_139" HPOS="786" VPOS="855" WIDTH="30" HEIGHT="21" WC="0.93" CONTENT="dä"/><SP WIDTH="14" VPOS="855" HPOS="816"/>
							<String ID="string_140" HPOS="830" VPOS="863" WIDTH="35" HEIGHT="13" WC="0.92" CONTENT="en-"/>
						</TextLine>
						<TextLine ID="line_21" HPOS="113" VPOS="889" WIDTH="753" HEIGHT="30">
							<String ID="string_141" HPOS="113" VPOS="889" WIDTH="57" HEIGHT="22" WC="0.91" CONTENT="skild"/><SP WIDTH="14" VPOS="889" HPOS="170"/>
							<String ID="string_142" HPOS="184" VPOS="896" WIDTH="83" HEIGHT="21" WC="0.92" CONTENT="person"/><SP WIDTH="19" VPOS="896" HPOS="267"/>
							<String ID="string_143" HPOS="286" VPOS="889" WIDTH="66" HEIGHT="29" WC="0.92" CONTENT="begär"/><SP WIDTH="15" VPOS="889" HPOS="352"/>
							<String ID="string_144" HPOS="367" VPOS="889" WIDTH="119" HEIGHT="29" WC="0.91" CONTENT="stämpling"/><SP WIDTH="15" VPOS="889" HPOS="486"/>
							<String ID="string_145" HPOS="501" VPOS="890" WIDTH="26" HEIGHT="29" WC="0.93" CONTENT="af"/><SP WIDTH="13" VPOS="890" HPOS="527"/>
							<String ID="string_146" HPOS="540" VPOS="890" WIDTH="136" HEIGHT="28" WC="0.91" CONTENT="afhandling,"/><SP WIDTH="10" VPOS="890" HPOS="676"/>
							<String ID="string_147" HPOS="686" VPOS="889" WIDTH="136" HEIGHT="29" WC="0.92" CONTENT="förbindelse"/><SP WIDTH="16" VPOS="889" HPOS="822"/>
							<String ID="string_148" HPOS="838" VPOS="890" WIDTH="28" HEIGHT="21" WC="0.92" CONTENT="el-"/>
						</TextLine>
						<TextLine ID="line_22" HPOS="114" VPOS="922" WIDTH="751" HEIGHT="31">
							<String ID="string_149" HPOS="114" VPOS="925" WIDTH="32" HEIGHT="20" WC="0.96" CONTENT="ler"/><SP WIDTH="20" VPOS="925" HPOS="146"/>
							<String ID="string_150" HPOS="166" VPOS="931" WIDTH="72" HEIGHT="14" WC="0.93" CONTENT="annan"/><SP WIDTH="19" VPOS="931" HPOS="238"/>
							<String ID="string_151" HPOS="257" VPOS="923" WIDTH="72" HEIGHT="30" WC="0.96" CONTENT="skrift,"/><SP WIDTH="18" VPOS="923" HPOS="329"/>
							<String ID="string_152" HPOS="347" VPOS="924" WIDTH="48" HEIGHT="21" WC="0.93" CONTENT="med"/><SP WIDTH="19" VPOS="924" HPOS="395"/>
							<String ID="string_153" HPOS="414" VPOS="922" WIDTH="103" HEIGHT="23" WC="0.92" CONTENT="Senatens"/><SP WIDTH="18" VPOS="922" HPOS="517"/>
							<String ID="string_154" HPOS="535" VPOS="923" WIDTH="217" HEIGHT="29" WC="0.74" CONTENT="Finansempeditions"/><SP WIDTH="18" VPOS="923" HPOS="752"/>
							<String ID="string_155" HPOS="770" VPOS="923" WIDTH="95" HEIGHT="28" WC="0.95" CONTENT="vetskap,"/>
						</TextLine>
						<TextLine ID="line_23" HPOS="115" VPOS="958" WIDTH="754" HEIGHT="29">
							<String ID="string_156" HPOS="115" VPOS="959" WIDTH="101" HEIGHT="21" WC="0.94" CONTENT="likaledes"/><SP WIDTH="14" VPOS="959" HPOS="216"/>
							<String ID="string_157" HPOS="230" VPOS="959" WIDTH="64" HEIGHT="27" WC="0.96" CONTENT="förse"/><SP WIDTH="19" VPOS="959" HPOS="294"/>
							<String ID="string_158" HPOS="313" VPOS="958" WIDTH="74" HEIGHT="29" WC="0.96" CONTENT="dylika"/><SP WIDTH="18" VPOS="958" HPOS="387"/>
							<String ID="string_159" HPOS="405" VPOS="958" WIDTH="91" HEIGHT="29" WC="0.96" CONTENT="skrifter"/><SP WIDTH="17" VPOS="958" HPOS="496"/>
							<String ID="string_160" HPOS="513" VPOS="958" WIDTH="48" HEIGHT="21" WC="0.93" CONTENT="med"/><SP WIDTH="18" VPOS="958" HPOS="561"/>
							<String ID="string_161" HPOS="579" VPOS="958" WIDTH="69" HEIGHT="21" WC="0.96" CONTENT="sådan"/><SP WIDTH="19" VPOS="958" HPOS="648"/>
							<String ID="string_162" HPOS="667" VPOS="959" WIDTH="97" HEIGHT="26" WC="0.96" CONTENT="stämpel,"/><SP WIDTH="20" VPOS="959" HPOS="764"/>
							<String ID="string_163" HPOS="784" VPOS="965" WIDTH="44" HEIGHT="14" WC="0.96" CONTENT="som"/><SP WIDTH="15" VPOS="965" HPOS="828"/>
							<String ID="string_164" HPOS="843" VPOS="958" WIDTH="26" HEIGHT="28" WC="0.96" CONTENT="af"/>
						</TextLine>
						<TextLine ID="line_24" HPOS="115" VPOS="991" WIDTH="751" HEIGHT="23">
							<String ID="string_165" HPOS="115" VPOS="993" WIDTH="160" HEIGHT="21" WC="0.92" CONTENT="vederbörande"/><SP WIDTH="19" VPOS="993" HPOS="275"/>
							<String ID="string_166" HPOS="294" VPOS="992" WIDTH="63" HEIGHT="21" WC="0.91" CONTENT="äskas"/><SP WIDTH="19" VPOS="992" HPOS="357"/>
							<String ID="string_167" HPOS="376" VPOS="993" WIDTH="39" HEIGHT="20" WC="0.97" CONTENT="och"/><SP WIDTH="19" VPOS="993" HPOS="415"/>
							<String ID="string_168" HPOS="434" VPOS="993" WIDTH="87" HEIGHT="20" WC="0.95" CONTENT="betalas."/><SP WIDTH="30" VPOS="993" HPOS="521"/>
							<String ID="string_169" HPOS="551" VPOS="991" WIDTH="36" HEIGHT="22" WC="0.96" CONTENT="På"/><SP WIDTH="16" VPOS="991" HPOS="587"/>
							<String ID="string_170" HPOS="603" VPOS="993" WIDTH="103" HEIGHT="20" WC="0.95" CONTENT="anmälan"/><SP WIDTH="16" VPOS="993" HPOS="706"/>
							<String ID="string_171" HPOS="722" VPOS="992" WIDTH="36" HEIGHT="21" WC="0.93" CONTENT="hos"/><SP WIDTH="15" VPOS="992" HPOS="758"/>
							<String ID="string_172" HPOS="773" VPOS="991" WIDTH="93" HEIGHT="22" WC="0.90" CONTENT="Finans-"/>
						</TextLine>
						<TextLine ID="line_25" HPOS="115" VPOS="1025" WIDTH="751" HEIGHT="30">
							<String ID="string_173" HPOS="115" VPOS="1027" WIDTH="149" HEIGHT="28" WC="0.95" CONTENT="expeditionen"/><SP WIDTH="19" VPOS="1027" HPOS="264"/>
							<String ID="string_174" HPOS="283" VPOS="1026" WIDTH="39" HEIGHT="21" WC="0.96" CONTENT="och"/><SP WIDTH="16" VPOS="1026" HPOS="322"/>
							<String ID="string_175" HPOS="338" VPOS="1027" WIDTH="49" HEIGHT="20" WC="0.96" CONTENT="med"/><SP WIDTH="18" VPOS="1027" HPOS="387"/>
							<String ID="string_176" HPOS="405" VPOS="1027" WIDTH="46" HEIGHT="20" WC="0.95" CONTENT="dess"/><SP WIDTH="20" VPOS="1027" HPOS="451"/>
							<String ID="string_177" HPOS="471" VPOS="1026" WIDTH="106" HEIGHT="26" WC="0.95" CONTENT="tillstånd,"/><SP WIDTH="19" VPOS="1026" HPOS="577"/>
							<String ID="string_178" HPOS="596" VPOS="1027" WIDTH="36" HEIGHT="20" WC="0.93" CONTENT="må"/><SP WIDTH="15" VPOS="1027" HPOS="632"/>
							<String ID="string_179" HPOS="647" VPOS="1027" WIDTH="81" HEIGHT="28" WC="0.91" CONTENT="jemväl"/><SP WIDTH="19" VPOS="1027" HPOS="728"/>
							<String ID="string_180" HPOS="747" VPOS="1025" WIDTH="119" HEIGHT="22" WC="0.96" CONTENT="blanketter"/>
						</TextLine>
						<TextLine ID="line_26" HPOS="116" VPOS="1059" WIDTH="750" HEIGHT="30">
							<String ID="string_181" HPOS="116" VPOS="1062" WIDTH="36" HEIGHT="19" WC="0.93" CONTENT="till"/><SP WIDTH="18" VPOS="1062" HPOS="152"/>
							<String ID="string_182" HPOS="170" VPOS="1061" WIDTH="80" HEIGHT="26" WC="0.91" CONTENT="vealar,"/><SP WIDTH="17" VPOS="1061" HPOS="250"/>
							<String ID="string_183" HPOS="267" VPOS="1061" WIDTH="150" HEIGHT="28" WC="0.93" CONTENT="anvisningar,"/><SP WIDTH="16" VPOS="1061" HPOS="417"/>
							<String ID="string_184" HPOS="433" VPOS="1060" WIDTH="185" HEIGHT="21" WC="0.92" CONTENT="konnässementer"/><SP WIDTH="15" VPOS="1060" HPOS="618"/>
							<String ID="string_185" HPOS="633" VPOS="1067" WIDTH="27" HEIGHT="14" WC="0.96" CONTENT="m."/><SP WIDTH="11" VPOS="1067" HPOS="660"/>
							<String ID="string_186" HPOS="671" VPOS="1061" WIDTH="25" HEIGHT="27" WC="0.50" CONTENT="fi."/><SP WIDTH="16" VPOS="1061" HPOS="696"/>
							<String ID="string_187" HPOS="712" VPOS="1059" WIDTH="91" HEIGHT="30" WC="0.93" CONTENT="skrifter"/><SP WIDTH="16" VPOS="1059" HPOS="803"/>
							<String ID="string_188" HPOS="819" VPOS="1060" WIDTH="47" HEIGHT="21" WC="0.92" CONTENT="der-"/>
						</TextLine>
						<TextLine ID="line_27" HPOS="116" VPOS="1093" WIDTH="750" HEIGHT="30">
							<String ID="string_189" HPOS="116" VPOS="1095" WIDTH="72" HEIGHT="21" WC="0.92" CONTENT="städes"/><SP WIDTH="14" VPOS="1095" HPOS="188"/>
							<String ID="string_190" HPOS="202" VPOS="1095" WIDTH="98" HEIGHT="28" WC="0.92" CONTENT="undergä"/><SP WIDTH="12" VPOS="1095" HPOS="300"/>
							<String ID="string_191" HPOS="312" VPOS="1095" WIDTH="68" HEIGHT="20" WC="0.93" CONTENT="sädan"/><SP WIDTH="12" VPOS="1095" HPOS="380"/>
							<String ID="string_192" HPOS="392" VPOS="1095" WIDTH="123" HEIGHT="28" WC="0.93" CONTENT="stämpling,"/><SP WIDTH="13" VPOS="1095" HPOS="515"/>
							<String ID="string_193" HPOS="528" VPOS="1101" WIDTH="45" HEIGHT="14" WC="0.96" CONTENT="som"/><SP WIDTH="10" VPOS="1101" HPOS="573"/>
							<String ID="string_194" HPOS="583" VPOS="1095" WIDTH="10" HEIGHT="20" WC="0.93" CONTENT="i"/><SP WIDTH="11" VPOS="1095" HPOS="593"/>
							<String ID="string_195" HPOS="604" VPOS="1094" WIDTH="74" HEIGHT="29" WC="0.92" CONTENT="hvarje"/><SP WIDTH="6" VPOS="1094" HPOS="678"/>
							<String ID="string_196" HPOS="684" VPOS="1095" WIDTH="47" HEIGHT="28" WC="0.96" CONTENT="fall"/><SP WIDTH="11" VPOS="1095" HPOS="731"/>
							<String ID="string_197" HPOS="742" VPOS="1093" WIDTH="43" HEIGHT="22" WC="0.93" CONTENT="kan"/><SP WIDTH="11" VPOS="1093" HPOS="785"/>
							<String ID="string_198" HPOS="796" VPOS="1093" WIDTH="70" HEIGHT="22" WC="0.92" CONTENT="äskas."/>
						</TextLine>
					</TextBlock>
				</ComposedBlock>
				<ComposedBlock ID="cblock_3" HPOS="463" VPOS="1145" WIDTH="59" HEIGHT="29">
					<TextBlock ID="block_5" HPOS="463" VPOS="1145" WIDTH="59" HEIGHT="29">
						<TextLine ID="line_28" HPOS="463" VPOS="1145" WIDTH="59" HEIGHT="29">
							<String ID="string_199" HPOS="463" VPOS="1147" WIDTH="12" HEIGHT="27" WC="0.87" CONTENT="8"/><SP WIDTH="18" VPOS="1147" HPOS="475"/>
							<String ID="string_200" HPOS="493" VPOS="1145" WIDTH="29" HEIGHT="21" WC="0.52" CONTENT="i."/>
						</TextLine>
					</TextBlock>
				</ComposedBlock>
				<ComposedBlock ID="cblock_4" HPOS="117" VPOS="1187" WIDTH="754" HEIGHT="272">
					<TextBlock ID="block_6" HPOS="117" VPOS="1187" WIDTH="752" HEIGHT="167">
						<TextLine ID="line_29" HPOS="185" VPOS="1187" WIDTH="683" HEIGHT="30">
							<String ID="string_201" HPOS="185" VPOS="1188" WIDTH="37" HEIGHT="22" WC="0.95" CONTENT="Då"/><SP WIDTH="18" VPOS="1188" HPOS="222"/>
							<String ID="string_202" HPOS="240" VPOS="1189" WIDTH="83" HEIGHT="21" WC="0.91" CONTENT="enskild"/><SP WIDTH="19" VPOS="1189" HPOS="323"/>
							<String ID="string_203" HPOS="342" VPOS="1188" WIDTH="136" HEIGHT="29" WC="0.91" CONTENT="afhandling,"/><SP WIDTH="13" VPOS="1188" HPOS="478"/>
							<String ID="string_204" HPOS="491" VPOS="1189" WIDTH="137" HEIGHT="28" WC="0.96" CONTENT="förbindelse"/><SP WIDTH="19" VPOS="1189" HPOS="628"/>
							<String ID="string_205" HPOS="647" VPOS="1189" WIDTH="52" HEIGHT="20" WC="0.96" CONTENT="eller"/><SP WIDTH="16" VPOS="1189" HPOS="699"/>
							<String ID="string_206" HPOS="715" VPOS="1195" WIDTH="72" HEIGHT="14" WC="0.93" CONTENT="annan"/><SP WIDTH="15" VPOS="1195" HPOS="787"/>
							<String ID="string_207" HPOS="802" VPOS="1187" WIDTH="66" HEIGHT="29" WC="0.96" CONTENT="skrift"/>
						</TextLine>
						<TextLine ID="line_30" HPOS="117" VPOS="1223" WIDTH="752" HEIGHT="28">
							<String ID="string_208" HPOS="117" VPOS="1225" WIDTH="39" HEIGHT="20" WC="0.95" CONTENT="hos"/><SP WIDTH="18" VPOS="1225" HPOS="156"/>
							<String ID="string_209" HPOS="174" VPOS="1224" WIDTH="98" HEIGHT="26" WC="0.93" CONTENT="domstol,"/><SP WIDTH="19" VPOS="1224" HPOS="272"/>
							<String ID="string_210" HPOS="291" VPOS="1223" WIDTH="100" HEIGHT="22" WC="0.90" CONTENT="exekutor"/><SP WIDTH="18" VPOS="1223" HPOS="391"/>
							<String ID="string_211" HPOS="409" VPOS="1224" WIDTH="52" HEIGHT="21" WC="0.96" CONTENT="eller"/><SP WIDTH="19" VPOS="1224" HPOS="461"/>
							<String ID="string_212" HPOS="480" VPOS="1231" WIDTH="72" HEIGHT="14" WC="0.96" CONTENT="annan"/><SP WIDTH="17" VPOS="1231" HPOS="552"/>
							<String ID="string_213" HPOS="569" VPOS="1223" WIDTH="125" HEIGHT="28" WC="0.93" CONTENT="myndighet"/><SP WIDTH="12" VPOS="1223" HPOS="694"/>
							<String ID="string_214" HPOS="706" VPOS="1223" WIDTH="92" HEIGHT="28" WC="0.92" CONTENT="företes,"/><SP WIDTH="15" VPOS="1223" HPOS="798"/>
							<String ID="string_215" HPOS="813" VPOS="1223" WIDTH="56" HEIGHT="27" WC="0.89" CONTENT="älig-"/>
						</TextLine>
						<TextLine ID="line_31" HPOS="117" VPOS="1257" WIDTH="752" HEIGHT="30">
							<String ID="string_216" HPOS="117" VPOS="1266" WIDTH="39" HEIGHT="21" WC="0.96" CONTENT="ger"/><SP WIDTH="19" VPOS="1266" HPOS="156"/>
							<String ID="string_217" HPOS="175" VPOS="1259" WIDTH="35" HEIGHT="21" WC="0.96" CONTENT="det"/><SP WIDTH="19" VPOS="1259" HPOS="210"/>
							<String ID="string_218" HPOS="229" VPOS="1258" WIDTH="160" HEIGHT="22" WC="0.96" CONTENT="vederbörande"/><SP WIDTH="15" VPOS="1258" HPOS="389"/>
							<String ID="string_219" HPOS="404" VPOS="1258" WIDTH="94" HEIGHT="26" WC="0.93" CONTENT="domare,"/><SP WIDTH="17" VPOS="1258" HPOS="498"/>
							<String ID="string_220" HPOS="515" VPOS="1257" WIDTH="139" HEIGHT="22" WC="0.91" CONTENT="embetsverks"/><SP WIDTH="16" VPOS="1257" HPOS="654"/>
							<String ID="string_221" HPOS="670" VPOS="1257" WIDTH="131" HEIGHT="21" WC="0.96" CONTENT="sekreterare"/><SP WIDTH="16" VPOS="1257" HPOS="801"/>
							<String ID="string_222" HPOS="817" VPOS="1258" WIDTH="52" HEIGHT="19" WC="0.96" CONTENT="eller"/>
						</TextLine>
						<TextLine ID="line_32" HPOS="119" VPOS="1292" WIDTH="750" HEIGHT="28">
							<String ID="string_223" HPOS="119" VPOS="1294" WIDTH="127" HEIGHT="26" WC="0.91" CONTENT="tjensteman"/><SP WIDTH="18" VPOS="1294" HPOS="246"/>
							<String ID="string_224" HPOS="264" VPOS="1294" WIDTH="57" HEIGHT="18" WC="0.95" CONTENT="tillse"/><SP WIDTH="16" VPOS="1294" HPOS="321"/>
							<String ID="string_225" HPOS="337" VPOS="1296" WIDTH="33" HEIGHT="15" WC="0.96" CONTENT="att"/><SP WIDTH="15" VPOS="1296" HPOS="370"/>
							<String ID="string_226" HPOS="385" VPOS="1292" WIDTH="65" HEIGHT="20" WC="0.96" CONTENT="karta"/><SP WIDTH="16" VPOS="1292" HPOS="450"/>
							<String ID="string_227" HPOS="466" VPOS="1294" WIDTH="35" HEIGHT="18" WC="0.96" CONTENT="till"/><SP WIDTH="14" VPOS="1294" HPOS="501"/>
							<String ID="string_228" HPOS="515" VPOS="1293" WIDTH="36" HEIGHT="19" WC="0.96" CONTENT="det"/><SP WIDTH="15" VPOS="1293" HPOS="551"/>
							<String ID="string_229" HPOS="566" VPOS="1292" WIDTH="81" HEIGHT="26" WC="0.95" CONTENT="belopp,"/><SP WIDTH="16" VPOS="1292" HPOS="647"/>
							<String ID="string_230" HPOS="663" VPOS="1298" WIDTH="45" HEIGHT="14" WC="0.93" CONTENT="som"/><SP WIDTH="16" VPOS="1298" HPOS="708"/>
							<String ID="string_231" HPOS="724" VPOS="1292" WIDTH="145" HEIGHT="26" WC="0.92" CONTENT="tilläfventyrs"/>
						</TextLine>
						<TextLine ID="line_33" HPOS="119" VPOS="1325" WIDTH="389" HEIGHT="29">
							<String ID="string_232" HPOS="119" VPOS="1326" WIDTH="86" HEIGHT="25" WC="0.96" CONTENT="brister,"/><SP WIDTH="17" VPOS="1326" HPOS="205"/>
							<String ID="string_233" HPOS="222" VPOS="1326" WIDTH="25" HEIGHT="28" WC="0.93" CONTENT="af"/><SP WIDTH="13" VPOS="1326" HPOS="247"/>
							<String ID="string_234" HPOS="260" VPOS="1326" WIDTH="118" HEIGHT="28" WC="0.91" CONTENT="sakegaren"/><SP WIDTH="15" VPOS="1326" HPOS="378"/>
							<String ID="string_235" HPOS="393" VPOS="1325" WIDTH="115" HEIGHT="29" WC="0.78" CONTENT="anskaffas."/>
						</TextLine>
					</TextBlock>
					<TextBlock ID="block_7" HPOS="120" VPOS="1357" WIDTH="751" HEIGHT="102">
						<TextLine ID="line_34" HPOS="188" VPOS="1357" WIDTH="681" HEIGHT="31">
							<String ID="string_236" HPOS="188" VPOS="1359" WIDTH="114" HEIGHT="29" WC="0.88" CONTENT="Begagnas"/><SP WIDTH="20" VPOS="1359" HPOS="302"/>
							<String ID="string_237" HPOS="322" VPOS="1359" WIDTH="118" HEIGHT="28" WC="0.92" CONTENT="stämpladt"/><SP WIDTH="15" VPOS="1359" HPOS="440"/>
							<String ID="string_238" HPOS="455" VPOS="1366" WIDTH="92" HEIGHT="22" WC="0.96" CONTENT="papper,"/><SP WIDTH="20" VPOS="1366" HPOS="547"/>
							<String ID="string_239" HPOS="567" VPOS="1359" WIDTH="40" HEIGHT="21" WC="0.96" CONTENT="bör"/><SP WIDTH="19" VPOS="1359" HPOS="607"/>
							<String ID="string_240" HPOS="626" VPOS="1358" WIDTH="117" HEIGHT="21" WC="0.94" CONTENT="detsamma"/><SP WIDTH="17" VPOS="1358" HPOS="743"/>
							<String ID="string_241" HPOS="760" VPOS="1359" WIDTH="47" HEIGHT="21" WC="0.96" CONTENT="med"/><SP WIDTH="16" VPOS="1359" HPOS="807"/>
							<String ID="string_242" HPOS="823" VPOS="1357" WIDTH="46" HEIGHT="22" WC="0.96" CONTENT="lack"/>
						</TextLine>
						<TextLine ID="line_35" HPOS="120" VPOS="1392" WIDTH="751" HEIGHT="31">
							<String ID="string_243" HPOS="120" VPOS="1395" WIDTH="39" HEIGHT="22" WC="0.93" CONTENT="och"/><SP WIDTH="19" VPOS="1395" HPOS="159"/>
							<String ID="string_244" HPOS="178" VPOS="1395" WIDTH="138" HEIGHT="28" WC="0.91" CONTENT="embetssigill"/><SP WIDTH="18" VPOS="1395" HPOS="316"/>
							<String ID="string_245" HPOS="334" VPOS="1395" WIDTH="53" HEIGHT="21" WC="0.96" CONTENT="eller"/><SP WIDTH="14" VPOS="1395" HPOS="387"/>
							<String ID="string_246" HPOS="401" VPOS="1394" WIDTH="33" HEIGHT="28" WC="0.95" CONTENT="på"/><SP WIDTH="19" VPOS="1394" HPOS="434"/>
							<String ID="string_247" HPOS="453" VPOS="1398" WIDTH="66" HEIGHT="17" WC="0.96" CONTENT="annat"/><SP WIDTH="16" VPOS="1398" HPOS="519"/>
							<String ID="string_248" HPOS="535" VPOS="1394" WIDTH="144" HEIGHT="28" WC="0.96" CONTENT="tillförlitligt"/><SP WIDTH="15" VPOS="1394" HPOS="679"/>
							<String ID="string_249" HPOS="694" VPOS="1394" WIDTH="45" HEIGHT="20" WC="0.96" CONTENT="sätt"/><SP WIDTH="14" VPOS="1394" HPOS="739"/>
							<String ID="string_250" HPOS="753" VPOS="1393" WIDTH="37" HEIGHT="22" WC="0.93" CONTENT="vid"/><SP WIDTH="15" VPOS="1393" HPOS="790"/>
							<String ID="string_251" HPOS="805" VPOS="1392" WIDTH="66" HEIGHT="30" WC="0.89" CONTENT="skrif-"/>
						</TextLine>
						<TextLine ID="line_36" HPOS="121" VPOS="1428" WIDTH="750" HEIGHT="31">
							<String ID="string_252" HPOS="121" VPOS="1434" WIDTH="35" HEIGHT="18" WC="0.96" CONTENT="ten"/><SP WIDTH="9" VPOS="1434" HPOS="156"/>
							<String ID="string_253" HPOS="165" VPOS="1429" WIDTH="81" HEIGHT="30" WC="0.95" CONTENT="fästas,"/><SP WIDTH="16" VPOS="1429" HPOS="246"/>
							<String ID="string_254" HPOS="262" VPOS="1430" WIDTH="109" HEIGHT="28" WC="0.96" CONTENT="äfvensom"/><SP WIDTH="10" VPOS="1430" HPOS="371"/>
							<String ID="string_255" HPOS="381" VPOS="1429" WIDTH="33" HEIGHT="29" WC="0.96" CONTENT="på"/><SP WIDTH="15" VPOS="1429" HPOS="414"/>
							<String ID="string_256" HPOS="429" VPOS="1429" WIDTH="25" HEIGHT="21" WC="0.96" CONTENT="de"/><SP WIDTH="15" VPOS="1429" HPOS="454"/>
							<String ID="string_257" HPOS="469" VPOS="1428" WIDTH="96" HEIGHT="29" WC="0.93" CONTENT="tillagda"/><SP WIDTH="10" VPOS="1428" HPOS="565"/>
							<String ID="string_258" HPOS="575" VPOS="1428" WIDTH="117" HEIGHT="21" WC="0.90" CONTENT="kartornas"/><SP WIDTH="12" VPOS="1428" HPOS="692"/>
							<String ID="string_259" HPOS="704" VPOS="1428" WIDTH="106" HEIGHT="28" WC="0.93" CONTENT="stämplar"/><SP WIDTH="12" VPOS="1428" HPOS="810"/>
							<String ID="string_260" HPOS="822" VPOS="1428" WIDTH="49" HEIGHT="21" WC="0.92" CONTENT="kor-"/>
						</TextLine>
					</TextBlock>
				</ComposedBlock>
			</PrintSpace>
		</Page>
	</Layout>
</alto>
