1020 1661
188 117 33 15 884
385 113 70 23 Nådiga
467 115 138 21 Propositionen
617 115 34 17 N:o
666 116 25 15 18.

164 178 24 21 af
204 177 200 28 inlösningsplanen.
437 176 50 22 Men
508 177 62 21 äfven
592 177 60 22 detta
671 177 79 28 belopp
772 178 25 21 är
814 176 25 23 så
857 179 54 20 stort

164 213 32 20 att
211 212 41 25 det,
266 213 105 26 upptaget
383 210 30 28 på
427 218 26 14 en
467 209 57 29 gång
538 211 52 21 eller
603 211 58 22 inom
680 211 50 22 kort
742 211 38 26 tid,
796 211 70 22 kunde
880 211 31 22 in-

164 245 65 22 verka
243 245 88 28 menligt
345 244 29 28 på
387 245 234 27 penningeställningen
635 245 8 21 i
657 245 79 26 landet,
752 244 28 22 då
794 245 62 22 äfven
874 252 37 15 an-

164 280 40 21 dra
219 279 162 28 allmännyttiga
395 279 83 27 företag
493 280 60 20 snart
567 278 72 22 kunna
653 278 112 22 föranleda
775 279 136 27 negocieran-

164 314 36 21 det
219 314 24 21 af
258 320 42 22 nya
318 312 97 22 statslän.
444 313 121 21 Ständerna
582 312 64 22 hafva
665 313 83 22 derföre
766 313 70 21 funnit
854 313 58 21 det
901 308 15 39 i

163 348 160 27 propositionen
338 347 122 27 föreslagna
474 348 43 20 sätt
532 349 32 19 att
578 346 27 29 gå
623 347 94 28 tillväga,
732 354 52 15 vara
801 348 7 20 i
823 347 43 21 alla
880 347 31 21 af-

164 382 91 21 seenden
270 382 34 21 väl
318 382 125 21 beräknadt.

231 415 138 22 Beträffande
387 415 67 22 första
472 416 115 21 momentet
604 415 7 20 i
631 415 40 21 den
688 414 80 29 nådiga
784 415 127 28 propositio-

163 457 48 19 nen,
229 450 79 21 hvilket
323 450 66 27 jemte
407 449 68 22 andra
492 450 40 21 och
551 449 68 28 tredje
633 451 145 20 momenterne
792 449 120 22 innehåller

163 485 128 21 hithörande
305 485 99 20 närmare
418 484 165 27 bestämningar,
598 483 64 22 hafva
677 483 120 22 Ständerna
810 485 46 20 mot
867 484 45 21 det-

164 526 82 15 samma
259 519 54 21 intet
327 520 32 20 att
373 518 109 22 anmärka.
504 518 32 21 De
551 518 24 21 af
588 518 119 22 Ständerna
722 518 103 28 anslagna
836 518 75 26 medel,

164 560 45 14 som
228 553 47 21 deri
292 553 96 27 antydas,
407 552 61 22 torde
486 554 57 19 ännu
561 551 28 29 på
607 552 62 28 länge
690 553 47 21 icke
754 559 52 15 vara
824 554 32 20 att
873 551 38 29 på-

163 587 74 26 räkna,
253 588 57 25 enär,
326 586 66 28 enligt
410 586 41 22 den
468 586 121 22 fastställda
607 586 119 28 ordningen
742 586 35 22 för
792 586 120 28 dispositio-

163 628 43 15 nen
224 620 24 22 af
262 621 119 21 inkomsten
400 620 13 22 å
430 620 191 27 bränvinsskatten,
641 621 107 28 ,anslaget
765 621 33 21 till
816 628 26 14 en
860 621 52 22 fond

163 655 35 22 för
216 655 273 28 donationslägenheternas
506 655 120 21 inlösande*
645 656 24 20 är
688 655 36 21 det
744 655 76 27 sjunde
837 656 8 20 i
864 656 48 21 ord-

163 690 79 27 ningen
260 690 39 20 och
317 690 47 20 icke
382 690 43 20 kan
442 688 52 29 utgå
512 689 45 21 förr
575 690 28 20 än
621 690 65 27 sagde
703 690 99 26 inkomst,
818 697 47 14 som
878 690 34 21 för

163 724 87 21 förlidet
271 722 24 23 år
316 723 83 28 utgjort
420 723 75 22 endast
517 724 96 27 omkring
633 723 25 25 '/
675 724 75 28 miljon
767 724 67 26 mark,
853 724 60 28 stigit

163 758 33 21 till
210 758 65 22 minst
290 759 12 20 5
319 758 104 28 miljoner.
452 758 50 22 Med
522 758 35 21 det
575 758 102 28 anslagna
695 758 107 28 beloppet,
821 760 91 24 200,000

163 792 63 21 mark
244 799 34 15 om
297 791 52 27 året,
367 792 62 22 äfven
448 799 35 15 om
502 792 35 22 det
555 792 66 22 redan
639 800 29 14 nu
685 793 71 21 kunde
770 792 59 29 utgå,
844 793 69 21 skulle

164 826 114 26 dessutom,
301 826 70 21 derest
393 826 18 28 ej
435 826 67 21 andra
522 826 70 21 medel
613 826 123 27 tillkomme,
759 827 35 21 det
816 826 96 29 åsyftade

163 859 66 23 målet
246 860 55 22 först
315 861 7 20 i
337 867 26 15 en
378 860 94 28 aflägsen
486 860 88 22 framtid
588 861 71 21 kunna
674 861 81 22 vinnas.
785 861 126 27 Ständerna,

164 901 46 14 som
222 894 79 28 jemväl
316 901 51 14 anse
381 896 33 19 att
429 894 35 22 det
477 902 51 14 vore
542 895 109 28 olempligt
669 902 35 15 om
723 895 107 28 Styrelsen
845 896 68 21 skulle

163 929 77 21 bindas
255 936 76 20 genom
345 928 69 28 några
432 929 238 28 specialbestämningar
683 930 8 21 i
707 929 98 22 afseende
820 929 13 22 å
847 930 66 22 vilko-

164 970 38 14 ren
216 962 34 22 för
265 963 36 21 det
314 961 147 30 ifrågakomna
476 963 243 28 amortissementslånet,
735 963 21 22 få
776 964 84 22 derföre
873 972 40 14 un-

165 996 123 28 derdånigst
303 997 85 21 anmäla
403 997 35 21 det
453 997 126 26 Ständerna,
593 998 8 21 i
616 998 93 28 enlighet
726 999 49 21 med
790 999 65 28 sagde
869 999 43 22 för-

164 1032 35 20 sta
213 1033 93 20 moment
320 1031 7 21 i
342 1031 165 28 propositionen,
522 1031 114 22 förklarat:

357 1069 33 17 att
408 1064 110 29 Styrelsen
536 1065 119 29 berättigas
675 1071 39 22 att,
734 1067 93 29 såframt
845 1068 25 21 de
889 1068 26 29 af

300 1098 126 22 Ständerna
444 1101 106 27 anslagna
564 1100 68 21 medel
647 1101 38 20 och
700 1101 146 29 tilläfventyrs
860 1109 53 21 upp-

301 1134 86 20 stående
402 1133 142 29 besparingar
560 1134 13 20 ä
588 1135 137 21 statsmedlen
740 1135 68 29 blifva
816 1136 43 28 för
874 1136 39 20 än-

301 1167 95 21 damålet
411 1167 155 29 otillräckliga,
581 1168 68 21 under
665 1167 135 23 Ständernas
815 1170 97 28 garanti,

301 1200 54 20 helst
369 1202 59 18 inom
444 1202 77 25 landet,
536 1205 97 25 upptaga
647 1206 30 16 ett
696 1204 217 20 amortissementslån

301 1234 26 28 af
349 1234 62 28 högst
424 1234 56 29 fyra
497 1235 100 28 miljoner
615 1235 63 21 mark
696 1237 110 26 nominelt,
818 1237 43 28 för
880 1240 33 17 att

299 1268 48 21 med
362 1268 61 21 dessa
436 1268 68 21 medel
519 1268 66 22 delvis
605 1269 95 21 bestrida
717 1271 84 20 inlösen
820 1271 24 28 af
856 1271 57 29 ifrä-

300 1302 124 29 gavarande
439 1303 238 29 donationslägenheter
688 1305 10 20 i
711 1304 101 29 Wiborgs
824 1305 38 21 och
877 1304 36 22 S:t

300 1336 91 22 Michels
407 1338 43 20 län.

234 1370 169 23 Vidkommande
421 1372 67 21 andra
509 1374 120 25 momentet,
651 1372 64 22 hafva
737 1373 120 22 Ständerna
878 1374 35 21 väl

166 1405 94 27 godkänt
275 1405 47 22 dess
337 1405 99 27 innehåll,
452 1413 48 14 men
514 1406 70 21 funnit
601 1407 139 22 redaktionen
755 1407 62 22 deraf
830 1408 18 27 ej
864 1408 48 21 fullt

164 1439 202 22 tillfredsställande.
397 1440 30 28 Ty
440 1440 56 22 hvad
514 1440 54 22 först
583 1440 67 28 angår
665 1441 41 22 den
720 1441 144 28 formulering,
880 1444 32 19 att
