1017 1667
176 130 32 16 962
374 130 71 23 Nådiga
456 131 137 22 Propositionen
604 131 35 17 N:o
651 132 27 15 21.

153 192 49 22 dom
217 194 56 20 samt
287 194 32 20 att
333 193 48 21 med
396 193 26 21 ed
436 193 59 22 fästa
508 194 128 28 riktigheten
651 193 24 22 af
686 192 113 29 uppgiften
810 200 35 14 om
856 193 47 21 sina

152 226 226 28 förmögenhetsvilkor
394 226 117 23 bibehålles
529 227 70 22 såsom
617 227 93 22 kontroll
725 228 57 21 emot
796 226 107 22 missbruk

152 260 25 23 af
188 261 131 28 rättigheten
333 262 33 21 att
379 260 29 28 på
422 261 163 29 ifrågavarande
604 263 43 19 sätt
665 261 173 22 emot:Hofrätts
853 261 51 22 dom

151 295 8 21 i
173 294 108 22 tvistemål
295 295 92 27 fullfölja
401 296 66 21 talan.

220 330 41 20 Till
276 330 26 21 de
317 329 50 27 mål,
381 330 72 21 hvilka
467 330 54 22 böra
535 330 39 22 hos
588 329 83 29 Högsta
684 329 125 22 Domstolen
824 329 80 22 fullföl-

149 364 35 28 jas
198 364 8 21 i
222 364 41 22 den
277 364 91 28 ordning
384 366 10 19 1
411 365 40 21 och
467 366 12 20 6
494 365 24 28 $$
535 366 26 20 30
576 365 49 27 kap.
641 363 211 29 Rättegängsbalken
866 372 38 14 an-

152 399 51 25 visa,
218 399 41 21 har
273 405 50 14 man
337 398 87 22 hänfört
439 399 61 22 äfven
515 398 74 28 frågor
603 399 92 22 rörande
709 399 123 27 inteckning
842 400 8 20 i
862 399 42 22 fast

152 432 105 28 egendom
275 433 40 21 och
333 433 80 28 lagfart
431 433 108 22 äfvensom
556 433 133 22 exekutions-
707 433 41 21 och
770 432 135 29 afhysnings-

152 467 98 26 ärender,
268 467 49 21 med
335 467 51 22 flere
404 467 49 27 mål,
473 474 51 20 som,
547 467 69 22 ehuru
637 467 24 22 af
681 467 48 22 civil
749 467 155 27 beskaffenhet,

152 501 65 22 likväl
234 501 8 20 i
260 501 89 21 Hofrätt
365 501 104 28 fullföljas
486 501 89 22 medelst
596 502 76 21 besvär
691 501 40 22 och
752 503 53 20 utan
826 502 78 21 iaktta-

152 535 70 28 gande
243 535 26 21 af
288 535 41 21 den
350 535 34 22 för
406 536 62 21 civila
489 535 43 22 mål
554 536 118 27 egentligen
694 536 123 21 fastställda
838 538 66 20 rätte-

153 569 129 28 gångsform.
311 569 82 22 Härom
411 570 65 21 hafva
494 569 54 22 dock
570 570 57 21 olika
649 569 79 28 åsigter
750 570 39 21 hos
811 570 93 22 Domare

152 604 36 21 vid
202 604 163 27 lagskipningen
379 603 58 28 gjort
452 604 32 28 sig
499 604 104 28 gällande,
619 604 99 22 hvarföre
737 604 36 21 det
790 611 62 22 synes
866 606 38 21 nö-

154 638 46 28 digt
214 640 32 19 att
262 638 45 22 deri
322 637 145 30 åvägabringa
482 639 69 26 enhet,
567 646 76 20 genom
657 640 100 21 närmare
772 639 133 22 föreskrifter

152 673 8 21 i
175 674 81 25 ämnet;
272 673 47 22 Och
337 673 89 22 emedan
443 673 63 28 lagen
524 675 70 20 ansett
611 673 68 28 några
698 673 97 27 ärender,
810 674 46 21 dels
870 674 34 22 för

154 707 62 22 deras
234 707 106 22 särskilda
357 707 153 27 beskaffenhet,
529 707 45 22 dels
593 708 40 21 ock
652 707 85 23 derföre
751 709 33 20 att
799 708 26 22 de
839 709 8 20 i
861 709 43 21 för-

153 743 34 20 sta
200 742 83 21 instans
297 741 70 22 blifvit
379 741 123 29 handlagde
520 742 24 21 af
561 741 41 22 den
615 742 117 22 exekutiva
746 743 158 28 myndigheten,

152 776 74 22 kunna
239 778 108 27 upptagas
365 777 24 21 af
404 776 87 22 Hofrätt
509 777 7 20 i
535 776 52 29 följd
606 777 25 20 af
647 777 196 28 ändringssökande
860 785 44 14 me-

154 811 55 22 delst
226 811 82 26 besvär,
327 809 24 23 så
369 810 114 23 förefinnes
505 811 53 22 intet
581 811 70 28 giltigt
669 811 52 27 skäl,
740 811 100 23 hvarföre
857 812 47 22 icke

153 853 95 18 numera,
261 845 66 22 sedan
337 845 114 28 Kejsarens
463 846 76 28 högsta
551 845 104 22 domsrätt
669 846 83 22 utöfvas
767 846 25 21 af
804 853 26 15 en
845 847 59 21 dom-

153 880 42 22 stol
210 879 70 22 såsom
295 880 52 22 sista
361 880 115 27 instansen,
491 880 113 22 enahanda
617 879 217 30 rättegångsordning
848 881 57 28 finge

153 915 107 27 iakttagas
279 913 27 23 då
323 915 95 21 nämnda
435 915 91 21 ärender
541 915 78 28 dragas
633 915 68 21 under
716 915 78 28 högsta
807 916 97 21 maktens

152 949 107 28 pröfning.
288 949 65 22 Detta
367 951 64 26 utgör
445 957 26 14 en
485 949 121 28 förenkling
620 949 7 21 i
641 950 163 26 rättsväsendet,
819 950 86 22 hvilken

154 982 24 23 så
199 985 84 26 mycket
304 983 67 22 hellre
392 983 41 22 bör
454 983 121 27 befordras,
598 991 46 14 som
667 985 40 21 den
728 985 43 21 kan
793 985 37 22 ske
851 987 53 20 utan

152 1017 109 29 rubbning
280 1017 23 22 af
319 1018 74 28 lagens
408 1018 229 27 grundbestämmelser
655 1019 40 21 och
713 1018 34 22 för
765 1020 139 22 rättsökande

153 1052 83 22 medför
250 1052 89 21 lättnad.
369 1052 10 21 I
393 1052 54 27 följd
461 1052 65 21 häraf
541 1053 40 20 och
600 1051 27 22 då
646 1059 26 15 en
689 1053 155 22 vidsträcktare
860 1061 44 14 om-

153 1087 112 27 arbetning
281 1086 24 21 af
317 1085 99 29 gällande
430 1086 215 28 rättegångsordning
660 1095 29 13 nu
705 1087 18 27 ej
739 1087 43 22 kan
796 1087 86 22 komma
896 1089 8 20 i

152 1120 69 28 fråga,
243 1121 41 20 har
307 1120 40 21 den
370 1120 134 29 bestämning
526 1123 80 20 ansetts
627 1121 89 28 lämplig
738 1123 32 20 att
792 1123 112 21 revisions-

152 1155 94 22 sökande
261 1155 66 27 enligt
341 1154 220 28 Rättegångsbalkens
578 1157 26 19 30
619 1155 48 27 kap.
685 1157 10 19 1
713 1156 40 21 och
769 1158 11 19 6
796 1157 24 27 $$
836 1157 68 22 skulle

153 1197 39 20 ega
206 1196 49 13 rum
269 1189 77 21 endast
359 1189 8 21 i
381 1188 50 26 mål,
446 1196 45 14 som
510 1189 32 22 till
560 1189 87 22 Hofrätt
661 1190 111 21 inkommit
786 1191 8 20 i
809 1191 94 27 vadeväg

153 1223 51 21 eller
223 1223 24 20 af
262 1222 87 21 Hofrätt
368 1221 70 22 såsom
457 1222 67 21 första
543 1222 91 21 domstol
651 1223 115 27 handlagts
785 1223 39 22 och
842 1224 61 21 hvari

152 1256 114 20 Hofrätten
281 1254 60 28 gifvit
355 1255 72 27 slutlig
443 1255 58 26 dom;
516 1256 111 21 hvaremot
641 1256 196 27 ändringssökande
847 1257 57 29 finge

152 1289 38 21 ske
204 1289 90 21 medelst
308 1289 76 21 besvär
398 1289 8 21 i
421 1289 43 21 alla
479 1290 25 20 de
519 1289 50 27 mål,
584 1297 45 14 som
644 1290 33 20 till
691 1290 87 22 Hofrätt
792 1291 112 22 inkommit

153 1331 76 21 genom
240 1324 75 21 besvär
327 1324 39 21 och
379 1323 47 22 dem
437 1323 87 22 Hofrätt
534 1324 90 22 medelst
635 1324 82 28 slutligt
731 1325 71 28 utslag
816 1326 86 28 afgjort.

222 1357 77 27 Sedan,
317 1358 8 21 i
344 1358 217 22 öfverensstämmelse
578 1359 49 21 med
645 1359 128 28 stadgandet
790 1360 8 21 i
816 1362 12 19 3
848 1362 11 26 $
876 1363 26 19 30

153 1393 49 27 kap.
217 1392 216 28 Rättegängsbalken,
453 1400 76 20 genom
547 1393 76 27 Kongl.
639 1393 162 29 Förordningen
819 1394 40 22 den
875 1397 28 20 24

153 1427 62 27 April
231 1428 55 20 1754
301 1426 139 22 föreskrifvits
455 1427 120 27 skyldighet
589 1427 33 21 för
636 1428 198 22 revisionssökande
848 1432 32 19 att
894 1430 8 20 i

152 1460 114 22 Hofrätten
282 1460 88 28 erlägga
383 1461 59 22 lösen
455 1461 33 21 för
499 1461 154 28 handlingarne
665 1462 39 21 och
715 1457 94 27 inlemäa
822 1464 80 27 stämp-
