1017 1667
194 124 33 16 692
392 121 72 23 Nådiga
474 122 137 22 Propositionen
623 121 35 17 N:o
671 121 26 17 15.

170 184 43 23 blå.
236 186 37 22 Uti
289 186 70 22 denna
372 185 90 27 stämpel
477 185 66 22 finnes
557 184 30 29 på
601 186 30 20 ett
645 184 77 28 tydligt
736 184 41 22 och
792 184 40 21 lätt
846 184 8 20 i
868 184 50 26 ögo-

170 226 42 15 nen
234 219 95 23 fallande
350 221 49 25 sätt,
420 221 69 19 utsatt
508 219 87 22 valören
616 218 49 22 med
685 220 70 20 större
776 217 71 22 siffror
864 218 56 20 samt

171 254 77 21 svensk
262 254 41 22 och
317 254 56 21 finsk
387 255 52 20 text.
469 252 62 23 Såväl
546 253 101 22 siffrorna
661 259 46 15 som
720 254 74 20 texten
808 253 38 20 äro
861 251 59 22 hvita

170 286 30 30 på
218 288 36 22 det
271 288 91 28 färgade
376 288 90 22 bottnet.
495 288 113 22 Dessutom
622 287 69 21 förses
705 286 75 28 hvarje
795 286 39 22 ark
849 284 13 23 å
876 285 44 22 för-

171 324 35 20 sta
224 323 60 21 sidan
302 323 49 21 med
369 322 238 28 Finansexpeditionens
625 322 8 20 i
651 321 92 22 Senaten
761 320 159 22 kontrollstäm-

171 356 36 28 pel
225 357 8 21 i
251 356 56 28 rödt,
325 357 84 21 hvilken
424 356 89 28 stämpel
527 356 77 28 jemväl
619 355 115 28 anbringas
749 354 14 22 å
777 354 79 26 vexlar,
871 354 49 22 full-

171 392 83 21 makter
273 392 40 21 och
333 391 68 21 andra
415 391 133 28 handlingar,
564 398 45 14 som
623 389 30 28 på
666 389 254 28 Kartasigillata-Konto-

171 427 34 20 ret
222 424 97 29 undergå
337 425 122 28 stämpling.
488 425 49 22 Med
555 424 112 22 enahanda
681 423 91 28 stämpel
786 423 68 22 förses
866 423 54 28 jem-

171 460 35 22 väl
220 459 169 23 kartemärkena.

485 519 24 18 2
526 519 79 22 Kap.

179 571 98 28 Angående
295 571 82 28 beloppet
391 571 22 21 af
426 571 29 21 det
469 571 98 28 stämplade
581 577 74 22 papper,
669 577 36 15 som
720 571 6 20 i
741 570 63 28 hvarje
817 570 33 22 fall
865 570 49 21 skall

495 605 100 28 begagnas.

521 657 12 27 8
549 658 20 20 4.

239 703 94 22 Landets
355 702 122 27 domstolar,
499 702 132 23 embetsverk
654 703 40 21 och
712 702 154 29 myndigheter,
886 702 35 22 vid

172 738 71 22 hvilka
261 737 173 28 stämpelpapper
451 737 55 22 skall
523 737 115 29 begagnas,
654 737 102 21 hänföras
770 737 8 21 i
793 737 59 22 detta
867 737 53 22 afse-

172 772 54 23 ende
240 772 34 21 till
288 771 43 22 fem
345 771 105 22 särskilda
464 771 140 29 afdelningar,
618 771 117 28 nämligen:

238 823 83 22 Första
337 823 150 29 afdelningen:
502 822 92 23 Senaten
605 823 40 21 och
657 823 48 21 dess
717 823 151 28 expeditioner,
880 823 40 21 Mi-

171 857 284 23 nister-Statssekreteraren
473 858 40 21 och
527 857 60 22 Hans
601 857 101 28 Majestät
716 857 115 28 Kejsarens
846 857 75 22 Kansli

170 893 35 21 för
223 893 91 21 Finland
332 894 55 20 samt
405 892 41 21 den
461 892 35 21 vid
511 891 207 23 Statssekretariatet
731 892 90 21 tillsatte
836 892 84 21 Komit

171 927 34 22 för
220 927 68 22 finska
303 927 96 21 ärender.

239 979 80 22 Andra
337 978 151 29 afdelningen:
509 978 117 25 Hofrätter,
645 977 219 28 Riddaresynerätter,
884 973 36 26 Öf-

171 1013 221 28 verkrigsdomstolen,
404 1011 239 23 General-Guvernören
655 1011 58 23 öfver
723 1012 97 27 Finland,
829 1012 91 22 Alexan-

172 1048 221 21 ders-Universitetets
411 1047 91 22 Kansler
520 1047 39 21 och
578 1047 152 21 Vice-Kansler
745 1047 109 22 äfvensom
868 1047 52 22 Pro-

171 1082 194 22 kuratorsembetet
378 1082 8 21 i
401 1081 98 22 Senaten.

242 1129 79 30 Tredje
340 1130 151 28 afdelningen:
512 1129 187 28 Länestyrelserna
717 1130 40 21 och
775 1129 69 22 finska
858 1129 62 22 Pass-

172 1164 150 28 expeditionen
335 1165 8 20 i
358 1163 32 22 S:t
404 1164 134 27 Petersburg.

241 1214 78 29 Fjerde
331 1215 150 27 afdelningen:
495 1215 114 26 Lagmans-
621 1215 40 20 och
672 1214 187 21 Rådstufvurätter
866 1217 56 18 samt

172 1248 139 27 Magistrater
333 1248 40 21 och
395 1248 180 27 Ordningsrätter,
598 1243 167 31 Öfverstyrelsen
783 1247 34 21 för
835 1248 85 22 medici-

172 1282 112 21 nalverket
302 1282 40 20 och
357 1282 120 27 Kollegium
491 1282 111 26 medicum,
617 1282 115 21 Direktorn
747 1282 34 21 för
794 1282 70 22 finska
877 1283 43 21 Ka-

172 1316 135 28 detkorpsen,
326 1316 140 27 Inspektören
484 1316 40 21 och
541 1316 88 22 Befälen
647 1316 34 21 för
695 1316 68 22 finska
778 1317 143 28 militärkorp-

172 1358 68 19 serne,
259 1350 102 22 Finlands
379 1350 61 22 Bank
458 1350 49 22 med
524 1350 160 34 underlydande
702 1351 83 27 kontor,
800 1352 121 22 Postdirek-

172 1386 78 25 tionen,
267 1385 288 27 General-Tulldirektionen,
573 1377 166 45 Öfverstyrelsen
750 1386 34 21 för
794 1386 127 22 landtmäte-

172 1421 41 21 riet
225 1420 66 27 jemte
305 1416 306 41 Länelandtmäterikontoren,
627 1410 168 42 Öfverstyrelsen
810 1421 34 21 för
858 1421 62 21 forst-

171 1454 108 26 väsendet,
295 1448 168 34 Öfverstyrelsen
477 1453 34 22 för
525 1454 109 22 allmänna
643 1454 159 28 byggnaderne,
814 1450 106 34 Öfversty-
