1014 1656
189 99 33 18 954
387 98 71 23 Nådiga
469 99 138 21 Propositionen
618 98 34 17 N:o
665 99 28 15 20.

233 161 76 22 endast
322 161 31 28 på
367 161 103 29 skriftens
484 168 27 13 ur
523 161 149 28 ordalydelsen
677 160 146 29 framgående
833 166 80 23 uppen-

234 195 56 22 bara
307 196 86 27 mening
412 195 39 21 och
465 195 154 28 sammanhang
634 197 55 18 samt
702 195 11 19 i
720 194 53 26 fall,
789 201 44 14 som
848 196 66 25 tvety-

235 229 52 28 diga
302 236 70 21 synas,
387 229 66 21 hellre
462 229 51 28 fria
529 229 29 20 än
567 229 67 28 fälla.

520 297 21 16 '7
554 297 73 21 kap.

497 327 151 22 Oförändradt.

523 381 23 17 S
558 381 73 22 kap.

517 419 12 27 8
545 419 91 21 55—61.

497 457 154 23 Oförändrade.

546 505 11 27 s
573 505 34 20 62.

292 543 85 28 Önskar
401 547 105 22 svarande
527 549 10 20 i
559 547 186 29 tryckfrihetsmä!
763 548 96 21 rörande
879 555 37 14 an-

235 590 68 22 grepp
326 586 55 18 emot
399 581 83 22 enskilä
495 589 82 21 person
596 581 71 22 bevisa
686 583 111 21 tillmälets
816 583 100 28 sanning,

236 618 58 29 gälle
313 617 74 21 derom
405 616 56 21 hvad
479 617 10 20 i
507 617 82 20 allmän
608 617 35 27 lag
662 616 39 21 och
719 617 96 22 särskild
823 617 94 28 förord-

236 653 55 27 ning
310 658 34 14 om
357 650 61 30 falsk
437 651 115 29 angifvelse
569 650 38 22 och
622 658 73 14 annan
709 650 165 30 ärekränkning
890 652 27 21 är

237 686 110 30 stadgadt.

525 728 23 17 9
560 728 73 22 kap.

502 759 151 23 Oförändradt.

497 834 159 28 Slutstadganden.

549 881 11 27 s
577 881 33 20 69.

506 916 142 22 Oförändrad.

549 971 12 27 8
577 972 34 20 70.

297 1020 77 21 Denna
378 1020 137 28 förordning
528 1020 76 20 träder
615 1021 10 19 i
632 1020 134 22 verksamhet
774 1021 75 21 den
841 1016 17 37 —
858 1035 26 4 —
892 1035 29 5 —

240 1054 39 22 och
296 1054 71 28 gäller
384 1054 61 21 intill
463 1054 46 21 dess
528 1061 72 13 annan
619 1054 26 28 af
659 1054 94 30 Monark
770 1055 38 21 och
823 1054 96 24 Ständer

239 1089 78 29 stiftad
339 1088 176 28 tryckfrihetslag
535 1088 73 28 blifvit
627 1088 114 29 kungjord.
773 1088 44 22 Och
834 1091 85 28 upphör

240 1123 66 21 alltså
325 1123 31 20 all
369 1122 81 20 verkan
465 1122 26 28 af
504 1121 78 29 Kongl.
592 1122 165 29 förordningen
773 1124 38 20 och
821 1124 100 28 pädudet

240 1157 41 21 den
295 1155 32 21 26
341 1155 68 29 April
424 1154 63 28 1774,
503 1156 79 28 Kongl.
598 1156 141 28 kungörelsen
754 1158 41 20 den
809 1156 14 22 7
833 1158 87 22 Decem-

240 1191 37 20 ber
300 1188 58 22 1787
379 1193 55 17 samt
458 1190 123 28 Kejserliga
596 1190 165 29 förordningen
781 1192 40 20 den
838 1192 25 21 14
881 1192 38 29 (2)

240 1224 94 21 Oktober
355 1221 63 28 1829,
441 1223 108 29 äfvensom
567 1224 72 20 andra
657 1225 144 28 öfverhetliga
819 1227 102 28 stadgan-

239 1259 46 26 den,
301 1264 45 15 som
360 1257 71 21 strida
446 1261 55 17 emot
516 1257 56 21 hvad
587 1265 29 13 nu
631 1259 26 19 är
666 1259 153 30 föreskrifvet.

469 1310 89 20 Finlands
571 1311 79 19 Ständer
661 1311 110 21 framhärda
783 1314 35 19 ete.

240 1364 139 27 Helsingfors,
395 1363 40 22 den
458 1364 5 20 8
478 1363 43 28 Maj
538 1364 60 21 1867.
