1020 1664
329 90 71 23 Nådiga
412 92 136 21 Propositionen
560 91 34 18 N:o
607 92 27 17 24.
798 91 43 17 1099

115 154 101 23 ståndens
230 154 131 28 deputerade
370 155 35 21 för
415 156 126 21 momentets
552 154 143 22 oförändrade
706 153 158 27 bibehållande,

115 190 110 21 hvaremot
240 189 166 28 Ridderskapets
424 190 40 21 och
479 189 79 22 Adelns
573 191 57 20 samt
642 188 171 23 Presteståndets
829 189 36 21 de-

114 224 105 27 puterade
239 224 107 27 tillstyrka
364 226 36 26 att
417 224 214 28 kronobetjeningens
649 224 94 27 änsagde
760 224 105 27 rättighet

115 257 36 22 mä
168 258 101 27 antingen
284 258 108 21 försvinna
406 258 52 22 eller
473 257 128 22 ätminstone
615 258 132 21 inskränkas.
777 258 87 21 Utskot-

115 294 31 20 tet
163 292 82 28 nödgas
261 291 63 23 alltsä
338 292 8 21 i
361 292 58 21 detta
434 294 62 20 ämne
509 292 112 28 förelägga
635 292 128 21 alternativa
776 291 88 28 förslag.

183 326 40 21 Om
246 326 94 22 Ständen
363 326 113 28 godkänna
494 327 56 21 hvad
568 327 103 21 utskottet
690 325 90 23 sålunda
798 324 66 29 angä-

116 360 53 22 ende
184 360 89 28 forsling
288 360 40 22 och
342 360 81 29 upplag
438 361 24 21 af
473 361 91 21 bränvin
578 360 117 28 föreslagit,
711 360 68 22 skulle
793 361 40 20 art.
850 361 14 19 4

116 394 82 23 erhålla
212 394 95 29 följande
322 394 90 30 lydelse:

491 442 12 28 8
523 442 34 20 56.

452 475 142 23 Oförändrad.

492 531 12 27 8
524 531 33 20 57.

240 572 63 22 Inom
314 572 97 22 Finland
423 574 95 28 lagligen
529 572 128 22 tillverkadt
668 573 93 21 bränvin
772 573 43 26 må,
825 573 40 21 der

185 607 97 30 beloppet
297 609 19 28 ej
332 608 129 29 öfverstiger
476 615 26 14 en
517 608 49 29 half
578 607 73 22 kanna
666 608 152 27 (alternativt:
829 607 38 21 två

181 643 43 24 och
239 650 25 14 en
279 642 49 29 half
338 642 93 28 kannor)
439 642 56 28 fritt
507 642 38 21 och
557 642 142 22 obehindradt
706 642 87 28 forslas
803 642 64 30 ifrån

185 678 39 20 och
243 678 36 20 till
294 676 73 22 hvilka
382 680 60 18 orter
457 684 44 14 som
516 677 54 21 helst
584 680 59 18 utom
658 676 158 29 Lappmarken,
833 677 33 21 dit

185 710 100 27 bränvin,
300 711 107 21 intilldess
423 711 135 21 annorlunda
573 712 9 20 i
597 711 68 22 nåder
674 709 131 31 förordnas,
820 710 47 22 icke

179 745 43 29 får
240 746 93 28 införas,
352 746 38 21 vid
402 746 86 28 förlust
503 746 25 29 af
541 753 70 14 varan
627 746 37 21 och
679 745 51 22 kärl
747 749 54 18 samt
815 746 52 21 dra-

185 787 52 21 gare
253 780 39 21 och
306 780 99 29 redskap,
420 787 45 15 som
480 781 36 21 till
530 781 69 21 sådan
607 781 101 28 forsling
724 780 114 28 begagnas.

442 836 24 26 $$
483 835 26 20 58
525 835 40 21 och
581 835 33 21 59.

449 868 154 22 Oförändrade.

501 924 11 27 $
528 924 26 20 60
745 936 5 5 E

187 972 50 22 eger
257 965 110 29 Styrelsen
379 966 115 28 förändra
511 967 10 20 i
539 966 96 28 enlighet
651 966 48 21 med
714 966 56 21 hvad
785 965 84 29 Styrel-

186 1007 37 14 sen
241 1007 63 14 anser
324 1000 101 28 lämpligt
443 1004 39 22 att,
501 1000 47 22 med
568 1000 97 28 afseende
685 1001 13 20 ä
718 1000 122 28 ändringen
858 1001 11 20 €

186 1035 13 28 $
219 1032 36 29 57,
271 1034 140 29 föreskrifva
433 1035 109 28 angäende
558 1035 174 29 förpassningar
755 1035 39 21 och
805 1035 62 28 fors-

188 1069 121 28 lingsbevis.

499 1098 11 27 8
526 1098 34 20 61.

457 1131 142 22 Oförändrad.

496 1179 11 26 8
527 1179 33 19 62.

392 1211 142 27 Oförändrad,
548 1211 49 22 med
613 1211 85 28 tillägg:

245 1253 51 23 När
315 1255 94 21 bränvin
425 1255 35 20 till
473 1255 101 21 utlandet
587 1255 90 28 utföres,
694 1256 27 19 är
736 1254 134 29 afsändaren

189 1289 126 28 berättigad
333 1293 33 16 att
385 1293 55 16 emot
452 1290 127 27 företeende
599 1289 25 28 af
638 1289 105 27 behörigt,
758 1289 51 27 utaf
822 1289 48 20 der-

188 1323 95 21 varande
300 1323 200 28 embetsmyndighet
514 1323 117 28 utfärdadt
645 1324 61 27 intyg
721 1323 101 28 deröfver
838 1325 33 18 att

189 1357 115 22 bränvinet
327 1357 73 28 blifvit
423 1357 34 20 till
478 1356 102 22 utländsk
605 1356 63 22 hamn
689 1356 145 27 inklareradt,
857 1356 14 21 å

189 1391 181 22 Landiränteriet
386 1391 156 22 äterbekomma
553 1391 40 22 den
605 1391 211 30 tillverkningsskatt
828 1391 43 22 han

185 1427 40 28 för
241 1427 41 22 den
296 1427 139 28 exporterade
450 1434 70 14 varan
534 1427 77 28 erlagt.
