<?xml version="1.0" encoding="UTF-8"?>
<alto xmlns="http://www.loc.gov/standards/alto/ns-v3#" xmlns:xlink="http://www.w3.org/1999/xlink" xmlns:xsi="http://www.w3.org/2001/XMLSchema-instance" xsi:schemaLocation="http://www.loc.gov/standards/alto/ns-v3# http://www.loc.gov/alto/v3/alto-3-0.xsd">
	<Description>
		<MeasurementUnit>pixel</MeasurementUnit>
		<sourceImageInformation>
			<fileName>/tmp/tess_vsimhaps_input.PNG</fileName>
		</sourceImageInformation>
		<OCRProcessing ID="OCR_0">
			<ocrProcessingStep>
				<processingSoftware>
					<softwareName>tesseract 5.3.4</softwareName>
				</processingSoftware>
			</ocrProcessingStep>
		</OCRProcessing>
	</Description>
	<Layout>
		<Page WIDTH="1023" HEIGHT="1661" PHYSICAL_IMG_NR="0" ID="page_0">
			<PrintSpace HPOS="0" VPOS="0" WIDTH="1023" HEIGHT="1661">
				<ComposedBlock ID="cblock_0" HPOS="174" VPOS="137" WIDTH="509" HEIGHT="22">
					<TextBlock ID="block_0" HPOS="174" VPOS="137" WIDTH="509" HEIGHT="22">
						<TextLine ID="line_0" HPOS="174" VPOS="137" WIDTH="509" HEIGHT="22">
							<String ID="string_0" HPOS="174" VPOS="138" WIDTH="33" HEIGHT="15" WC="0.96" CONTENT="864"/><SP WIDTH="169" VPOS="138" HPOS="207"/>
							<String ID="string_1" HPOS="376" VPOS="137" WIDTH="72" HEIGHT="22" WC="0.85" CONTENT="Nädiga"/><SP WIDTH="11" VPOS="137" HPOS="448"/>
							<String ID="string_2" HPOS="459" VPOS="137" WIDTH="137" HEIGHT="21" WC="0.96" CONTENT="Propositionen"/><SP WIDTH="12" VPOS="137" HPOS="596"/>
							<String ID="string_3" HPOS="608" VPOS="137" WIDTH="34" HEIGHT="17" WC="0.96" CONTENT="N:o"/><SP WIDTH="15" VPOS="137" HPOS="642"/>
							<String ID="string_4" HPOS="657" VPOS="138" WIDTH="26" HEIGHT="16" WC="0.96" CONTENT="18."/>
						</TextLine>
					</TextBlock>
				</ComposedBlock>
				<ComposedBlock ID="cblock_1" HPOS="150" VPOS="197" WIDTH="755" HEIGHT="1296">
					<TextBlock ID="block_1" HPOS="150" VPOS="197" WIDTH="754" HEIGHT="543">
						<TextLine ID="line_1" HPOS="151" VPOS="197" WIDTH="753" HEIGHT="30">
							<String ID="string_5" HPOS="151" VPOS="200" WIDTH="79" HEIGHT="27" WC="0.95" CONTENT="ningen"/><SP WIDTH="17" VPOS="200" HPOS="230"/>
							<String ID="string_6" HPOS="247" VPOS="199" WIDTH="25" HEIGHT="21" WC="0.96" CONTENT="af"/><SP WIDTH="16" VPOS="199" HPOS="272"/>
							<String ID="string_7" HPOS="288" VPOS="198" WIDTH="40" HEIGHT="22" WC="0.96" CONTENT="den"/><SP WIDTH="20" VPOS="198" HPOS="328"/>
							<String ID="string_8" HPOS="348" VPOS="200" WIDTH="26" HEIGHT="19" WC="0.96" CONTENT="25"/><SP WIDTH="15" VPOS="200" HPOS="374"/>
							<String ID="string_9" HPOS="389" VPOS="197" WIDTH="119" HEIGHT="24" WC="0.95" CONTENT="November"/><SP WIDTH="17" VPOS="197" HPOS="508"/>
							<String ID="string_10" HPOS="525" VPOS="200" WIDTH="61" HEIGHT="25" WC="0.95" CONTENT="1826,"/><SP WIDTH="16" VPOS="200" HPOS="586"/>
							<String ID="string_11" HPOS="602" VPOS="205" WIDTH="46" HEIGHT="15" WC="0.93" CONTENT="som"/><SP WIDTH="17" VPOS="205" HPOS="648"/>
							<String ID="string_12" HPOS="665" VPOS="199" WIDTH="47" HEIGHT="21" WC="0.96" CONTENT="haft"/><SP WIDTH="14" VPOS="199" HPOS="712"/>
							<String ID="string_13" HPOS="726" VPOS="199" WIDTH="33" HEIGHT="20" WC="0.93" CONTENT="till"/><SP WIDTH="14" VPOS="199" HPOS="759"/>
							<String ID="string_14" HPOS="773" VPOS="197" WIDTH="83" HEIGHT="30" WC="0.96" CONTENT="påföljd"/><SP WIDTH="14" VPOS="197" HPOS="856"/>
							<String ID="string_15" HPOS="870" VPOS="201" WIDTH="34" HEIGHT="20" WC="0.96" CONTENT="att"/>
						</TextLine>
						<TextLine ID="line_2" HPOS="152" VPOS="230" WIDTH="751" HEIGHT="31">
							<String ID="string_16" HPOS="152" VPOS="233" WIDTH="100" HEIGHT="28" WC="0.91" CONTENT="samtliga"/><SP WIDTH="16" VPOS="233" HPOS="252"/>
							<String ID="string_17" HPOS="268" VPOS="232" WIDTH="133" HEIGHT="28" WC="0.91" CONTENT="förläningar"/><SP WIDTH="14" VPOS="232" HPOS="401"/>
							<String ID="string_18" HPOS="415" VPOS="232" WIDTH="25" HEIGHT="22" WC="0.93" CONTENT="af"/><SP WIDTH="15" VPOS="232" HPOS="440"/>
							<String ID="string_19" HPOS="455" VPOS="233" WIDTH="150" HEIGHT="21" WC="0.92" CONTENT="donatarierne"/><SP WIDTH="15" VPOS="233" HPOS="605"/>
							<String ID="string_20" HPOS="620" VPOS="232" WIDTH="112" HEIGHT="22" WC="0.92" CONTENT="förvaltats"/><SP WIDTH="14" VPOS="232" HPOS="732"/>
							<String ID="string_21" HPOS="746" VPOS="233" WIDTH="69" HEIGHT="21" WC="0.93" CONTENT="under"/><SP WIDTH="14" VPOS="233" HPOS="815"/>
							<String ID="string_22" HPOS="829" VPOS="230" WIDTH="74" HEIGHT="25" WC="0.92" CONTENT="frälse-"/>
						</TextLine>
						<TextLine ID="line_3" HPOS="150" VPOS="266" WIDTH="754" HEIGHT="27">
							<String ID="string_23" HPOS="150" VPOS="268" WIDTH="130" HEIGHT="25" WC="0.70" CONTENT="mannarätt,"/><SP WIDTH="18" VPOS="268" HPOS="280"/>
							<String ID="string_24" HPOS="298" VPOS="267" WIDTH="47" HEIGHT="21" WC="0.95" CONTENT="icke"/><SP WIDTH="17" VPOS="267" HPOS="345"/>
							<String ID="string_25" HPOS="362" VPOS="267" WIDTH="73" HEIGHT="21" WC="0.93" CONTENT="kunna"/><SP WIDTH="17" VPOS="267" HPOS="435"/>
							<String ID="string_26" HPOS="452" VPOS="267" WIDTH="81" HEIGHT="21" WC="0.90" CONTENT="lemnas"/><SP WIDTH="18" VPOS="267" HPOS="533"/>
							<String ID="string_27" HPOS="551" VPOS="269" WIDTH="52" HEIGHT="19" WC="0.93" CONTENT="utan"/><SP WIDTH="19" VPOS="269" HPOS="603"/>
							<String ID="string_28" HPOS="622" VPOS="267" WIDTH="116" HEIGHT="25" WC="0.91" CONTENT="afseende&quot;,"/><SP WIDTH="16" VPOS="267" HPOS="738"/>
							<String ID="string_29" HPOS="754" VPOS="267" WIDTH="68" HEIGHT="21" WC="0.93" CONTENT="ehuru"/><SP WIDTH="16" VPOS="267" HPOS="822"/>
							<String ID="string_30" HPOS="838" VPOS="266" WIDTH="13" HEIGHT="22" WC="0.86" CONTENT="&amp;"/><SP WIDTH="15" VPOS="266" HPOS="851"/>
							<String ID="string_31" HPOS="866" VPOS="272" WIDTH="38" HEIGHT="16" WC="0.85" CONTENT="ams"/>
						</TextLine>
						<TextLine ID="line_4" HPOS="151" VPOS="300" WIDTH="752" HEIGHT="29">
							<String ID="string_32" HPOS="151" VPOS="301" WIDTH="40" HEIGHT="22" WC="0.96" CONTENT="dra"/><SP WIDTH="14" VPOS="301" HPOS="191"/>
							<String ID="string_33" HPOS="205" VPOS="301" WIDTH="62" HEIGHT="21" WC="0.93" CONTENT="sidan"/><SP WIDTH="13" VPOS="301" HPOS="267"/>
							<String ID="string_34" HPOS="280" VPOS="301" WIDTH="115" HEIGHT="21" WC="0.96" CONTENT="utskottets"/><SP WIDTH="14" VPOS="301" HPOS="395"/>
							<String ID="string_35" HPOS="409" VPOS="300" WIDTH="139" HEIGHT="29" WC="0.95" CONTENT="uppfattning"/><SP WIDTH="11" VPOS="300" HPOS="548"/>
							<String ID="string_36" HPOS="559" VPOS="300" WIDTH="27" HEIGHT="26" WC="0.93" CONTENT="af,"/><SP WIDTH="12" VPOS="300" HPOS="586"/>
							<String ID="string_37" HPOS="598" VPOS="300" WIDTH="57" HEIGHT="22" WC="0.92" CONTENT="hvad"/><SP WIDTH="14" VPOS="300" HPOS="655"/>
							<String ID="string_38" HPOS="669" VPOS="300" WIDTH="175" HEIGHT="28" WC="0.64" CONTENT="grundlagsenkig"/><SP WIDTH="14" VPOS="300" HPOS="844"/>
							<String ID="string_39" HPOS="858" VPOS="301" WIDTH="45" HEIGHT="27" WC="0.92" CONTENT="lag-"/>
						</TextLine>
						<TextLine ID="line_5" HPOS="151" VPOS="334" WIDTH="753" HEIGHT="29">
							<String ID="string_40" HPOS="151" VPOS="335" WIDTH="98" HEIGHT="28" WC="0.91" CONTENT="stiftning"/><SP WIDTH="13" VPOS="335" HPOS="249"/>
							<String ID="string_41" HPOS="262" VPOS="336" WIDTH="31" HEIGHT="25" WC="0.93" CONTENT="är,"/><SP WIDTH="15" VPOS="336" HPOS="293"/>
							<String ID="string_42" HPOS="308" VPOS="335" WIDTH="48" HEIGHT="21" WC="0.93" CONTENT="icke"/><SP WIDTH="16" VPOS="335" HPOS="356"/>
							<String ID="string_43" HPOS="372" VPOS="334" WIDTH="119" HEIGHT="28" WC="0.91" CONTENT="medgifver"/><SP WIDTH="16" VPOS="334" HPOS="491"/>
							<String ID="string_44" HPOS="507" VPOS="337" WIDTH="33" HEIGHT="19" WC="0.93" CONTENT="att"/><SP WIDTH="17" VPOS="337" HPOS="540"/>
							<String ID="string_45" HPOS="557" VPOS="335" WIDTH="99" HEIGHT="21" WC="0.95" CONTENT="betrakta"/><SP WIDTH="14" VPOS="335" HPOS="656"/>
							<String ID="string_46" HPOS="670" VPOS="335" WIDTH="94" HEIGHT="21" WC="0.92" CONTENT="nämnda"/><SP WIDTH="14" VPOS="335" HPOS="764"/>
							<String ID="string_47" HPOS="778" VPOS="335" WIDTH="126" HEIGHT="28" WC="0.96" CONTENT="förordning"/>
						</TextLine>
						<TextLine ID="line_6" HPOS="150" VPOS="367" WIDTH="754" HEIGHT="31">
							<String ID="string_48" HPOS="150" VPOS="369" WIDTH="73" HEIGHT="23" WC="0.96" CONTENT="såsom"/><SP WIDTH="13" VPOS="369" HPOS="223"/>
							<String ID="string_49" HPOS="236" VPOS="367" WIDTH="94" HEIGHT="31" WC="0.96" CONTENT="lagligen"/><SP WIDTH="14" VPOS="367" HPOS="330"/>
							<String ID="string_50" HPOS="344" VPOS="369" WIDTH="137" HEIGHT="22" WC="0.95" CONTENT="tillkommen."/><SP WIDTH="30" VPOS="369" HPOS="481"/>
							<String ID="string_51" HPOS="511" VPOS="370" WIDTH="50" HEIGHT="21" WC="0.96" CONTENT="Men"/><SP WIDTH="18" VPOS="370" HPOS="561"/>
							<String ID="string_52" HPOS="579" VPOS="376" WIDTH="35" HEIGHT="15" WC="0.96" CONTENT="om"/><SP WIDTH="18" VPOS="376" HPOS="614"/>
							<String ID="string_53" HPOS="632" VPOS="369" WIDTH="36" HEIGHT="21" WC="0.93" CONTENT="det"/><SP WIDTH="19" VPOS="369" HPOS="668"/>
							<String ID="string_54" HPOS="687" VPOS="370" WIDTH="40" HEIGHT="20" WC="0.96" CONTENT="ock"/><SP WIDTH="13" VPOS="370" HPOS="727"/>
							<String ID="string_55" HPOS="740" VPOS="369" WIDTH="50" HEIGHT="22" WC="0.96" CONTENT="med"/><SP WIDTH="14" VPOS="369" HPOS="790"/>
							<String ID="string_56" HPOS="804" VPOS="370" WIDTH="47" HEIGHT="21" WC="0.93" CONTENT="skäl"/><SP WIDTH="14" VPOS="370" HPOS="851"/>
							<String ID="string_57" HPOS="865" VPOS="368" WIDTH="39" HEIGHT="29" WC="0.92" CONTENT="pä-"/>
						</TextLine>
						<TextLine ID="line_7" HPOS="150" VPOS="403" WIDTH="754" HEIGHT="30">
							<String ID="string_58" HPOS="150" VPOS="404" WIDTH="71" HEIGHT="29" WC="0.92" CONTENT="yrkas,"/><SP WIDTH="15" VPOS="404" HPOS="221"/>
							<String ID="string_59" HPOS="236" VPOS="404" WIDTH="33" HEIGHT="22" WC="0.94" CONTENT="att"/><SP WIDTH="17" VPOS="404" HPOS="269"/>
							<String ID="string_60" HPOS="286" VPOS="411" WIDTH="51" HEIGHT="14" WC="0.96" CONTENT="man"/><SP WIDTH="17" VPOS="411" HPOS="337"/>
							<String ID="string_61" HPOS="354" VPOS="403" WIDTH="40" HEIGHT="22" WC="0.96" CONTENT="bör"/><SP WIDTH="17" VPOS="403" HPOS="394"/>
							<String ID="string_62" HPOS="411" VPOS="403" WIDTH="93" HEIGHT="22" WC="0.93" CONTENT="undvika"/><SP WIDTH="15" VPOS="403" HPOS="504"/>
							<String ID="string_63" HPOS="519" VPOS="403" WIDTH="81" HEIGHT="23" WC="0.91" CONTENT="sädana"/><SP WIDTH="14" VPOS="403" HPOS="600"/>
							<String ID="string_64" HPOS="614" VPOS="403" WIDTH="184" HEIGHT="28" WC="0.91" CONTENT="undersökningar"/><SP WIDTH="14" VPOS="403" HPOS="798"/>
							<String ID="string_65" HPOS="812" VPOS="404" WIDTH="92" HEIGHT="22" WC="0.93" CONTENT="rörande"/>
						</TextLine>
						<TextLine ID="line_8" HPOS="152" VPOS="437" WIDTH="752" HEIGHT="30">
							<String ID="string_66" HPOS="152" VPOS="439" WIDTH="36" HEIGHT="22" WC="0.93" CONTENT="det"/><SP WIDTH="14" VPOS="439" HPOS="188"/>
							<String ID="string_67" HPOS="202" VPOS="438" WIDTH="108" HEIGHT="27" WC="0.88" CONTENT="förflutna,"/><SP WIDTH="16" VPOS="438" HPOS="310"/>
							<String ID="string_68" HPOS="326" VPOS="445" WIDTH="45" HEIGHT="15" WC="0.96" CONTENT="som"/><SP WIDTH="14" VPOS="445" HPOS="371"/>
							<String ID="string_69" HPOS="385" VPOS="439" WIDTH="68" HEIGHT="21" WC="0.93" CONTENT="skulle"/><SP WIDTH="14" VPOS="439" HPOS="453"/>
							<String ID="string_70" HPOS="467" VPOS="439" WIDTH="117" HEIGHT="28" WC="0.92" CONTENT="uppskjuta"/><SP WIDTH="14" VPOS="439" HPOS="584"/>
							<String ID="string_71" HPOS="598" VPOS="437" WIDTH="88" HEIGHT="29" WC="0.92" CONTENT="frägans"/><SP WIDTH="13" VPOS="437" HPOS="686"/>
							<String ID="string_72" HPOS="699" VPOS="438" WIDTH="85" HEIGHT="28" WC="0.82" CONTENT="lösning"/><SP WIDTH="13" VPOS="438" HPOS="784"/>
							<String ID="string_73" HPOS="797" VPOS="439" WIDTH="46" HEIGHT="26" WC="0.96" CONTENT="och,"/><SP WIDTH="11" VPOS="439" HPOS="843"/>
							<String ID="string_74" HPOS="854" VPOS="438" WIDTH="50" HEIGHT="22" WC="0.86" CONTENT="med"/>
						</TextLine>
						<TextLine ID="line_9" HPOS="152" VPOS="471" WIDTH="752" HEIGHT="29">
							<String ID="string_75" HPOS="152" VPOS="473" WIDTH="100" HEIGHT="22" WC="0.93" CONTENT="afseende"/><SP WIDTH="18" VPOS="473" HPOS="252"/>
							<String ID="string_76" HPOS="270" VPOS="471" WIDTH="53" HEIGHT="23" WC="0.91" CONTENT="derä"/><SP WIDTH="17" VPOS="471" HPOS="323"/>
							<String ID="string_77" HPOS="340" VPOS="474" WIDTH="32" HEIGHT="20" WC="0.93" CONTENT="att"/><SP WIDTH="17" VPOS="474" HPOS="372"/>
							<String ID="string_78" HPOS="389" VPOS="473" WIDTH="94" HEIGHT="27" WC="0.90" CONTENT="änsagde"/><SP WIDTH="15" VPOS="473" HPOS="483"/>
							<String ID="string_79" HPOS="498" VPOS="472" WIDTH="126" HEIGHT="28" WC="0.93" CONTENT="förordning"/><SP WIDTH="22" VPOS="472" HPOS="624"/>
							<String ID="string_80" HPOS="646" VPOS="473" WIDTH="110" HEIGHT="21" WC="0.91" CONTENT="allaredan"/><SP WIDTH="21" VPOS="473" HPOS="756"/>
							<String ID="string_81" HPOS="777" VPOS="473" WIDTH="70" HEIGHT="21" WC="0.92" CONTENT="blifvit"/><SP WIDTH="21" VPOS="473" HPOS="847"/>
							<String ID="string_82" HPOS="868" VPOS="473" WIDTH="36" HEIGHT="21" WC="0.96" CONTENT="vid"/>
						</TextLine>
						<TextLine ID="line_10" HPOS="152" VPOS="505" WIDTH="752" HEIGHT="30">
							<String ID="string_83" HPOS="152" VPOS="507" WIDTH="117" HEIGHT="22" WC="0.86" CONTENT="domstolar"/><SP WIDTH="21" VPOS="507" HPOS="269"/>
							<String ID="string_84" HPOS="290" VPOS="506" WIDTH="113" HEIGHT="27" WC="0.95" CONTENT="tillämpad"/><SP WIDTH="22" VPOS="506" HPOS="403"/>
							<String ID="string_85" HPOS="425" VPOS="507" WIDTH="56" HEIGHT="21" WC="0.93" CONTENT="samt"/><SP WIDTH="25" VPOS="507" HPOS="481"/>
							<String ID="string_86" HPOS="506" VPOS="505" WIDTH="107" HEIGHT="29" WC="0.93" CONTENT="åtskilliga"/><SP WIDTH="26" VPOS="505" HPOS="613"/>
							<String ID="string_87" HPOS="639" VPOS="507" WIDTH="165" HEIGHT="27" WC="0.92" CONTENT="donationsgods"/><SP WIDTH="22" VPOS="507" HPOS="804"/>
							<String ID="string_88" HPOS="826" VPOS="514" WIDTH="78" HEIGHT="21" WC="0.96" CONTENT="genom"/>
						</TextLine>
						<TextLine ID="line_11" HPOS="151" VPOS="539" WIDTH="752" HEIGHT="29">
							<String ID="string_89" HPOS="151" VPOS="541" WIDTH="50" HEIGHT="27" WC="0.93" CONTENT="köp,"/><SP WIDTH="23" VPOS="541" HPOS="201"/>
							<String ID="string_90" HPOS="224" VPOS="540" WIDTH="106" HEIGHT="22" WC="0.93" CONTENT="afslutade"/><SP WIDTH="21" VPOS="540" HPOS="330"/>
							<String ID="string_91" HPOS="351" VPOS="539" WIDTH="29" HEIGHT="29" WC="0.96" CONTENT="pä"/><SP WIDTH="21" VPOS="539" HPOS="380"/>
							<String ID="string_92" HPOS="401" VPOS="541" WIDTH="43" HEIGHT="27" WC="0.93" CONTENT="god"/><SP WIDTH="21" VPOS="541" HPOS="444"/>
							<String ID="string_93" HPOS="465" VPOS="543" WIDTH="41" HEIGHT="23" WC="0.93" CONTENT="tro,"/><SP WIDTH="20" VPOS="543" HPOS="506"/>
							<String ID="string_94" HPOS="526" VPOS="541" WIDTH="82" HEIGHT="27" WC="0.92" CONTENT="ombytt"/><SP WIDTH="18" VPOS="541" HPOS="608"/>
							<String ID="string_95" HPOS="626" VPOS="548" WIDTH="70" HEIGHT="20" WC="0.91" CONTENT="egare,"/><SP WIDTH="22" VPOS="548" HPOS="696"/>
							<String ID="string_96" HPOS="718" VPOS="541" WIDTH="101" HEIGHT="27" WC="0.96" CONTENT="möjligen"/><SP WIDTH="22" VPOS="541" HPOS="819"/>
							<String ID="string_97" HPOS="841" VPOS="541" WIDTH="62" HEIGHT="21" WC="0.95" CONTENT="äfven"/>
						</TextLine>
						<TextLine ID="line_12" HPOS="150" VPOS="573" WIDTH="754" HEIGHT="29">
							<String ID="string_98" HPOS="150" VPOS="575" WIDTH="72" HEIGHT="21" WC="0.93" CONTENT="kunde"/><SP WIDTH="17" VPOS="575" HPOS="222"/>
							<String ID="string_99" HPOS="239" VPOS="574" WIDTH="98" HEIGHT="22" WC="0.92" CONTENT="medföra"/><SP WIDTH="17" VPOS="574" HPOS="337"/>
							<String ID="string_100" HPOS="354" VPOS="581" WIDTH="43" HEIGHT="21" WC="0.93" CONTENT="nya"/><SP WIDTH="20" VPOS="581" HPOS="397"/>
							<String ID="string_101" HPOS="417" VPOS="574" WIDTH="207" HEIGHT="28" WC="0.92" CONTENT="rättskränkningar,"/><SP WIDTH="20" VPOS="574" HPOS="624"/>
							<String ID="string_102" HPOS="644" VPOS="573" WIDTH="24" HEIGHT="23" WC="0.97" CONTENT="sä"/><SP WIDTH="18" VPOS="573" HPOS="668"/>
							<String ID="string_103" HPOS="686" VPOS="575" WIDTH="68" HEIGHT="21" WC="0.93" CONTENT="skulle"/><SP WIDTH="22" VPOS="575" HPOS="754"/>
							<String ID="string_104" HPOS="776" VPOS="574" WIDTH="128" HEIGHT="22" WC="0.90" CONTENT="ätminstone"/>
						</TextLine>
						<TextLine ID="line_13" HPOS="150" VPOS="608" WIDTH="754" HEIGHT="28">
							<String ID="string_105" HPOS="150" VPOS="609" WIDTH="138" HEIGHT="27" WC="0.90" CONTENT="forskningar"/><SP WIDTH="17" VPOS="609" HPOS="288"/>
							<String ID="string_106" HPOS="305" VPOS="609" WIDTH="8" HEIGHT="21" WC="0.92" CONTENT="i"/><SP WIDTH="15" VPOS="609" HPOS="313"/>
							<String ID="string_107" HPOS="328" VPOS="608" WIDTH="171" HEIGHT="28" WC="0.92" CONTENT="jordeböckerna"/><SP WIDTH="17" VPOS="608" HPOS="499"/>
							<String ID="string_108" HPOS="516" VPOS="609" WIDTH="41" HEIGHT="21" WC="0.93" CONTENT="och"/><SP WIDTH="19" VPOS="609" HPOS="557"/>
							<String ID="string_109" HPOS="576" VPOS="608" WIDTH="66" HEIGHT="27" WC="0.92" CONTENT="derpä"/><SP WIDTH="22" VPOS="608" HPOS="642"/>
							<String ID="string_110" HPOS="664" VPOS="608" WIDTH="111" HEIGHT="28" WC="0.92" CONTENT="grundade"/><SP WIDTH="18" VPOS="608" HPOS="775"/>
							<String ID="string_111" HPOS="793" VPOS="609" WIDTH="111" HEIGHT="27" WC="0.96" CONTENT="uppgifter"/>
						</TextLine>
						<TextLine ID="line_14" HPOS="150" VPOS="643" WIDTH="754" HEIGHT="27">
							<String ID="string_112" HPOS="150" VPOS="650" WIDTH="36" HEIGHT="15" WC="0.93" CONTENT="om"/><SP WIDTH="22" VPOS="650" HPOS="186"/>
							<String ID="string_113" HPOS="208" VPOS="643" WIDTH="193" HEIGHT="27" WC="0.88" CONTENT="donationsgodsen"/><SP WIDTH="21" VPOS="643" HPOS="401"/>
							<String ID="string_114" HPOS="422" VPOS="643" WIDTH="8" HEIGHT="20" WC="0.92" CONTENT="i"/><SP WIDTH="22" VPOS="643" HPOS="430"/>
							<String ID="string_115" HPOS="452" VPOS="643" WIDTH="105" HEIGHT="21" WC="0.91" CONTENT="kameralt"/><SP WIDTH="24" VPOS="643" HPOS="557"/>
							<String ID="string_116" HPOS="581" VPOS="643" WIDTH="121" HEIGHT="21" WC="0.96" CONTENT="hänseende"/><SP WIDTH="25" VPOS="643" HPOS="702"/>
							<String ID="string_117" HPOS="727" VPOS="643" WIDTH="81" HEIGHT="21" WC="0.93" CONTENT="kunnat"/><SP WIDTH="24" VPOS="643" HPOS="808"/>
							<String ID="string_118" HPOS="832" VPOS="643" WIDTH="72" HEIGHT="22" WC="0.91" CONTENT="lemna"/>
						</TextLine>
						<TextLine ID="line_15" HPOS="151" VPOS="676" WIDTH="753" HEIGHT="29">
							<String ID="string_119" HPOS="151" VPOS="678" WIDTH="97" HEIGHT="27" WC="0.77" CONTENT="önskliga"/><SP WIDTH="15" VPOS="678" HPOS="248"/>
							<String ID="string_120" HPOS="263" VPOS="678" WIDTH="76" HEIGHT="26" WC="0.96" CONTENT="bidrag"/><SP WIDTH="14" VPOS="678" HPOS="339"/>
							<String ID="string_121" HPOS="353" VPOS="677" WIDTH="33" HEIGHT="22" WC="0.93" CONTENT="till"/><SP WIDTH="14" VPOS="677" HPOS="386"/>
							<String ID="string_122" HPOS="400" VPOS="677" WIDTH="105" HEIGHT="22" WC="0.96" CONTENT="vinnande"/><SP WIDTH="15" VPOS="677" HPOS="505"/>
							<String ID="string_123" HPOS="520" VPOS="676" WIDTH="25" HEIGHT="22" WC="0.96" CONTENT="af"/><SP WIDTH="13" VPOS="676" HPOS="545"/>
							<String ID="string_124" HPOS="558" VPOS="684" WIDTH="26" HEIGHT="14" WC="0.93" CONTENT="en"/><SP WIDTH="14" VPOS="684" HPOS="584"/>
							<String ID="string_125" HPOS="598" VPOS="676" WIDTH="81" HEIGHT="22" WC="0.96" CONTENT="fastare"/><SP WIDTH="15" VPOS="676" HPOS="679"/>
							<String ID="string_126" HPOS="694" VPOS="676" WIDTH="160" HEIGHT="29" WC="0.96" CONTENT="utgångspunkt"/><SP WIDTH="14" VPOS="676" HPOS="854"/>
							<String ID="string_127" HPOS="868" VPOS="678" WIDTH="36" HEIGHT="21" WC="0.96" CONTENT="för"/>
						</TextLine>
						<TextLine ID="line_16" HPOS="150" VPOS="712" WIDTH="462" HEIGHT="28">
							<String ID="string_128" HPOS="150" VPOS="712" WIDTH="112" HEIGHT="28" WC="0.92" CONTENT="lösningen"/><SP WIDTH="14" VPOS="712" HPOS="262"/>
							<String ID="string_129" HPOS="276" VPOS="712" WIDTH="25" HEIGHT="21" WC="0.96" CONTENT="af"/><SP WIDTH="13" VPOS="712" HPOS="301"/>
							<String ID="string_130" HPOS="314" VPOS="712" WIDTH="36" HEIGHT="21" WC="0.93" CONTENT="det"/><SP WIDTH="13" VPOS="712" HPOS="350"/>
							<String ID="string_131" HPOS="363" VPOS="712" WIDTH="110" HEIGHT="27" WC="0.92" CONTENT="förelagda"/><SP WIDTH="15" VPOS="712" HPOS="473"/>
							<String ID="string_132" HPOS="488" VPOS="712" WIDTH="124" HEIGHT="27" WC="0.96" CONTENT="problemet."/>
						</TextLine>
					</TextBlock>
					<TextBlock ID="block_2" HPOS="150" VPOS="745" WIDTH="755" HEIGHT="541">
						<TextLine ID="line_17" HPOS="219" VPOS="745" WIDTH="685" HEIGHT="29">
							<String ID="string_133" HPOS="219" VPOS="745" WIDTH="35" HEIGHT="27" WC="0.95" CONTENT="Sä,"/><SP WIDTH="20" VPOS="745" HPOS="254"/>
							<String ID="string_134" HPOS="274" VPOS="753" WIDTH="45" HEIGHT="15" WC="0.93" CONTENT="som"/><SP WIDTH="18" VPOS="753" HPOS="319"/>
							<String ID="string_135" HPOS="337" VPOS="746" WIDTH="103" HEIGHT="28" WC="0.92" CONTENT="förslaget"/><SP WIDTH="21" VPOS="746" HPOS="440"/>
							<String ID="string_136" HPOS="461" VPOS="746" WIDTH="32" HEIGHT="21" WC="0.93" CONTENT="till"/><SP WIDTH="23" VPOS="746" HPOS="493"/>
							<String ID="string_137" HPOS="516" VPOS="745" WIDTH="204" HEIGHT="29" WC="0.92" CONTENT="donationsgodsens"/><SP WIDTH="22" VPOS="745" HPOS="720"/>
							<String ID="string_138" HPOS="742" VPOS="746" WIDTH="111" HEIGHT="22" WC="0.92" CONTENT="inlösande"/><SP WIDTH="21" VPOS="746" HPOS="853"/>
							<String ID="string_139" HPOS="874" VPOS="752" WIDTH="30" HEIGHT="16" WC="0.96" CONTENT="nu"/>
						</TextLine>
						<TextLine ID="line_18" HPOS="150" VPOS="779" WIDTH="754" HEIGHT="30">
							<String ID="string_140" HPOS="150" VPOS="780" WIDTH="70" HEIGHT="22" WC="0.96" CONTENT="blifvit"/><SP WIDTH="17" VPOS="780" HPOS="220"/>
							<String ID="string_141" HPOS="237" VPOS="780" WIDTH="33" HEIGHT="22" WC="0.93" CONTENT="till"/><SP WIDTH="19" VPOS="780" HPOS="270"/>
							<String ID="string_142" HPOS="289" VPOS="779" WIDTH="120" HEIGHT="23" WC="0.92" CONTENT="Ständerna"/><SP WIDTH="18" VPOS="779" HPOS="409"/>
							<String ID="string_143" HPOS="427" VPOS="780" WIDTH="159" HEIGHT="26" WC="0.92" CONTENT="öfverlemnadt,"/><SP WIDTH="16" VPOS="780" HPOS="586"/>
							<String ID="string_144" HPOS="602" VPOS="780" WIDTH="73" HEIGHT="28" WC="0.96" CONTENT="skiljer"/><SP WIDTH="19" VPOS="780" HPOS="675"/>
							<String ID="string_145" HPOS="694" VPOS="780" WIDTH="35" HEIGHT="22" WC="0.96" CONTENT="det"/><SP WIDTH="14" VPOS="780" HPOS="729"/>
							<String ID="string_146" HPOS="743" VPOS="781" WIDTH="35" HEIGHT="28" WC="0.93" CONTENT="sig"/><SP WIDTH="12" VPOS="781" HPOS="778"/>
							<String ID="string_147" HPOS="790" VPOS="781" WIDTH="51" HEIGHT="28" WC="0.96" CONTENT="föga"/><SP WIDTH="14" VPOS="781" HPOS="841"/>
							<String ID="string_148" HPOS="855" VPOS="780" WIDTH="49" HEIGHT="23" WC="0.96" CONTENT="från"/>
						</TextLine>
						<TextLine ID="line_19" HPOS="151" VPOS="814" WIDTH="753" HEIGHT="28">
							<String ID="string_149" HPOS="151" VPOS="814" WIDTH="41" HEIGHT="23" WC="0.87" CONTENT="den"/><SP WIDTH="22" VPOS="814" HPOS="192"/>
							<String ID="string_150" HPOS="214" VPOS="815" WIDTH="60" HEIGHT="22" WC="0.96" CONTENT="förra"/><SP WIDTH="21" VPOS="815" HPOS="274"/>
							<String ID="string_151" HPOS="295" VPOS="815" WIDTH="79" HEIGHT="27" WC="0.96" CONTENT="nådiga"/><SP WIDTH="21" VPOS="815" HPOS="374"/>
							<String ID="string_152" HPOS="395" VPOS="815" WIDTH="161" HEIGHT="26" WC="0.96" CONTENT="propositionen"/><SP WIDTH="21" VPOS="815" HPOS="556"/>
							<String ID="string_153" HPOS="577" VPOS="815" WIDTH="7" HEIGHT="20" WC="0.93" CONTENT="i"/><SP WIDTH="23" VPOS="815" HPOS="584"/>
							<String ID="string_154" HPOS="607" VPOS="816" WIDTH="77" HEIGHT="21" WC="0.94" CONTENT="ämnet."/><SP WIDTH="33" VPOS="816" HPOS="684"/>
							<String ID="string_155" HPOS="717" VPOS="816" WIDTH="83" HEIGHT="21" WC="0.88" CONTENT="Endast"/><SP WIDTH="21" VPOS="816" HPOS="800"/>
							<String ID="string_156" HPOS="821" VPOS="816" WIDTH="83" HEIGHT="21" WC="0.95" CONTENT="formen"/>
						</TextLine>
						<TextLine ID="line_20" HPOS="150" VPOS="848" WIDTH="754" HEIGHT="29">
							<String ID="string_157" HPOS="150" VPOS="849" WIDTH="35" HEIGHT="22" WC="0.93" CONTENT="för"/><SP WIDTH="14" VPOS="849" HPOS="185"/>
							<String ID="string_158" HPOS="199" VPOS="849" WIDTH="149" HEIGHT="28" WC="0.90" CONTENT="upptagandet"/><SP WIDTH="18" VPOS="849" HPOS="348"/>
							<String ID="string_159" HPOS="366" VPOS="849" WIDTH="23" HEIGHT="21" WC="0.96" CONTENT="af"/><SP WIDTH="18" VPOS="849" HPOS="389"/>
							<String ID="string_160" HPOS="407" VPOS="849" WIDTH="26" HEIGHT="21" WC="0.96" CONTENT="de"/><SP WIDTH="15" VPOS="849" HPOS="433"/>
							<String ID="string_161" HPOS="448" VPOS="848" WIDTH="41" HEIGHT="26" WC="0.96" CONTENT="lån,"/><SP WIDTH="16" VPOS="848" HPOS="489"/>
							<String ID="string_162" HPOS="505" VPOS="856" WIDTH="46" HEIGHT="14" WC="0.96" CONTENT="som"/><SP WIDTH="15" VPOS="856" HPOS="551"/>
							<String ID="string_163" HPOS="566" VPOS="849" WIDTH="61" HEIGHT="22" WC="0.96" CONTENT="skola"/><SP WIDTH="13" VPOS="849" HPOS="627"/>
							<String ID="string_164" HPOS="640" VPOS="849" WIDTH="128" HEIGHT="28" WC="0.96" CONTENT="möjliggöra"/><SP WIDTH="15" VPOS="849" HPOS="768"/>
							<String ID="string_165" HPOS="783" VPOS="850" WIDTH="26" HEIGHT="21" WC="0.93" CONTENT="de"/><SP WIDTH="15" VPOS="850" HPOS="809"/>
							<String ID="string_166" HPOS="824" VPOS="849" WIDTH="80" HEIGHT="28" WC="0.88" CONTENT="ifråga-"/>
						</TextLine>
						<TextLine ID="line_21" HPOS="150" VPOS="883" WIDTH="754" HEIGHT="28">
							<String ID="string_167" HPOS="150" VPOS="884" WIDTH="79" HEIGHT="21" WC="0.96" CONTENT="komna"/><SP WIDTH="17" VPOS="884" HPOS="229"/>
							<String ID="string_168" HPOS="246" VPOS="883" WIDTH="76" HEIGHT="28" WC="0.96" CONTENT="köpen,"/><SP WIDTH="20" VPOS="883" HPOS="322"/>
							<String ID="string_169" HPOS="342" VPOS="884" WIDTH="24" HEIGHT="20" WC="0.96" CONTENT="är"/><SP WIDTH="18" VPOS="884" HPOS="366"/>
							<String ID="string_170" HPOS="384" VPOS="890" WIDTH="29" HEIGHT="14" WC="0.96" CONTENT="nu"/><SP WIDTH="18" VPOS="890" HPOS="413"/>
							<String ID="string_171" HPOS="431" VPOS="884" WIDTH="101" HEIGHT="21" WC="0.95" CONTENT="närmare"/><SP WIDTH="20" VPOS="884" HPOS="532"/>
							<String ID="string_172" HPOS="552" VPOS="883" WIDTH="80" HEIGHT="22" WC="0.95" CONTENT="utförd."/><SP WIDTH="29" VPOS="883" HPOS="632"/>
							<String ID="string_173" HPOS="661" VPOS="884" WIDTH="42" HEIGHT="21" WC="0.96" CONTENT="Det"/><SP WIDTH="22" VPOS="884" HPOS="703"/>
							<String ID="string_174" HPOS="725" VPOS="884" WIDTH="71" HEIGHT="27" WC="0.93" CONTENT="gällde"/><SP WIDTH="22" VPOS="884" HPOS="796"/>
							<String ID="string_175" HPOS="818" VPOS="884" WIDTH="86" HEIGHT="22" WC="0.91" CONTENT="derföre"/>
						</TextLine>
						<TextLine ID="line_22" HPOS="151" VPOS="916" WIDTH="753" HEIGHT="30">
							<String ID="string_176" HPOS="151" VPOS="917" WIDTH="34" HEIGHT="22" WC="0.96" CONTENT="för"/><SP WIDTH="17" VPOS="917" HPOS="185"/>
							<String ID="string_177" HPOS="202" VPOS="918" WIDTH="110" HEIGHT="26" WC="0.96" CONTENT="utskottet,"/><SP WIDTH="20" VPOS="918" HPOS="312"/>
							<String ID="string_178" HPOS="332" VPOS="916" WIDTH="29" HEIGHT="29" WC="0.96" CONTENT="på"/><SP WIDTH="17" VPOS="916" HPOS="361"/>
							<String ID="string_179" HPOS="378" VPOS="919" WIDTH="43" HEIGHT="20" WC="0.96" CONTENT="sätt"/><SP WIDTH="21" VPOS="919" HPOS="421"/>
							<String ID="string_180" HPOS="442" VPOS="918" WIDTH="67" HEIGHT="21" WC="0.95" CONTENT="redan"/><SP WIDTH="19" VPOS="918" HPOS="509"/>
							<String ID="string_181" HPOS="528" VPOS="924" WIDTH="26" HEIGHT="15" WC="0.96" CONTENT="ur"/><SP WIDTH="19" VPOS="924" HPOS="554"/>
							<String ID="string_182" HPOS="573" VPOS="917" WIDTH="36" HEIGHT="22" WC="0.96" CONTENT="det"/><SP WIDTH="18" VPOS="917" HPOS="609"/>
							<String ID="string_183" HPOS="627" VPOS="918" WIDTH="91" HEIGHT="21" WC="0.95" CONTENT="anförda"/><SP WIDTH="18" VPOS="918" HPOS="718"/>
							<String ID="string_184" HPOS="736" VPOS="917" WIDTH="102" HEIGHT="29" WC="0.96" CONTENT="framgår,"/><SP WIDTH="19" VPOS="917" HPOS="838"/>
							<String ID="string_185" HPOS="857" VPOS="919" WIDTH="47" HEIGHT="21" WC="0.96" CONTENT="icke"/>
						</TextLine>
						<TextLine ID="line_23" HPOS="151" VPOS="952" WIDTH="754" HEIGHT="28">
							<String ID="string_186" HPOS="151" VPOS="954" WIDTH="33" HEIGHT="20" WC="0.96" CONTENT="att"/><SP WIDTH="13" VPOS="954" HPOS="184"/>
							<String ID="string_187" HPOS="197" VPOS="952" WIDTH="35" HEIGHT="22" WC="0.91" CONTENT="för"/><SP WIDTH="14" VPOS="952" HPOS="232"/>
							<String ID="string_188" HPOS="246" VPOS="952" WIDTH="121" HEIGHT="22" WC="0.89" CONTENT="Ständerna"/><SP WIDTH="14" VPOS="952" HPOS="367"/>
							<String ID="string_189" HPOS="381" VPOS="952" WIDTH="120" HEIGHT="28" WC="0.96" CONTENT="framlägga"/><SP WIDTH="15" VPOS="952" HPOS="501"/>
							<String ID="string_190" HPOS="516" VPOS="954" WIDTH="31" HEIGHT="20" WC="0.96" CONTENT="ett"/><SP WIDTH="13" VPOS="954" HPOS="547"/>
							<String ID="string_191" HPOS="560" VPOS="952" WIDTH="136" HEIGHT="22" WC="0.95" CONTENT="betänkande"/><SP WIDTH="16" VPOS="952" HPOS="696"/>
							<String ID="string_192" HPOS="712" VPOS="952" WIDTH="110" HEIGHT="28" WC="0.95" CONTENT="angående"/><SP WIDTH="12" VPOS="952" HPOS="822"/>
							<String ID="string_193" HPOS="834" VPOS="952" WIDTH="26" HEIGHT="22" WC="0.93" CONTENT="de"/><SP WIDTH="12" VPOS="952" HPOS="860"/>
							<String ID="string_194" HPOS="872" VPOS="952" WIDTH="33" HEIGHT="22" WC="0.91" CONTENT="åt-"/>
						</TextLine>
						<TextLine ID="line_24" HPOS="151" VPOS="986" WIDTH="753" HEIGHT="29">
							<String ID="string_195" HPOS="151" VPOS="986" WIDTH="84" HEIGHT="28" WC="0.96" CONTENT="gärder,"/><SP WIDTH="15" VPOS="986" HPOS="235"/>
							<String ID="string_196" HPOS="250" VPOS="987" WIDTH="105" HEIGHT="21" WC="0.96" CONTENT="utskottet"/><SP WIDTH="17" VPOS="987" HPOS="355"/>
							<String ID="string_197" HPOS="372" VPOS="986" WIDTH="71" HEIGHT="22" WC="0.96" CONTENT="kunde"/><SP WIDTH="18" VPOS="986" HPOS="443"/>
							<String ID="string_198" HPOS="461" VPOS="994" WIDTH="51" HEIGHT="14" WC="0.96" CONTENT="anse"/><SP WIDTH="14" VPOS="994" HPOS="512"/>
							<String ID="string_199" HPOS="526" VPOS="993" WIDTH="52" HEIGHT="15" WC="0.96" CONTENT="vara"/><SP WIDTH="16" VPOS="993" HPOS="578"/>
							<String ID="string_200" HPOS="594" VPOS="987" WIDTH="26" HEIGHT="21" WC="0.97" CONTENT="de"/><SP WIDTH="15" VPOS="987" HPOS="620"/>
							<String ID="string_201" HPOS="635" VPOS="986" WIDTH="62" HEIGHT="22" WC="0.96" CONTENT="bästa"/><SP WIDTH="15" VPOS="986" HPOS="697"/>
							<String ID="string_202" HPOS="712" VPOS="987" WIDTH="41" HEIGHT="22" WC="0.95" CONTENT="och"/><SP WIDTH="15" VPOS="987" HPOS="753"/>
							<String ID="string_203" HPOS="768" VPOS="987" WIDTH="136" HEIGHT="28" WC="0.96" CONTENT="lämpligaste"/>
						</TextLine>
						<TextLine ID="line_25" HPOS="150" VPOS="1020" WIDTH="754" HEIGHT="30">
							<String ID="string_204" HPOS="150" VPOS="1020" WIDTH="35" HEIGHT="22" WC="0.96" CONTENT="för"/><SP WIDTH="14" VPOS="1020" HPOS="185"/>
							<String ID="string_205" HPOS="199" VPOS="1020" WIDTH="75" HEIGHT="22" WC="0.96" CONTENT="målets"/><SP WIDTH="15" VPOS="1020" HPOS="274"/>
							<String ID="string_206" HPOS="289" VPOS="1020" WIDTH="111" HEIGHT="26" WC="0.96" CONTENT="vinnande,"/><SP WIDTH="15" VPOS="1020" HPOS="400"/>
							<String ID="string_207" HPOS="415" VPOS="1022" WIDTH="52" HEIGHT="20" WC="0.96" CONTENT="utan"/><SP WIDTH="16" VPOS="1022" HPOS="467"/>
							<String ID="string_208" HPOS="483" VPOS="1021" WIDTH="76" HEIGHT="21" WC="0.96" CONTENT="endast"/><SP WIDTH="14" VPOS="1021" HPOS="559"/>
							<String ID="string_209" HPOS="573" VPOS="1022" WIDTH="38" HEIGHT="25" WC="0.95" CONTENT="att,"/><SP WIDTH="15" VPOS="1022" HPOS="611"/>
							<String ID="string_210" HPOS="626" VPOS="1022" WIDTH="58" HEIGHT="21" WC="0.93" CONTENT="inom"/><SP WIDTH="12" VPOS="1022" HPOS="684"/>
							<String ID="string_211" HPOS="696" VPOS="1021" WIDTH="129" HEIGHT="22" WC="0.92" CONTENT="föreskrifna"/><SP WIDTH="15" VPOS="1021" HPOS="825"/>
							<String ID="string_212" HPOS="840" VPOS="1024" WIDTH="64" HEIGHT="26" WC="0.92" CONTENT="grän-"/>
						</TextLine>
						<TextLine ID="line_26" HPOS="151" VPOS="1055" WIDTH="751" HEIGHT="29">
							<String ID="string_213" HPOS="151" VPOS="1062" WIDTH="41" HEIGHT="20" WC="0.96" CONTENT="ser,"/><SP WIDTH="18" VPOS="1062" HPOS="192"/>
							<String ID="string_214" HPOS="210" VPOS="1057" WIDTH="51" HEIGHT="26" WC="0.96" CONTENT="taga"/><SP WIDTH="19" VPOS="1057" HPOS="261"/>
							<String ID="string_215" HPOS="280" VPOS="1055" WIDTH="36" HEIGHT="22" WC="0.93" CONTENT="det"/><SP WIDTH="21" VPOS="1055" HPOS="316"/>
							<String ID="string_216" HPOS="337" VPOS="1055" WIDTH="110" HEIGHT="27" WC="0.92" CONTENT="förelagda"/><SP WIDTH="22" VPOS="1055" HPOS="447"/>
							<String ID="string_217" HPOS="469" VPOS="1055" WIDTH="102" HEIGHT="28" WC="0.96" CONTENT="förslaget"/><SP WIDTH="21" VPOS="1055" HPOS="571"/>
							<String ID="string_218" HPOS="592" VPOS="1056" WIDTH="69" HEIGHT="20" WC="0.93" CONTENT="under"/><SP WIDTH="22" VPOS="1056" HPOS="661"/>
							<String ID="string_219" HPOS="683" VPOS="1056" WIDTH="142" HEIGHT="28" WC="0.86" CONTENT="ompröfning."/><SP WIDTH="32" VPOS="1056" HPOS="825"/>
							<String ID="string_220" HPOS="857" VPOS="1056" WIDTH="45" HEIGHT="21" WC="0.96" CONTENT="Och"/>
						</TextLine>
						<TextLine ID="line_27" HPOS="150" VPOS="1089" WIDTH="754" HEIGHT="29">
							<String ID="string_221" HPOS="150" VPOS="1094" WIDTH="27" HEIGHT="17" WC="0.96" CONTENT="en"/><SP WIDTH="18" VPOS="1094" HPOS="177"/>
							<String ID="string_222" HPOS="195" VPOS="1089" WIDTH="114" HEIGHT="27" WC="0.93" CONTENT="uppenbar"/><SP WIDTH="17" VPOS="1089" HPOS="309"/>
							<String ID="string_223" HPOS="326" VPOS="1090" WIDTH="133" HEIGHT="26" WC="0.92" CONTENT="konseqvens"/><SP WIDTH="18" VPOS="1090" HPOS="459"/>
							<String ID="string_224" HPOS="477" VPOS="1089" WIDTH="24" HEIGHT="21" WC="0.96" CONTENT="af"/><SP WIDTH="16" VPOS="1089" HPOS="501"/>
							<String ID="string_225" HPOS="517" VPOS="1089" WIDTH="87" HEIGHT="28" WC="0.96" CONTENT="frågans"/><SP WIDTH="21" VPOS="1089" HPOS="604"/>
							<String ID="string_226" HPOS="625" VPOS="1090" WIDTH="124" HEIGHT="21" WC="0.95" CONTENT="nuvarande"/><SP WIDTH="22" VPOS="1090" HPOS="749"/>
							<String ID="string_227" HPOS="771" VPOS="1089" WIDTH="133" HEIGHT="29" WC="0.95" CONTENT="ståndpunkt"/>
						</TextLine>
						<TextLine ID="line_28" HPOS="150" VPOS="1123" WIDTH="754" HEIGHT="28">
							<String ID="string_228" HPOS="150" VPOS="1129" WIDTH="39" HEIGHT="16" WC="0.93" CONTENT="var"/><SP WIDTH="11" VPOS="1129" HPOS="189"/>
							<String ID="string_229" HPOS="200" VPOS="1123" WIDTH="85" HEIGHT="28" WC="0.89" CONTENT="jemväl,"/><SP WIDTH="17" VPOS="1123" HPOS="285"/>
							<String ID="string_230" HPOS="302" VPOS="1125" WIDTH="32" HEIGHT="20" WC="0.96" CONTENT="att"/><SP WIDTH="14" VPOS="1125" HPOS="334"/>
							<String ID="string_231" HPOS="348" VPOS="1123" WIDTH="103" HEIGHT="21" WC="0.96" CONTENT="utskottet"/><SP WIDTH="15" VPOS="1123" HPOS="451"/>
							<String ID="string_232" HPOS="466" VPOS="1123" WIDTH="68" HEIGHT="22" WC="0.95" CONTENT="borde"/><SP WIDTH="13" VPOS="1123" HPOS="534"/>
							<String ID="string_233" HPOS="547" VPOS="1123" WIDTH="108" HEIGHT="28" WC="0.96" CONTENT="tillstyrka"/><SP WIDTH="13" VPOS="1123" HPOS="655"/>
							<String ID="string_234" HPOS="668" VPOS="1123" WIDTH="62" HEIGHT="22" WC="0.96" CONTENT="bifall"/><SP WIDTH="11" VPOS="1123" HPOS="730"/>
							<String ID="string_235" HPOS="741" VPOS="1124" WIDTH="33" HEIGHT="21" WC="0.96" CONTENT="till"/><SP WIDTH="12" VPOS="1124" HPOS="774"/>
							<String ID="string_236" HPOS="786" VPOS="1123" WIDTH="58" HEIGHT="22" WC="0.93" CONTENT="detta"/><SP WIDTH="15" VPOS="1123" HPOS="844"/>
							<String ID="string_237" HPOS="859" VPOS="1125" WIDTH="45" HEIGHT="20" WC="0.92" CONTENT="för-"/>
						</TextLine>
						<TextLine ID="line_29" HPOS="150" VPOS="1154" WIDTH="754" HEIGHT="31">
							<String ID="string_238" HPOS="150" VPOS="1157" WIDTH="54" HEIGHT="28" WC="0.96" CONTENT="slag,"/><SP WIDTH="15" VPOS="1157" HPOS="204"/>
							<String ID="string_239" HPOS="219" VPOS="1156" WIDTH="128" HEIGHT="23" WC="0.96" CONTENT="åtminstone"/><SP WIDTH="14" VPOS="1156" HPOS="347"/>
							<String ID="string_240" HPOS="361" VPOS="1157" WIDTH="8" HEIGHT="20" WC="0.93" CONTENT="i"/><SP WIDTH="13" VPOS="1157" HPOS="369"/>
							<String ID="string_241" HPOS="382" VPOS="1157" WIDTH="126" HEIGHT="26" WC="0.92" CONTENT="hufvudsak,"/><SP WIDTH="16" VPOS="1157" HPOS="508"/>
							<String ID="string_242" HPOS="524" VPOS="1157" WIDTH="34" HEIGHT="22" WC="0.96" CONTENT="för"/><SP WIDTH="14" VPOS="1157" HPOS="558"/>
							<String ID="string_243" HPOS="572" VPOS="1159" WIDTH="32" HEIGHT="20" WC="0.96" CONTENT="att"/><SP WIDTH="14" VPOS="1159" HPOS="604"/>
							<String ID="string_244" HPOS="618" VPOS="1158" WIDTH="48" HEIGHT="21" WC="0.96" CONTENT="icke"/><SP WIDTH="13" VPOS="1158" HPOS="666"/>
							<String ID="string_245" HPOS="679" VPOS="1157" WIDTH="30" HEIGHT="28" WC="0.95" CONTENT="på"/><SP WIDTH="14" VPOS="1157" HPOS="709"/>
							<String ID="string_246" HPOS="723" VPOS="1157" WIDTH="66" HEIGHT="28" WC="0.95" CONTENT="något"/><SP WIDTH="15" VPOS="1157" HPOS="789"/>
							<String ID="string_247" HPOS="804" VPOS="1159" WIDTH="30" HEIGHT="21" WC="0.96" CONTENT="vis"/><SP WIDTH="12" VPOS="1159" HPOS="834"/>
							<String ID="string_248" HPOS="846" VPOS="1154" WIDTH="58" HEIGHT="31" WC="0.83" CONTENT="gifva"/>
						</TextLine>
						<TextLine ID="line_30" HPOS="150" VPOS="1190" WIDTH="754" HEIGHT="30">
							<String ID="string_249" HPOS="150" VPOS="1191" WIDTH="115" HEIGHT="28" WC="0.96" CONTENT="anledning"/><SP WIDTH="17" VPOS="1191" HPOS="265"/>
							<String ID="string_250" HPOS="282" VPOS="1191" WIDTH="34" HEIGHT="21" WC="0.95" CONTENT="till"/><SP WIDTH="19" VPOS="1191" HPOS="316"/>
							<String ID="string_251" HPOS="335" VPOS="1193" WIDTH="32" HEIGHT="20" WC="0.96" CONTENT="att"/><SP WIDTH="14" VPOS="1193" HPOS="367"/>
							<String ID="string_252" HPOS="381" VPOS="1192" WIDTH="36" HEIGHT="20" WC="0.96" CONTENT="det"/><SP WIDTH="16" VPOS="1192" HPOS="417"/>
							<String ID="string_253" HPOS="433" VPOS="1190" WIDTH="96" HEIGHT="28" WC="0.96" CONTENT="åsyftade"/><SP WIDTH="14" VPOS="1190" HPOS="529"/>
							<String ID="string_254" HPOS="543" VPOS="1191" WIDTH="75" HEIGHT="22" WC="0.93" CONTENT="målets"/><SP WIDTH="16" VPOS="1191" HPOS="618"/>
							<String ID="string_255" HPOS="634" VPOS="1191" WIDTH="106" HEIGHT="22" WC="0.92" CONTENT="ernående"/><SP WIDTH="15" VPOS="1191" HPOS="740"/>
							<String ID="string_256" HPOS="755" VPOS="1192" WIDTH="67" HEIGHT="21" WC="0.93" CONTENT="skulle"/><SP WIDTH="14" VPOS="1192" HPOS="822"/>
							<String ID="string_257" HPOS="836" VPOS="1194" WIDTH="68" HEIGHT="26" WC="0.92" CONTENT="ytter-"/>
						</TextLine>
						<TextLine ID="line_31" HPOS="150" VPOS="1224" WIDTH="754" HEIGHT="27">
							<String ID="string_258" HPOS="150" VPOS="1225" WIDTH="68" HEIGHT="26" WC="0.93" CONTENT="ligare"/><SP WIDTH="21" VPOS="1225" HPOS="218"/>
							<String ID="string_259" HPOS="239" VPOS="1224" WIDTH="114" HEIGHT="27" WC="0.91" CONTENT="fördröjas,"/><SP WIDTH="18" VPOS="1224" HPOS="353"/>
							<String ID="string_260" HPOS="371" VPOS="1224" WIDTH="80" HEIGHT="22" WC="0.96" CONTENT="hvilket"/><SP WIDTH="20" VPOS="1224" HPOS="451"/>
							<String ID="string_261" HPOS="471" VPOS="1224" WIDTH="105" HEIGHT="22" WC="0.96" CONTENT="utskottet"/><SP WIDTH="21" VPOS="1224" HPOS="576"/>
							<String ID="string_262" HPOS="597" VPOS="1224" WIDTH="68" HEIGHT="22" WC="0.96" CONTENT="måste"/><SP WIDTH="18" VPOS="1224" HPOS="665"/>
							<String ID="string_263" HPOS="683" VPOS="1232" WIDTH="51" HEIGHT="15" WC="0.92" CONTENT="anse"/><SP WIDTH="18" VPOS="1232" HPOS="734"/>
							<String ID="string_264" HPOS="752" VPOS="1225" WIDTH="152" HEIGHT="22" WC="0.90" CONTENT="fosterlandets"/>
						</TextLine>
						<TextLine ID="line_32" HPOS="150" VPOS="1258" WIDTH="227" HEIGHT="28">
							<String ID="string_265" HPOS="150" VPOS="1259" WIDTH="104" HEIGHT="20" WC="0.96" CONTENT="intressen"/><SP WIDTH="16" VPOS="1259" HPOS="254"/>
							<String ID="string_266" HPOS="270" VPOS="1258" WIDTH="107" HEIGHT="28" WC="0.96" CONTENT="förbjuda."/>
						</TextLine>
					</TextBlock>
					<TextBlock ID="block_3" HPOS="150" VPOS="1291" WIDTH="753" HEIGHT="202">
						<TextLine ID="line_33" HPOS="218" VPOS="1291" WIDTH="685" HEIGHT="30">
							<String ID="string_267" HPOS="218" VPOS="1293" WIDTH="30" HEIGHT="28" WC="0.96" CONTENT="Ty"/><SP WIDTH="16" VPOS="1293" HPOS="248"/>
							<String ID="string_268" HPOS="264" VPOS="1292" WIDTH="87" HEIGHT="28" WC="0.96" CONTENT="sålänge"/><SP WIDTH="19" VPOS="1292" HPOS="351"/>
							<String ID="string_269" HPOS="370" VPOS="1291" WIDTH="35" HEIGHT="23" WC="0.96" CONTENT="det"/><SP WIDTH="18" VPOS="1291" HPOS="405"/>
							<String ID="string_270" HPOS="423" VPOS="1293" WIDTH="123" HEIGHT="22" WC="0.96" CONTENT="nuvarande"/><SP WIDTH="16" VPOS="1293" HPOS="546"/>
							<String ID="string_271" HPOS="562" VPOS="1292" WIDTH="118" HEIGHT="23" WC="0.96" CONTENT="tillståndet"/><SP WIDTH="14" VPOS="1292" HPOS="680"/>
							<String ID="string_272" HPOS="694" VPOS="1292" WIDTH="29" HEIGHT="29" WC="0.93" CONTENT="på"/><SP WIDTH="15" VPOS="1292" HPOS="723"/>
							<String ID="string_273" HPOS="738" VPOS="1293" WIDTH="165" HEIGHT="28" WC="0.91" CONTENT="donationsgod-"/>
						</TextLine>
						<TextLine ID="line_34" HPOS="151" VPOS="1327" WIDTH="752" HEIGHT="29">
							<String ID="string_274" HPOS="151" VPOS="1333" WIDTH="37" HEIGHT="16" WC="0.93" CONTENT="sen"/><SP WIDTH="18" VPOS="1333" HPOS="188"/>
							<String ID="string_275" HPOS="206" VPOS="1327" WIDTH="84" HEIGHT="24" WC="0.91" CONTENT="fortfar,"/><SP WIDTH="19" VPOS="1327" HPOS="290"/>
							<String ID="string_276" HPOS="309" VPOS="1328" WIDTH="25" HEIGHT="20" WC="0.96" CONTENT="är"/><SP WIDTH="19" VPOS="1328" HPOS="334"/>
							<String ID="string_277" HPOS="353" VPOS="1327" WIDTH="36" HEIGHT="22" WC="0.96" CONTENT="det"/><SP WIDTH="17" VPOS="1327" HPOS="389"/>
							<String ID="string_278" HPOS="406" VPOS="1334" WIDTH="47" HEIGHT="15" WC="0.96" CONTENT="som"/><SP WIDTH="19" VPOS="1334" HPOS="453"/>
							<String ID="string_279" HPOS="472" VPOS="1327" WIDTH="75" HEIGHT="22" WC="0.95" CONTENT="funnes"/><SP WIDTH="19" VPOS="1327" HPOS="547"/>
							<String ID="string_280" HPOS="566" VPOS="1327" WIDTH="37" HEIGHT="22" WC="0.97" CONTENT="der"/><SP WIDTH="19" VPOS="1327" HPOS="603"/>
							<String ID="string_281" HPOS="622" VPOS="1328" WIDTH="57" HEIGHT="21" WC="0.96" CONTENT="inom"/><SP WIDTH="18" VPOS="1328" HPOS="679"/>
							<String ID="string_282" HPOS="697" VPOS="1328" WIDTH="102" HEIGHT="22" WC="0.95" CONTENT="Finlands"/><SP WIDTH="15" VPOS="1328" HPOS="799"/>
							<String ID="string_283" HPOS="814" VPOS="1330" WIDTH="89" HEIGHT="26" WC="0.96" CONTENT="gränser"/>
						</TextLine>
						<TextLine ID="line_35" HPOS="151" VPOS="1357" WIDTH="752" HEIGHT="28">
							<String ID="string_284" HPOS="151" VPOS="1369" WIDTH="26" HEIGHT="14" WC="0.96" CONTENT="en"/><SP WIDTH="18" VPOS="1369" HPOS="177"/>
							<String ID="string_285" HPOS="195" VPOS="1361" WIDTH="37" HEIGHT="22" WC="0.96" CONTENT="flik"/><SP WIDTH="18" VPOS="1361" HPOS="232"/>
							<String ID="string_286" HPOS="250" VPOS="1361" WIDTH="24" HEIGHT="22" WC="0.95" CONTENT="af"/><SP WIDTH="17" VPOS="1361" HPOS="274"/>
							<String ID="string_287" HPOS="291" VPOS="1364" WIDTH="30" HEIGHT="19" WC="0.93" CONTENT="ett"/><SP WIDTH="18" VPOS="1364" HPOS="321"/>
							<String ID="string_288" HPOS="339" VPOS="1362" WIDTH="131" HEIGHT="21" WC="0.89" CONTENT="fremmande"/><SP WIDTH="22" VPOS="1362" HPOS="470"/>
							<String ID="string_289" HPOS="492" VPOS="1362" WIDTH="57" HEIGHT="21" WC="0.96" CONTENT="land."/><SP WIDTH="31" VPOS="1362" HPOS="549"/>
							<String ID="string_290" HPOS="580" VPOS="1357" WIDTH="64" HEIGHT="27" WC="0.96" CONTENT="Öfver"/><SP WIDTH="22" VPOS="1357" HPOS="644"/>
							<String ID="string_291" HPOS="666" VPOS="1363" WIDTH="147" HEIGHT="21" WC="0.96" CONTENT="hundratusen"/><SP WIDTH="21" VPOS="1363" HPOS="813"/>
							<String ID="string_292" HPOS="834" VPOS="1363" WIDTH="69" HEIGHT="22" WC="0.96" CONTENT="finska"/>
						</TextLine>
						<TextLine ID="line_36" HPOS="150" VPOS="1395" WIDTH="752" HEIGHT="30">
							<String ID="string_293" HPOS="150" VPOS="1395" WIDTH="147" HEIGHT="29" WC="0.93" CONTENT="medborgare,"/><SP WIDTH="19" VPOS="1395" HPOS="297"/>
							<String ID="string_294" HPOS="316" VPOS="1396" WIDTH="138" HEIGHT="21" WC="0.92" CONTENT="bebrukande"/><SP WIDTH="17" VPOS="1396" HPOS="454"/>
							<String ID="string_295" HPOS="471" VPOS="1396" WIDTH="194" HEIGHT="22" WC="0.90" CONTENT="niohundrafemtio"/><SP WIDTH="18" VPOS="1396" HPOS="665"/>
							<String ID="string_296" HPOS="683" VPOS="1397" WIDTH="82" HEIGHT="22" WC="0.96" CONTENT="mantal"/><SP WIDTH="13" VPOS="1397" HPOS="765"/>
							<String ID="string_297" HPOS="778" VPOS="1396" WIDTH="56" HEIGHT="22" WC="0.96" CONTENT="finsk"/><SP WIDTH="11" VPOS="1396" HPOS="834"/>
							<String ID="string_298" HPOS="845" VPOS="1398" WIDTH="57" HEIGHT="27" WC="0.96" CONTENT="jord,"/>
						</TextLine>
						<TextLine ID="line_37" HPOS="152" VPOS="1431" WIDTH="751" HEIGHT="28">
							<String ID="string_299" HPOS="152" VPOS="1433" WIDTH="37" HEIGHT="18" WC="0.96" CONTENT="äro"/><SP WIDTH="16" VPOS="1433" HPOS="189"/>
							<String ID="string_300" HPOS="205" VPOS="1432" WIDTH="57" HEIGHT="20" WC="0.96" CONTENT="ännu"/><SP WIDTH="15" VPOS="1432" HPOS="262"/>
							<String ID="string_301" HPOS="277" VPOS="1431" WIDTH="7" HEIGHT="21" WC="0.96" CONTENT="i"/><SP WIDTH="15" VPOS="1431" HPOS="284"/>
							<String ID="string_302" HPOS="299" VPOS="1431" WIDTH="82" HEIGHT="21" WC="0.95" CONTENT="saknad"/><SP WIDTH="16" VPOS="1431" HPOS="381"/>
							<String ID="string_303" HPOS="397" VPOS="1431" WIDTH="24" HEIGHT="21" WC="0.95" CONTENT="af"/><SP WIDTH="13" VPOS="1431" HPOS="421"/>
							<String ID="string_304" HPOS="434" VPOS="1431" WIDTH="26" HEIGHT="21" WC="0.93" CONTENT="de"/><SP WIDTH="15" VPOS="1431" HPOS="460"/>
							<String ID="string_305" HPOS="475" VPOS="1431" WIDTH="113" HEIGHT="28" WC="0.92" CONTENT="vigtigaste"/><SP WIDTH="14" VPOS="1431" HPOS="588"/>
							<String ID="string_306" HPOS="602" VPOS="1431" WIDTH="66" HEIGHT="22" WC="0.96" CONTENT="bland"/><SP WIDTH="16" VPOS="1431" HPOS="668"/>
							<String ID="string_307" HPOS="684" VPOS="1432" WIDTH="25" HEIGHT="21" WC="0.93" CONTENT="de"/><SP WIDTH="15" VPOS="1432" HPOS="709"/>
							<String ID="string_308" HPOS="724" VPOS="1431" WIDTH="114" HEIGHT="27" WC="0.90" CONTENT="förmoner,"/><SP WIDTH="16" VPOS="1431" HPOS="838"/>
							<String ID="string_309" HPOS="854" VPOS="1432" WIDTH="49" HEIGHT="21" WC="0.93" CONTENT="Fin-"/>
						</TextLine>
						<TextLine ID="line_38" HPOS="152" VPOS="1464" WIDTH="751" HEIGHT="29">
							<String ID="string_310" HPOS="152" VPOS="1465" WIDTH="61" HEIGHT="21" WC="0.93" CONTENT="lands"/><SP WIDTH="15" VPOS="1465" HPOS="213"/>
							<String ID="string_311" HPOS="228" VPOS="1464" WIDTH="162" HEIGHT="29" WC="0.92" CONTENT="samhällslagar"/><SP WIDTH="15" VPOS="1464" HPOS="390"/>
							<String ID="string_312" HPOS="405" VPOS="1472" WIDTH="79" HEIGHT="14" WC="0.96" CONTENT="annars"/><SP WIDTH="15" VPOS="1472" HPOS="484"/>
							<String ID="string_313" HPOS="499" VPOS="1465" WIDTH="91" HEIGHT="27" WC="0.96" CONTENT="erbjuda"/><SP WIDTH="14" VPOS="1465" HPOS="590"/>
							<String ID="string_314" HPOS="604" VPOS="1465" WIDTH="62" HEIGHT="22" WC="0.96" CONTENT="äfven"/><SP WIDTH="15" VPOS="1465" HPOS="666"/>
							<String ID="string_315" HPOS="681" VPOS="1466" WIDTH="41" HEIGHT="21" WC="0.96" CONTENT="den"/><SP WIDTH="15" VPOS="1466" HPOS="722"/>
							<String ID="string_316" HPOS="737" VPOS="1467" WIDTH="54" HEIGHT="20" WC="0.93" CONTENT="mest"/><SP WIDTH="14" VPOS="1467" HPOS="791"/>
							<String ID="string_317" HPOS="805" VPOS="1465" WIDTH="98" HEIGHT="22" WC="0.92" CONTENT="tillbaka-"/>
						</TextLine>
					</TextBlock>
				</ComposedBlock>
				<GraphicalElement ID="cblock_2" HPOS="1020" VPOS="2" WIDTH="3" HEIGHT="367"></GraphicalElement >
			</PrintSpace>
		</Page>
	</Layout>
</alto>
