1023 1664
349 99 70 23 Nådiga
432 101 136 21 Propositionen
580 101 35 16 N:o
629 101 26 16 14.
823 101 32 16 631

249 163 33 27 m)
298 163 183 28 Bankfullmäktig
500 162 95 29 åtnjuter
612 164 8 20 i
638 162 65 28 årligt
720 163 79 21 arvode
815 164 62 26 6,000

192 197 63 21 mark
271 197 66 21 finskt
354 200 66 25 mynt,
436 205 35 14 om
489 198 43 21 han
546 198 60 21 förut
620 200 25 19 är
659 198 7 20 i
681 197 133 28 Helsingfors
829 198 48 21 stad

191 231 80 26 bosatt,
287 232 40 20 och
343 233 76 25 10,000
433 232 68 26 mark,
516 232 47 21 ifall
578 232 43 21 han
639 232 33 21 för
689 232 92 21 nämnde
799 232 78 21 befatt-

191 266 63 26 nings
273 265 55 21 skull
347 266 30 20 dit
396 266 48 21 från
463 274 71 13 annan
552 268 35 20 ort
608 266 101 28 inflyttat:
733 266 55 21 dock
810 266 67 28 gäller

192 300 131 20 sistnämnde
345 300 175 28 aflöningsgrund
538 300 34 21 för
591 308 27 14 en
636 301 41 21 och
695 307 82 14 samma
798 308 79 20 person

192 334 55 21 blott
263 334 26 21 de
303 336 33 19 tre
351 334 67 22 första
433 334 58 26 åren,
509 334 108 22 hvarefter
637 335 49 26 han,
701 334 46 22 ifall
761 334 116 22 befattnin-

192 375 41 20 gen
248 368 83 26 fortfar,
347 367 82 29 årligen
446 368 79 22 undfår
544 369 35 21 det
596 368 59 22 förra
669 369 107 27 beloppet.
807 368 69 28 Supp-

192 402 59 22 leant
266 402 92 22 erhåller
373 403 33 21 för
421 403 74 28 hvarje
509 403 195 28 tjenstgöringsdag
717 404 25 20 15
758 404 67 25 mark,
841 410 35 14 om

191 437 44 20 han
254 438 25 20 är
297 437 8 20 i
322 436 133 28 Helsingfors
474 437 88 26 boende,
579 438 39 20 och
638 439 26 19 20
683 437 61 21 mark
759 437 33 21 för
807 437 69 27 dagen

192 473 56 19 samt
263 473 12 19 2
291 471 84 21 hästars
394 472 73 26 skjuts,
487 478 34 14 om
540 472 44 20 han
601 471 41 21 bor
660 471 147 22 annorstädes.
835 471 42 21 Re-

191 506 57 20 visor
263 506 7 20 i
285 505 88 21 Banken
390 504 78 22 undfår
487 507 27 19 20
534 506 61 20 mark
613 505 34 21 för
665 506 74 26 hvarje
758 505 41 27 dag
814 506 62 25 samt,

194 539 46 21 ifall
258 540 43 20 han
318 539 41 21 bor
375 538 29 28 på
423 547 71 14 annan
512 542 40 24 ort,
568 541 13 19 2
600 540 85 20 hästars
704 540 74 27 skjuts.
807 539 70 22 Dessa

192 573 119 28 aflöningar
329 574 40 20 och
387 574 88 27 utgifter
495 574 107 22 anordnas
619 574 8 21 i
645 574 71 27 vanlig
735 573 91 28 ordning
842 573 34 21 till

191 608 110 28 betalning
311 615 27 14 ur
352 608 208 28 hypotheksfondens
575 608 122 22 räntevinst.
727 607 101 23 Derifrän
841 610 34 19 ut-

191 641 39 29 går
252 642 40 22 ock
317 642 163 22 Sekreterarens
506 643 78 21 arvode
609 644 56 20 samt
690 650 130 20 expenserne
841 642 35 22 för

192 677 205 27 Pankfullmäktiges
415 677 76 27 kansli,
508 678 34 21 till
561 678 36 21 det
614 677 85 27 belopp,
719 681 45 18 som
786 678 24 21 af
827 677 48 21 dem

192 711 54 22 efter
261 712 210 27 omständigheterna
485 713 101 20 närmare
600 711 134 22 bestämmes.

191 754 70 22 Jemte
277 754 35 22 det
325 754 60 22 Hans
403 754 121 28 Kejserliga
538 755 103 27 Majestät
653 755 8 21 i
675 754 74 22 Näder
759 755 56 21 velat
825 754 49 22 här-

122 790 85 27 igenom
221 789 71 21 lemna
311 789 42 21 Sitt
370 788 61 22 bifall
449 789 33 21 till
499 790 57 20 hvad
575 789 70 21 denna
662 789 24 21 af
703 788 120 22 Ständerna
837 795 37 15 an-

121 825 67 26 tagna
206 823 129 21 instruktion
353 823 34 21 för
403 823 195 28 Bankfullmäktige
616 824 8 20 i
642 830 62 14 mom.
721 824 18 27 7)
755 822 118 22 innehåller

122 856 111 29 angäende
248 857 205 28 Bankfullmäktiges
471 858 121 21 tilltalande
607 858 40 21 och
662 864 77 15 ansvar
753 857 34 22 för
801 858 30 21 fel
845 858 30 21 el-

120 892 33 21 ler
171 891 148 22 försummelse
337 892 35 21 vid
393 891 125 28 utöfningen
540 892 24 21 af
585 892 62 21 deras
665 892 151 27 befattningar,
834 892 41 21 har

121 926 60 21 Hans
201 926 119 28 Kejserliga
338 926 100 28 Majestät
457 926 70 21 funnit
544 926 156 22 instruktionen
718 926 34 21 för
771 926 65 28 öfrigt
855 926 19 26 ej

121 960 88 28 påkalla
223 968 71 14 annan
309 960 77 28 åtgärd
401 960 14 22 ä
429 961 143 27 Regeringens
590 961 47 21 sida
655 962 28 20 än
698 962 32 20 att
745 961 129 26 densamma,

122 994 71 22 derest
208 994 103 29 styrelsen
326 995 39 21 och
394 995 147 27 förvaltningen
560 995 25 21 af
601 995 88 21 Banken
707 995 7 20 i
733 994 142 22 omförmälda

121 1029 136 21 hänseenden
271 1029 96 21 kommer
382 1031 32 19 att
428 1029 33 21 till
475 1028 122 22 Ständerna
611 1029 146 26 öfverlemnas,
773 1028 54 22 skall
841 1028 34 22 till

122 1063 141 22 efterrättelse
278 1063 165 27 allmänneligen
457 1064 115 27 kungöras.

316 1117 73 27 Enligt
403 1117 60 21 Hans
481 1117 119 27 Kejserliga
614 1117 111 27 Majestäts
740 1116 84 28 Nädiga
837 1116 37 22 be-

257 1151 96 28 fallning,
373 1151 70 28 gifven
457 1152 8 21 i
479 1152 43 28 byn
536 1152 111 27 Iljinskoje
661 1153 54 20 nära
729 1150 90 23 Moskva
833 1150 42 22 den

259 1187 12 20 8
289 1186 46 28 (20)
349 1185 52 22 Juni
417 1187 61 20 1866.

403 1250 65 25 Alex.
487 1250 108 25 Armfelt.

619 1325 21 18 A.
653 1325 26 18 W.
692 1323 136 20 Wallensköld.
