1023 1664
162 130 44 16 1110
359 127 71 23 Nådiga
441 128 137 21 Propositionen
591 128 34 16 N:o
639 128 27 16 24.

206 193 34 27 sig
258 192 90 26 anmält,
367 194 32 18 att
417 192 59 20 inom
495 194 33 17 tre
542 190 105 21 månader
656 190 58 28 från
728 190 40 20 den
784 188 102 22 anmälda

206 225 221 29 tillverkningstidens
445 225 83 28 utgång
546 225 92 27 erlägga
656 224 40 21 den
710 224 10 20 i
735 222 150 23 Guvernörens

206 259 195 29 anmälmingsbevis
418 258 140 30 föreskrifna
580 257 216 30 tillverkningsskatt,
818 257 67 21 varde

206 295 122 21 densamma
343 294 37 20 hos
395 293 76 21 honom
485 292 79 22 utsökt.

514 354 12 26 8
542 354 33 20 16.

506 394 76 29 Utgår.

481 455 25 28 86
522 455 89 21 17—20.

467 497 155 22 Oförändrade.

513 559 13 26 8
541 559 33 20 21.

262 600 45 22 Sur
323 601 156 28 tillmäskning,
495 600 79 21 beredd
590 600 48 21 med
652 600 54 21 malt
722 600 38 21 och
772 601 47 27 jäst
834 600 52 21 eller

206 635 126 21 annorledes
352 635 143 28 tjenliggjord
511 635 42 28 för
576 633 140 29 tillverkning
740 634 25 29 af
785 633 100 27 bränvin,

204 669 36 21 mä
256 669 36 21 hos
308 669 40 21 den
362 676 45 14 som
422 668 202 29 tillverkningsrätt
638 675 49 21 eger
702 668 20 29 ej
732 668 72 27 finnas
820 668 14 21 ä
849 675 37 14 an-

204 711 44 13 nan
264 703 32 21 tid
311 705 29 19 än
355 703 46 27 den,
415 703 42 28 för
473 703 85 21 hvilken
576 702 43 21 han
633 703 36 20 till
684 702 202 21 bränvinstillverk-

204 739 54 27 ning
274 739 34 27 sig
324 738 89 26 anmält,
429 737 38 21 och
476 737 43 29 fär
535 737 25 28 af
574 744 73 13 annan
662 737 86 21 alldeles
766 736 46 21 icke
826 737 60 20 inne-

206 772 82 28 hafvas.

514 807 12 26 8
542 807 34 20 22.

475 848 141 22 Oförändrad.

513 909 34 28 Ny
562 910 18 27 8.

262 950 74 22 Skulle
352 951 140 29 tillverkning
507 952 68 20 under
591 952 87 20 anmäld
694 952 78 20 termin
783 951 47 21 med
840 958 46 14 mer

208 988 28 19 än
250 993 26 13 en
292 986 106 20 tiondedel
413 986 133 28 öfverskjuta
561 986 36 21 det
612 986 74 28 belopp
706 986 91 28 hvarför
812 986 74 20 anmä-

207 1021 37 21 lan
262 1020 61 27 skett,
339 1020 56 21 skall
407 1020 42 29 för
467 1020 41 21 den
526 1020 34 22 del
579 1020 25 28 af
621 1020 265 28 öfverskottstillverknin-

206 1062 46 21 gen,
272 1062 45 13 som
336 1054 142 29 öfverskjuter
497 1055 69 21 denna
589 1054 113 26 tiondedel,
726 1054 160 28 tillverknings-

206 1089 84 21 skatten
308 1089 62 28 höjas
387 1089 48 21 med
447 1090 86 28 femton
548 1090 68 28 penni
627 1089 42 29 för
689 1088 92 22 kannan.
812 1084 75 33 Öfver-

206 1123 217 28 skottstillverkning,
439 1131 44 13 som
497 1124 47 20 med
558 1130 46 14 mer
620 1124 29 20 än
663 1130 25 14 en
697 1123 104 29 femtedel
816 1123 70 29 öfver-

206 1158 68 28 stiger
288 1157 36 21 det
339 1158 103 20 anmälda
457 1158 103 28 beloppet,
574 1165 52 13 vare
634 1158 128 28 förbjuden.

449 1232 68 17 Art.
536 1233 32 17 2.

204 1277 12 21 I
233 1277 67 22 likhet
321 1277 48 21 med
391 1277 56 21 hvad
467 1278 69 21 under
557 1278 59 21 förra
638 1278 134 22 alternativet
789 1278 96 29 föreslås,

136 1312 62 22 torde
220 1312 161 28 modifierandet
403 1312 23 22 af
446 1312 161 22 föreskrifterna
628 1312 110 29 angående
759 1314 126 28 kontrollen,

136 1348 41 21 när
194 1347 100 22 behofvet
312 1346 24 23 så
353 1346 103 29 påkallar,
473 1348 39 21 och
530 1347 30 28 på
578 1349 43 20 sätt
638 1348 34 21 för
687 1349 65 28 öfrigt
767 1349 25 22 de
806 1349 79 28 ifråga-

136 1381 78 22 komna
232 1382 144 27 ändringarna
394 1382 7 21 i
419 1382 153 28 förordningen
589 1382 117 27 föranleda,
725 1383 54 22 böra
797 1383 23 22 åt
838 1384 47 29 Sty-

136 1416 80 21 relsens
230 1423 85 22 omsorg
331 1417 144 21 öfverlemnas.
505 1417 108 28 Derjemte
627 1418 40 21 har
682 1418 54 22 dock
750 1419 41 21 här
805 1421 80 20 ansetts

136 1450 54 22 böra
204 1449 101 29 påpekas,
321 1453 32 19 att
