1014 1661
180 119 34 16 960
384 117 72 22 Nädiga
467 118 137 21 Propositionen
616 118 35 17 N:o
663 119 27 15 21.

158 181 63 21 söker
238 180 91 28 ändring
346 180 9 21 i
368 179 130 22 Underrätts
516 179 52 22 eller
581 179 99 22 Hofrätts
695 179 50 22 dom
763 179 52 23 eller
828 175 83 33 utslag,

158 216 33 20 att
208 215 64 21 ställa
288 214 83 28 borgen
389 214 34 21 för
441 214 91 22 kostnad
547 215 40 20 och
607 214 74 25 skada,
696 214 54 21 skall
765 214 99 28 upphöra
878 216 34 20 att

157 255 53 15 vara
225 248 106 29 gällande.

226 283 43 21 För
284 284 32 20 att
333 282 80 22 bereda
431 282 105 22 vinnande
553 283 51 26 part
621 282 85 21 tillfälle
724 284 38 24 att,
778 282 68 22 ehuru
861 282 50 22 dom

158 317 47 21 icke
223 317 75 22 vunnit
315 317 50 27 laga
383 316 64 26 kraft,
467 318 52 20 utan
536 315 103 29 uppehåll
657 316 85 22 komma
760 317 7 21 i
786 316 126 29 åtnjutande

158 351 25 22 af
195 352 32 21 sin
242 354 44 19 rätt
304 352 41 20 och
364 351 96 21 deremot
477 351 78 28 betaga
574 351 41 21 den
633 351 109 27 tappande
760 351 29 21 all
804 351 70 22 fördel
888 351 25 21 af

158 386 76 22 sakens
250 385 109 29 dragande
374 386 68 21 under
453 386 66 27 högre
529 386 58 25 Rätt,
602 386 25 20 är
641 386 8 20 i
665 387 12 19 2
693 386 11 27 $
720 387 26 19 26
761 386 49 27 kap.
823 386 41 21 och
876 386 12 20 5
900 386 11 28 8

159 422 27 21 30
201 421 49 27 kap.
265 419 210 29 Rättegångsbalken
489 419 104 29 påbjudet
607 422 32 19 att
654 420 42 21 den
714 420 198 28 ändringssökande

158 456 8 21 i
180 455 56 21 vissa
250 455 39 21 fall
304 454 54 22 skall
372 455 46 21 visa
433 456 32 20 att
478 455 43 21 han
536 454 98 28 fullgjort
649 454 82 26 domen,
743 455 65 21 innan
819 455 43 21 han
873 462 38 14 an-

158 496 34 16 ses
210 489 122 28 berättigad
350 490 33 20 att
401 488 22 22 få
441 489 34 21 sin
492 489 59 21 talan
566 490 7 20 i
587 489 68 27 högre
668 490 52 20 Rätt
735 489 96 27 pröfvad.
861 489 50 21 Men

158 523 29 23 då
201 522 77 29 frågan
295 523 105 22 huruvida
419 524 76 21 domen
513 523 112 28 rätteligen
644 523 70 22 blifvit
731 523 103 28 fullgjord
852 524 60 20 kom-

158 565 46 15 mer
218 558 68 21 under
301 557 156 28 öfvervägande
474 557 54 22 först
546 559 39 20 när
601 557 41 21 den
660 565 46 14 som
724 559 77 26 tappat
815 557 97 22 inställer

158 593 33 27 sig
210 593 32 20 att
260 592 65 21 saken
339 591 74 22 vidare
431 591 98 28 fullfölja,
548 592 40 21 och
604 591 36 22 det
658 591 80 28 utslag,
754 599 46 14 som
815 592 97 21 deröfver

158 626 73 28 gifves,
246 625 35 22 får
298 625 142 22 underkastas
459 626 66 27 högre
544 625 102 22 domstols
661 625 160 27 bedömmande,
836 626 76 21 förrän

158 660 148 22 hufvudsaken
320 662 60 25 tages
395 660 69 21 under
479 659 122 28 afgörande,
621 661 56 19 samt
696 660 40 21 den
754 660 158 28 processlystne

159 693 96 27 sålunda,
274 694 108 21 äfvensom
401 701 76 20 genom
498 693 140 28 tilläfventyrs
657 694 64 21 väckt
742 693 113 28 stridighet
877 701 35 15 om

158 728 91 29 lyftning
268 728 24 21 af
308 728 36 21 det
362 727 54 22 efter
435 727 76 22 domen
528 727 85 28 utgifna
631 727 52 22 eller
704 728 105 26 nedsatta,
828 728 84 22 ändock

158 763 74 21 vinner
253 761 89 22 rådrum
364 763 32 20 att
417 761 131 22 undanhålla
570 762 32 21 sin
619 761 115 28 vederpart
755 762 56 22 hvad
832 762 80 22 honom

158 796 108 22 tilldömdt
284 796 75 26 blifvit,
375 803 61 20 synes
455 797 36 20 det
509 796 48 21 med
571 796 141 28 nyssberörde
727 795 73 28 påbud
814 795 99 29 åsyftade

158 829 101 23 ändamål
277 831 88 21 säkrare
382 831 73 20 kunna
473 829 62 23 ernås
555 830 118 28 dymedelst
694 832 33 19 att
749 831 76 21 domen
847 830 39 28 går
903 831 8 21 i

158 864 161 28 verkställighet
336 864 71 22 såsom
425 871 34 14 om
478 864 41 22 den
537 864 56 21 hade
611 864 75 21 vunnit
700 864 50 28 laga
764 864 64 26 kraft,
843 865 69 21 under

158 898 68 22 vilkor
241 898 76 23 endast
332 900 32 20 att
379 899 47 25 den,
441 898 84 22 hvilken
539 898 65 28 yrkar
619 898 41 22 slik
674 898 166 28 verkställighet,
856 899 55 21 skall

158 933 65 21 ställa
236 933 100 21 säkerhet
350 933 33 21 för
398 932 37 22 det
449 932 128 22 skadestånd
589 932 51 22 eller
652 933 41 21 den
705 932 129 28 återbäring,
849 933 64 26 hvarä

158 967 34 21 till
207 968 43 20 han
264 968 42 20 kan
322 967 81 21 kännas
419 967 82 27 skyldig
516 967 7 21 i
538 966 38 22 fall
591 966 77 22 domen
682 967 122 22 sedermera
818 968 94 26 upphäf-

158 1008 42 15 ves.
234 1001 81 22 Genom
334 1003 30 19 ett
383 1001 77 21 sådant
478 1001 126 28 förfogande
626 1001 62 21 torde
709 1001 68 27 begge
799 1003 111 26 parternes

158 1036 45 21 rätt
223 1043 52 14 vara
293 1035 130 28 tillbörligen
445 1035 115 28 iakttagen,
583 1035 40 21 och
646 1042 25 14 en
693 1035 89 22 härmed
804 1036 106 21 öfverens-

158 1070 134 21 stämmande
313 1069 125 28 förändring
460 1069 23 22 af
506 1069 163 28 ifrågavarande
694 1070 170 27 lagstadganden
886 1071 25 21 är

160 1104 84 21 derföre
260 1105 40 20 här
315 1103 126 28 föreslagen.

227 1137 143 22 Föreskriften
389 1138 7 20 i
413 1140 10 18 1
440 1138 11 28 $
467 1140 26 19 30
512 1138 49 28 kap.
580 1137 209 28 Rättegångsbalken
808 1146 34 14 om
857 1139 54 21 revi-

159 1172 154 28 sionsskillings
330 1172 147 26 nedsättande,
497 1171 70 23 såsom
585 1172 68 21 vilkor
671 1172 35 22 för
727 1172 116 22 tvistemåls
861 1172 50 22 full-

158 1206 95 27 följande
274 1207 40 21 hos
335 1207 78 26 högsta
434 1207 179 25 domaremakten,
632 1207 40 20 har
689 1208 170 26 uppenbarligen
877 1208 34 20 till

159 1239 100 23 ändamål
281 1242 32 19 att
334 1240 132 21 förekomma
485 1240 35 21 det
537 1239 49 27 mål,
605 1247 51 14 vare
674 1241 32 27 sig
725 1240 25 22 af
765 1241 83 21 mindre
865 1241 46 27 vigt

159 1274 52 22 eller
229 1273 79 22 sådane
327 1281 35 14 om
379 1274 72 21 hvilka
469 1274 41 20 den
528 1274 108 28 tappande
654 1276 77 25 parten
749 1274 67 22 borde
838 1275 73 21 kunna

158 1309 47 22 inse
223 1310 32 20 att
272 1308 92 28 ändring
381 1308 32 21 uti
431 1308 124 22 Hofrättens
575 1308 48 22 dom
642 1308 46 22 icke
706 1309 61 22 stode
789 1311 32 20 att
838 1310 71 26 vinna,

159 1343 69 23 skulle
242 1343 78 28 dragas
334 1342 68 22 under
416 1343 83 27 Högsta
513 1343 135 22 Domstolens
662 1344 106 28 pröfning,
784 1343 30 28 på
828 1351 82 15 samma

160 1377 56 29 gång
234 1385 50 14 man
302 1378 54 21 dock
374 1378 56 21 velat
448 1380 32 19 att
497 1377 63 28 ingen
579 1377 68 22 skulle
664 1378 89 28 betagas
771 1379 138 28 möjligheten

159 1414 33 20 att
206 1411 82 23 erhålla
302 1411 67 22 sådan
383 1412 110 27 pröfning;
512 1412 7 20 i
537 1412 80 22 hvilket
634 1412 54 28 syfte
702 1412 110 28 påbjudits
826 1415 32 20 att
874 1421 35 14 en-

159 1447 49 22 dast
222 1446 40 22 den
277 1447 25 22 är
317 1446 84 29 skyldig
415 1448 32 20 att
461 1447 99 22 nedsätta
577 1447 198 29 revisionsskilling,
794 1455 46 15 som
859 1455 50 21 eger
