1073 1664
359 109 70 23 Nådiga
441 110 136 22 Propositionen
589 110 34 17 N:o
637 111 26 16 16.
832 110 32 16 819

139 174 37 20 het
194 173 72 22 vinnes
285 173 40 21 och
343 172 101 28 plötsliga
461 173 120 27 stegringar
598 173 110 26 undvikas,
723 180 34 14 om
773 180 26 14 en
813 173 75 28 längre

139 208 75 27 period
236 209 88 25 antages
346 207 34 22 för
401 207 147 27 medelprisets
570 205 170 28 bestämmande,
763 209 70 20 ansett
855 208 33 28 sig

139 242 55 21 böra
207 241 107 28 tillstyrka
331 242 32 20 att
380 241 104 21 komiténs
504 238 163 30 ifrågavarande
684 241 80 28 förslag
782 242 68 22 blefve
866 242 24 22 af

140 275 120 22 Ständerna
274 275 140 21 oförändradt
428 275 115 27 godkändt,
558 274 125 28 sålydande:

332 316 31 30 Ej
384 318 83 20 mindre
489 318 25 20 de
537 319 9 19 i
564 317 198 29 jordeboksräntan
782 319 106 28 ingående

277 352 111 21 särskilda
403 352 153 32 persedlarne,
579 353 30 20 än
634 352 82 21 tionde-
739 353 38 21 och
798 353 90 21 vakans-

276 386 124 29 spanmälen
414 390 55 17 samt
485 386 74 29 öfriga
573 387 10 21 i
597 387 39 21 säd
656 387 109 21 bestämda
778 388 110 28 utskylder

278 422 35 20 till
331 421 92 21 Kronan
437 421 52 21 eller
504 422 220 28 indelningshafvare,
744 421 60 23 skola
816 423 73 28 fram-

275 456 56 20 deles
354 455 105 21 beräknas
472 455 42 29 för
534 456 74 28 hvarje
626 456 27 21 år
672 456 54 28 efter
744 457 145 21 medelvärdet

277 491 25 28 of
322 490 59 21 årets
403 490 39 21 och
463 490 26 21 de
515 491 179 29 nästföregående
714 491 90 29 fjorton
826 492 62 21 årens

270 525 132 28 fastställda
416 524 167 29 markegångar.

208 568 42 21 För
268 567 37 22 det
322 575 75 14 senare
413 569 116 20 momentet
548 568 24 21 af
589 575 81 14 samma
688 568 125 29 förordning
828 570 25 20 är
867 569 24 21 af

141 602 94 21 komitén
250 602 122 21 alternativt
386 602 80 27 förslag
480 603 117 26 uppstäldt.
619 602 73 28 Enligt
703 603 120 21 sektionens
834 603 56 28 åsigt

141 644 51 14 vore
206 636 136 22 föreskriften
356 637 8 20 i
378 637 35 20 det
427 636 69 21 första
514 637 134 21 alternativet
666 637 81 28 ensidig
765 638 40 21 och
819 638 71 21 kunde

142 671 111 22 föranleda
268 671 65 22 oreda
343 671 36 21 vid
393 671 132 28 uppbörden,
541 672 110 21 hvaremot
666 671 35 22 det
716 672 68 21 andra
798 673 92 21 alterna-

141 706 52 21 tivet
207 705 104 22 likställer
325 707 147 26 räntetagares
488 706 40 21 och
543 705 153 28 räntegifvares
711 707 44 20 rätt
768 707 8 20 i
791 707 99 21 afseende

141 739 15 22 å
173 740 94 21 skattens
285 739 114 22 betalande
416 740 23 20 in
456 741 85 20 natura.
571 739 132 28 Stadgandet
720 741 8 20 i
746 741 48 27 Kgl.
809 741 81 28 kungö-

141 774 71 21 relsen
230 774 24 21 af
270 774 40 21 den
329 775 26 19 22
374 774 44 21 Juli
437 775 61 24 1803,
521 773 110 28 angående
652 774 80 21 forlöns
754 775 137 21 beräknande

141 809 35 20 för
191 809 40 20 den
246 807 97 28 spanmål
358 815 45 14 som
417 808 47 21 icke
479 808 22 20 in
516 810 77 19 natura
604 808 115 28 levereras,
735 816 61 21 synes
807 809 35 22 vid
857 809 34 22 så-

142 843 52 20 dant
209 841 134 22 förhållande
358 842 18 27 ej
392 842 66 21 heller
472 842 54 21 böra
544 842 107 27 tillämpas
666 841 13 22 å
694 843 40 21 den
750 843 34 21 del
798 843 24 21 af
834 844 58 21 skat-

142 879 42 23 ten,
200 883 46 14 som
260 876 7 20 i
282 876 74 28 hvarje
371 876 37 21 fall
422 875 33 22 får
471 875 24 22 af
510 876 157 27 räntegifvaren
682 877 90 21 kontant
786 877 105 28 erläggas.

143 911 114 21 Sektionen
276 910 34 21 får
331 910 63 22 alltså
410 910 109 22 vördsamt
541 910 78 22 föreslå
642 912 32 20 att
696 911 120 22 Ständerna
836 912 56 26 ville,

142 945 50 21 med
210 945 155 27 godkännande
383 945 24 21 af
425 944 104 22 komiténs
552 945 203 28 alternativ-förslag
776 946 35 21 för
832 946 61 22 2:dra

142 981 116 21 momentet
272 978 24 22 af
309 979 152 27 förordningen
476 979 8 21 i
498 978 68 28 fråga,
581 979 35 21 för
630 979 33 21 sin
678 980 33 20 del
726 980 93 21 besluta:

336 1021 92 21 Kronan
447 1021 109 29 äfvensom
574 1021 83 22 enskild
678 1022 214 30 indelningshafvare

280 1063 50 21 eger
344 1056 20 28 ej
379 1057 47 19 rätt
441 1059 33 17 att
490 1056 35 21 till
540 1057 120 27 leverering
669 1057 90 27 fordra,
772 1057 39 21 och
822 1059 72 19 ränte-

280 1091 85 28 gifvare
380 1090 20 28 ej
415 1090 66 21 heller
496 1091 48 20 rätt
559 1094 32 17 att
602 1090 76 21 dertill
689 1091 90 29 erbjuda
790 1099 60 13 mera
865 1093 29 20 än

280 1125 84 28 hälften.
389 1125 25 27 af
437 1124 199 29 afradsspanmälen
659 1125 39 21 och
723 1126 89 28 hafran,
836 1126 57 21 kom-

280 1159 76 20 mande
365 1158 79 28 forlön
459 1158 19 28 ej
494 1162 32 17 att
542 1158 105 21 beräknas
664 1159 13 20 å
692 1159 66 29 högre
774 1160 75 28 belopp
865 1162 29 19 än

281 1193 56 21 hvad
352 1193 26 28 af
389 1193 40 21 den
445 1193 90 21 sålunda
547 1194 35 20 till
594 1194 118 28 leverering
728 1194 89 21 tillåtna
832 1202 62 21 span-

280 1228 71 20 målen
377 1227 37 21 och
440 1226 79 29 hafran
544 1228 9 20 i
582 1226 105 22 kontanta
707 1229 125 28 penningar
862 1236 32 14 er-

282 1262 80 28 lägges.

214 1304 11 21 I
240 1304 98 21 afseende
354 1302 13 22 å
380 1303 59 21 tiden
454 1302 27 22 då
491 1302 163 29 ifrågavarande
666 1304 150 29 förordningar
826 1305 69 22 blefve

146 1337 98 29 gällande
261 1338 41 20 har
320 1337 115 26 sektionen,
454 1344 45 14 som
518 1339 69 19 ansett
606 1339 32 19 att
656 1338 183 22 förberedelserna
861 1339 34 22 för

146 1373 27 21 de
187 1373 7 20 i
212 1371 151 22 ofvanstående
380 1370 67 23 måtto
465 1371 121 28 föreslagna
600 1372 114 22 reformers
729 1373 166 28 genomförande

145 1407 68 22 borde
230 1407 72 20 kunna
319 1406 124 21 medhinnas
461 1406 57 21 inom
537 1406 107 28 förloppet
662 1407 24 22 af
701 1409 76 21 tvenne
795 1407 31 28 år,
840 1411 54 20 trott

147 1442 32 28 sig
193 1441 54 22 böra
261 1439 85 28 föreslå,

804 1479 21 15 52
