1017 1667
336 93 72 23 Nådiga
419 94 136 22 Propositionen
566 94 36 17 N:o
615 95 26 16 15.
808 96 31 16 757

182 156 46 22 Den
246 156 25 22 af
287 156 120 23 Ständerna
425 156 90 22 sålunda
532 159 95 27 antagna
643 157 126 29 förordning
783 158 7 21 i
805 158 59 22 detta

114 192 64 21 ämne
192 190 84 29 bifogas
290 191 105 29 härjemte
409 192 8 21 i
431 190 179 30 underdånighet:

114 271 110 34 Förnyad
244 271 150 33 Förordning
416 270 123 35 angående
557 273 307 33 stämpelpappersafgiften

301 317 8 27 i
326 317 226 27 Storfurstendömet
569 318 108 26 Finland.

435 384 14 16 1
465 383 79 23 Kap.

374 432 93 22 Allmänna
484 432 120 22 föreskrifter.

467 484 12 27 $
494 483 18 21 1.

184 525 53 23 Alla
252 526 139 29 handlingar,
407 534 44 14 som
466 527 26 29 af
505 526 82 22 landets
598 527 126 30 domstolar,
735 528 129 22 embetsverk

116 561 39 21 och
172 561 149 29 myndigheter
338 561 109 29 utfärdas,
466 561 60 22 skola
543 568 56 15 vara
617 562 14 21 å
649 564 120 27 stämpladt
781 570 83 22 papper

115 596 110 29 afattade,
241 600 56 18 samt
312 596 45 22 alla
371 596 89 28 inlagor
475 596 39 22 och
529 596 70 22 andra
615 596 139 30 handlingar,
770 605 44 14 som
830 599 35 21 till

116 630 94 22 bemälde
229 631 148 29 myndigheter
395 630 102 30 ingifvas,
515 638 55 14 vara
588 632 104 28 antingen
710 632 14 21 &
742 632 52 22 slikt
808 640 58 21 pap-

111 672 43 23 per
176 665 87 29 skrifna
285 666 52 21 eller
354 666 48 20 med
420 666 174 28 stämpelpapper
613 666 52 21 eller
683 667 182 28 stämpelmärken

116 700 102 29 belagda;
233 701 42 21 allt
290 700 35 22 till
343 700 36 21 det
394 700 81 28 belopp,
486 700 33 28 på
534 700 35 22 det
584 701 51 25 sätt,
650 701 47 21 med
712 701 25 21 de
752 702 113 28 undantag

116 734 40 23 och
170 735 38 21 vid
221 735 36 21 det
272 735 99 29 äfventyr
387 734 42 21 här
443 735 118 29 nedanföre
576 734 94 28 stadgas.

463 790 12 27 $
495 788 22 22 2.

184 830 181 30 Stämpelpapper
377 832 39 21 och
427 832 180 29 stämpelmärken
615 832 60 22 skola
678 832 73 28 finnas
759 836 34 18 att
801 833 65 29 tillgå

117 867 26 29 af
152 866 103 30 följande
273 866 90 27 värden,
381 867 123 27 nämligen:
523 867 13 21 å
554 866 39 27 20,
612 866 35 27 25,
666 866 39 28 30,
723 866 36 27 40,
775 866 36 28 50,
828 866 38 28 60,

120 899 30 23 70
168 901 40 21 och
227 899 30 23 80
271 902 75 28 penni,
365 904 56 18 samt
435 901 14 21 å
463 900 12 21 1
489 901 68 27 mark,
573 901 11 21 1
599 901 62 21 mark
675 900 30 22 50
716 902 75 27 penni,
806 901 22 27 2,
844 901 22 27 3,

117 935 21 28 4,
152 934 20 28 5,
188 934 20 28 6,
227 934 19 28 7,
263 934 20 28 8,
298 934 34 28 10,
349 935 30 26 15,
394 934 40 28 20,
449 934 35 28 25,
499 934 39 29 30,
553 934 36 28 40,
604 935 36 27 50,
657 934 37 28 60,
706 934 37 28 80,
755 934 52 28 100,
819 934 47 29 150,

118 969 49 23 200
183 970 38 22 och
235 969 47 22 500
297 970 68 21 mark.

466 1007 13 28 $
497 1006 22 21 3.

186 1041 22 29 Å
226 1050 75 28 hvarje
317 1049 40 21 ark
373 1050 173 28 stämpelpapper
561 1049 119 29 anbringas
696 1050 81 29 öfverst
792 1050 14 21 å
820 1050 47 22 dess

112 1084 78 28 första
208 1084 49 21 sida
275 1091 26 13 en
319 1083 72 29 tryckt
408 1084 97 28 stämpel,
524 1084 65 21 hvars
601 1084 57 28 färg
670 1085 43 28 för
731 1084 107 22 kartorna
854 1084 14 22 å

114 1118 153 29 pennivärden
285 1119 27 20 är
332 1118 55 21 brun
405 1122 55 17 samt
468 1120 42 27 för
525 1118 47 21 dem
587 1118 14 21 &
614 1118 13 20 1
640 1119 62 20 mark
719 1119 38 21 och
772 1119 96 29 derutöf-

118 1160 39 14 ver
176 1152 42 22 blå.
250 1152 40 22 Uti
307 1152 70 22 denna
395 1154 91 27 stämpel
498 1152 71 28 finnes
583 1153 34 27 pä
632 1156 30 18 ett
677 1154 80 28 tydligt
772 1154 39 20 och
826 1154 42 21 lätt

118 1188 11 20 i
146 1188 84 28 ögonen
245 1186 101 30 fallande
368 1188 51 25 sätt,
441 1190 68 18 utsatt
531 1187 89 21 valören
637 1188 48 20 med
702 1189 73 19 större
794 1188 74 28 sifror

120 1224 56 18 samt
190 1221 74 21 svensk
280 1221 39 21 och
327 1220 58 28 finsk
402 1224 51 18 text.
478 1220 71 22 Såväl
563 1221 105 29 sifrorna
683 1229 44 13 som
743 1225 70 18 texten
828 1223 40 19 äro

120 1256 61 21 hvita
195 1256 33 28 på
245 1256 36 22 det
294 1256 98 29 färgade
407 1255 88 21 bottnet.
525 1255 114 21 Dessutom
647 1256 74 28 förses
737 1256 75 28 hvarje
827 1255 41 21 ark

120 1291 14 19 å
143 1291 77 27 första
234 1290 65 20 sidan
312 1290 47 20 med
373 1288 244 29 Finansexpeditionens
631 1290 10 19 i
656 1289 93 21 Senaten
765 1290 104 20 kontroll-

120 1324 91 27 stämpel
225 1324 9 20 i
248 1324 60 25 rödt,
328 1322 85 22 hvilken
427 1324 90 27 stämpel
529 1324 82 28 jemväl
626 1323 118 28 anbringas
760 1324 14 20 å
788 1324 80 25 vexlar,

114 1357 132 29 fullmakter
269 1358 39 20 och
330 1357 70 21 andra
419 1356 139 30 handlingar,
577 1364 45 14 som
635 1358 33 27 på
686 1357 182 29 Kartasigillata-

121 1392 107 22 Kontoret
242 1392 99 29 undergå
355 1392 126 28 stämpling.
502 1391 51 22 Med
568 1391 113 22 enahanda
695 1393 92 28 stämpel
795 1392 74 29 förses

118 1428 82 29 jemväl
214 1426 172 22 kartemärkena.
