1017 1664
190 127 33 16 982
390 124 71 23 Nådiga
472 125 136 22 Propositionen
619 125 35 17 N:o
666 126 28 16 21.

168 189 44 21 rätt
229 188 33 21 till
279 187 168 26 Rådstufvurätt,
466 187 51 22 eller
534 187 59 21 inom
610 187 51 28 laga
677 188 32 21 tid
728 187 54 22 efter
801 189 55 20 1868
878 187 36 22 års

167 222 152 28 Lagmansting
333 220 48 22 från
395 221 150 28 Lagmansrätt
552 221 33 21 till
595 221 88 22 Hofrätt
693 221 90 28 vädjade
797 221 43 22 mål
854 221 61 22 skola

168 256 97 22 hitintills
280 255 99 29 gällande
392 255 133 22 föreskrifter
539 255 7 21 i
562 255 99 22 afseende
675 255 29 28 på
718 255 52 22 vads
781 255 133 29 fullföljande

168 291 41 22 och
222 289 81 23 målens
317 289 129 28 behandling
464 289 7 21 i
485 288 163 23 Rådstufvurätt
666 290 40 21 och
721 290 93 26 Hofrätt,
830 290 84 21 oförän-

168 325 67 22 drade
248 325 59 28 tjena
321 325 33 20 till
368 324 147 22 efterrättelse.

235 368 73 21 Under
329 367 152 28 förutsättning
507 367 24 22 af
551 367 129 22 Ständernas
705 367 61 21 bifall
787 367 33 22 till
842 368 72 21 ofvan-

168 402 87 23 stäende
273 402 80 28 förslag
371 402 7 21 i
396 401 56 22 hvad
471 401 36 22 det
521 400 68 29 angär
603 401 211 28 Lagmansrätternes
829 402 85 28 indrag-

168 438 61 27 ning,
248 437 39 22 har
305 437 59 21 Hans
382 436 119 28 Kejserliga
518 435 101 28 Majestät
632 436 8 21 i
655 437 153 27 sammanhang
826 437 88 22 härmed

168 473 56 22 velat
241 472 94 21 inhemta
354 471 129 21 Ständernas
501 471 99 28 yttrande
618 471 92 21 rörande
728 471 105 28 Lagmans
848 472 67 27 tings-

169 507 136 28 gästningens
325 506 120 27 utgörande
463 506 40 21 och
521 505 100 22 framtida
643 505 145 27 användande,
807 506 8 21 i
836 506 80 21 hvilket

168 543 62 20 ämne
246 542 25 20 15
287 541 11 27 &
314 541 24 20 af
352 541 53 20 1772
424 539 35 22 års
477 539 172 28 Regeringsform
666 539 118 22 innehåller
802 542 32 19 att
853 540 26 22 de
894 540 24 22 af

169 575 105 28 allmogen
287 575 34 21 till
335 575 46 21 sina
397 575 96 20 domares
507 574 36 22 lön
559 574 39 21 och
612 573 113 22 underhåll
742 575 104 27 beviljade
860 575 56 27 Lag-

168 616 70 15 mans-
246 609 40 21 och
293 608 194 28 Häradshöfdinge-
496 610 55 19 samt
558 608 294 28 Tingsgästningspenningar
862 609 55 21 böra

168 642 69 24 hållas
255 643 121 27 oförryckta
393 642 34 21 till
445 642 36 21 sitt
498 642 58 21 rätta
578 641 99 22 ändamål
699 643 40 21 och
757 643 159 22 vederbörande

170 678 97 21 domares
282 676 93 28 aflöning
390 676 53 22 efter
458 678 49 19 stat.
529 675 49 22 Med
593 676 153 21 föranledande
760 676 64 22 häraf
838 677 39 21 och
890 676 27 22 dä

168 711 222 23 Ofverenskommelser
408 711 90 21 emellan
512 710 226 28 Häradshöfdingarne
757 712 39 20 och
810 712 106 21 Nämnde-

168 747 92 21 männen
279 744 109 29 angäende
407 745 26 21 de
451 744 100 22 sednares
569 744 63 22 andel
650 745 7 21 i
675 745 242 29 Häradstingsgästning

169 780 113 22 framdeles
303 780 47 21 icke
371 778 36 22 mä
429 786 40 21 ega
490 787 54 18 rum,
566 781 53 19 utan
641 779 60 21 desse
723 778 22 22 få
766 780 152 28 tillgodonjuta

168 814 56 22 hvad
240 814 47 22 dem
301 813 93 28 lagligen
408 813 128 22 tillkommer
551 813 24 21 af
587 813 41 22 den
642 814 33 20 till
689 814 173 28 Häradshöfding
877 815 40 22 och

168 848 85 22 Nämnd
268 850 130 26 gemensamt
411 847 106 28 utgäende
531 848 165 28 tingsgästning,
712 850 56 19 samt
785 849 132 22 Häradshöf-

170 883 113 27 dingarnes
297 882 164 22 löneinkomster
475 880 29 29 pä
519 882 58 21 detta
591 883 43 20 sätt
649 882 108 22 äfvensom
771 890 76 20 genom
859 884 58 21 dom-

169 924 103 20 sagornas
287 917 24 21 af
322 916 99 21 behofvet
435 915 113 27 päkallade
563 916 85 27 delning
665 916 84 21 komme
767 919 33 19 att
817 918 99 26 minskas,

169 958 49 14 men
232 951 77 27 högsta
322 950 45 27 vigt
380 950 68 27 ligger
463 949 96 28 deruppä
573 951 33 20 att
616 950 83 21 landets
711 951 151 27 domarekorps
874 952 43 21 för-

170 986 65 20 sättes
249 985 7 21 i
271 983 67 23 sädan
353 984 100 27 ställning
468 986 32 18 att
515 984 40 21 den
569 985 53 19 utan
634 984 131 21 ekonomiskt
776 985 87 27 betryck
874 986 43 21 kan

169 1018 73 22 utöfva
259 1018 37 21 sitt
314 1017 141 22 ansvarsfulla
473 1018 49 25 kall,
541 1018 40 20 har
599 1018 59 20 Hans
680 1018 119 28 Kejserliga
816 1019 102 28 Majestät

169 1052 57 22 velat
246 1052 33 21 till
300 1050 195 23 Landtständernas
521 1051 120 28 antagande
663 1052 129 22 öfverlemna
812 1054 106 22 huruvida

169 1087 47 21 icke
234 1085 230 28 Häradshöfdingarne,
484 1093 26 14 en
528 1086 52 21 hvar
597 1086 58 21 inom
677 1086 32 21 sin
732 1087 107 28 domsaga,
862 1088 56 28 finge

170 1120 122 22 oafkortadt
309 1120 86 21 komma
411 1120 8 20 i
437 1119 124 28 ätnjutande
579 1120 24 21 af
624 1120 40 21 den
685 1122 156 27 tingsgästning
863 1122 54 28 Lag-

170 1156 91 20 männen
275 1160 30 16 nu
318 1154 108 27 uppbära;
443 1154 25 21 de
485 1154 122 21 nuvarande
625 1154 137 27 Lagmännen
778 1156 54 21 dock
846 1156 71 22 förbe-

170 1188 66 22 hället
251 1190 38 24 att,
303 1188 33 21 till
351 1188 32 21 sin
398 1187 42 21 död
455 1188 52 21 eller
521 1188 32 21 till
569 1188 47 21 dess
631 1188 26 21 de
671 1188 51 27 ingä
736 1189 8 21 i
759 1197 70 14 annan
844 1190 72 27 tjenst,

171 1221 118 22 bibehållas
303 1221 35 21 vid
353 1220 41 21 den
408 1220 43 26 lön,
466 1228 45 14 som
527 1222 24 20 är
565 1220 34 22 för
615 1221 47 21 dem
681 1222 107 27 anslagen,
800 1223 67 27 jemte
882 1224 35 21 de-

172 1262 36 14 ras
230 1255 63 22 andel
311 1255 24 21 af
351 1254 40 21 den
409 1254 165 28 tingsgästning,
598 1254 47 21 dem
667 1254 34 22 för
722 1257 133 21 närvarande
877 1258 41 20 till

172 1290 101 21 kommer.

239 1333 81 21 Ytterst
335 1333 40 20 har
389 1332 59 21 Hans
463 1332 119 28 Kejserliga
596 1332 100 27 Majestät
711 1333 40 21 ock
765 1333 69 22 funnit
844 1335 75 28 nödigt

171 1368 57 22 fästa
248 1367 82 22 landets
353 1367 101 21 Ständers
475 1367 188 27 uppmärksamhet
688 1367 29 28 pä
739 1369 179 28 angelägenheten

172 1402 63 22 deraf
254 1403 37 25 att,
311 1402 70 21 derest
399 1401 102 28 förslaget
519 1401 134 22 beträffande
670 1402 135 29 nedsättning
824 1405 24 20 af
864 1405 53 21 revi-

172 1437 179 28 sionsskillingens
369 1437 77 27 belopp
466 1437 39 20 och
524 1435 143 23 afskaffandet
682 1437 23 20 af
718 1437 95 22 aktlösen
828 1433 90 32 bifalles,
