1017 1661
165 101 33 16 922
366 99 71 24 Nådiga
449 100 136 21 Propositionen
597 100 35 17 N:o
644 100 28 16 20.

142 165 36 20 det
192 163 34 21 för
240 163 182 21 ombudsmannen
437 163 111 22 bestämda
562 163 137 26 exemplaret,
711 160 67 23 hvarå
793 161 47 22 dess
856 168 37 15 an-

142 197 83 27 svarige
243 197 117 28 utgifvares
378 205 65 13 namn
461 197 40 22 bör
515 205 53 13 vara
585 196 103 22 tecknadt
705 197 101 27 antingen
821 195 24 22 af
857 196 39 21 ho-

142 239 50 13 nom
207 231 143 27 egenhändigt
368 231 53 21 eller
436 231 24 21 af
472 237 71 15 annan
558 237 86 21 person,
660 230 41 21 den
716 230 43 26 han
774 230 71 21 dertill
858 230 38 21 be-

142 265 150 27 fullmäktigat,
307 272 53 14 vara
376 265 34 21 till
430 265 182 21 ombudsmannen
627 266 56 20 emot
698 264 66 27 gvitto
780 263 116 22 aflemnadt

142 300 66 20 minst
222 306 26 14 en
262 299 73 21 timme
354 298 46 22 före
417 299 139 27 utdelningen
574 298 23 22 af
610 298 128 22 tidskriften.
768 298 46 22 Har
829 298 67 28 dylikt

143 333 109 28 exemplar
270 333 69 21 blifvit
356 334 34 20 till
408 334 182 21 ombudsmannen
606 332 115 22 aflemnadt
736 340 75 14 senare
826 334 27 20 än
868 340 27 14 en

142 368 74 21 timme
237 368 66 21 innan
322 367 41 26 det,
383 367 66 28 enligt
474 368 4 27 $
499 369 25 20 13
544 374 62 15 mom.
626 368 12 20 2
658 367 35 22 för
711 367 48 22 dess
781 366 115 23 utdelande

143 401 104 29 uppgifna
265 402 137 27 klockslaget,
422 402 53 21 skall
494 401 100 22 skriftens
612 401 130 28 utgifvande,
760 401 36 22 vid
814 401 38 22 bot
873 401 25 22 af

144 436 115 21 etthundra
276 436 68 25 mark,
363 436 35 21 för
413 435 40 22 den
473 436 69 28 dagen
556 435 102 26 inställas,
675 435 71 22 derest
761 435 18 28 ej
796 435 100 22 ombuds-

144 477 97 19 mannen,
261 469 28 22 dä
310 471 43 20 han
375 477 75 14 senare
472 469 34 22 får
527 472 108 25 emottaga
654 469 35 22 det
706 469 35 21 för
758 470 80 21 honom
859 470 37 21 be-

144 504 84 22 stämda
242 504 136 28 exemplaret,
394 505 119 27 samtycker
528 506 32 19 att
578 504 111 28 utdelning
707 511 82 14 samma
804 503 42 29 dag
860 503 36 23 mä

146 545 40 21 ega
200 546 54 14 rum.

212 572 57 22 Frän
288 572 151 22 ofvanstäende
461 573 145 27 skyldigheter
628 572 88 28 fritages
738 572 64 22 likväl
823 573 73 21 veder-

144 607 95 21 börande
256 607 8 21 i
282 607 120 21 hänseende
420 606 33 22 till
472 607 26 21 de
516 608 97 20 litterära
632 608 39 20 och
693 607 129 22 konstalster
840 608 57 21 samt

146 641 36 21 det
198 641 114 28 smätryck,
328 642 88 20 hvarom
430 642 8 20 i
453 642 11 27 $
480 643 12 19 2
508 649 62 14 mom.
586 643 13 19 2
615 642 40 21 och
669 642 12 28 $
698 644 25 19 19
739 641 107 23 förmäles.

490 702 12 27 8
518 704 34 18 41.

212 744 79 22 Finner
306 744 140 22 ombudsman
464 743 67 23 sädan
546 744 126 28 förbrytelse
688 746 56 20 emot
759 745 70 22 denna
844 745 53 21 För-

145 778 91 28 ordning
252 785 53 15 vara
322 777 111 29 begängen
450 780 33 20 att
501 778 44 22 ätal
563 778 57 28 förty
638 779 40 21 bör
696 780 35 20 vid
750 779 91 22 domstol
859 787 37 14 an-

146 813 80 27 ställas,
242 812 70 28 äligge
327 813 78 21 honom
417 815 32 19 att
460 813 74 21 derom
545 813 152 28 ofördröjligen
708 814 114 26 inberätta,
834 816 62 25 samt,

144 855 36 14 om
198 847 142 29 förbrytelsen
358 847 56 21 skett
432 847 7 21 i
457 847 69 27 skrift,
544 847 69 21 tillika
631 848 91 21 aflemna
740 848 52 22 eller
806 848 92 22 insända

146 882 90 21 skriften
253 881 33 22 till
304 881 233 28 Pressöfverstyrelsen,
556 888 46 16 som
621 882 53 21 efter
691 882 145 27 bepröfvande
854 883 43 21 för-

145 916 79 21 ordnar
240 924 34 13 om
290 914 76 23 ätalets
380 915 114 22 utförande
510 923 75 21 genom
600 916 182 22 ombudsmannen
794 917 51 21 eller
860 924 38 14 an-

144 958 44 14 nan
203 950 79 22 allmän
297 949 107 29 äklagare.
434 950 187 21 Ombudsmannen
636 958 38 20 ege
689 950 45 26 ock,
751 958 35 14 om
800 951 44 21 han
858 951 40 21 fin-

145 992 38 14 ner
202 984 36 22 det
256 984 80 28 nödigt,
356 986 75 26 genast
449 985 51 21 eller
519 985 39 21 sist
575 985 58 21 inom
656 984 46 22 åtta
720 985 68 27 dagar
806 985 91 28 belägga

145 1019 89 21 skriften
248 1019 50 21 med
312 1018 108 28 gvarstad,
437 1018 27 22 då
479 1019 73 21 derom
564 1019 79 27 jemväl
661 1019 55 22 skall
734 1020 40 21 hos
789 1014 108 34 Öfversty-

144 1053 70 22 relsen
229 1053 102 21 anmälas.
354 1053 45 21 Har
415 1053 181 22 ombudsmannen
608 1053 18 27 ej
638 1054 33 20 till
686 1054 102 27 gvarstad
802 1054 95 26 beslutit,

145 1088 56 27 gifve
219 1087 35 21 det
273 1088 40 21 ock
332 1082 168 32 Öfverstyrelsen
517 1088 110 25 tillkänna,
647 1088 7 20 i
672 1088 80 21 hvilket
770 1088 38 21 fall
824 1083 73 26 Öfver-

145 1122 104 27 styrelsen
270 1123 25 20 är
317 1121 100 28 obetaget
435 1123 37 24 att,
491 1122 58 21 inom
567 1120 45 23 åtta
632 1121 66 28 dagar
718 1121 52 22 efter
790 1122 35 21 det
847 1122 51 21 slikt

144 1155 204 28 tillkännagifvande
358 1155 78 26 inkom,
447 1156 33 21 till
495 1155 111 28 gvarstads
618 1155 158 22 verkställande
787 1156 109 22 förordna.

144 1189 11 21 I
166 1189 68 28 begge
244 1189 142 22 händelserna
396 1189 92 22 förfares
498 1189 74 22 vidare
582 1189 28 28 pä
622 1191 42 20 sätt
675 1189 117 22 nedanföre
802 1190 94 27 stadgas.

489 1249 11 27 8
516 1250 34 19 42.

216 1285 50 27 Ätal
284 1290 12 22 &
314 1290 68 27 skrift,
400 1298 47 14 som
464 1290 119 23 innehäller
601 1291 140 22 förnärmelse
755 1294 45 19 mot
815 1292 81 22 enskild

144 1333 85 21 person,
245 1326 62 21 äfven
326 1324 27 23 dä
371 1325 36 22 det
424 1326 49 21 sker
490 1326 8 21 i
516 1326 40 22 och
574 1326 34 21 för
628 1326 87 26 embete,
730 1325 36 23 mä
784 1327 19 27 ej
818 1327 79 22 väckas

145 1361 25 22 af
185 1360 79 22 allmän
282 1360 107 28 åklagare,
408 1362 53 20 utan
479 1360 75 22 endast
573 1360 24 22 af
614 1361 40 21 den
672 1361 154 27 förolämpade,
846 1362 52 22 eller

144 1396 54 21 hans
216 1395 110 22 mälsman.
360 1394 32 23 Pä
410 1395 226 28 Pressöfverstyrelsen
654 1395 113 22 ankomme
785 1396 55 22 dock
857 1398 39 25 att,

145 1430 54 21 efter
214 1429 162 29 mälsegandens
394 1430 102 28 begäran,
512 1430 37 21 der
564 1428 24 23 sä
603 1429 78 28 skäligt
695 1429 74 27 finnes,
784 1430 54 22 efter
853 1438 44 14 om-
