1017 1664
323 101 72 23 Nådiga
406 102 136 22 Propositionen
553 102 35 17 N:o
600 103 28 16 20.
791 103 34 16 923

95 165 175 28 ständigheterna
287 164 103 23 förordna
408 165 139 22 ombudsman
565 165 79 22 honom
662 164 33 22 till
709 164 85 23 biträde
811 165 37 23 vid

96 198 78 23 åtalets
188 198 122 27 utförande,
325 199 52 21 eller
392 199 96 29 offentlig
504 198 100 30 åklagare
620 200 73 21 derom
707 200 77 26 anlita;
798 207 50 14 men

95 234 8 21 i
117 234 54 22 intet
185 234 39 21 fall
241 233 36 22 må
295 234 41 21 slik
354 234 72 21 aktors
444 232 100 23 frånvaro
562 232 116 28 uppehålla
696 233 100 22 ärendets
810 234 36 21 be-

95 268 104 27 handling
214 268 36 21 vid
264 268 99 21 domstol.

442 328 11 27 s
469 329 33 20 43.

164 370 104 21 Enskilda
281 370 65 27 bolag
361 370 41 22 och
416 370 69 22 andra
499 370 93 28 sällskap
608 378 38 21 ege
661 372 44 21 rätt
716 373 32 20 att
758 371 8 21 i
778 372 70 22 denna

96 406 34 21 sin
152 405 106 27 egenskap
281 404 91 22 anställa
394 404 45 22 åtal
460 404 34 22 för
511 405 127 28 förgripliga
656 406 114 27 yttranden
792 407 56 21 emot

98 440 58 26 dem;
175 439 74 28 hvarje
268 438 82 23 enskild
363 439 92 22 medlem
473 439 65 22 likväl
552 440 100 27 obetaget
666 442 32 19 att
712 448 76 20 genom
803 439 45 23 åtal

97 474 53 22 söka
164 474 132 28 upprättelse
310 474 34 21 för
358 472 78 24 sådant
454 481 96 21 angrepp
566 476 56 20 emot
640 475 78 21 honom
733 474 71 22 såsom
818 475 30 22 le-

98 509 73 21 damot
188 508 7 21 i
214 508 127 26 samfundet,
360 514 45 16 som
423 508 25 22 af
464 508 58 22 detta
540 508 51 22 eller
605 507 71 29 någon
695 508 48 22 dess
757 509 91 22 medlem

97 543 47 21 icke
159 542 66 22 redan
239 542 70 22 blifvit
323 542 98 22 beifradt.

442 604 12 28 $
470 605 34 20 44.

167 646 71 22 Sedan
256 654 38 14 sex
311 646 103 22 månader
431 646 91 22 förflutit
537 647 53 21 efter
605 646 37 22 det
655 647 63 21 skrift
732 648 70 21 blifvit
815 649 34 21 ut-

98 682 77 28 gifven,
194 680 35 22 må
248 682 18 28 ej
286 681 89 22 allmänt
392 680 45 23 åtal
456 682 102 22 anställas
577 684 58 20 emot
652 682 130 26 densamma,
801 690 49 14 men

98 716 83 22 enskild
195 715 137 29 målsegande
346 716 150 28 tillgodonjute
513 717 7 21 i
539 717 37 27 thy
591 716 38 22 fall
644 716 41 22 den
699 717 32 21 tid
746 717 34 21 för
794 716 56 23 åtals

98 750 134 22 anställande
254 758 45 14 som
322 752 24 20 är
367 751 119 27 medgifven
503 751 7 21 i
528 751 78 27 Kongl.
625 750 161 29 Förordningen
810 751 40 23 den

100 787 28 20 20
142 786 91 22 Januari
249 786 61 21 1779.

444 840 12 28 8
472 841 33 20 45.

168 882 115 29 Angående
301 882 44 23 åtal
359 883 8 21 i
382 883 101 28 oträngdt
500 882 43 22 mål
558 884 56 21 samt
628 883 85 22 ohemul
727 883 122 28 angifvelse,

100 918 56 28 gälle
171 918 56 21 hvad
243 918 108 21 allmänna
364 917 64 28 lagen
442 918 8 20 i
466 919 18 25 1,
503 919 6 19 2
525 918 39 21 och
580 919 12 19 3
608 918 24 28 88
648 919 26 19 60
689 918 49 27 kap.
750 918 100 28 Missger-

100 952 140 28 ningsbalken
262 954 56 19 samt
340 953 27 20 29
388 952 49 27 kap.
456 950 214 30 Rättegängsbalken,
690 952 67 28 jemte
779 952 72 22 dertill

100 986 96 22 hörande
211 986 153 28 författningar
378 986 83 28 stadga.

444 1047 12 27 8
472 1048 34 20 46.

168 1090 41 20 Till
224 1089 101 28 gvarstad
340 1088 14 22 &
367 1088 113 29 förgriplig
495 1088 75 29 skrift,
582 1096 46 14 som
646 1089 48 22 sker
712 1096 76 21 genom
803 1090 48 21 dess

100 1124 93 28 tagande
214 1124 8 21 i
244 1124 89 21 allmänt
354 1123 73 21 förvar
449 1123 68 21 under
538 1124 78 21 förbud
639 1126 56 19 emot
718 1123 135 28 utspridning

101 1158 67 26 deraf,
183 1158 49 25 kan,
248 1158 38 21 der
300 1156 24 23 sä
342 1157 74 28 nödigt
434 1157 92 28 pröfvas,
542 1157 113 22 förordnas
670 1157 58 22 såväl
743 1157 25 22 af
779 1158 73 22 Press-

101 1193 163 27 Ofverstyrelsen
279 1192 51 21 eller
346 1192 46 21 dess
408 1192 85 26 ombud,
509 1193 65 26 enligt
584 1192 57 21 hvad
655 1192 89 21 nämndt
760 1193 30 25 är,
806 1199 46 15 som

100 1227 41 22 ock
155 1227 25 22 af
192 1227 41 21 den
248 1227 97 25 domstol,
360 1226 35 22 vid
409 1226 85 21 hvilken
509 1225 44 23 ätal
568 1229 57 19 emot
639 1227 89 21 skriften
743 1226 108 22 anställes.

447 1293 11 25 8
474 1294 34 19 47.

171 1335 45 21 Slik
230 1334 108 27 gvarstad,
354 1333 85 23 hvilken
454 1333 54 22 skall
522 1333 91 22 omfatta
628 1333 43 22 alla
685 1334 7 20 i
707 1333 146 26 författarens,

103 1369 137 28 utgifvarens,
256 1366 153 30 förläggarens,
425 1367 124 29 tryckarens
564 1370 56 19 samt
630 1367 158 22 bokhandlares
803 1368 52 22 eller

104 1411 71 15 annan
189 1403 133 28 utspridares
336 1403 60 28 värjo
415 1402 110 29 befintliga
539 1403 115 27 exemplar,
669 1402 42 27 mä,
726 1403 77 22 liksom
817 1410 38 15 an-

104 1438 81 29 gäende
199 1437 142 23 konfiskation
356 1437 62 28 sagdt
432 1439 31 24 är,
479 1437 19 29 ej
513 1437 75 29 läggas
603 1437 13 22 &
630 1439 69 20 större
714 1437 35 22 del
760 1437 24 22 af
793 1437 61 22 skrif-
