1017 1664
330 119 71 24 Nådiga
413 121 135 22 Propositionen
560 121 34 16 N:o
607 122 27 15 20.
800 121 32 16 927

106 184 89 22 skriften
210 183 29 29 på
254 186 48 26 eget
320 191 83 19 ansvar,
419 185 40 20 har
474 186 31 19 att
520 184 73 28 styrka
607 184 33 21 sin
654 183 153 22 ansvarsfrihet
821 191 35 20 ge-

106 226 51 15 nom
168 218 126 26 företeende
309 218 24 22 af
345 218 138 22 författarens
497 218 129 21 namnsedel.

450 279 12 26 8
479 279 32 20 59.

176 320 70 21 Sedan
264 320 72 22 utredt
354 320 69 21 blifvit
440 321 62 20 hvem
516 321 68 20 rätter
599 319 103 22 svarande
717 320 31 25 är,
764 318 70 23 såsom
848 319 8 21 i

107 355 25 28 88
148 356 26 19 33
190 355 40 20 och
246 356 27 19 34
288 356 67 26 säges,
370 361 51 15 vare
440 355 67 21 denne
526 354 82 28 skyldig
627 355 32 20 att
673 355 75 26 genast
762 353 30 28 pä
805 354 51 21 Rät-

107 391 47 20 tens
173 389 44 21 bud
234 389 34 21 till
286 396 58 14 svars
359 389 91 26 komma,
465 389 35 21 vid
516 389 95 27 äfventyr
626 390 32 19 att
672 388 62 28 eljest
748 388 66 27 enligt
830 389 26 20 10

106 424 12 27 8
139 425 23 19 11
183 423 49 28 kap.
250 422 208 29 Rättegängsbalken
481 430 76 21 genom
578 423 99 21 Kronans
699 422 51 21 eller
767 423 89 20 Rättens

105 457 95 28 betjente
218 457 103 27 inställas,
340 457 79 22 hvilket
436 457 62 22 äfven
517 457 55 28 gälle
589 457 137 27 utspridaren
744 457 24 21 af
788 457 68 26 skrift,

106 491 67 23 hvarå
190 492 167 27 boktryckarens
375 499 65 15 namn
459 493 55 20 samt
531 492 158 28 tryckningsort
707 491 40 22 och
766 490 56 23 årtal
836 491 19 28 ej

107 526 69 22 finnas
191 528 86 20 utsatte.
387 521 8 12 N

451 564 11 27 8
479 565 33 20 60.

174 606 90 22 Enskild
278 606 136 28 mälsegande
430 613 37 21 ege
482 606 72 22 utföra
568 606 32 22 sin
616 606 59 22 talan
692 606 102 28 antingen
808 605 50 29 sjelf

107 641 52 22 eller
174 648 76 21 genom
265 640 89 28 ombud;
373 648 48 14 men
437 640 46 27 den,
499 640 13 22 å
526 640 84 22 hvilken
626 648 76 14 ansvar
716 640 70 28 yrkas,
802 640 54 22 skall

106 675 135 29 personligen
259 675 33 21 till
310 683 59 14 svars
387 674 83 27 stända,
488 676 35 20 vid
542 675 96 28 äfventyr
656 682 46 14 som
723 675 8 21 i
752 674 104 22 nästföre-

107 709 82 29 gående
208 710 11 28 $
238 711 94 25 nämnes,
348 710 79 22 honom
442 710 55 22 dock
511 710 99 28 obetaget
625 711 32 20 att
671 709 84 23 biträde
769 710 8 20 i
790 711 66 20 rätte-

106 744 84 29 gängen
204 744 104 29 begagna.

451 783 12 27 8
479 784 33 19 61.

174 826 138 21 Beträffande
336 826 136 28 bevisningen
494 826 7 21 i
522 824 179 30 tryckfrihetsmäl
723 824 56 28 gälle
800 824 56 22 hvad

107 860 79 22 allmän
208 860 36 28 lag
266 859 110 29 angående
397 859 103 23 brottmål
517 860 8 21 i
544 860 115 22 allmänhet
681 859 98 28 stadgar;
802 858 54 22 dock

106 893 58 23 hälle
179 894 33 28 sig
226 894 102 22 domaren
343 896 83 26 strängt
434 894 39 22 till
488 894 125 28 äklagarens
627 894 101 28 yrkande,
745 895 54 20 utan
812 894 44 20 rät-

106 928 69 28 tighet
193 930 32 20 att
243 929 86 21 sträcka
347 929 47 21 sina
411 929 135 27 forskningar
561 928 54 22 efter
629 928 58 22 bevis
701 928 84 22 utöfver
798 929 58 20 utre-

108 963 80 32 dandet
202 963 24 23 af
239 963 36 22 det
289 962 134 24 förhållande
438 970 46 15 som
498 963 8 21 i
520 962 134 29 stämningen
669 962 101 28 angifves.

451 1024 13 28 8
480 1025 32 19 62.

176 1062 84 27 Önskar
282 1067 118 21 svaranden
421 1067 8 21 i
450 1065 180 29 tryckfrihetsmäl
648 1066 92 21 rörande
761 1072 95 21 angrepp

108 1104 57 20 emot
180 1102 82 21 enskild
275 1108 78 21 person
368 1101 72 22 bevisa
454 1101 108 21 tillmälets
578 1100 96 28 sanning,
690 1107 50 21 eger
756 1100 101 21 domaren

107 1136 8 21 i
129 1136 75 27 hvarje
218 1136 44 25 fall,
278 1136 54 20 efter
350 1136 47 21 dess
416 1135 104 22 särskilda
538 1135 148 21 beskaffenhet
700 1134 40 21 och
755 1134 32 27 sig
802 1133 55 21 före-

107 1170 76 22 teende
198 1170 186 26 omständigheter,
399 1169 77 27 pröfva
489 1169 105 21 huruvida
612 1168 41 22 den
671 1168 105 27 erbjudna
789 1168 68 21 bevis-

106 1204 90 28 ningens
215 1204 151 21 föreställande
384 1202 35 23 må
436 1202 87 27 tillåtas,
542 1203 64 21 likväl
624 1202 91 22 sålunda
729 1204 33 19 att
776 1209 26 14 en
817 1202 41 21 slik

106 1238 120 28 bevisning,
246 1237 28 22 då
292 1237 41 22 den
354 1238 71 21 kunde
446 1238 65 21 lända
532 1237 33 21 till
586 1236 124 22 kränkande
728 1236 24 21 af
769 1236 35 21 det
822 1243 36 14 en-

107 1273 70 21 skilda
198 1272 70 22 lifvets
289 1272 64 28 helgd
375 1280 76 20 genom
473 1271 191 28 offentliggörande
686 1270 24 22 af
730 1270 128 27 personliga,

107 1307 85 26 husliga
210 1305 51 22 eller
278 1305 237 28 familjeförhållanden,
534 1305 47 21 icke
599 1304 34 21 får
650 1304 8 21 i
675 1303 67 28 något
759 1304 39 20 fall
816 1304 42 20 till-

108 1340 89 27 städjas.

454 1376 11 28 s
481 1377 33 20 63.

178 1420 70 22 Sedan
265 1421 101 26 parterne
384 1419 72 22 anfört
472 1419 56 22 hvad
547 1419 26 22 de
590 1419 8 21 i
613 1419 65 21 saken
693 1419 67 21 önska
775 1420 32 20 att
822 1425 36 15 an-

109 1455 68 28 draga
191 1455 40 22 och
246 1455 73 22 bevisa
333 1456 55 20 samt
404 1454 47 22 dem
465 1454 90 22 lemnats
570 1453 84 22 tillfälle
669 1455 33 20 att
716 1453 80 28 afgifva
807 1453 51 22 slut-
