1017 1667
175 115 33 16 934
374 112 72 23 Nädiga
458 113 138 21 Propositionen
608 113 35 16 N:o
656 114 26 15 20.

220 176 34 22 Då
272 176 104 22 utskottet
393 182 29 14 nu
438 174 39 29 går
492 177 31 20 att
538 175 106 28 redogöra
658 175 35 21 för
708 175 41 21 den
764 175 25 21 af
800 176 104 21 utskottet

152 210 100 28 vidtagne
267 210 131 28 granskning
416 209 24 21 af
455 209 147 28 föreliggande
619 209 90 28 förslag,
728 211 25 19 är
772 209 35 21 det
822 210 34 20 för
869 211 34 20 ut-

153 245 79 21 skottet
250 244 114 27 angenämt
383 245 31 19 att
432 244 72 20 kunna
519 244 119 25 omnämna,
654 245 32 19 att
701 243 203 28 ofvanuppräknade

154 279 132 27 stadganden
301 278 40 22 och
356 278 166 27 bestämningar,
537 278 72 21 hvilka
626 278 67 21 redan
712 278 60 28 gifvit
790 278 114 28 anledning

153 313 33 22 till
201 315 31 19 ett
246 312 128 28 fullkomligt
389 312 142 27 erkännande,
546 312 8 21 i
569 312 117 22 detsamma
701 312 121 22 återfinnas.
852 312 54 22 Lika

154 348 114 28 glädjande
286 347 56 21 hade
360 347 36 21 det
409 347 56 21 varit
483 354 35 14 om
535 347 32 21 uti
584 346 103 28 förslaget
706 347 25 21 de
750 347 24 21 af
786 346 119 22 Ständerne

154 382 35 22 vid
204 384 84 20 senaste
302 382 104 27 landtdag
420 381 134 22 framställda
568 382 167 28 anmärkningar
750 383 56 20 emot
822 383 32 25 13,
871 383 33 25 39,

155 419 27 19 40
201 417 41 21 och
260 418 26 19 67
306 417 32 27 $$,
357 416 40 21 och
415 416 123 27 isynnerhet
556 418 57 19 emot
632 416 25 21 de
675 417 7 20 i
702 416 153 28 författningen
873 416 32 21 in-

154 453 65 26 tagne
233 451 94 21 särdeles
345 451 57 27 höga
419 450 167 28 bötesbeloppen
603 450 81 29 lyckats
702 451 98 21 tillvinna
818 451 32 28 sig
868 449 38 22 nä-

156 485 47 28 digt
224 485 106 22 afseende.
360 485 75 21 Ehuru
456 485 104 21 utskottet
580 485 47 21 icke
649 487 65 20 annat
736 485 42 22 kan
796 485 64 26 finna,
879 486 29 21 än

156 521 32 20 att
202 519 153 28 förändringar
369 519 8 21 i
391 519 67 22 redan
474 519 74 28 antydt
563 519 54 28 syfte
632 520 24 21 af
668 520 92 21 nämnde
774 519 133 28 stadganden

156 554 52 22 eller
223 553 128 22 åtminstone
366 561 26 14 en
407 554 136 28 nedsättning
558 554 24 21 af
598 554 188 28 minimibeloppen
800 554 25 22 af
836 555 71 21 bötes-

155 589 188 27 bestämningarne
358 588 74 27 skulle,
448 596 59 14 mera
522 590 27 20 än
564 596 46 14 som
624 597 29 13 nu
668 591 25 20 är
708 589 66 27 fallet,
785 589 65 28 bragt
864 589 43 22 för-

156 623 120 28 fattningen
290 623 8 21 i
312 624 100 20 närmare
427 623 217 22 öfverensstämmelse
662 624 48 21 med
724 623 162 29 rättsåsigterne
900 624 8 21 i

156 658 73 21 landet
247 657 40 22 och
306 657 98 28 gällande
422 657 144 28 lagstiftning,
585 658 41 21 har
643 659 104 21 utskottet
768 659 65 21 likväl
854 660 54 20 trott

157 693 33 27 sig
204 691 134 22 beträffande
353 691 65 28 sagde
437 693 76 21 ämnen
532 693 47 21 icke
593 693 54 21 böra
661 693 107 28 tillstyrka
782 692 69 29 några
865 693 43 22 för-

157 727 117 27 ändringar
291 726 32 21 uti
342 726 26 21 de
387 733 35 14 om
441 727 108 22 desamma
566 727 88 28 intagna
671 723 167 31 bestämmelser,
856 729 54 20 utan

157 761 40 21 hos
219 760 121 22 Ständerna
360 760 109 21 vördsamt
491 761 79 22 föreslå
593 761 62 22 deras
680 762 121 28 antagande
824 762 85 22 oförän-

158 795 73 22 drade.
260 794 26 28 Ej
302 794 67 21 heller
384 795 42 21 kan
441 795 109 27 utskottet,
565 796 7 21 i
588 797 105 21 anseende
708 797 33 21 till
755 797 36 21 det
805 797 63 27 ringa
878 797 31 21 af-

158 829 77 22 seende
258 829 130 21 Ständernas
410 829 64 27 förut,
497 829 70 22 såsom
592 830 165 29 önskningsmäl,
780 831 130 22 härutinnan

159 863 76 28 gjorda
250 863 182 28 framställningar
450 863 41 22 fått
509 866 60 25 röna,
584 864 88 22 förorda
686 867 31 20 ett
735 866 139 27 upprepande
888 865 25 22 af

160 898 54 25 dem,
229 897 55 22 helst
302 898 104 21 utskottet
424 898 46 21 icke
484 898 66 29 vågar
568 899 83 27 hoppas
670 901 33 20 att
721 900 26 21 de
766 899 69 22 denna
853 899 57 28 gång

159 932 73 21 kunna
246 932 48 21 med
310 933 68 20 större
392 932 112 29 framgång
520 935 52 26 göra
587 934 31 27 sig
634 934 105 27 gällande.

228 966 96 22 Emedan
342 965 162 29 ifrågavarande
523 967 87 28 förslag,
630 967 28 28 på
676 970 43 19 sätt
737 968 66 22 redan
821 967 91 23 nämndt

160 1002 31 24 är,
207 1000 94 21 befinnes
316 1001 7 20 i
338 1000 26 21 de
378 1001 62 21 flesta
456 1001 59 22 delar
530 1009 52 14 vara
596 1003 118 27 uppgjordt
727 1003 8 20 i
750 1003 161 21 öfverensstäm-

160 1035 66 20 melse
240 1034 48 21 med
303 1042 29 13 nu
348 1035 104 27 gällande,
466 1036 24 21 af
503 1036 120 22 Ständerna
638 1037 114 28 godkända
766 1037 145 28 tryckfrihets-

160 1068 135 27 förordning,
312 1076 34 14 om
363 1069 63 22 hvars
442 1071 127 28 verkningar
586 1070 66 29 något
670 1071 28 28 på
716 1071 122 28 tillförlitlig
857 1071 55 22 erfa-

161 1103 75 20 renhet
258 1103 108 26 grundadt
388 1104 102 27 omdöme,
510 1105 49 21 med
581 1105 99 22 afseende
700 1105 12 22 å
731 1106 40 21 den
789 1106 63 21 korta
873 1106 39 26 tid,

162 1137 121 21 hvarunder
299 1137 41 21 den
354 1138 68 27 tjenat
436 1139 32 20 till
489 1139 147 27 efterrättelse,
652 1141 57 20 ännu
724 1141 46 20 icke
785 1140 43 21 kan
842 1140 69 27 fällas,

162 1171 41 21 har
220 1171 110 26 utskottet,
342 1171 67 28 jemte
427 1173 69 27 egnad
513 1174 189 27 uppmärksamhet
717 1174 23 21 åt
754 1175 73 28 hvarje
842 1175 34 21 del
891 1175 25 21 af

163 1205 109 26 förslaget,
288 1207 70 18 ansett
373 1206 40 20 den
428 1209 99 18 närmare
542 1209 157 26 granskningen
710 1209 63 20 deraf
785 1209 128 20 företrädes-

163 1237 31 21 vis
209 1237 54 21 böra
278 1238 90 21 omfatta
379 1239 45 21 deri
434 1240 85 21 införda
534 1241 115 27 ändringar
660 1242 7 20 i
678 1242 92 21 nämnde
781 1242 132 27 förordning.

232 1271 38 21 Uti
286 1273 25 20 13
327 1272 11 28 $
354 1272 24 22 af
391 1272 103 29 förslaget
511 1275 25 20 är
555 1274 35 22 det
607 1275 9 21 i
633 1276 149 21 motsvarande
800 1276 12 28 $
831 1276 24 21 af
870 1276 44 22 för-

165 1305 117 28 ordningen
301 1306 86 28 intagne
407 1309 25 19 13
451 1311 93 19 moment
562 1309 124 28 utlemnadt,
706 1310 70 22 såsom
794 1310 120 22 berörande

165 1340 122 27 periodiska
302 1340 91 28 skrifter,
409 1349 46 15 som
470 1342 46 23 före
532 1345 54 20 1866
604 1345 102 27 utgifvits,
722 1346 40 21 och
776 1346 79 21 hvilket
869 1352 45 15 mo-

165 1376 59 20 ment
237 1382 89 15 numera
340 1376 47 22 icke
402 1384 49 20 eger
465 1377 71 29 någon
551 1379 155 29 tillämplighet.

234 1409 40 21 Till
293 1410 26 22 de
336 1411 31 21 uti
387 1412 26 20 30
432 1412 11 27 &
462 1412 24 21 af
498 1412 150 29 förordningen
664 1414 139 28 uppräknade
818 1414 95 27 föremål,

166 1445 57 20 emot
237 1444 72 22 hvilka
323 1445 195 28 tryckfrihetsbrott
532 1448 42 21 kan
588 1447 72 29 begås,
672 1450 25 20 är
711 1449 8 21 i
733 1449 113 28 förslagets
861 1452 53 18 mot-
