1020 1664
331 115 71 23 Nådiga
413 116 136 22 Propositionen
560 116 35 17 N:o
608 116 27 16 21.
789 116 43 15 1053

109 178 40 23 och
161 178 152 28 domsagornas
324 178 85 28 delning
420 178 114 27 användas,
546 179 111 21 hvarutom
669 178 118 21 Ständerne
797 176 59 23 hålla

106 213 53 26 före,
174 214 33 20 att
220 213 8 21 i
242 212 101 22 händelse
357 211 72 29 någon
443 214 68 20 större
526 213 52 21 eller
595 213 82 20 mindre
697 212 34 21 del
749 212 24 21 af
786 211 70 22 denna

105 247 157 27 tingsgästning
279 247 68 20 under
363 247 59 20 tiden
436 247 35 20 för
485 247 92 20 berörda
591 246 106 27 reglering
712 246 95 21 kommer
824 247 32 19 att

105 279 95 27 innestå,
222 280 92 21 särskild
335 279 157 28 framställning
514 279 110 28 angående
645 279 48 22 dess
716 279 140 22 användande

106 314 114 21 framdeles
234 314 61 21 torde
310 313 22 22 få
347 314 23 21 af
383 314 119 21 Ständerna
518 315 96 20 emotses.

175 357 46 21 Och
236 355 22 23 få
273 356 124 27 Ständerne,
412 357 48 21 med
476 356 135 28 åberopande
626 356 24 21 af
666 355 57 22 hvad
738 355 118 22 Ständerne

106 391 40 22 här
161 391 63 22 ofvan
238 391 8 21 i
260 390 170 29 underdånighet
444 391 7 21 i
466 392 71 21 ämnet
552 390 77 27 anfört,
648 391 47 20 icke
712 390 90 22 allenast
816 397 40 14 un-

108 424 124 30 derdånigst
246 425 95 22 anmäla:

243 471 33 18 att
291 467 125 22 Ständerna
425 468 41 29 för
486 469 33 20 sin
534 467 34 22 del
587 467 92 27 beslutit,
698 471 33 17 att
750 468 98 27 lagmans

244 503 194 28 tingsgästningen,
465 502 115 21 oberoende
603 502 25 29 af
647 502 25 21 de
698 501 158 29 anordningar,

244 544 44 14 som
306 537 71 20 kunna
392 537 68 28 blifva
477 537 105 28 vidtagna
600 537 10 20 i
628 536 97 29 afseende
744 537 14 20 &
771 536 87 28 fördel-

242 572 80 27 ningen
333 571 25 28 af
370 571 41 21 den
423 571 35 21 till
473 570 203 22 Häradsrätternas
687 570 117 21 underhåll
819 577 38 14 an-

244 606 77 28 slagna
333 606 187 28 tingsgästningen
532 606 89 21 emellan
630 605 226 29 häradshöfdingarne

244 640 38 21 och
299 640 113 26 nämnden,
422 640 120 28 fromdeles
557 639 56 22 skall
631 640 54 29 efter
700 639 158 29 Lagmansrät-

244 678 69 18 ternes
328 675 140 28 upphörande
484 673 126 30 oafkortadt
625 674 111 21 användas
752 674 36 21 till
806 674 51 28 aflö-

242 709 69 22 nande
328 709 25 29 af
366 709 232 29 häradshöfdingarne,
611 709 53 21 hvar
679 710 59 19 inom
753 710 34 19 sin
798 709 58 20 dom-

242 751 60 21 saga,
317 745 10 19 i
346 743 161 29 hufvudsakligt
522 743 53 30 syfte
595 747 32 17 att
645 743 124 28 derigenom
788 743 69 29 befor-

243 778 42 21 dra
303 778 62 21 såväl
387 777 82 22 ökande
492 779 25 28 af
534 779 50 27 laga
607 777 167 28 häradstingens
796 777 62 21 antal

244 813 35 20 till
293 813 65 20 minst
373 815 34 18 tre
423 813 47 27 ting
485 819 33 14 om
533 812 49 21 året
591 813 10 19 i
612 812 75 28 hvarje
699 812 101 27 tingslag,
812 819 45 14 som

242 846 167 29 genomförande
429 847 25 28 af
467 847 24 20 de
510 847 139 27 regleringar
667 846 26 28 af
705 846 151 28 domsagorna,

244 880 74 21 hvilka
336 881 9 20 i
363 881 79 20 sådant
460 881 97 28 afseende
576 880 69 28 blifva
659 880 158 29 erforderliga;
831 879 26 22 de

243 915 125 21 nuvarande
384 915 112 20 ordinarie
512 915 130 28 lagmännen
660 913 53 22 dock
724 914 134 29 förbehållet

244 951 40 24 att,
302 949 61 20 intill
381 949 35 20 sin
434 949 43 20 död
496 949 51 20 eller
566 949 36 20 till
620 948 46 21 dess
685 948 25 21 de
728 949 54 27 ingå
796 949 10 19 i
820 955 38 13 an-

242 991 44 13 nan
302 983 71 29 tjenst,
389 983 117 21 bibehållas
517 983 37 21 vid
568 983 41 21 den
624 983 63 21 andel
702 983 25 28 af
741 983 117 28 tingsgäst-

244 1018 85 27 ningen,
349 1017 46 21 dem
411 1017 42 28 för
471 1017 138 22 närvarande
630 1016 135 27 tillkommer,
785 1016 73 22 tillika

244 1051 48 22 med
307 1051 41 21 den
364 1052 42 25 lön,
422 1058 44 14 som
482 1053 26 19 är
517 1051 42 30 för
574 1051 47 22 dem
636 1052 112 27 anslagen;

109 1097 53 20 utan
177 1095 39 22 ock
230 1095 40 21 hos
283 1094 25 21 E.
323 1094 27 21 K.
365 1094 39 21 M:t
418 1094 8 21 i
441 1094 98 27 djupaste
552 1093 170 28 underdånighet
736 1093 96 22 anhålla:

246 1141 34 17 att
291 1136 27 21 E.
330 1137 30 20 M.
373 1137 10 20 i
394 1135 76 22 Nåder
485 1137 50 21 ville
552 1137 45 20 låta
611 1137 91 28 vidtaga
717 1137 45 20 alla
776 1137 10 20 i
799 1143 59 22 nyss-

246 1171 145 28 omförmälda
406 1171 97 29 syftemål
517 1171 82 28 nödiga
614 1171 105 28 åtgärder
734 1171 45 25 och,
794 1172 10 19 i
818 1171 41 21 den

245 1206 51 20 mån
311 1206 285 28 lagmanstingsgästningen
611 1205 78 29 blifver
705 1205 63 28 ledig,
783 1212 76 21 genom

246 1239 120 29 Styrelsens
382 1240 100 28 försorg,
501 1241 58 20 inom
578 1240 24 21 de
621 1239 121 28 domsagor,
761 1240 39 21 der
818 1239 41 21 den

245 1273 46 22 icke
299 1277 74 24 genast
382 1273 48 26 kan,
438 1274 54 28 efter
504 1274 159 28 ofvannämnda
671 1275 111 20 allmänna
792 1281 66 20 grun-

248 1307 45 26 der,
313 1308 36 20 till
366 1307 226 28 häradshöfdingarne
615 1307 123 28 öfverlåtas,
760 1307 100 28 uppbära

248 1341 38 21 och
298 1342 42 27 för
362 1341 36 20 det
420 1341 100 20 anvisade
543 1341 123 21 ändamålet
688 1341 100 20 använda
810 1341 49 20 den-

247 1383 91 18 samma;
361 1375 107 29 äfvensom
490 1379 38 22 att,
546 1376 10 20 i
575 1375 99 22 händelse
692 1376 72 28 någon
782 1375 35 22 del
836 1375 25 30 af

247 1411 70 21 denna
332 1411 161 28 tingsgästning
507 1409 68 22 under
594 1410 59 21 tiden
665 1410 42 29 för
722 1411 137 28 regleringen

248 1445 79 22 komme
347 1448 32 19 att
398 1445 37 21 hos
453 1444 109 30 Styrelsen
580 1445 99 22 oanvänd
697 1446 90 25 innestå,
806 1446 10 20 i
830 1445 29 22 si-
