1020 1661
350 100 70 23 Nådiga
432 101 135 22 Propositionen
578 102 35 17 N:o
627 103 27 16 17.
821 103 32 16 337

129 162 40 22 och
187 161 68 24 skulle
269 163 39 28 jag
327 162 58 23 hålla
402 163 47 22 före
466 165 33 20 att
517 163 139 27 fruntimmer,
675 164 72 23 hvilka
761 165 115 22 dokumen-

128 198 57 20 terat
202 197 33 21 sin
253 197 131 28 skicklighet,
402 198 80 27 jemväl
498 198 68 22 borde
583 199 64 21 vinna
664 199 116 22 befordran
797 199 34 21 till
845 199 31 22 lä-

129 231 137 27 raretjenster
284 232 7 20 i
308 233 140 26 vetenskaper
468 233 36 21 vid
522 233 246 22 fruntimmersskolorna
785 233 40 22 och
843 233 33 21 till

128 265 128 22 biträdande
273 266 160 27 läraretjenster
450 267 35 21 vid
499 267 61 27 lägre
574 267 220 22 elementarskolorna.
823 268 54 20 Der-

129 301 57 19 emot
207 299 67 22 skulle
293 300 39 28 jag
354 307 51 16 anse
425 300 61 23 äfven
508 301 218 21 fruntimmersskolor
743 301 62 23 alltid
823 301 54 23 böra

128 332 91 23 förestås
234 333 24 23 af
270 335 56 21 män.

197 376 111 29 Sjelffallet
323 379 25 20 är
362 379 32 20 att
408 378 99 28 samtliga
521 378 71 21 lärare
603 378 40 21 och
654 378 121 22 lärarinnor
785 378 35 22 vid
831 378 45 22 lan-

129 411 46 22 dets
194 411 110 28 offentliga
322 412 72 21 skolor
409 412 119 26 framdeles,
543 413 76 21 liksom
634 420 35 19 nu,
684 413 53 21 böra
752 413 64 21 hafva
831 413 46 21 fritt

129 447 85 26 qvarter
229 446 52 21 eller
296 447 94 20 deremot
405 447 103 22 svarande
522 447 138 28 hyresmedel.

198 488 104 29 Slutligen
320 488 96 23 anhåller
432 489 38 28 jag
488 491 33 20 att
538 489 34 22 för
587 489 133 28 jemförelses
735 489 56 22 skull
805 489 22 22 få
842 489 34 22 til-

129 523 64 28 lägga
211 522 68 29 några
297 524 108 27 uppgifter
423 525 91 21 rörande
529 523 160 22 lärarelönerna
702 524 35 21 vid
752 524 125 21 elementar-

128 556 125 23 läroverken
267 558 8 20 i
290 558 26 21 de
331 558 167 21 Skandinaviska
512 558 109 25 länderna,
637 558 40 21 och
692 557 34 21 får
733 558 40 27 jag
785 558 50 21 med
845 558 31 21 af-

128 591 77 22 seende
216 590 29 29 på
256 592 147 28 uppgifternas
414 592 159 28 tillförlitlighet
583 592 133 21 beträffande
727 592 86 28 Sverige
825 592 52 22 hän-

128 626 45 21 visa
192 625 58 22 såväl
268 626 32 22 till
319 626 43 22 tab.
381 626 50 22 Litt.
446 626 24 22 B.
487 627 24 21 af
524 626 173 22 Statsutskottets
711 626 111 22 utlåtande
836 627 41 21 N:o

130 662 39 19 139
188 660 35 22 vid
241 660 122 28 Riksdagen
380 661 8 20 i
406 660 122 22 Stockholm
546 660 52 22 åren
617 662 55 19 1862
691 661 40 21 och
751 662 61 25 1863,
831 668 47 14 som

129 695 40 22 ock
187 694 33 22 till
235 696 188 27 gymnasiilektorn
437 695 19 21 J.
472 695 24 21 E.
512 695 136 27 Strömborgs
663 695 167 26 reseberättelse,
846 696 31 20 in-

128 728 48 22 förd
191 729 8 21 i
213 729 78 22 Finska
306 729 147 28 Pedagogiska
468 729 135 27 föreningens
617 729 94 21 tidskrift
726 729 33 21 för
775 728 24 22 år
815 730 61 24 1866,

129 765 55 19 samt
202 763 101 21 särskildt
320 763 33 21 till
371 771 48 20 pag.
440 765 25 19 72
485 764 23 21 af
525 763 66 28 sagde
606 764 99 20 tidskrift.
735 763 143 28 Uppgifterna

129 804 34 15 om
181 797 159 22 lärarelönerna
354 798 8 20 i
376 798 109 20 Danmark
503 798 39 21 och
560 797 91 28 Norrige
669 798 64 20 hafva
752 797 68 22 blifvit
834 798 44 27 mig

129 831 92 22 enskildt
235 831 124 22 meddelade
374 832 24 21 af
411 839 79 14 samme
505 832 75 21 lektor.

200 874 176 22 Lärarelönerna
390 876 10 20 i
414 874 89 30 Sverige
519 875 27 21 är
561 873 64 23 1863.

196 909 42 21 För
253 909 75 21 rektor
342 909 35 21 vid
392 909 134 29 fullständigt
540 910 213 21 elementarläroverk
765 911 62 25 4,000
839 909 38 21 rdr

129 944 40 21 och
187 943 161 28 lönetillökning
366 944 24 21 af
407 944 39 20 500
466 944 37 21 rdr
522 944 53 22 efter
595 945 26 19 10
637 943 34 22 ärs
686 944 75 27 tjenst;
776 944 35 21 vid
825 944 52 21 fem-

128 978 90 27 klassigt
235 978 98 21 läroverk
352 979 62 25 3,000
432 978 38 21 rdr
488 978 48 22 med
551 985 82 14 samma
646 978 171 28 löneförhöjning
832 985 46 14 som

129 1011 138 29 föregäende;
285 1012 35 22 vid
338 1012 123 28 treklassigt
479 1012 97 22 läroverk
592 1013 62 25 2,500
669 1013 37 20 rdr
721 1012 49 21 med
785 1014 40 19 500
840 1012 38 22 rdr

129 1046 7 22 i
154 1046 171 28 löneförhöjning
343 1046 54 22 efter
417 1047 25 20 15
462 1046 31 26 är,
512 1048 56 20 samt
585 1046 35 22 vid
637 1046 125 28 tväklassigt
779 1046 99 22 läroverk

130 1082 63 24 2,000
211 1080 44 26 rdr,
274 1080 49 22 med
342 1081 40 21 500
401 1080 37 22 rår
453 1081 7 21 i
474 1080 161 28 lönetillökning
655 1081 53 22 efter
727 1082 25 19 15
773 1080 34 22 års
823 1082 55 20 samt

129 1114 124 29 ytterligare
269 1115 39 20 500
324 1115 37 20 rdr
376 1115 54 21 efter
445 1116 26 20 20
488 1114 34 22 års
537 1115 148 27 tjenstgöring.
714 1115 113 21 Dessutom
842 1115 36 22 be-

130 1148 43 22 stäs
196 1149 87 21 rektorn
305 1149 35 21 vid
362 1149 134 28 fullständigt
513 1149 99 21 läroverk
630 1149 47 21 fritt
694 1151 86 26 gvarter
797 1149 25 22 af
838 1149 40 22 den

129 1183 108 26 kommun,
252 1183 57 21 inom
323 1183 85 22 hvilken
422 1183 119 22 läroverket
556 1184 24 20 är
595 1183 90 28 beläget.

197 1225 157 22 Lektorslönen
375 1226 108 28 begynner
500 1226 49 22 med
568 1227 62 25 2,000
649 1226 38 22 rår
705 1226 40 21 och
763 1226 63 22 lönen
845 1226 33 21 för

131 1260 116 29 adjunkter
266 1261 158 27 (motsvarande
441 1260 52 22 vära
511 1260 94 27 kolleger
624 1261 40 21 och
679 1260 59 27 lägre
753 1260 125 22 elementar-

131 1294 126 28 skollärare)
272 1294 49 21 med
337 1296 61 24 1,000
413 1295 43 25 rdr,
471 1302 49 14 men
534 1294 88 22 förökas
637 1294 74 27 hvarje
725 1294 64 21 femte
800 1293 25 22 är
836 1294 43 21 tills

131 1328 41 21 den
190 1328 58 20 förre
267 1328 53 21 efter
339 1329 27 19 20
385 1327 36 22 ärs
435 1328 109 27 tjenstetid
558 1327 84 28 uppgär
657 1328 33 21 till
705 1329 62 24 4,000
783 1328 40 20 och
839 1328 40 20 den

131 1368 75 16 senare
228 1361 33 22 till
283 1363 62 24 3,000
368 1361 38 22 rdr
424 1363 48 21 rmt.
504 1362 56 21 Fritt
578 1364 85 25 gvarter
681 1360 72 23 bestäs
771 1362 24 21 af
811 1360 68 29 nägra

131 1396 131 27 kommuner,
277 1397 14 21 t.
308 1403 31 14 ex.
355 1395 24 22 af
392 1395 126 29 Göteborgs,
530 1395 22 22 ät
564 1396 96 28 samtlige
672 1395 120 24 derboende
803 1395 25 22 af
836 1397 42 20 sta-

131 1433 36 20 ten
183 1431 96 21 aflönade
294 1431 76 21 lärare.
