1017 1659
328 115 71 24 Nådiga
410 117 136 21 Propositionen
558 117 34 18 N:o
606 119 27 15 20.
798 118 32 16 931

102 179 45 22 och.
158 178 29 22 då
200 179 41 22 den
254 178 157 24 förberedande
425 180 161 28 handläggning
600 180 24 22 af
637 180 43 22 alla
693 181 61 22 Hans
769 181 85 28 Kejser-

101 214 45 27 liga
163 213 112 29 Majestäts
292 212 79 29 nådiga
385 215 163 27 propositioner,
564 222 46 14 som
626 215 65 28 enligt
706 217 27 19 42
749 216 11 27 $
775 216 8 20 i
799 216 55 20 1772

102 247 36 22 års
151 248 173 28 Regeringsform
338 248 39 21 bör
392 248 75 28 föregå
482 249 72 21 dessas
566 248 170 22 öfverlemnande
747 249 33 21 till
792 249 62 22 Stän-

103 281 67 22 derna
184 282 40 21 och
238 282 86 21 hvilken
341 282 107 22 tillförene
466 281 71 29 ålegat
554 282 120 26 Riksrådet,
692 290 90 14 numera
800 283 55 21 efter

101 316 103 21 Finlands
221 315 131 22 förändrade
369 316 120 26 statsskick,
505 317 7 21 i
530 316 67 21 likhet
611 316 49 21 med
674 317 56 21 hvad
746 316 58 22 såväl
818 317 37 21 vid

103 350 69 21 denna
188 356 45 15 som
248 349 110 22 sisthållne
372 350 104 28 landtdag
494 350 40 22 och
553 350 101 22 särskildt
668 350 136 22 beträffande
819 351 36 21 det

102 382 29 23 då
148 384 34 21 till
200 384 119 22 Ständerne
337 384 81 28 afgifna
436 384 78 28 nådiga
529 384 80 28 förslag
624 385 7 21 i
645 391 82 15 samma
741 386 63 21 ämne
819 387 36 25 egt

102 425 54 19 rum,
172 418 124 22 ankommer
310 418 29 28 på
352 418 121 28 Kejserliga
488 419 97 26 Senaten,
604 419 40 21 har
658 419 150 27 Lagutskottet
822 420 32 21 uti

102 452 92 22 särskild
216 453 109 21 skritvelse
346 453 39 21 hos
404 453 92 21 Senaten
514 452 91 22 anhållit
624 454 32 20 att
672 452 138 22 utbekomma
828 453 26 21 de

102 486 36 22 vid
158 487 145 27 beredningen
326 487 24 21 af
369 494 29 14 nu
420 486 164 29 ifrågavarande
605 486 117 29 lagförslag
744 487 110 22 derstädes

102 520 63 22 förda
180 521 112 27 protokoll,
308 528 48 14 men
374 522 32 20 till
425 528 49 14 svar
488 520 91 27 erhållit,
595 523 33 19 att
642 521 89 21 ärendet
745 521 47 21 icke
806 522 48 20 blif-

102 555 31 21 vit
146 555 8 20 i
169 555 120 27 Kejserliga
308 555 92 21 Senaten
418 555 109 21 förberedt
542 556 40 20 och
597 555 19 27 ej
632 554 66 22 heller
714 555 48 21 dess
776 556 79 20 tankar

104 589 46 21 deri
163 589 130 27 infordrade,
308 589 100 22 hvarföre
421 588 67 29 något
506 588 76 23 sådant
599 589 114 27 protokoll,
732 596 45 15 som
795 590 7 20 i
820 591 34 19 ut-

103 623 91 22 skottets
208 623 110 23 skrifvelse
332 622 96 30 åsyftats,
443 624 47 22 icke
504 624 81 21 kunnat
599 624 105 21 utskottet
718 624 114 21 meddelas.

172 760 35 23 Då
224 761 36 22 det
278 761 36 21 vid
332 760 110 22 sisthållne
463 760 104 28 landtdag
588 760 33 21 till
639 760 118 22 Ständerne
776 759 78 23 aflåtne

105 796 40 22 och
159 796 8 20 i
182 796 26 21 de
222 795 62 22 flesta
299 795 60 22 delar
372 795 49 21 med
432 801 29 15 nu
472 795 142 21 förevarande
627 794 80 28 nådiga
721 795 134 27 proposition

104 829 230 23 öfverensstämmande
351 829 117 28 lagförslag
487 837 34 14 om
539 829 125 27 tryckfrihet
682 829 8 21 i
707 829 91 21 Finland
815 837 39 13 un-

105 864 119 22 derkastats
240 864 130 28 granskning
383 864 25 21 af
421 864 35 21 det
470 863 49 21 utaf
532 863 119 22 Ständerne
662 863 35 21 vid
708 863 66 27 sagde
784 863 70 22 landt-

105 899 42 27 dag
168 899 89 21 tillsatte
275 898 133 28 Lagutskott,
427 898 70 26 hafva,
516 898 34 21 vid
570 897 40 21 den
632 897 129 28 behandling
783 904 46 15 som
847 897 8 21 i

104 933 114 28 anledning
241 933 62 21 deraf
324 934 36 26 egt
380 940 57 18 rum,
460 932 104 22 särskilda
590 931 132 28 stadganden
744 932 110 21 anmärkts

104 975 53 15 vara
174 967 102 28 förtjenta
294 967 24 21 af
334 966 36 22 det
387 968 79 20 största
484 966 135 22 erkännande
634 966 40 21 och
689 965 71 22 såsom
775 965 79 23 sådane

104 1001 135 27 framhållits,
257 1002 67 21 bland
343 1001 72 26 andre,
435 1001 40 21 den
493 1001 32 21 uti
541 1002 9 20 1
568 1000 11 28 $
598 1000 96 21 uttalade
712 1000 143 27 grundsatsen

106 1038 32 20 att
152 1036 73 28 hvarje
239 1036 55 21 finsk
308 1036 142 27 medborgare
464 1035 67 21 skulle
550 1041 40 21 ega
608 1036 44 19 rätt
667 1036 37 24 att,
720 1036 52 19 utan
787 1033 68 29 några

106 1071 23 22 af
143 1071 41 21 den
199 1070 110 28 offentliga
323 1070 86 22 makten
423 1070 8 20 i
445 1069 74 28 förväg
534 1068 65 28 lagda
612 1068 83 26 hinder,
706 1068 8 21 i
726 1068 62 28 tryck
798 1070 58 26 yttra

106 1105 40 22 och
160 1104 57 23 inför
231 1100 144 26 allmänheten
392 1104 120 26 framlägga
529 1103 47 21 sina
590 1103 77 20 tankar
685 1102 7 21 i
710 1102 44 21 alla
772 1103 82 25 ämnen,

106 1147 46 14 som
170 1139 72 21 kunna
259 1145 52 15 vara
329 1137 89 22 föremål
436 1137 34 21 för
492 1137 113 27 menskligt
622 1136 97 26 vetande,
738 1138 55 19 samt
815 1136 41 21 den

105 1173 90 22 härmed
213 1172 228 22 'öfverensstämmande
459 1171 136 21 föreskriften
612 1171 7 20 i
638 1172 12 19 3
670 1171 18 27 &,
707 1172 32 19 att
757 1170 98 28 tryckfri-

106 1208 110 28 hetslagen
238 1207 18 27 ej
279 1207 56 27 finge
354 1206 108 27 tillämpas
480 1205 29 27 på
526 1205 128 28 tryckalster
676 1204 39 23 och
737 1203 117 29 skådespel,

106 1242 66 21 innan
187 1241 35 22 det
236 1242 60 21 förra
310 1241 68 21 blifvit
392 1240 89 28 utgifvet
496 1240 40 21 och
550 1238 134 28 skådespelet
701 1238 113 27 uppfördt;
830 1238 26 21 de

106 1276 8 21 i
130 1278 26 19 33
172 1277 11 27 $
198 1276 87 27 intagne
303 1275 186 22 bestämmelserne
508 1282 34 14 om
561 1273 135 27 ansvarighet
710 1272 34 21 för
759 1272 46 21 icke
818 1279 38 20 pe-

106 1310 96 20 riodiska
223 1309 95 26 skrifter;
342 1309 40 21 den
402 1308 8 20 i
433 1308 26 20 57
482 1308 11 26 &
516 1306 124 22 meddelade
664 1306 136 21 föreskriften
822 1312 34 14 om

107 1343 92 28 skriftlig
218 1344 106 26 stämning
343 1343 39 21 och
400 1340 149 28 stämningstid
567 1340 31 21 uti
613 1338 187 30 tryckfrihetsmål,
816 1339 40 21 och

108 1378 36 21 det
161 1378 8 20 i
188 1379 24 20 61
230 1378 10 27 &
259 1376 173 23 förekommande
450 1376 100 21 förbudet
567 1374 34 22 för
620 1375 86 21 domare
725 1375 32 20 att
771 1373 86 22 sträcka

108 1412 47 22 sina
169 1412 135 27 forskningar
320 1411 53 22 efter
387 1411 57 21 bevis
459 1410 83 22 utöfver
556 1409 118 21 utredande
686 1408 24 22 af
719 1408 37 21 det
768 1408 9 21 i
791 1409 65 21 stäm-

108 1448 78 28 ningen
200 1447 88 28 angifna
302 1445 144 27 förhållande;
461 1452 27 14 m.
504 1444 21 21 fl.

766 1478 20 16 59
