1020 1661
177 134 43 19 1078
375 131 72 23 Nådiga
459 132 135 21 Propositionen
606 132 35 17 N:o
654 133 28 15 24.

153 195 25 22 så
187 195 85 28 mycket
287 197 31 19 att
332 195 74 27 anslag
418 195 60 21 skola
489 195 71 20 kunna
575 195 84 20 komma
674 196 32 19 att
717 195 24 20 af
749 195 84 20 skatten
848 193 52 29 utgå

152 229 33 22 till
202 229 114 22 utförande
335 229 24 21 af
371 229 25 20 de
414 229 105 20 särskilda
537 229 162 27 allmännyttiga
717 228 93 28 företag,
829 229 72 21 hvilka

152 263 60 22 Hans
227 263 119 28 Kejserliga
361 263 100 27 Majestät
475 262 29 28 på
519 263 128 21 Ständernes
662 263 80 27 förslag
758 263 100 27 godkänt.

223 297 81 22 Genom
321 297 123 21 infordrade
462 296 108 28 uppgifter
588 297 39 21 har
644 297 115 25 inhemtats
778 299 32 19 att
827 296 75 22 värdet

148 332 39 22 för
203 332 40 27 den
261 332 57 21 inom
336 332 98 26 samtliga
453 331 68 27 öfriga
539 331 36 21 län
594 333 58 19 utom
669 332 95 26 Nylands
780 332 40 20 och
835 331 66 22 Tava-

154 367 71 21 stehus
240 366 37 21 län
291 365 109 28 befintliga
414 366 98 27 redskap,
527 365 34 22 för
579 365 84 22 hvilken
680 366 59 21 lösen
754 366 78 26 äskats,
847 373 54 20 upp-

154 400 46 29 gått
215 401 33 21 till
265 401 85 26 vidpass
367 401 109 24 1,260,000
495 400 62 21 mark
575 400 107 21 äfvensom
700 400 74 21 värdet
792 400 34 21 för
844 400 58 28 dylik

154 435 91 26 redskap
264 435 57 20 inom
340 434 130 21 sistnämnda
487 433 36 28 två
541 434 36 21 län
594 434 143 27 pröfningsvis
755 435 43 20 kan
812 436 90 25 antagas

154 469 33 20 till
204 469 65 20 minst
287 469 90 23 600,000
396 468 67 27 mark,
481 468 137 27 hvarigenom
636 468 49 21 hela
704 468 40 21 den
762 469 141 27 erforderliga

154 503 214 26 inlösningssumman
386 502 83 21 komme
488 504 31 19 att
536 503 77 27 utgöra
630 503 110 25 1,860,000
759 503 67 26 mark,
842 503 63 21 deraf

154 537 68 21 redan
239 536 71 22 såsom
328 537 90 20 förskott
436 536 25 21 af
476 537 107 20 allmänna
604 536 69 21 medel
694 537 95 27 utgifvits
812 539 90 24 120,000

155 571 68 26 mark,
241 570 97 26 sålunda,
354 572 31 20 att
403 571 7 20 i
429 570 25 21 de
473 570 58 22 delar
550 570 24 22 af
589 570 79 26 landet,
687 578 45 14 som
750 571 56 21 varit
820 570 83 22 svårast

155 606 111 20 hemsökta
280 605 24 21 af
320 605 26 21 de
364 605 97 21 sednaste
479 604 62 22 årens
559 605 130 25 missvexter,
704 605 119 27 redskapen
838 606 65 26 tagits

154 640 8 20 i
176 639 66 27 liqvid
257 640 34 20 för
306 646 100 20 egarenes
421 639 134 21 kronorester
570 638 51 22 eller
639 639 62 21 skuld
719 639 33 21 till
767 640 88 20 Kronan
870 639 33 22 för

156 674 100 21 förfallna
274 672 194 28 undsättningslån;
487 674 40 20 och
549 680 45 14 som
616 673 34 21 för
673 673 25 21 de
718 674 110 26 1,163,455
848 672 55 24 skål-

156 708 58 27 pund
233 708 88 27 koppar,
340 714 46 14 som
408 708 65 26 enligt
490 706 134 22 förestående
642 707 71 27 kalkyl
730 708 84 21 komme
832 710 32 19 att
881 708 25 21 af

156 742 89 21 Kronan
262 741 85 25 inlösas,
366 741 46 21 icke
430 741 42 21 kan
489 740 106 28 påräknas
614 748 46 14 mer
678 743 28 19 än
723 741 91 27 ungefär
836 742 67 22 sextio

156 776 65 27 penni
234 782 39 20 per
288 774 104 28 skålpund
408 775 51 21 eller
474 776 89 24 698,073
579 775 66 26 mark,
664 774 25 22 så
706 775 76 22 blifver
799 775 105 23 förlusten

155 808 29 30 på
198 810 130 26 redskapens
343 809 81 21 inlösen
440 810 110 25 1,163,455
565 809 67 21 mark.

224 842 35 24 Då
276 844 41 20 den
334 850 42 20 nya
393 843 160 28 lagstiftningen
571 844 7 20 i
596 845 71 19 ämnet
689 844 61 21 äfven
772 843 79 29 åsyftat
872 846 33 20 att

156 878 84 21 minska
253 878 161 26 tillverkningen
430 878 40 20 och
484 878 162 21 konsumtionen
661 878 24 21 af
697 878 95 27 bränvin,
807 886 51 14 vore
872 878 32 22 åt-

156 913 105 21 minstone
277 912 57 21 detta
349 911 99 21 ändamål
463 915 84 22 vunnet,
559 912 45 21 ifall
615 912 168 28 förbrukningen
797 914 108 27 verkligen

157 946 18 28 ej
192 946 67 22 skulle
274 944 72 29 uppgå
360 946 33 20 till
408 953 45 13 mer
467 947 28 20 än
509 946 120 27 produkten
647 946 24 21 af
687 947 40 21 den
745 947 79 28 lagliga
839 948 65 20 fabri-

157 980 106 22 kationen.
293 980 49 21 Men
360 987 46 13 som
424 980 79 21 dennas
520 980 77 28 belopp
616 981 170 27 uppenbarligen
808 982 18 27 ej
850 984 54 20 mot-

157 1022 74 24 svarar
245 1014 104 26 behofvet,
365 1013 67 22 måste
446 1014 81 21 bristen
541 1015 85 21 komma
638 1016 31 20 att
680 1015 62 27 fyllas
754 1023 76 20 genom
844 1016 60 21 lönn-

157 1049 106 27 bränning
279 1049 39 20 och
332 1048 136 27 lurendrejad
482 1048 100 21 utländsk
596 1056 61 18 vara;
674 1049 54 21 dock
743 1050 39 20 har
797 1050 68 21 under
880 1050 25 22 år

159 1083 54 20 1866
235 1081 116 29 tillgången
372 1081 29 27 på
422 1082 91 27 tidigare
535 1082 122 22 tillverkadt
681 1083 89 21 bränvin
792 1084 113 28 nedtryckt

157 1116 68 28 priset
242 1115 31 27 så,
288 1118 32 19 att
339 1116 61 21 dessa
418 1116 93 27 olagliga
528 1118 90 26 utvägar
632 1118 58 20 ännu
705 1117 46 22 icke
765 1119 55 20 varit
834 1119 7 20 i
857 1119 48 21 allt-

157 1151 34 21 för
205 1152 46 20 stor
265 1150 60 21 skala
340 1150 98 21 anlitade.
468 1150 59 21 Slika
541 1151 199 28 lagöfverträdelser
757 1152 65 21 blifva
840 1152 65 22 likväl

158 1192 26 15 en
198 1185 120 27 nödvändig
332 1184 54 27 följd
401 1185 66 26 deraf,
483 1187 32 19 att
529 1185 41 21 den
584 1185 110 22 inhemska
704 1193 66 14 varan
781 1187 8 20 i
800 1187 105 22 anseende

157 1219 33 20 till
206 1219 41 21 den
261 1219 61 26 ringa
336 1218 80 27 lagliga
430 1218 161 28 tillverkningen
609 1219 74 21 ställer
697 1220 32 27 sig
744 1220 72 21 alltför
831 1221 52 27 högt
897 1221 8 20 i

158 1253 44 27 pris
222 1253 39 20 och
280 1254 32 19 att
329 1251 89 22 sålunda
436 1252 82 21 vinsten
536 1252 24 21 af
576 1253 131 27 lagbrottens
725 1253 125 22 föröfvande
865 1255 40 21 och

158 1287 106 22 lockelsen
285 1286 33 22 till
340 1286 47 22 dem
408 1288 88 26 stegras.
526 1282 66 26 Äfven
611 1294 34 14 om
663 1288 152 28 tillräckligare
837 1290 69 21 medel

158 1322 33 21 till
206 1322 65 28 sagde
286 1321 148 28 olagligheters
452 1321 157 28 förebyggande
627 1322 75 22 funnes
721 1325 32 19 att
767 1322 67 29 tillgå,
849 1324 57 22 visar

160 1356 117 22 emellertid
295 1356 42 21 alla
355 1355 84 22 länders
458 1356 120 21 erfarenhet
596 1355 134 29 svårigheten
749 1360 31 19 att
802 1358 45 21 helt
866 1358 39 22 och

159 1388 67 24 hållet
239 1390 85 21 hämma
340 1389 52 27 dem,
408 1390 40 21 och
463 1389 76 23 sådant
554 1390 53 22 skall
625 1391 66 22 blifva
706 1391 58 22 desto
782 1392 123 28 omöjligare

158 1426 8 20 i
190 1427 31 19 ett
241 1425 59 25 land,
324 1425 62 21 hvars
408 1425 129 21 vidsträckta
563 1425 124 22 ödemarker
713 1427 39 21 och
775 1427 130 22 omfattande

158 1458 105 29 skärgård
277 1459 90 28 erbjuda
380 1459 77 28 rikliga
471 1459 98 22 tillfällen
583 1460 33 21 till
631 1460 62 22 deras
707 1461 144 22 bedrifvande.
