1023 1673
337 88 71 24 Nådiga
419 90 136 22 Propositionen
567 90 35 17 N:o
615 91 26 15 13.
807 90 32 15 587

116 152 42 21 kan
176 151 36 23 det
229 152 47 21 icke
294 159 37 15 ens
349 153 84 22 komma
451 153 8 22 i
477 151 67 30 fråga,
563 154 32 21 att
618 153 26 22 de
661 152 109 23 aftalande
788 153 74 27 skulle,

115 187 66 21 innan
199 187 26 22 de
243 186 50 29 ingå
312 187 80 26 aftalet,
407 186 29 29 på
455 189 29 20 ett
503 187 52 22 eller
572 189 67 20 annat
656 188 43 21 sätt
713 187 104 22 förskaffa
831 189 33 27 sig

115 221 79 22 visshet
209 229 34 14 om
257 222 132 21 hvarandras
403 221 169 28 vederhäftighet
586 222 52 21 eller
652 222 99 21 säkerhet
765 222 33 21 för
809 223 54 21 afta-

115 255 40 22 lets
178 255 103 28 behöriga
302 255 140 28 fullgörande.
472 255 111 22 Snabbhet
603 257 8 20 i
632 256 142 27 uppgörelsen
796 258 24 19 är
842 257 25 21 af

115 290 118 27 väsendtlig
247 290 50 27 vigt,
313 290 141 28 synnerligast
467 291 58 20 inom
540 290 40 21 den
599 291 68 20 större
685 290 52 21 eller
754 291 110 26 partihan-

116 323 55 27 deln,
187 324 40 21 och
242 324 71 21 denna
327 324 157 27 omständighet
501 324 8 20 i
527 324 40 21 och
581 324 34 21 för
629 324 33 27 sig
676 323 107 22 förklarar
797 324 67 21 redan

115 358 109 28 tillfyllest,
239 357 100 22 hvarföre
357 358 195 28 underhandlingar
568 359 39 20 och
627 357 122 29 omgångar,
764 358 48 21 med
827 359 37 20 än-

115 391 71 22 damål
205 394 32 19 att
255 391 148 22 åstadkomma
420 391 71 29 någon
508 392 81 28 verklig
607 393 84 27 garanti
709 393 8 20 i
735 392 98 22 afseende
851 391 14 23 å

115 426 85 22 aftalets
215 427 120 27 ordentliga
356 426 156 27 fullbordande,
534 427 47 21 icke
603 434 36 14 ens
661 427 72 22 kunna
754 427 85 22 komma
856 427 8 21 i

115 460 62 28 fråga
198 461 57 21 inom
277 461 92 21 nämnde
390 461 133 28 hufvudgren
542 461 24 22 af
581 461 98 22 handeln.
713 462 38 21 Att
768 461 47 22 åter
832 462 32 21 in-

116 495 92 22 skränka
230 495 113 28 köpsluten
365 495 75 22 endast
460 495 34 22 till
515 495 81 22 sådana
617 495 60 27 aftal,
695 503 46 14 som
759 497 75 27 genast
852 495 13 22 å

116 531 57 20 ömse
188 530 57 21 sidor
260 530 125 27 fullbordas,
400 537 51 15 vore
464 530 35 21 för
513 530 92 28 säljaren
619 531 111 27 ingenting
743 531 83 21 mindre
837 532 28 20 än

116 566 32 20 att
165 564 84 21 minska
267 565 156 27 omsättningen
441 565 57 20 ända
516 564 87 27 derhän,
622 566 32 20 att
671 565 54 21 hans
747 565 79 21 rörelse
845 565 19 28 ej

115 599 75 27 längre
208 598 68 21 skulle
294 599 54 21 bära
366 599 86 21 dermed
470 599 101 22 förenade
590 599 150 22 omkostnader
758 599 40 22 och
816 599 48 28 följ-

116 633 93 28 aktligen
223 632 69 22 måste
306 633 122 28 nedläggas.
459 628 128 33 Ömsesidigt
604 633 123 22 förtroende
744 632 68 23 måste
826 633 40 22 allt

116 667 85 22 derföre
215 675 52 14 vara
283 667 40 22 den
337 667 91 22 ledande
442 668 79 21 tanken
535 668 8 21 i
558 667 26 22 de
599 667 58 26 aftal,
674 675 45 14 som
734 667 131 22 förekomma

116 702 7 21 i
142 702 41 21 den
201 703 68 20 större
288 702 99 26 handeln,
406 702 40 21 och
464 702 181 27 utborgningarne
666 702 72 21 kunna
760 702 37 22 der
818 703 47 21 icke

116 736 109 23 undvikas.
241 750 28 2 —
283 736 36 22 All
333 736 129 28 utborgning
476 737 89 21 innebär
580 736 161 28 nödvändigtvis
755 737 110 28 möjlighe-

116 773 36 20 ten
167 771 66 27 deraf,
252 772 33 20 att
303 771 40 21 den
361 771 133 28 utborgande
512 771 24 21 af
549 778 26 15 en
589 771 52 21 eller
655 778 71 15 annan
741 772 63 21 orsak
818 772 48 22 icke

117 805 92 23 erhåller
227 806 41 21 den
286 806 108 21 utlofvade
412 806 143 28 betalningen.
584 806 29 21 Ju
631 807 69 21 större
717 806 149 28 utsträckning

116 841 43 21 han
175 841 66 28 gifver
255 840 33 22 sin
302 841 227 28 utborgningsrörelse,
548 841 59 22 desto
626 841 133 28 antagligare
773 841 42 22 blir
830 841 36 22 det

116 875 83 22 säledes
219 876 45 25 ock,
284 877 33 19 att
334 875 43 21 han
394 875 114 28 verkligen,
527 876 33 21 till
578 875 53 28 följd
649 875 24 22 af
689 883 27 14 en
735 875 40 22 och
794 883 71 14 annan

116 910 91 27 köpares
230 909 117 22 emellertid
368 909 116 22 inträffade
508 909 114 27 obestånd,
643 910 96 21 kommer
760 912 32 19 att
814 911 52 27 göra

117 943 81 23 sädana
219 944 106 21 förluster.
363 944 46 22 Den
433 944 169 29 äfventyrlighet,
625 951 45 15 som
693 943 89 23 sälunda
805 945 61 21 alltid

116 979 68 22 mäste
205 978 86 22 vidläda
309 979 240 28 utborgningshandeln,
570 979 64 21 beror
653 979 83 22 derföre
753 979 8 21 i
778 979 44 22 alla
840 979 26 22 de

117 1014 44 26 fall,
181 1012 28 23 dä
227 1013 93 28 säljaren
338 1013 46 22 icke
402 1013 43 22 kan
462 1015 52 20 utan
532 1014 126 27 lagsökning
679 1014 136 21 utbekomma
833 1014 33 21 sin

117 1049 94 26 fordran,
226 1049 7 20 i
248 1048 149 27 hufvudsaklig
414 1047 50 22 män
482 1049 24 20 af
523 1048 206 22 exekutionsverkets
747 1048 119 21 beskaffen-

117 1083 37 22 het
176 1083 40 21 och
238 1083 41 20 den
301 1083 98 27 gällande
421 1082 252 28 rättegängsordningens
695 1081 95 22 innehäll
811 1084 56 20 samt

117 1117 68 22 måste
203 1117 132 28 följaktligen
353 1117 121 27 betydligen
496 1117 57 26 ökas,
572 1117 46 21 ifall
639 1117 44 22 han
703 1117 8 20 i
733 1117 99 22 afseende
853 1116 14 23 &

117 1152 136 27 bevisningen
271 1151 92 21 rörande
380 1151 227 28 utborgningsaftalets
622 1151 117 28 verklighet
753 1151 40 22 och
807 1152 59 21 inne-

117 1185 44 23 håll
176 1187 25 20 är
215 1185 103 21 hänvisad
333 1185 75 21 endast
425 1185 34 21 till
477 1185 25 22 de
520 1185 133 26 bevismedel,
669 1193 46 14 som
733 1185 133 28 rättegångs-

118 1220 117 27 ordningen
250 1219 7 21 i
272 1219 116 21 allmänhet
401 1218 87 23 tillåter.
510 1220 31 27 Ty
556 1219 62 22 äfven
633 1227 34 14 om
681 1220 44 21 han
739 1219 34 22 för
787 1219 79 28 ifråga-

118 1254 93 22 varande
226 1253 100 22 ändamål
341 1253 107 22 affordrar
462 1254 95 27 köparen
573 1254 78 21 dennes
666 1254 106 27 skriftliga
786 1253 80 22 förbin-

120 1289 56 20 delse
192 1288 24 21 af
229 1290 30 19 ett
273 1288 52 21 eller
339 1289 66 20 annat
419 1288 55 27 slag,
491 1287 24 22 så
530 1289 25 20 är
570 1288 40 21 den
629 1289 105 26 trygghet,
750 1288 65 21 bland
830 1295 37 14 an-

118 1323 44 25 nat,
181 1323 44 20 mot
242 1321 107 27 köparens
367 1321 123 27 oredlighet,
509 1321 43 20 han
571 1321 122 27 derigenom
714 1321 90 21 bereder
825 1321 42 27 sig,

116 1356 46 28 just
176 1355 47 21 icke
241 1354 24 22 så
283 1357 51 24 stor,
350 1362 46 14 som
413 1362 50 14 man
481 1355 7 20 i
506 1354 117 22 allmänhet
640 1355 42 21 kan
696 1361 52 15 vara
766 1355 51 28 böjd
835 1356 33 20 att

120 1392 85 26 antaga.
231 1389 82 22 Genom
328 1391 32 20 att
374 1389 88 21 förneka
477 1390 33 20 sin
524 1389 58 21 hand
596 1390 43 20 kan
653 1389 106 28 nemligen
772 1389 95 28 köparen

119 1424 88 23 beröfva
224 1424 145 22 förbindelsen
387 1424 68 22 större
473 1424 60 22 delen
552 1424 24 22 af
592 1424 47 22 dess
654 1424 65 22 värde
737 1424 39 21 och
794 1424 74 28 tvinga
