1020 1670
83 884 7 7 e

323 117 72 24 Nädiga
407 119 135 22 Propositionen
554 119 35 17 N:o
601 119 28 16 24.
785 119 43 16 1089

102 181 122 28 Ofverskott,
240 189 46 14 som
301 181 31 29 då
350 182 76 22 främst
444 183 66 21 borde
527 181 53 30 utgå
593 183 33 20 till
640 183 158 26 kommunerna,
814 190 36 15 en-

99 217 43 27 ligt
156 219 85 20 senaste
256 217 189 28 landtdagsbeslut,
460 218 41 21 har
515 217 104 22 utskottet
633 217 54 22 dock
705 217 65 21 bordt
784 217 67 22 förut-

101 252 58 20 sätta
180 251 138 28 möjligheten
339 251 24 21 af
383 253 32 20 att
432 251 90 22 berörde
544 252 94 27 stegring
656 251 24 22 af
695 251 157 27 produktionen

102 285 44 22 läte
160 286 65 21 vänta
239 284 29 29 pä
283 286 32 27 sig
329 286 74 27 längre
418 286 36 25 tid,
466 287 28 20 än
509 288 32 19 att
555 285 231 28 bränvinsredskapens
798 286 54 21 inlö-

102 327 43 18 sen,
161 327 52 18 som,
228 319 29 28 pä
275 321 44 20 sätt
336 321 7 20 i
362 320 40 21 den
420 319 80 28 nädiga
517 320 160 27 propositionen
694 322 74 25 yttras,
785 321 24 20 är
825 327 26 14 en

101 354 123 27 isynnerhet
238 353 34 22 för
288 354 25 21 de
328 354 82 21 mindre
426 354 169 28 jordbrukarene
610 354 65 28 vigtig
691 355 161 27 angelägenhet,

103 389 40 20 och
162 387 88 28 hvarpä-
262 395 90 21 egarene
367 388 24 22 af
404 388 66 22 sådan
485 389 92 27 redskap
593 389 107 21 dessutom
715 389 63 22 hafva
794 391 30 19 ett
839 388 13 23 &

101 422 161 22 redannämnda
280 423 63 21 87:de
361 423 11 27 $
392 423 107 27 grundadt
516 422 155 28 rättsanspräk,
690 422 68 22 skulle
779 423 73 22 kunna

101 458 53 20 utan
176 457 110 29 obillighet
307 457 104 22 intilldess
432 458 132 28 uppskjutas.
597 458 110 22 Utskottet
728 458 124 21 hemställer

103 492 84 22 derföre
206 494 38 24 att,
262 492 8 21 i
288 492 101 22 händelse
411 492 119 22 inkomsten
553 492 24 22 af
595 492 258 28 bränvinstillverknings-

101 526 91 27 skatten,
216 526 83 22 använd
320 527 8 21 i
350 534 29 14 nu
401 526 119 29 föreslagen
540 527 99 27 ordning,
658 527 47 21 icke
723 526 78 22 förslär
819 526 34 22 till

102 561 139 22 merhberörda
255 561 102 27 redskaps
372 561 110 22 inlösande
496 562 58 21 inom
570 569 25 13 en
610 562 42 21 viss
665 562 87 21 kortare
767 562 38 26 tid,
822 563 32 20 ett

102 595 37 23 län
156 595 66 22 mätte
241 596 33 21 för
293 595 77 22 sädant
388 595 100 23 ändamäl
506 598 112 26 upptagas,
638 596 7 21 i
663 603 26 15 en
708 596 51 22 eller
782 603 70 15 annan

102 631 61 26 form,
183 631 54 22 dock
256 631 18 28 ej
293 631 33 21 till
343 631 66 28 högre
428 631 84 27 belopp,
531 633 28 20 än
578 633 31 19 att
627 632 65 20 ränta
705 631 40 22 och
760 633 92 20 amorte-

102 666 49 27 ring
166 665 14 22 &
194 665 118 22 detsamma
326 665 71 22 kunde
412 666 23 20 af
447 665 117 28 inflytande
575 665 157 22 bränvinsskatt
743 665 109 22 betäckas.

169 700 74 27 Enligt
260 700 56 21 hvad
339 700 147 21 erfarenheten
508 700 109 21 allaredan
637 699 61 29 gifvit
715 700 35 21 vid
768 700 85 21 handen

102 735 64 21 hafva
181 735 26 21 de
221 734 7 21 i
244 735 10 27 $
271 736 12 19 6
299 735 88 27 intagna
405 734 161 22 föreskrifterna
585 733 109 28 angående
708 734 95 21 vilkoren
818 734 34 21 för

102 769 215 28 brännerirättighets
339 769 117 27 inropande
475 769 7 21 i
500 769 117 27 väsendtlig
639 767 49 23 män
709 769 94 27 bidragit
822 771 32 20 att

103 803 147 22 tillbakahälla
266 803 166 28 spekulationen.
454 804 84 21 Främst
549 804 40 21 har
599 803 104 22 utskottet
713 803 76 22 härvid
800 811 54 20 upp-

102 838 152 21 märksammat
270 838 40 21 den
324 838 144 28 bestämning,
484 840 32 19 att
534 837 69 29 ärliga
617 838 236 28 afverkningsbeloppet

102 872 35 22 vid
152 879 26 15 en
193 872 71 22 fabrik
278 872 19 28 ej
313 871 34 23 fär
361 872 124 28 understiga
500 874 76 24 40,000
595 872 88 22 kannor.
713 872 33 21 En
765 871 25 23 sä
808 875 46 19 stor

103 905 54 29 årlig
180 906 129 22 fabrikation
331 906 125 22 förutsätter
478 908 31 20 ett
530 906 24 22 sä
576 906 105 28 ansenligt
703 907 150 27 anläggnings-

102 941 41 21 och
157 941 172 27 rörelsekapital,
343 942 32 20 att
390 936 75 26 endast
480 941 26 21 de
524 948 46 14 som
589 940 113 27 disponera
717 948 25 14 en
757 940 95 28 betydlig

102 975 148 27 förmögenhet
268 976 72 20 kunna
357 974 67 22 imläta
442 976 32 27 sig
492 974 29 29 pä
540 975 89 21 affären.
663 974 50 22 Men
731 973 123 29 derigenom

102 1010 125 21 inskränkes
246 1010 40 20 den
304 1009 80 28 lagliga
402 1010 268 27 bränvinsproduktionens
688 1009 78 27 belopp
785 1009 68 21 öfver-

102 1044 85 25 höfvan,
204 1044 39 21 och
258 1044 157 27 lönnbränning
430 1044 122 22 framkallas
568 1044 7 20 i
589 1043 77 22 stället.
689 1043 110 22 Utskottet
813 1044 41 21 har

103 1078 84 22 derföre
202 1078 70 22 funnit
290 1085 26 14 en
333 1078 136 28 nedsättning
484 1078 24 22 af
521 1078 143 28 nyssnämnda
678 1078 175 21 minimitillverk-

102 1113 52 27 ning
168 1120 53 14 vara
236 1113 23 21 af
272 1112 99 22 behofvet
385 1112 106 28 påkallad,
504 1113 40 21 och
555 1113 84 21 hemtar
654 1112 46 22 skäl
715 1112 72 22 derför
798 1112 56 28 jem-

103 1147 34 22 väl
152 1147 24 21 af
190 1146 40 22 den
245 1147 162 27 omständighet,
424 1149 36 23 att,
478 1146 27 22 dä
520 1147 61 22 äfven
595 1146 83 22 mindre
692 1147 125 21 brännerier
832 1146 22 22 fä

103 1181 113 28 anläggas,
236 1181 144 28 jordbrukare
407 1182 130 21 allmännare
562 1182 72 20 kunna
659 1181 98 28 begagna
779 1181 32 28 sig
832 1181 25 21 af

103 1215 71 21 denna
195 1216 108 27 rättighet,
326 1216 136 27 hvarigenom
485 1216 25 21 de
532 1215 66 22 blifva
615 1216 8 20 i
644 1215 84 21 tillfälle
750 1217 33 19 att
804 1215 50 21 med

103 1251 69 20 större
187 1250 55 21 vinst
261 1250 142 27 tillgodogöra
423 1249 97 28 spanmål
538 1250 40 21 och
593 1250 39 21 ved
647 1252 56 19 samt
717 1249 138 28 fördelaktigt

103 1284 98 21 använda
221 1284 101 25 dranken,
342 1291 45 14 som
405 1284 34 21 vid
458 1284 26 21 de
502 1286 59 19 stora
578 1283 213 22 stadsbrännerierna
809 1283 45 21 ofta

103 1316 40 28 går
157 1317 101 21 förlorad.
281 1315 77 23 Likaså
373 1324 62 14 anser
450 1317 104 21 utskottet
568 1316 156 22 fabrikationen
738 1317 47 21 icke
799 1317 54 21 böra

103 1350 22 22 få
141 1351 78 21 drifvas
237 1351 7 21 i
263 1350 24 22 så
305 1351 52 21 liten
375 1350 66 27 skala,
456 1352 33 20 att
504 1351 40 21 den
559 1351 67 21 skulle
641 1351 98 27 upphöra
754 1352 32 20 att
801 1358 52 14 vara

104 1385 168 29 fabriksmässig,
288 1385 105 27 hvarföre,
409 1386 40 20 och
464 1384 28 22 då
506 1385 216 22 kontrollörsarvodet
735 1384 69 24 måste
818 1385 36 22 be-

103 1420 55 22 talas
172 1428 40 20 per
227 1420 51 29 dag,
297 1420 103 22 utskottet
418 1419 90 23 föreslår
523 1420 41 22 den
582 1420 224 29 minimibestämning,
822 1422 32 20 att

103 1455 73 23 anbud
190 1456 46 22 icke
250 1455 57 29 finge
321 1457 63 26 göras
399 1454 34 23 för
447 1455 82 22 mindre
548 1455 133 29 tillverkning
699 1457 28 20 än
744 1456 40 21 150
798 1456 53 22 kan-
