1017 1661
320 106 73 23 Nådiga
404 109 136 21 Propositionen
552 109 34 16 N:o
600 109 27 16 20.
791 108 33 16 913

413 172 23 16 6
454 171 79 22 Kap.

262 219 31 22 Om
307 219 167 28 tryckfrihetsbrott
488 219 33 22 och
535 226 66 15 ansvar
616 219 65 22 derför.

441 273 11 27 s
468 274 33 20 30.

166 314 204 28 Tryckfrihetsbrott
387 314 66 28 begås
472 322 75 20 genom
565 314 164 28 tryckfrihetens
744 314 101 22 missbru-

97 348 69 22 kande
188 350 57 20 emot
262 349 96 28 religion,
377 349 96 27 monark,
492 349 109 26 samhälle,
621 348 110 28 sedlighet,
750 349 95 29 myndig-

97 384 62 21 heter
172 384 40 21 och
227 384 137 26 embetsmän,
380 384 109 21 äfvensom
505 384 94 21 enskilde
613 391 108 20 personer.

440 439 11 27 8
467 440 33 19 31.

164 480 43 22 För
221 481 196 28 tryckfrihetsbrott
431 481 65 22 varde
511 481 48 26 den,
574 488 46 15 som
631 481 87 21 dermed
728 481 70 21 blifvit
808 481 37 22 be-

96 515 72 26 trädd,
183 515 90 22 straffad
287 515 29 28 pä
331 517 43 20 sätt
388 515 117 22 nedanföre
519 517 71 26 säges:

166 551 40 19 1:0.
235 549 92 21 Hädelse
349 551 56 19 emot
423 549 55 27 Gud,
497 549 60 21 Guds
575 549 39 21 ord
633 549 40 21 och
691 549 154 22 Sakramenten

97 582 85 22 straffes
197 583 65 28 enligt
278 585 9 19 1
311 584 5 27 $
334 586 9 18 1
360 584 48 27 kap.
424 583 236 28 Missgerningsbalken.

166 618 39 21 2:0.
228 618 131 28 Lättsinnigt
373 618 85 27 gäckeri
473 618 48 21 med
537 618 58 21 Guds
611 617 39 22 ord
665 618 39 21 och
718 617 126 22 Sakramen-

96 653 37 20 ten
148 652 52 22 eller
216 651 151 28 Gudstjensten
381 652 57 28 ligge
452 652 7 21 i
474 652 84 22 tveböte
573 654 57 19 emot
643 652 56 21 hvad
715 654 12 18 2
743 653 11 27 $
772 654 9 19 1
794 652 50 27 kap.

96 686 230 28 Missgerningsbalken
341 688 55 20 samt
411 687 76 27 Kongl.
502 686 147 28 Kungörelsen
665 686 40 21 den
717 688 27 20 24
755 686 91 22 Januari

98 721 53 20 1781
168 719 75 22 förmä.

166 756 40 20 3:0.
228 754 137 28 Uppmaning
379 754 33 21 till
426 754 106 22 förräderi
546 754 85 22 straffes
645 754 66 28 enligt
723 756 12 19 2
747 755 12 27 $
770 756 14 20 4
795 755 49 27 kap.

97 788 237 28 Missgerningsbalken.

165 824 40 19 4:0.
228 823 103 26 Lasteligt
345 823 100 27 yttrande
461 830 34 14 om
509 822 110 28 Kejsaren,
635 822 143 27 Kejsarinnan
793 822 53 22 eller

96 856 163 28 Thronföljaren
278 856 84 22 straffes
380 857 66 27 enligt
468 859 3 18 1
489 858 11 27 $
517 858 11 19 5
543 857 49 27 kap.
607 856 237 28 Missgerningsbalken.

96 891 44 21 För
154 897 71 15 annan
239 891 8 21 i
261 891 64 21 skrift
339 891 60 21 visad
413 891 136 22 vanvördnad
564 893 46 19 mot
625 891 62 22 dessa
701 891 57 28 höga
771 898 73 21 perso-

96 932 39 15 ner
149 925 51 21 böte
215 925 40 21 den
270 925 113 28 brottslige
397 925 104 21 femtusen
516 925 67 21 mark.

166 960 39 21 5:0.
236 959 108 22 Smädelse
363 961 56 20 emot
437 959 70 28 nägon
526 966 71 15 annan
615 966 78 20 person
707 959 25 21 af
745 959 35 21 det
794 959 50 28 Kej-

96 993 79 28 serliga
192 993 68 22 Huset
279 993 83 22 straffes
380 994 49 21 med
447 996 94 19 tretusen
559 993 72 22 marks
649 993 61 22 böter
724 1001 49 14 men
788 993 58 22 dess-

96 1030 59 19 utom
177 1027 66 29 enligt
265 1029 26 20 60
309 1028 49 27 kap.
376 1028 237 28 Missgerningsbalken,
633 1035 34 14 om
685 1028 41 21 den
744 1027 102 22 smädade

96 1062 51 28 sjelf
162 1062 55 28 tagit
234 1062 32 28 sig
285 1063 59 20 talan
362 1063 7 20 i
384 1063 71 20 saken.
485 1063 42 21 För
541 1069 72 14 annan
627 1062 7 21 i
649 1062 62 21 skrift
725 1064 57 19 emot
797 1062 48 21 dem

96 1097 88 21 bevisad
197 1097 138 21 vanvördnad
350 1097 59 20 bötes
425 1098 83 19 ettusen
522 1096 67 21 mark.

165 1132 40 20 6:0.
236 1130 108 21 Smädelse
359 1130 51 21 eller
421 1130 157 28 förolämpning
590 1132 57 20 emot
657 1130 84 21 landets
754 1130 92 20 Ständer

97 1164 52 21 eller
164 1164 62 21 deras
242 1164 87 21 Utskott
343 1164 52 22 eller
410 1164 39 21 ock
465 1166 56 20 emot
535 1164 82 21 enskild
632 1164 164 27 landtdagsman
811 1164 35 21 för

96 1199 54 21 hans
168 1198 134 22 förhällande
320 1198 35 22 vid
372 1198 216 28 landtdagsärenders
607 1198 159 28 handläggning
781 1198 64 22 straf-

96 1233 32 21 fes
146 1232 49 22 med
213 1232 97 22 tvåtusen
328 1233 72 21 marks
419 1233 67 26 böter,
502 1240 48 14 men
565 1233 7 21 i
587 1232 132 22 sistnämnda
733 1232 39 22 fall
788 1233 57 21 dess-

96 1269 60 19 utom
178 1267 66 28 enligt
267 1268 26 20 60
316 1267 48 27 kap.
387 1267 236 28 Missgerningsbalken,
642 1266 89 22 säframt
751 1267 39 21 den
809 1273 36 15 en-

96 1301 68 21 skilde
178 1300 250 28 ständsrepresentanten
443 1301 49 27 sjelf
504 1301 54 27 tagit
573 1301 32 27 sig
620 1300 59 22 talan
694 1301 8 20 i
716 1300 70 21 mälet.

166 1336 39 20 7:o.
235 1335 137 27 Uppmaning
390 1334 33 21 till
437 1335 76 27 myteri
528 1334 40 22 och
583 1341 82 21 uppror
679 1334 84 21 straffes
779 1334 66 28 enligt

97 1370 12 19 6
124 1369 49 28 kap.
188 1368 236 29 Missgerningsbalken.

165 1405 40 20 8:0.
234 1403 137 28 Uppmaning
389 1403 52 22 eller
459 1403 110 28 anvisning
587 1403 32 21 till
638 1401 109 29 begäende
766 1403 25 21 af
807 1410 37 15 an-

96 1440 38 20 nat
148 1438 58 22 brott
221 1438 89 26 straffes,
327 1445 34 15 om
375 1437 141 28 förbrytelsen
531 1437 48 22 med
595 1437 114 27 anledning
724 1437 63 21 deraf
796 1437 49 22 blif-
