1020 1664
202 110 33 15 638
400 109 70 22 Nådiga
482 109 138 22 Propositionen
632 109 35 18 N:o
682 110 25 16 14.

179 172 41 22 ock
236 173 8 20 i
262 173 52 21 sista
333 172 58 22 hand
408 173 40 21 bär
466 174 101 20 ansvaret
581 172 33 22 för
628 172 138 28 fullgörelsen
781 171 24 22 af
817 171 48 22 med
880 171 48 22 dem

178 206 102 22 förenade
295 206 133 28 åligganden.

246 240 50 22 Med
314 241 114 27 anledning
447 240 25 22 af
486 241 188 27 bestämningarne
691 241 7 21 i
716 241 96 27 punkten
827 242 20 24 9,
863 238 65 30 angå-

179 275 53 21 ende
251 275 40 21 den
309 274 69 28 årliga
396 276 117 20 revisionen
533 275 23 21 af
572 275 90 26 banken,
678 274 80 22 tillåter
773 275 32 27 sig
819 274 110 22 Utskottet

178 311 76 20 tvenne
270 310 170 27 anmärkningar.
466 310 75 21 Denna
557 310 129 27 granskning
701 309 124 21 inskränkes
841 309 39 21 här
895 310 32 20 ut-

178 344 118 28 tryckligen
314 344 33 21 till
366 344 26 21 de
410 344 105 28 egentliga
534 344 167 21 bankfonderna.
730 344 125 21 Emellertid
870 344 57 20 inne-

178 378 68 22 håller
269 380 12 19 2
299 386 63 14 mom.
383 380 27 19 44
429 380 10 26 $
458 379 8 20 i
484 378 119 28 Kejserliga
621 378 161 27 Förordningen
800 378 24 21 af
841 377 41 22 den
902 379 25 19 13

178 412 62 28 April
263 414 61 24 1859,
347 412 110 28 angående
478 412 117 22 förändrad
617 412 146 28 organisation
787 412 23 21 af
826 412 102 21 Finlands

177 447 64 26 bank,
261 449 32 19 att
311 447 259 21 amortissementsfonden
588 447 41 21 och
644 447 48 21 dess
706 446 129 28 förvaltning
850 446 78 21 under-

177 482 73 20 kastas
273 482 112 20 enahanda
406 482 98 25 revision,
526 482 7 20 i
552 481 109 21 öfvervaro
680 481 25 22 af
721 480 100 23 ståndens
840 480 87 28 depute-

178 516 58 26 rade,
259 522 46 15 som
325 515 140 21 härförinnan
487 517 25 20 är
529 515 139 21 föreskrifven
686 516 8 20 i
712 515 99 21 afseende
830 514 13 22 ä
861 516 67 27 hypo-

178 550 146 21 theksfonden.
346 548 34 23 Då
391 557 29 14 nu
432 550 65 27 enligt
508 557 81 14 samma
600 550 126 27 författning
737 550 190 21 amortissements-

178 584 79 22 fonden
273 585 63 26 utgör
352 584 99 21 säkerhet
465 584 35 21 för
514 584 88 26 inlösen,
618 583 24 22 sä
657 584 33 21 till
704 584 82 27 kapital
801 590 46 15 som
857 585 70 24 ränta,

178 618 24 22 af
220 618 70 22 finska
306 618 143 21 Statsverkets
468 625 76 21 genom
562 618 85 21 banken
664 618 116 21 utfärdade
797 617 130 28 läneobliga-

176 654 71 20 tioner
265 652 14 22 &
297 654 47 24 100,
364 654 40 20 300
424 653 40 21 och
483 654 40 19 900
542 652 61 21 rubel
618 654 55 20 samt
688 652 239 27 statskassa-obligatio-

177 694 67 15 nerna
259 686 13 22 å
288 688 25 20 50
328 687 68 26 rubel,
412 688 40 20 och
467 687 121 21 sedermera
602 694 83 14 samma
695 686 85 22 förmån
788 686 81 28 jemväl
878 686 49 22 blif-

177 722 31 21 vit
225 721 146 22 tillförsäkrad
389 721 137 22 innehafvare
544 721 24 21 af
586 721 169 27 ohligationerna
774 721 33 21 till
825 721 36 21 det
878 720 49 22 med

176 756 140 21 bankirhuset
330 756 28 20 M.
374 756 25 20 A.
415 763 40 13 von
469 756 126 21 Rothschild
610 755 18 21 &
640 755 70 22 Söhne
720 756 7 20 i
738 755 117 21 Frankfurt
866 762 18 14 a.
897 755 29 21 M.

177 790 106 22 afslutade
293 789 43 27 län,
348 788 24 23 sä
383 797 62 21 synas
458 790 62 21 dessa
531 790 141 21 Statsverkets
684 789 172 28 fordringsegare
863 789 64 21 hafva

177 826 31 20 ett
222 824 120 28 rättmätigt
356 824 90 21 intresse
461 824 24 22 af
497 826 32 20 att
544 824 92 22 berörda
651 824 119 28 stadgande
785 824 62 21 äfven
862 824 65 21 fram-

177 860 51 26 gent
243 858 124 26 efterlefves,
383 858 88 22 hvarom
485 866 27 14 en
526 858 138 28 häntydning,
677 858 66 28 enligt
753 858 119 22 Utskottets
884 858 43 22 för-

176 893 112 26 menande,
303 900 49 14 vore
367 892 29 28 pä
411 893 32 21 sin
455 893 57 27 plats
523 893 7 21 i
542 893 153 28 sammanhang
707 893 48 21 med
766 892 161 22 föreskrifterna

176 927 8 21 i
200 927 69 21 denna
283 927 74 27 punkt.

245 962 74 20 Andra
333 968 63 14 mom.
413 961 24 21 af
449 968 82 15 samma
545 962 69 27 punkt
628 963 25 19 är
668 961 96 21 hemtadt
778 960 57 22 ifrån
851 962 25 20 18
892 961 35 28 $i

176 996 121 28 Kejserliga
314 996 159 22 Instruktionen
491 996 41 21 den
552 997 25 19 18
596 996 120 21 November
732 997 60 24 1840,
808 1002 46 15 som
868 996 58 21 inne-

176 1030 68 22 häller
262 1038 30 14 nu
310 1030 98 28 gällande
428 1030 131 28 stadganden
578 1029 110 29 angäende
707 1031 65 20 sättet
790 1030 34 21 för
841 1030 85 22 medde-

176 1064 74 22 landet
267 1064 24 22 af
307 1065 105 27 decharge
432 1063 21 22 ät
471 1064 197 22 bankdirektionen.
697 1064 142 22 Förfarandet
854 1064 73 21 dervid

176 1100 26 20 är
219 1099 8 21 i
244 1099 95 21 bankens
357 1099 134 21 närvarande
506 1098 100 28 ställning
622 1098 87 22 alldeles
724 1098 138 28 följdriktigt;
877 1106 49 14 men

176 1134 86 27 upphör
277 1135 31 19 att
323 1140 52 14 vara
390 1133 42 22 det,
448 1132 24 22 sä
487 1134 60 20 snart
562 1133 76 27 högsta
653 1132 113 28 ledningen
781 1132 24 21 af
815 1132 69 22 denna
895 1132 31 21 in-

176 1168 96 27 rättning
280 1168 66 28 jemte
356 1168 163 27 ansvarigheten
530 1167 33 21 för
575 1167 123 21 densamma
708 1166 105 28 öfvergätt
823 1166 34 22 till
865 1166 61 22 Stän-

176 1203 73 20 derna.
279 1201 198 27 Dechargefrägans
495 1201 130 26 behandling
643 1201 67 21 borde
729 1201 92 21 derefter
839 1201 87 27 sjelffal-

175 1236 31 21 let
222 1236 87 20 tillhöra
328 1235 125 25 Ständerna,
473 1242 48 14 men
539 1235 84 20 komme
641 1235 7 20 i
663 1233 77 22 sädant
755 1235 44 25 fall,
815 1234 62 21 äfven
892 1242 34 13 om

176 1270 41 21 den
235 1269 121 28 föreslagna
370 1276 43 21 nya
427 1269 233 28 landtdagsordningen
674 1269 69 21 blefve
758 1269 43 28 lag,
816 1270 32 20 att
863 1269 62 21 emel-

175 1305 37 21 lan
226 1305 157 27 landtdagarna
393 1304 58 21 hvila
462 1304 73 21 alltför
547 1304 62 27 länge
620 1303 33 21 till
664 1304 63 21 mehn
738 1302 59 23 såväl
807 1303 34 22 för
852 1303 75 28 sjelfva

176 1339 65 22 saken
259 1347 45 14 som
322 1339 35 21 för
372 1339 201 21 bankdirektionens
588 1338 144 22 medlemmar.
762 1338 49 22 Med
827 1338 98 22 afseende

176 1373 52 22 derä
242 1374 40 22 och
297 1373 28 22 dä
340 1373 35 22 det
390 1373 18 28 ej
424 1373 67 22 heller
506 1381 49 14 vore
570 1373 97 28 lämpligt
682 1375 32 20 att
728 1372 23 22 ät
765 1373 160 21 Bankfullmäk-

175 1409 44 27 tige
240 1408 130 22 öfverlemna
387 1408 87 27 slutliga
491 1408 127 27 pröfningen
636 1407 106 22 huruvida
760 1407 107 28 decharge
885 1407 40 22 bör

176 1443 131 21 direktionen
321 1442 110 21 meddelas
445 1441 52 22 eller
511 1441 53 26 icke,
576 1442 40 21 har
627 1441 109 22 Utskottet
747 1443 70 20 ansett
828 1441 33 28 sig
871 1441 54 22 böra
