1017 1661
324 108 72 23 Nådiga
407 109 136 22 Propositionen
554 111 34 17 N:o
602 112 26 16 15.
797 112 33 17 695

165 214 59 23 bevis
246 217 56 20 samt
320 216 85 23 afskrift
422 217 41 22 och
480 217 59 22 bevis
558 217 48 22 från

167 249 130 22 arkiverna
292 245 15 37 .
320 266 5 5 .
351 266 3 5 .
376 267 5 4 .
405 267 5 4 .
432 267 6 5 .
460 267 6 4 .
488 266 118 7 PSN

166 283 135 27 Expedition,
316 290 45 15 som
371 284 8 21 i
390 284 217 23 öfverensstämmelse

138 317 89 21 härmed
241 317 107 22 utfärdats
364 318 13 21 å
392 318 115 29 stämpladt
517 326 89 21 papper,

138 352 25 20 är
182 352 18 28 ej
218 352 72 28 någon
307 353 123 28 ytterligare
444 354 110 28 kartering
568 361 38 14 un-

139 386 115 23 derkastad
272 386 28 23 då
318 388 42 21 den
376 388 40 21 hos
431 389 66 28 högre
511 389 95 28 myndig-

138 421 38 21 het
189 421 111 23 inlemnas.

646 245 200 30 11—]|50/40/30]20]

173 461 155 30 Anmärkning
346 463 17 20 1.
397 463 37 22 Uti
453 465 26 21 de
497 464 121 22 fastställda
636 464 216 28 stämpelpappersaf-

105 495 91 28 gifterne
213 497 35 21 för
261 497 85 28 inlagor
358 498 50 21 med
422 498 128 22 tillhörande
564 498 129 28 handlingar
707 499 41 21 och
762 498 90 28 bilagor,

105 537 47 14 som
166 530 34 21 till
214 531 159 22 embetsverken
387 532 90 27 ingifvas
488 533 56 21 samt
554 532 33 21 till
598 533 27 21 de
635 533 41 21 här
686 533 64 22 ofvan
760 532 94 22 nämnda

105 564 152 28 expeditioner,
279 573 46 14 som
346 565 48 21 från
416 566 48 22 dem
485 566 105 26 utfärdas,
611 566 59 28 njute
688 568 94 26 torpare,
800 568 53 20 stat-

105 598 99 28 drängar,
228 600 104 22 enskildes
354 600 134 27 tjenstehjon,
512 601 155 28 gemenskapen
684 601 36 21 vid
738 601 114 26 militären,

104 632 140 23 vaktknektar
263 634 41 21 och
321 633 91 23 värdare
430 635 34 21 vid
482 636 92 20 kronans
593 635 84 26 häkten,
693 636 109 26 spinnhus,
818 642 34 14 ar-

98 664 63 24 "bets-
173 668 40 20 och
224 668 283 29 korrektionsinrättningar,
520 668 80 22 därhus
611 671 55 19 samt
677 669 108 21 allmänna
796 668 56 28 sjuk-

106 701 40 22 och
168 701 87 27 kurhus,
276 702 150 26 brandvakter,
448 704 64 26 polis-
534 704 41 21 och
597 703 160 28 stadsbetjente,
776 703 77 22 handt-

105 735 207 29 verkslärodrengar,
326 737 82 25 bruks-,
420 737 90 22 fabriks-
521 738 40 21 och
572 738 229 26 manufaturarbetare,
813 738 40 21 lot-

105 777 43 19 sar,
170 772 105 20 matroser
297 770 13 22 å
328 771 168 28 kofferdifartyg,
514 771 109 22 äfvensom
641 772 43 21 alla
701 772 41 20 här
759 772 94 27 uppräk-

105 805 55 21 nade
178 812 113 20 personers
308 806 90 20 hustrur
416 806 40 20 och
475 806 66 21 enkor
560 806 92 27 lindring
670 806 8 20 i
696 805 25 22 sä
738 804 68 23 mätto
821 807 33 20 att

104 839 34 21 för
156 839 48 22 dem
221 839 109 28 begagnas
348 840 174 27 stämpelpapper
540 840 76 22 endast
633 840 32 21 till
683 840 83 21 hälften
780 840 25 21 af
818 840 35 21 det

105 874 72 26 värde,
193 880 45 15 som
252 874 8 20 i
275 874 70 21 denna
359 875 12 27 $
386 874 34 21 för
434 874 74 28 hvarje
522 874 38 21 fall
574 874 67 22 finnes
655 876 74 24 utsatt,
745 874 55 21 dock
814 874 38 28 eji

105 907 72 29 nägon
192 908 102 21 händelse
308 908 68 21 under
391 908 61 28 tjugu
466 909 65 27 penni
542 908 34 22 för
586 909 66 21 arket.
675 907 115 29 Angäende
801 906 51 23 ifrä-

106 943 122 27 gavarande
246 950 112 20 personers
376 942 98 22 befrielse
489 942 48 22 frän
552 943 173 27 stämpelpapper
739 943 40 21 hos
792 942 61 22 Hans

106 977 120 28 Kejserliga
240 977 100 27 Majestät
355 977 40 21 och
411 977 91 21 Senaten
518 977 86 28 stadgas
619 977 7 21 i
648 978 5 27 $
670 978 27 20 14
711 984 63 14 mom.
790 977 34 20 39.

174 1019 153 29 Anmärkning
345 1020 22 20 2.
396 1020 42 21 För
456 1020 78 28 bilaga,
553 1026 46 15 som
617 1019 73 22 består
704 1019 24 21 af
740 1019 53 21 flera
807 1019 45 26 ark,

107 1054 107 22 erfordras
228 1054 63 22 karta
306 1054 75 21 endast
396 1053 71 23 såsom
481 1054 33 21 för
529 1055 30 21 ett
574 1054 44 21 ark.
646 1054 94 21 Skrifvas
754 1053 53 21 flera
821 1053 31 21 bi-

105 1088 62 28 lagor
182 1088 13 21 å
210 1091 29 19 ett
254 1088 45 26 ark,
314 1088 107 21 beräknas
436 1089 63 21 karta
512 1088 34 21 för
560 1089 74 27 hvarje
649 1088 73 21 sådan.

174 1131 154 28 Anmärkning
346 1130 21 21 3.
397 1131 139 28 Handlingar,
553 1139 45 14 som
613 1131 58 22 inför
683 1131 101 22 Notarius
799 1131 54 27 pub-

106 1165 54 22 licus
178 1165 78 22 företes
274 1166 8 20 i
300 1165 100 21 afseende
418 1165 13 21 å
450 1166 40 21 den
504 1165 29 28 på
548 1166 79 21 honom
641 1165 155 22 ankommande
810 1172 43 14 em-

106 1199 132 28 betsåtgärd,
253 1199 92 22 behöfva
358 1200 47 21 icke
420 1199 33 22 för
468 1199 77 23 sådant
560 1199 100 22 ändamål
673 1200 105 21 karteras.

175 1234 153 29 Anmärkning
343 1233 19 21 4.
384 1234 151 22 Instrumentet
548 1234 59 21 öfver
618 1234 178 27 bouppteckning,
808 1240 45 15 som

108 1269 24 21 af
145 1269 200 27 magistratsperson
356 1268 108 27 förrättas,
476 1269 101 22 behöfver
587 1269 47 21 icke
644 1268 137 28 ovilkorligen
792 1267 62 21 skrif-

106 1309 37 15 vas
155 1302 13 21 å
178 1303 180 27 stämpelpapper,
370 1304 53 19 utan
434 1303 42 21 kan
487 1303 61 21 äfven
559 1301 29 29 på
598 1302 81 27 vanligt
690 1304 44 19 sätt
743 1302 108 27 beläggas.

458 1357 10 27 8
485 1358 19 20 5.

176 1399 140 27 Domstolars,
331 1399 149 22 auktoriteters
496 1401 54 20 samt
565 1398 140 22 embetsmäns
717 1399 72 27 öppna
800 1398 53 26 bref,

108 1434 136 30 intyganden,
259 1435 59 22 bevis
332 1435 40 22 och
388 1433 69 29 öfriga
468 1433 150 29 expeditioner,
630 1441 46 14 som
688 1433 18 28 ej
718 1433 72 22 kunna
801 1433 51 22 hän-

377 1516 8 12 *
