1017 1670
346 111 70 24 Nådiga
427 114 136 21 Propositionen
575 115 34 17 N:o
623 115 26 16 20.
814 116 33 16 903

189 175 39 21 3:0.
259 168 28 29 Åt
301 175 80 22 allmän
395 175 52 23 vård
463 177 138 22 anförtrodda
616 177 85 22 skrifter
715 178 40 22 och
770 179 97 20 handlin-

120 215 46 21 gar,
180 209 34 21 till
228 209 83 22 hvilkas
319 210 181 23 utbekommande
511 213 51 20 eller
573 212 122 28 utgifvande
706 213 108 21 erfordras
825 213 43 20 till-

119 241 64 23 stånd
198 243 24 21 af
235 243 54 27 dem,
305 251 46 15 som
365 245 58 21 öfver
439 245 107 22 desamma
562 254 40 20 ega
616 246 89 27 förfoga.

188 279 40 20 4:0.
258 279 68 28 Betyg
341 279 40 22 och
396 280 142 27 orlofssedlar,
554 288 45 14 som
613 280 47 22 icke
675 281 32 21 till
722 280 66 28 något
802 282 65 20 rätte-

119 310 111 29 gångsmål
248 313 60 26 höra,
327 314 40 21 och
385 314 71 22 hvilka
475 315 18 27 ej
513 314 35 22 må
563 315 158 28 offentliggöras
737 317 53 19 utan
805 315 63 22 deras

118 345 62 22 bifall
195 346 47 23 dem
259 348 26 21 de
300 347 61 28 angå.

188 383 38 20 5:0.
257 383 104 21 Enskilda
381 383 50 22 bref
450 383 55 22 ifrån
527 385 40 20 och
588 384 33 21 till
642 384 97 22 lefvande
757 392 108 20 personer,

117 415 72 22 hvilka
207 416 50 21 bref
270 417 75 21 endast
361 416 28 22 dä
403 418 26 21 de
444 418 54 21 höra
512 418 32 21 till
558 418 137 28 bevisningen
710 419 7 20 i
731 418 135 28 rättegängs-

117 449 44 22 mål
176 451 40 21 och
230 451 7 21 i
252 450 77 22 sådant
344 451 98 23 afseende
457 452 68 22 blifvit
540 452 35 21 vid
590 452 117 23 domstolen
721 453 109 27 upptedde
845 452 22 23 få

117 484 92 28 tryckas,
224 493 49 13 men
287 486 47 21 icke
350 486 66 28 eljest,
431 488 53 20 utan
498 486 96 22 tillstånd
610 487 24 21 af
645 487 166 22 brefskrifvaren
826 488 40 21 och

117 522 153 26 emottagaren.

186 550 157 26 Öfverträdelse
358 556 23 21 af
394 556 26 21 de
435 556 7 21 i
457 563 63 14 mom.
536 558 19 24 2,
572 557 19 25 3,
607 558 13 20 4
632 556 39 22 och
684 557 12 20 5
707 556 105 28 stadgade
822 556 44 22 för-

116 589 44 22 bud
178 588 35 22 får
231 590 19 27 ej
270 588 68 23 åtalas
357 590 24 22 af
396 598 71 14 annan
486 592 27 20 än
531 592 67 20 rätter
613 590 136 28 målsegande
765 591 40 21 och
820 599 45 13 um-

116 624 68 28 gälles
198 624 49 22 med
261 624 62 22 böter
338 624 48 22 från
401 625 72 22 femtio
488 625 33 21 till
535 626 127 21 femhundra
676 626 67 20 mark.

184 659 42 21 För
244 659 65 28 öfrigt
327 660 64 21 varde
410 660 27 21 de
455 660 7 20 i
481 661 10 27 $
508 661 26 20 32
550 660 121 22 fastställda
685 660 133 28 stadganden
832 660 34 22 till

116 692 26 22 de
156 693 8 21 i
180 693 68 21 denna
263 694 12 27 $
291 694 139 22 omförmälde
447 694 139 28 förbrytelser
601 695 7 21 i
623 695 73 27 hvarje
710 694 38 22 fall
763 694 53 22 efter
831 702 33 14 sa-

115 728 52 22 kens
181 728 147 22 beskaffenhet
342 729 130 27 tillämpade.

459 784 12 28 s
488 785 31 21 12.

182 826 147 22 Härförinnan
339 826 124 22 meddelade
475 827 120 28 privilegier
603 826 144 27 oförkränkta,
756 827 54 21 skall
818 829 46 19 ute-

114 861 98 22 slutande
234 861 103 28 rättighet
359 861 33 22 till
410 861 96 22 skrifters
523 861 129 28 utgifvande,
671 861 25 22 af
710 861 56 22 hvad
785 863 35 20 art
838 861 26 22 de

114 903 52 15 vara
180 895 42 27 mä,
237 896 127 23 hädanefter
377 896 47 22 icke
439 896 94 29 beviljas.

429 977 24 17 3
471 977 78 22 Kap.

142 1032 30 21 Om
187 1032 48 21 hvad
249 1031 87 22 särskildt
350 1032 7 21 i
371 1032 74 28 hänsigt
459 1033 28 21 till
502 1032 91 27 utgifning
608 1032 21 21 af
641 1032 103 28 periodiska
759 1031 76 22 skrifter

406 1071 21 20 är
442 1071 27 20 att
482 1069 91 28 iakttaga.
592 1063 12 38 =
629 1067 2 5 '

457 1131 12 26 $
486 1131 32 20 13.

181 1173 11 21 I
206 1173 99 22 afseende
320 1172 13 21 ä
348 1172 122 28 utgifvande
485 1172 24 22 af
520 1172 123 28 periodiska
657 1172 92 26 skrifter,
761 1173 102 21 hvarmed

112 1208 8 21 i
143 1207 69 22 denna
234 1207 134 27 Förordning
390 1206 79 22 förstås
490 1205 81 23 sådana
593 1207 92 25 skrifter,
704 1213 47 14 som
770 1207 37 21 äro
825 1206 37 22 be-

112 1242 86 22 stämda
216 1243 32 20 att
266 1241 67 21 under
352 1241 41 21 viss
411 1241 47 21 titel
477 1241 39 21 och
535 1241 150 27 nummerföljd
704 1243 55 19 samt
778 1240 13 21 å
806 1241 57 21 vissa

112 1276 56 22 tider
188 1276 111 21 utkomma
320 1275 64 21 minst
401 1276 48 27 fyra
466 1274 79 28 gånger
564 1282 35 14 om
617 1274 51 27 året,
687 1274 117 22 fastställas
822 1275 39 21 föl-

110 1310 66 27 jande
191 1309 105 21 särskilda
311 1309 142 27 stadganden:

182 1344 38 20 1:0.
250 1342 111 27 Rättighet
382 1344 32 19 att
435 1342 81 27 utgifva
537 1342 108 26 periodisk
664 1341 63 21 skrift
744 1341 118 21 tillkomme

112 1376 74 28 hvarje
207 1376 55 21 finsk
283 1376 147 28 medborgare,
453 1383 45 14 som
520 1374 92 29 uppnätt
629 1375 93 28 tjuguett
741 1374 35 22 ärs
795 1374 65 28 älder,

113 1418 50 22 eger
181 1411 47 21 fritt
246 1411 85 28 förfoga
349 1410 58 22 öfver
425 1410 33 28 sig
477 1410 39 22 och
535 1411 36 21 sitt
586 1410 59 28 gods,
661 1412 55 20 samt
730 1410 47 22 icke
793 1410 69 22 blifvit

114 1446 63 22 dömd
195 1446 35 21 för
248 1445 79 29 nesligt
343 1446 65 25 brott,
427 1445 112 21 hvarutom
557 1445 43 21 han
618 1444 55 22 skall
690 1452 53 14 vara
761 1444 73 22 bosatt
848 1444 13 22 å
