1017 1661
347 93 73 24 Nådiga
431 95 136 22 Propositionen
575 95 40 17 N:o
627 95 28 16 21.
820 95 34 16 973

127 159 31 25 är,
176 159 56 21 samt
249 157 96 28 iakttage
362 157 34 22 för
413 158 65 27 öfrigt
495 157 56 22 hvad
562 165 42 17 :om
622 157 26 22 de
664 157 37 22 wid
718 157 78 24 Bätten
814 156 63 22 förda

124 192 145 29 protokollers
284 192 123 29 utgifvande
421 192 101 22 särskildt
535 191 104 29 påbjudet
651 191 74 22 finnes.

195 227 11 20 I
223 226 163 22 Rådstufvurätt
404 227 43 21 och
468 227 89 21 Hofrätt
577 227 54 22 böra
649 227 104 26 parterme
770 225 36 22 vid
823 226 53 21 mid-

120 261 112 27 -dagstima
254 261 69 27 dagen
344 261 60 21 förut
425 262 110 24 stämmas,
554 267 80 20 genom
653 260 84 26 anslag,
753 259 14 21 &
787 260 90 20 Rättens

125 294 59 26 dörr,
200 296 31 20 att
246 294 50 21 dom
303 288 13 39 &
337 294 90 21 föresatt
441 294 31 22 tid
483 294 90 26 afhöra;
593 293 54 22 dock
664 292 37 24 mä
715 292 163 25 Bädstufvarätt

125 330 77 26 genast
217 328 40 21 och
272 330 53 19 utan
339 327 74 28 anslag
429 328 48 21 dom
486 328 123 27 'muntligen
624 327 51 21 eller
690 326 119 28 skriftligen
824 326 53 24 kun-

123 363 63 27 göra,
205 362 38 21 der
261 362 65 21 saken
344 361 25 21 af
383 362 62 26 ringa
462 362 66 22 värde
545 362 32 22 är.
610 361 69 27 Tager
696 360 72 28 någon
788 360 90 23 Rättens

126 396 112 28 offentliga
253 396 76 27 anslag
343 395 56 27 bort,
413 396 50 21 böte
478 396 61 27 tjugu
555 395 65 21 daler.

197 432 12 19 7
225 431 11 27 &
251 430 96 21 kommer
361 431 32 20 att
408 429 60 28 utgå:

198 466 24 20 11
240 465 12 27 &
268 464 78 21 ändras
361 463 99 22 sålunda:

194 499 35 21 Nu
243 499 74 20 kunna
330 497 81 22 sådana
426 498 180 28 omständigheter
620 497 33 28 sig
667 503 58 22 yppa
741 497 62 28 långt
813 497 65 27 efter,

126 533 68 22 sedan
212 533 49 21 dom
279 533 40 21 och
337 532 70 28 utslag
426 533 61 25 fallit,
507 534 32 20 att
557 531 118 28 förklaring
694 531 97 22 deröfver
812 532 66 28 nödig

130 568 34 26 är;
180 567 40 21 den
234 567 41 21 bör
290 567 18 27 ej
323 568 84 26 vägras.
433 562 30 25 Är
477 566 181 27 Häradshöfding,
674 573 45 14 som
732 566 68 26 dömt,
816 566 18 28 ej
851 565 28 23 dä

118 602 17 25 i
149 608 82 15 samma
245 601 61 26 Rätt;
326 601 55 27 gifve
399 600 47 27 den,
462 608 45 14 som
521 601 8 21 i
544 601 53 21 hans
613 600 61 22 ställe
688 600 95 26 kommit,
792 600 86 22 :förkla-

118 636 58 27 -ring
189 635 49 22 med
252 634 119 22 Nämnden.
400 630 43 26 Äro
459 635 7 21 i
480 634 164 22 Rädstufvurätt
661 634 41 23 och
717 634 88 23 Hofrätt
816 634 22 28 ej
854 633 25 25 så

128 669 77 28 mänge
223 676 53 20 gvar
295 669 24 21 af
332 669 53 26 dem,
401 676 46 14 som
461 670 8 20 i
483 669 93 27 utslaget
589 676 51 14 ense
654 668 61 26 varit,
731 670 33 20 att
777 668 28 23 de
816 668 62 23 dom-

128 704 46 22 före
188 705 48 25 äro;
253 702 28 22 dä
295 703 54 21 böra
363 703 33 25 de,
411 710 46 14 som
475 703 66 21 sedan
559 703 38 21 der
611 703 93 21 Domare
722 702 75 26 blifvit,
812 702 67 24 utsla-

128 740 36 26 get
182 738 102 21 förklara.
313 736 121 23 Innehåller
453 737 40 22 den
511 737 128 27 förklaring,
655 744 46 14 som
713 738 78 26 parten
806 736 72 28 gifres,

128 772 66 28 något
212 771 77 23 sådant
307 779 46 14 som
370 772 8 20 i
396 772 93 28 utslaget
507 771 18 28 ej
545 772 24 20 är
587 771 94 28 tydligen
699 772 77 25 utsatt;
796 769 31 24 dä
842 770 38 24 mä

128 808 77 22 besvär
218 806 99 24 deröfver
330 805 89 23 tillåtas.

435 878 47 17 25
495 878 79 22 Kap.

200 911 9 19 1
227 911 11 27 $
254 909 80 22 ändras
348 908 100 23 sålunda:

198 944 65 28 Nöjes
279 951 49 14 man
343 944 18 28 ej
378 943 23 22 åt
416 944 40 21 den
472 944 49 21 dom
536 944 51 21 eller
602 944 71 27 utslag
691 950 45 15 som
751 943 130 22 Häradsrätt

129 979 8 21 i
152 978 153 26 hufvudsaken,
321 977 13 22 å
347 977 68 28 tinget
434 978 51 21 eller
498 978 36 21 vid
551 978 50 27 laga
617 985 41 20 syn
672 978 7 20 i
691 977 121 28 jordatvist,
828 977 52 22 eller

129 1013 92 27 husesyn
236 1011 14 22 å
264 1012 115 28 prestebol,
394 1012 74 21 frälse-
483 1012 52 21 eller
549 1012 169 22 skattehemman
733 1012 49 20 fällt
795 1011 85 27 hafver;

130 1046 29 23 då
171 1046 37 22 må
222 1047 43 21 han
280 1046 64 27 vädja
358 1046 48 21 med
421 1048 32 19 tre
469 1046 59 22 daler
542 1046 69 22 under
625 1046 92 26 Hofrätt,
729 1046 101 27 antingen
846 1052 35 21 ge-

130 1082 55 25 nast,
201 1080 52 22 eller
267 1080 39 22 sist
320 1080 66 22 innan
400 1079 88 23 åttonde
506 1080 68 28 dagen
593 1079 46 28 gått
657 1080 33 21 till
708 1080 63 26 ända,
790 1080 41 21 den
848 1080 33 21 in-

130 1114 84 22 räknad
229 1113 28 22 då
272 1114 77 21 domen
363 1113 44 27 föll,
427 1114 40 21 och
485 1113 172 28 Häradshöfding
676 1113 90 22 skrifver
785 1115 69 21 straxt
865 1112 17 23 å

130 1149 78 21 domen
227 1150 32 19 att
277 1149 43 20 han
333 1148 93 27 lagligen
440 1148 79 27 vädjat,
535 1148 40 22 och
590 1149 56 20 sätte
661 1147 68 28 dagen
744 1149 32 24 ut,
790 1147 28 22 då
832 1153 50 22 par-

131 1185 61 20 terne
207 1182 60 21 skola
281 1182 34 21 till
328 1182 114 22 Hofrätten
456 1182 91 26 komma,
563 1181 40 22 den
617 1182 106 27 vädjande
736 1183 34 20 att
781 1181 57 28 gifva
847 1181 36 22 sin

131 1217 73 27 inlaga
221 1217 29 25 in,
270 1216 40 21 och
328 1216 119 21 svaranden
465 1218 32 19 att
515 1216 40 21 den
574 1223 105 18 anamma,
701 1218 53 19 utan
776 1215 107 28 stämning

132 1251 52 21 eller
202 1257 71 14 annan
291 1250 136 27 kungörelse:
445 1257 51 14 vare
513 1250 40 21 ock
571 1249 47 26 den,
637 1257 46 14 som
700 1249 81 26 vunnit,
800 1249 83 28 skyldig

133 1287 33 18 att
180 1285 126 20 underrätta
321 1285 32 25 sig
368 1284 24 20 af
404 1284 107 20 Domaren
527 1291 34 13 om
576 1283 87 26 vädjadt
678 1285 34 24 är;
728 1284 40 20 och
783 1283 49 25 låte,
845 1283 38 21 der

133 1317 25 22 så
172 1318 62 25 skett,
250 1317 36 21 det
299 1317 83 26 teckna,
397 1317 33 20 till
445 1317 31 20 sin
492 1317 93 25 rättelse,
601 1315 12 22 å
629 1317 98 20 dombref
737 1317 47 25 sitt;
800 1317 38 20 der
848 1315 36 22 må

134 1351 18 28 ej
172 1351 85 21 fordras
275 1351 91 21 särskild
384 1350 109 28 betalning
510 1351 53 21 före.
596 1350 71 28 Vädja
685 1350 26 21 de
729 1349 67 28 båda;
815 1349 69 28 gånge

135 1385 87 22 dermed
236 1384 146 22 sammaledes.
411 1384 71 28 Vädja
500 1384 25 22 de
544 1385 26 27 ej,
589 1392 46 14 som
651 1392 30 14 nu
699 1385 26 21 är
739 1384 145 26 föreskrifvet;

134 1419 76 23 stände
224 1419 141 22 Häradsrätts
379 1419 50 22 dom
443 1419 49 22 fast.
521 1414 31 27 Är
566 1419 119 28 vädjanden
698 1419 94 24 erkändt
804 1418 25 23 så
843 1419 41 22 fat-
