1017 1648
334 107 71 24 Nådiga
418 109 138 22 Propositionen
568 109 34 18 N:o
616 111 26 15 20.
806 111 32 16 901

111 169 35 24 till
162 170 140 29 handlingars
320 170 150 29 afskrifvande,
490 171 75 23 stånde
584 173 71 22 derför
673 173 8 21 i
700 180 77 15 ansvar
788 172 74 23 såsom

111 204 35 24 för
159 207 67 19 annat
241 205 112 28 tjenstefel.

180 239 37 21 Uti
235 239 92 22 enskildt
343 239 134 28 rättegångs-
496 241 51 21 eller
565 241 178 27 ansökningsmål,
763 248 44 14 som
823 242 39 20 hos

112 273 92 21 domstol
224 273 52 21 eller
298 273 95 28 offentlig
415 275 123 26 myndighet
560 275 25 20 är
607 273 29 28 på
654 274 76 28 åtgärd
749 275 112 26 beroende;

111 307 55 21 skall
188 307 42 26 det,
248 307 49 21 med
314 308 139 27 iakttagande
472 309 7 20 i
497 309 127 26 tillämpliga
643 309 59 20 delar
721 309 24 20 af
761 309 101 21 ofvanan-

112 340 60 28 gifna
186 341 68 21 vilkor
269 341 42 21 och
324 341 117 28 undantag,
456 349 52 14 vara
522 344 102 25 parterne
638 341 29 28 på
681 343 105 21 hvardera
802 343 60 20 sidan

111 373 78 22 tillåtet
207 377 31 19 att
256 383 77 20 genom
350 376 61 27 tryck
429 376 97 28 kungöra
544 376 78 27 inlaga,
641 377 96 21 besvärs-
759 377 51 20 eller
825 384 37 14 an-

110 409 164 27 klagelseskrift,
289 409 64 22 likväl
368 411 48 20 med
431 411 119 27 skyldighet
565 411 34 20 för
614 411 47 25 den,
678 419 45 14 som
739 411 39 21 slik
792 411 70 28 tryck-

111 443 51 28 ning
180 443 143 27 föranstaltat,
343 445 32 20 att
393 445 61 20 äfven
469 444 45 22 låta
528 445 75 27 trycka
617 445 151 27 vederpartens
783 445 79 21 förkla-

111 477 49 28 ring
178 478 40 21 och
238 478 128 22 domstolens
385 478 51 22 eller
455 479 161 28 myndighetens
630 478 117 26 utlätande,
764 478 24 23 sä
803 481 60 20 snart

112 512 36 21 det
162 512 117 22 meddelats
295 513 40 21 och
350 512 87 22 sednast
451 520 26 15 en
492 512 78 22 mänad
586 513 97 22 derefter.
709 514 113 21 Dessutom
838 515 24 20 är

112 546 36 21 det
162 546 54 21 hvar
230 547 40 20 och
285 554 26 14 en
326 548 55 26 part,
397 554 46 14 som
457 548 41 20 har
512 547 71 28 någon
598 548 119 28 ansökning
732 548 51 21 eller
797 550 65 20 rätte-

111 579 57 29 gäng
187 580 51 22 eller
253 588 72 14 annan
339 581 54 21 hans
407 582 103 27 rättighet
524 582 92 21 rörande
631 582 38 22 sak
684 582 113 28 anhängig,
814 580 48 24 obe-

111 616 60 26 taget
191 617 31 19 att
237 615 58 21 öfver
311 615 47 21 dess
373 615 146 22 beskaffenhet
533 615 44 22 låta
592 616 76 28 trycka
681 616 115 22 berättelse
811 617 51 21 eller

111 656 27 14 en
156 648 97 22 säkallad
271 650 92 26 ,species
381 650 68 26 facti,*
469 650 54 21 dock
541 650 48 21 med
607 650 69 21 vilkor
694 652 32 20 att
745 651 117 27 sanningen

112 683 74 22 dervid
206 691 57 21 noga
280 684 61 28 följes
360 684 40 22 och
419 684 70 28 någon
507 684 143 22 missledande
667 685 131 27 tvetydighet
818 685 18 27 ej
855 685 7 21 i

110 718 132 22 berättelsen
263 718 86 28 inflyter
372 720 55 20 samt
449 721 56 19 emot
523 719 178 27 anständigheten
719 719 46 21 icke
784 719 77 27 brytes.

112 748 136 26 Öfverträdes
271 753 51 21 eller
343 752 122 22 underlåtes
488 753 65 28 något
571 753 24 21 af
611 753 56 21 hvad
685 754 8 20 i
711 752 152 23 ofvanstående

110 786 68 22 måtto
193 787 147 25 föreskrifvits,
356 794 50 14 vare
420 787 38 21 bot
473 787 48 21 från
535 787 61 28 tjugu
611 788 34 20 till
659 786 120 22 tvåhundra
790 788 71 26 mark;

112 822 41 21 och
176 822 60 21 skola
250 821 81 28 jemväl
349 822 146 27 stadgandena
513 822 7 21 i
539 822 11 28 $
570 824 26 19 32
615 822 76 21 härvid
709 822 7 21 i
735 822 128 27 tillämpliga

112 856 60 21 delar
186 863 53 14 vara
254 856 105 27 gällande.

180 886 69 26 Äskas
267 889 48 23 från
331 890 108 26 domstols,
455 891 142 21 embetsverks
613 891 51 21 eller
678 890 134 28 myndighets
828 898 34 14 ar-

111 925 35 21 kiv
165 924 85 22 afskrift
269 925 23 21 af
308 924 107 28 protokoll
434 925 51 21 eller
503 925 102 27 handling
624 925 95 21 hörande
733 925 33 21 till
782 926 79 20 anhän-

112 960 46 27 gigt
176 959 91 21 enskildt
285 958 50 27 mål,
354 959 56 27 gälle
429 959 74 21 dervid
520 959 56 21 hvad
595 959 34 21 för
647 959 108 21 afskrifter
774 960 6 20 i
794 959 69 21 andra

111 992 44 22 mål
173 993 58 21 förut
249 994 8 20 i
275 993 70 21 denna
363 994 11 26 &
393 995 25 19 är
437 994 68 27 sagdt,
524 993 64 21 likväl
607 994 48 20 med
673 994 40 20 den
732 993 83 21 skilnad
830 995 32 19 att

112 1028 32 20 uti
162 1035 29 13 nu
209 1026 163 28 ifrågavarande
386 1027 39 21 fall
440 1027 58 21 lösen
513 1028 34 20 för
554 1027 119 27 afskriften
688 1028 55 20 skall
757 1028 104 27 erläggas,

112 1062 69 21 ehvad
196 1062 41 20 den
252 1061 127 28 ombesörjts
395 1062 24 20 af
431 1061 159 22 vederbörande
604 1062 127 27 tjensteman
747 1062 51 21 eller
812 1068 50 20 par-

112 1098 37 19 ten
167 1096 55 27 sjelf,
240 1097 56 20 samt
310 1096 116 26 stämpladt
441 1103 82 20 papper
538 1096 71 21 dertill
623 1096 86 27 nyttjas,
725 1095 89 22 såframt
829 1094 33 22 så-

113 1130 52 21 dant
183 1130 67 27 eljest,
268 1130 8 20 i
288 1130 105 21 anseende
408 1130 33 21 till
455 1130 76 21 sakens
546 1130 151 26 beskaffenhet,
713 1131 25 19 är
753 1129 108 28 påbjudet.

457 1184 11 26 g
485 1185 32 19 10.

182 1226 42 21 Vid
242 1226 26 20 de
283 1226 7 20 i
305 1225 176 27 nästföregående
496 1226 11 27 &
523 1225 93 21 nämnda
633 1225 140 28 handlingars
788 1225 74 21 offent-

113 1260 125 27 liggörande
253 1260 61 21 skola
328 1260 94 27 följande
437 1260 68 21 vilkor
519 1260 118 26 iakttagas:

184 1296 39 19 1:0.
252 1293 76 28 Någon
347 1294 141 21 missledande
507 1294 115 27 oriktighet
639 1292 36 22 må
693 1294 19 26 ej
730 1292 9 21 i
758 1293 105 27 aftrycket

113 1327 81 28 inflyta,
209 1328 35 21 vid
259 1328 97 27 äfventyr
371 1327 23 22 af
407 1335 77 14 ansvar
499 1327 54 22 efter
568 1329 11 19 3
593 1328 12 26 $
617 1328 12 19 8
640 1327 49 26 kap.
701 1327 161 27 Missgernings-

112 1361 86 26 balken,
218 1369 34 13 om
269 1360 109 29 uppsåtlig
393 1361 140 27 förfalskning
549 1363 35 25 egt
598 1368 55 18 rum,
668 1363 56 18 samt
737 1360 62 21 böter
814 1360 48 21 från

113 1395 62 28 tjugu
190 1395 32 21 till
237 1394 122 22 tvåhundra
371 1395 68 26 mark,
455 1402 34 14 om
504 1395 151 27 felaktigheten
670 1393 76 22 vållats
757 1395 24 20 af
790 1393 72 22 vårds-

113 1429 75 21 löshet.
