1017 1661
323 109 71 24 Nådiga
405 111 136 22 Propositionen
551 111 35 18 N:o
599 112 28 16 20.
797 112 33 16 951

102 172 108 23 bibehålla
228 173 41 22 den
287 173 141 28 ordalydelse,
447 174 41 21 den
505 173 41 22 har
563 174 7 20 i
588 181 30 14 nu
635 173 100 28 gällande
752 174 98 28 tryckfri-

102 208 90 28 hetslag.

169 242 48 21 Den
237 243 26 20 62
283 243 12 27 8
313 243 8 20 i
335 241 103 28 förslaget
453 244 24 20 är
491 242 124 28 visserligen
631 242 24 22 af
667 241 88 23 alldeles
770 249 82 16 samma

101 275 81 29 lydelse
196 283 46 14 som
257 277 8 19 i
280 277 41 20 den
331 283 30 14 nu
372 276 99 28 gällande
483 276 297 28 tryckfrihetsförordningen.
801 276 51 22 Men

102 310 90 21 emedan
203 310 70 21 denna
283 310 80 28 lydelse
373 310 145 27 väsendtligen
530 310 73 27 skiljer
613 310 33 28 sig
655 309 49 22 från
714 310 57 22 hvad
783 310 69 22 Eders

101 344 121 27 Kejserliga
239 344 112 27 Majestäts
369 343 85 29 Nådiga
472 344 125 28 förordning
615 343 110 29 angående
743 344 56 22 falsk
813 352 38 14 an-

101 378 87 28 gifvelse
207 378 39 22 och
267 385 70 15 annan
356 378 163 28 ärekränkning,
538 378 70 28 gifven
627 378 41 22 den
687 379 26 21 26
732 378 120 22 November

102 413 55 21 1866
176 412 8 22 i
202 413 117 21 allmänhet
340 413 87 28 stadgar
445 412 8 21 i
472 413 77 26 ämnet,
571 412 65 22 hafva
657 412 125 27 Ständerne,
806 420 46 15 som

101 454 52 15 anse
175 454 26 15 en
223 447 125 28 fullständig
366 448 218 21 öfverensstämmelse
603 447 90 21 emellan
710 447 142 22 nästberörda

101 478 110 24 allfnänna
220 481 128 28 författning
360 482 40 21 och
411 482 41 20 den
462 481 108 23 blifvande
581 482 200 28 tryckfrihetslagen
793 482 4 20 i
808 482 44 22 alla

101 515 115 23 afseenden
233 516 127 28 nödvändig,
379 516 85 21 förenat
482 516 32 28 sig
529 524 34 13 om
579 516 40 21 den
634 515 61 28 åsigt,
711 518 33 19 att
758 516 94 21 nämnda

101 550 119 27 stadgande
234 550 67 21 borde
316 548 82 23 erhålla
412 557 27 14 en
453 550 118 21 förändrad
585 550 81 27 lydelse
680 550 8 21 i
700 550 35 21 det
746 550 61 27 syfte,
820 552 32 19 att

102 583 36 22 det
156 583 75 22 endast
248 582 118 23 innehåller
383 591 26 14 en
427 584 126 27 hänvisning
571 583 34 22 till
622 584 56 21 hvad
697 583 73 22 derom
788 584 8 21 i
814 583 38 22 all-

100 618 88 22 mänhet
210 619 24 20 är
256 618 107 28 stadgadt,
385 617 30 28 på
432 619 43 20 sätt
493 618 94 28 änsagde
605 619 11 27 $
634 618 8 21 i
661 618 35 21 det
714 617 95 29 följande
827 619 25 20 är

101 652 98 22 affattad.

169 687 138 22 Beträffande
322 688 27 20 70
364 687 12 28 $
391 686 70 23 tillåta
475 688 33 27 sig
523 687 118 22 Ständerne
654 686 154 29 underdänigst
819 689 33 20 att

100 721 62 22 äfven
180 721 120 22 framställa
317 721 68 28 nägra
403 722 172 27 anmärkningar,
594 722 8 20 i
619 721 44 22 lika
681 720 171 29 underdänighet

101 755 135 27 anhällande,
255 758 33 19 att
305 755 67 22 Eders
390 756 120 27 Kejserliga
527 755 102 28 Majestät
642 755 49 22 ville
712 757 1 20 i
727 755 73 22 Näder
814 755 36 22 be-

100 790 72 28 hjerta
190 790 26 21 de
233 790 35 21 för
286 789 84 22 landets
389 790 160 21 samhällsskick
568 790 40 21 och
626 789 126 28 fortgäende
765 790 86 21 utveck-

99 825 45 27 ling
162 825 82 27 vigtiga
261 823 155 27 förhällanden,
436 831 46 14 som
501 824 118 22 Ständerne
633 832 29 13 nu
677 823 27 28 gä
719 825 32 20 att
766 823 84 22 beröra.

99 858 74 28 Enligt
188 859 65 27 sagde
268 859 11 27 8
295 858 69 22 skulle
379 858 40 21 den
433 858 108 22 blifvande
556 858 152 28 förordningen
722 858 86 22 komma
818 860 33 19 att

100 893 58 28 gälla
172 892 48 22 från
234 892 143 22 innevarande
392 892 114 28 laudtdags
519 893 42 21 slut
572 892 33 22 till
616 893 41 21 den
669 894 10 19 1
692 892 91 22 Januari
796 893 54 20 1869

100 930 56 19 samt
171 928 36 21 det
222 927 34 21 för
271 927 64 27 öfrigt
349 926 114 22 ankomma
478 927 75 21 endast
567 926 30 28 pä
610 927 68 21 Eders
691 926 109 28 Majestät,
816 934 35 13 om

101 962 41 22 den
165 960 28 23 dä
214 961 69 21 skulle
303 961 99 28 upphöra
425 962 51 21 eller
494 962 91 22 fortfara
603 963 32 19 att
652 960 73 22 vidare
743 960 64 28 gälla.
839 960 11 22 I

100 996 75 28 sjelfva
192 996 74 22 verket
284 996 67 21 skulle
370 995 81 23 säledes
466 996 153 28 förordningen
633 995 99 28 tilläggas
748 995 101 28 egenska-

100 1038 42 21 pen
160 1030 24 23 af
200 1032 32 21 att
249 1037 53 15 vara
321 1038 26 14 en
364 1030 37 28 lag
419 1031 101 27 antingen
535 1030 34 22 för
583 1030 42 22 viss
640 1030 49 21 kort
703 1029 31 22 tid
749 1029 52 22 eller
815 1029 35 22 för

100 1065 111 22 obestämd
232 1066 37 20 tid.
304 1065 45 21 Och
370 1065 71 22 fastän
465 1065 118 22 Ständerne
605 1065 88 27 deltagit
711 1065 8 20 i
737 1064 49 22 dess
804 1064 46 22 stif-

99 1100 71 26 tande,
189 1099 68 22 skulle
276 1100 47 21 dess
342 1099 150 27 upphäfvande
511 1100 72 20 kunna
602 1105 40 21 ega
656 1106 48 13 rum
718 1100 54 19 utan
787 1098 62 21 deras

99 1134 108 28 lagenliga
221 1133 134 22 medverkan.
378 1133 73 28 Enligt
465 1134 40 20 den
520 1132 84 28 Nädiga
615 1133 161 27 propositionen
786 1132 8 20 i
804 1134 45 19 äm-

99 1171 38 19 net
154 1168 68 22 skulle
237 1168 36 21 det
287 1168 86 21 komma
387 1169 33 20 att
434 1168 51 21 bero
500 1168 25 20 af
537 1167 40 21 den
591 1167 122 27 periodiska
727 1173 100 21 pressens
841 1166 9 21 i

99 1203 73 21 landet
190 1202 102 28 hällning,
312 1209 35 14 om
364 1202 152 28 förordningen
534 1202 35 21 vid
587 1200 143 29 nyssnämnda
749 1200 100 28 tidpunkt

100 1237 68 22 skulle
182 1237 99 27 upphöra
297 1238 31 20 att
343 1236 58 28 gälla
415 1236 52 21 eller
480 1236 53 21 icke.
559 1235 50 21 Men
620 1235 46 27 just
681 1235 40 21 den
737 1236 59 20 stora
812 1242 36 14 an-

100 1272 113 28 svarighet,
229 1278 46 15 som
289 1270 82 22 säledes
386 1270 109 22 ähvälfdes
511 1271 70 21 denna
594 1276 67 20 press,
675 1269 78 25 kunde,
770 1268 24 22 af
802 1268 46 22 skäl

100 1312 46 15 som
168 1305 119 21 Ständerne
308 1303 153 27 underdänigst
479 1303 88 27 utbedja
585 1303 32 27 sig
635 1304 32 19 att
684 1303 41 20 här
743 1301 23 21 fä
783 1302 65 20 fram-

99 1340 71 26 lägga,
186 1339 18 27 ej
219 1338 74 28 undgå
307 1340 32 19 att
354 1338 63 21 verka
432 1338 88 26 menligt
531 1336 13 22 ä
555 1337 79 21 hennes
645 1335 98 28 förmåga
754 1337 33 19 att
796 1336 53 27 fylla

99 1373 33 22 sin
151 1373 56 28 höga
224 1372 92 28 uppgift.
345 1372 55 21 Näst
417 1372 105 27 laglöshet
540 1371 40 21 och
595 1370 103 28 godtycke
713 1370 67 21 finnes
795 1370 53 21 intet

99 1408 35 21 för
152 1407 39 22 allt
209 1407 123 22 sträfvande
349 1406 34 22 till
399 1406 121 27 utveckling
534 1412 59 15 mera
607 1404 128 22 hämmande
750 1404 40 21 och
805 1404 43 21 för-

100 1441 91 29 derfligt,
207 1443 28 20 än
250 1449 26 14 en
291 1441 76 22 osäker
382 1441 39 22 och
436 1439 117 23 vacklande
565 1439 140 28 lagstifining.
727 1439 48 22 Den
790 1438 56 23 stad-
