1070 1664
356 107 70 24 Nädiga
439 109 137 22 Propositionen
588 110 34 16 N:o
634 109 29 18 16.
827 110 32 16 815

135 172 128 30 hithörande
280 172 118 28 produkter
416 173 40 20 och
474 171 68 23 skulle
560 171 88 28 säledes,
668 172 61 21 äfven
745 179 37 15 om
804 173 26 21 de
851 174 31 20 in-

134 206 63 28 ginge
211 207 8 21 i
233 206 180 31 undervisningen
424 207 34 21 till
473 207 36 21 det
519 206 24 22 af
555 207 93 22 komitön
660 207 123 27 föreslagna
798 207 85 27 ringare

134 240 85 27 belopp,
235 240 107 21 sannolikt
359 238 80 31 stegra
445 240 194 27 jordeboksräntan
658 240 142 22 öfverhöfvan.
829 242 53 20 Der-

135 274 33 21 till
182 275 101 25 kommer,
296 276 32 18 att
342 270 121 26 änberörda
477 274 110 27 persedlar
601 274 116 28 ingalunda
733 274 23 21 af
768 275 43 21 alla
823 275 60 27 jord-

134 308 93 23 brukare
242 308 130 27 produceras
387 309 7 20 i
410 308 42 21 den
467 308 80 28 mängd
562 310 32 19 att
609 308 25 21 de
650 308 61 21 äfven
726 308 67 22 skulle
807 309 76 21 försäl-

131 343 45 28 jas;
192 350 50 14 vore
253 342 63 23 detta
334 342 67 26 fallet,
416 341 24 23 sä
454 349 50 15 vore
518 342 134 28 naturligtvis
668 342 36 22 det
718 343 66 27 högre
798 343 84 27 försälj-

133 377 130 27 ningspriset
281 384 26 14 en
326 377 118 27 ersättning
462 376 33 22 för
517 377 41 21 den
579 377 66 27 högre
666 378 84 20 räntan.
779 377 49 21 Men
847 377 37 21 det

134 412 34 21 för
183 410 48 22 värt
245 412 51 20 land
311 410 24 22 sä
350 411 79 28 vigtiga
448 410 162 29 önskningsmäl,
626 413 32 19 att
672 410 211 28 ladugärdsskötseln

133 452 69 15 vunne
221 453 26 13 en
265 446 67 27 högre
349 446 127 26 utveckling,
495 446 61 21 torde
573 444 46 22 icke
641 445 67 21 heller.
731 445 111 22 befordras
861 446 25 20 af

133 480 149 22 medvetandet
297 481 32 20 att
341 480 26 27 ju
380 487 60 15 mera
455 480 47 21 dess
516 476 117 53 produkter
647 479 123 27 förbättras,
783 480 47 22 dess
844 480 38 22 hö-

133 522 38 20 gre
185 514 43 21 blir
243 514 90 22 skatten.

203 548 30 21 Af
246 549 61 21 dessa
322 548 52 27 skäl,
391 549 39 22 och
446 548 27 22 då
488 548 96 28 spanmål
599 549 40 21 och
654 549 63 23 hafra
728 548 65 22 torde
808 549 75 21 erkän-

133 590 39 24 nas
187 583 74 21 ibland
276 584 43 20 alla
330 583 138 28 jordbrukets
484 583 64 21 alster
562 590 52 15 vara
628 583 47 21 icke.
690 580 59 29 blott
760 583 25 21 de
800 583 82 28 lämpli-

134 619 60 27 gaste
208 617 154 27 värdemätare,
373 619 53 20 utan
438 618 79 28 jemväl
533 618 26 22 de
573 617 55 23 enda
642 616 117 29 produkter
774 625 46 14 som
834 618 48 22 kro-

133 660 44 13 nan
191 652 43 21 kan
248 652 22 21 in
284 654 78 19 natura
377 654 113 26 emottaga,
509 660 62 14 anser
589 652 110 22 sektionen
717 653 33 27 sig
767 652 54 22 böra
838 652 44 22 för-

134 686 54 22 orda
202 688 33 20 att
252 686 7 21 i
274 686 178 28 undervisningen
469 686 47 22 icke
530 686 66 22 måtte
610 688 109 26 upptagas
732 686 69 28 några
815 687 69 21 andra

133 722 28 20 än
176 721 63 23 dessa
253 721 115 27 persedlar.
398 721 41 21 Om
456 721 97 21 häremot
571 721 119 26 anmärkes,
706 723 33 19 att
756 721 127 27 grundskat-

133 756 47 20 tens
197 754 78 29 belopp
295 756 7 20 i
321 754 77 22 sädant
412 755 38 21 fall
467 755 84 21 komme
565 757 33 19 att
612 754 73 22 alltför
699 754 107 29 längsamt
820 756 62 27 stiga,

133 788 24 22 sä
171 789 49 22 ville
239 789 109 21 sektionen
366 788 114 22 framhålla
495 790 46 27 just
556 790 69 20 denna
640 790 158 27 omständighet
812 788 72 22 såsom

133 825 31 20 ett
181 823 125 28 ytterligare
324 824 45 20 skäl
387 823 34 21 för
439 824 94 27 antydda
550 824 86 27 förslag,
655 825 23 26 ty
695 824 137 27 jordbrukets
850 830 33 15 re-

132 865 60 20 veny,
207 858 34 21 till
255 858 84 21 hvilken
354 858 84 20 skatten
450 858 25 26 ju
489 858 40 21 bör
544 857 34 22 stä
592 858 7 20 i
610 858 61 27 jemn
685 858 133 27 proportion,
833 858 49 26 kan,

133 891 62 22 äfven
210 892 47 26 den,
273 892 76 21 endast
363 891 107 28 längsamt
485 892 60 28 stiga.

200 926 34 21 Ur
249 926 36 22 det
302 926 58 21 förut
378 926 91 21 anförda
483 925 94 28 framgär
592 928 32 19 att
638 926 110 28 sektionen
763 925 69 22 funnit
847 926 36 21 det

133 960 25 22 af
169 960 94 22 komitön
277 960 119 24 uträknade
414 960 169 28 penningevärde
601 960 34 22 för
646 960 194 28 jordeboksrubeln
854 960 29 20 el-

133 995 32 21 ler
180 994 103 26 ,skatten*
299 994 53 22 böra
367 994 129 28 godkännas.
526 994 152 22 YFasthällande
692 994 75 22 härvid
782 995 40 20 har
836 994 47 21 sek-

133 1029 73 21 tionen
220 1028 8 21 i
243 1028 71 22 stället
328 1029 34 21 för
377 1029 26 21 de
417 1028 7 22 i
439 1028 104 22 komitöns
557 1028 81 28 förslag
652 1031 111 25 upptagna
777 1028 106 27 beloppen

133 1064 57 20 smör
205 1063 41 21 och
261 1063 44 27 talg
320 1062 66 22 infört
399 1063 8 21 i
421 1062 177 28 undervisningen
612 1062 24 22 sä
650 1062 84 28 mycket
748 1070 59 14 mera
821 1062 63 21 hafra

135 1097 41 21 och
192 1097 104 21 kontanta
313 1097 125 28 penningar,
457 1099 32 19 att
509 1098 113 25 ,skattens*
641 1097 79 27 belopp
738 1097 8 20 i
768 1096 116 28 penninge-

133 1130 65 22 värde
213 1131 34 21 för
264 1131 74 27 hvarje
356 1131 36 21 län
410 1132 42 21 blir
471 1131 122 26 detsamma,
610 1138 45 14 som
674 1131 66 27 enligt
755 1130 40 22 den
810 1131 24 21 af
846 1130 37 21 ko-

133 1164 66 23 mitön
214 1164 121 29 föreslagna
349 1165 157 27 undervisning.
536 1166 41 21 För
592 1164 119 29 Uleäborgs
729 1164 35 21 län
782 1164 40 22 har
836 1162 47 24 sek-

133 1200 73 21 tionen
224 1199 8 21 i
250 1199 66 22 likhet
331 1199 48 21 med
394 1195 90 37 komitön
499 1201 72 20 ansett
586 1201 30 20 ett
630 1199 83 21 mindre
728 1199 77 27 belopp
820 1199 64 20 hafra

134 1234 54 21 böra
205 1233 135 26 bestämmas,
360 1234 88 21 emedan
465 1233 60 21 detta
543 1233 108 28 sädesslag
669 1232 110 22 derstädes
801 1233 83 20 mindre

135 1268 89 21 allmänt
239 1268 66 21 odlas.
329 1267 45 21 Och
390 1267 32 22 fär
433 1267 110 22 sektionen
557 1266 63 23 alltsä
634 1267 109 22 vördsamt
757 1265 81 23 föreslä
852 1267 32 21 att

135 1301 120 21 Ständerna
269 1301 49 22 ville
332 1303 80 25 antaga
426 1308 26 14 en
466 1300 25 22 sä
505 1301 92 27 lydande
