1023 1670
172 113 44 17 1032
373 111 70 23 Nädiga
455 112 136 21 Propositionen
603 112 34 16 N:o
650 111 20 16 21

149 175 124 27 vederparts
290 174 116 28 tillbörliga
424 176 50 24 rätt,
492 176 57 20 samt
567 176 32 22 att
617 174 62 22 dessa
693 174 134 21 föreskrifter
840 173 59 28 förty

149 209 55 21 böra
218 210 7 20 i
235 209 136 22 nästberördt
383 208 54 28 syfte
448 210 91 20 ersättas
549 208 49 22 med
611 209 72 25 andra,
695 216 60 14 mera
766 208 133 22 verksamma

150 243 139 28 stadganden,
311 243 56 21 helst
386 244 108 20 desamma
512 243 46 21 icke
577 243 68 21 sällan
664 243 83 27 antagit
765 242 135 28 egenskapen

150 278 25 21 af
190 278 76 22 hinder
283 277 35 22 för
336 278 77 21 honom
432 276 34 22 Vid
480 278 54 21 hans
549 277 70 21 talans
634 278 119 20 utförande.
783 276 77 22 Likaså
875 278 25 20 är

150 312 36 21 det
205 312 61 22 äfven
284 312 48 21 med
348 312 130 21 Ständernas
494 312 55 28 åsigt
565 312 236 26 öfverensstämmande,
818 313 32 20 att
864 312 36 20 det

150 347 113 27 rätteligen
281 346 40 22 bör
339 346 22 22 få
380 347 113 21 ankomma
511 346 13 22 å
545 347 46 25 den,
607 354 46 14 som
667 347 80 25 vunnit,
763 348 33 20 att
810 346 50 28 sjelf
873 345 28 29 gå

149 382 9 21 i
175 382 127 27 författning
320 389 35 14 om
373 382 41 20 den
432 381 83 28 åtgärd,
534 389 45 14 som
597 381 33 21 till
650 381 146 28 betryggande
810 382 24 21 af
846 381 54 21 hans

151 417 44 20 rätt
210 416 42 21 kan
266 423 52 14 vara
333 416 24 21 af
369 416 75 21 nöden.
475 416 46 21 Och
536 416 102 21 ehuruväl
653 416 119 21 Ständerne
787 416 47 21 icke
848 415 54 21 böra

150 450 61 26 neka,
233 452 32 19 att
283 452 31 19 ett
331 450 125 27 stadgande,
474 450 139 28 hvarigenom
631 450 104 21 vinnande
754 452 50 25 part
821 450 7 21 i
843 451 58 20 näst-

151 485 89 21 nämndt
258 485 55 28 syfte
330 483 122 29 medgåfves
470 486 45 19 rätt
533 487 38 24 att,
590 486 45 19 mot
650 485 63 20 ställd
728 484 99 22 säkerhet
841 485 7 20 i
863 483 39 22 fall

152 519 24 21 af
192 517 130 29 återbäring,
342 518 82 22 erhålla
442 519 160 27 verkställighet
621 518 24 21 af
661 519 129 21 Underrätts
808 519 94 27 utslag
890 513 15 37 i

153 552 57 22 civilt
228 552 48 27 mål,
296 552 82 22 ändock
396 553 36 21 det
450 553 46 21 icke
515 554 74 20 vunnit
606 552 51 28 laga
675 553 64 27 kraft,
759 553 67 21 skulle
845 552 57 22 hvila

152 587 29 28 på
200 594 25 14 en
242 588 67 27 vigtig
327 587 136 28 uppfattning
482 588 24 20 af
520 587 154 22 domstolarnes
689 588 85 27 uppgift
790 588 39 20 och
844 587 58 22 ställ-

152 622 51 28 ning
218 622 8 20 i
240 622 118 26 samhället,
374 622 64 21 hafva
450 622 118 21 Ständerne
579 622 64 21 likväl
655 630 25 13 ur
691 621 145 23 rättsvårdens
849 629 53 21 egen

154 656 108 28 synpunkt
280 656 70 22 funnit
369 656 35 22 det
422 656 118 28 betänkligt
555 658 31 20 att
601 656 66 22 redan
682 664 29 14 nu
727 657 39 21 och
781 657 65 21 innan
862 657 41 21 den

153 698 78 20 genom
248 691 114 22 Kämners-
381 691 40 21 och
435 691 213 27 Lagmansrätternas
663 691 129 28 indragning
807 691 96 22 ändrade

154 725 118 27 ordningen
286 725 8 21 i
308 725 162 27 lagskipningen
484 726 75 20 vunnit
573 726 65 26 nödig
653 726 76 26 stadga
744 726 40 21 och
798 726 105 26 säkerhet,

154 758 70 22 tillåta
244 766 26 14 en
292 760 87 20 alldeles
398 759 134 28 obegränsad
549 760 134 26 tillämpning
702 760 24 20 af
740 767 51 21 nyss
810 760 94 27 antydda

155 794 115 27 grundsats
288 796 56 18 samt
361 793 132 28 följaktligen
508 794 41 21 och
561 794 66 27 jemte
643 794 35 20 det
693 794 119 22 Ständerne
826 794 80 22 bifallit

157 828 71 21 dertill
242 829 32 19 att
288 827 116 22 innehållet
419 828 24 20 af
456 830 12 18 2
484 829 10 26 &
511 829 26 20 26
553 828 54 27 Kap.
623 828 24 21 R.
663 828 24 21 B.
703 828 8 21 i
723 828 65 28 öfrigt
799 828 40 21 bör
850 836 54 20 upp-

155 861 81 27 häfvas,
255 862 94 27 godkänt
368 862 40 21 den
425 861 84 29 Nådiga
527 863 160 26 propositionen
703 862 80 27 jemväl
802 863 51 26 deri,
873 865 32 20 att

155 896 205 22 verkställbarheten
378 896 23 22 af
417 897 129 21 Underrätts
565 897 76 27 utslag,
661 904 45 14 som
725 897 18 27 ej
763 898 74 21 vunnit
855 897 50 28 laga

155 930 65 27 kraft,
235 931 54 21 skall
304 931 126 21 inskränkas
444 931 33 21 till
492 931 69 22 vexel-
577 931 39 21 och
628 931 136 28 sjörättsmål,
777 933 51 20 enär
839 933 66 20 rätte-

157 964 83 28 gången
258 965 7 21 i
284 965 61 21 dessa
364 965 43 21 mål
422 965 62 21 äfven
498 966 7 20 i
521 965 64 27 öfrigt
600 967 25 19 är
640 966 144 21 underkastad
799 967 106 26 exceptio-

156 998 49 22 nela
222 999 165 27 bestämningar.
405 1012 29 3 —
451 999 11 21 I
480 1000 100 21 afseende
597 999 14 21 å
629 1000 35 21 det
679 998 90 23 sålunda
784 1000 122 28 principielt

157 1033 113 27 godkända
288 1034 128 27 stadgandet
432 1034 63 21 hafve
515 1034 118 21 Ständerne
653 1034 53 21 dock
723 1034 71 21 funnit
812 1035 32 27 sig
862 1035 44 21 för-

157 1066 86 23 anlåtne
258 1070 32 19 att
304 1068 86 27 vidtaga
404 1068 94 27 följande
513 1070 77 20 tvänne
605 1068 121 28 ändringar.
749 1069 73 27 Enligt
836 1068 24 22 så
871 1069 36 21 väl

158 1102 157 28 Vexelstadgan
334 1102 24 21 af
374 1102 40 21 den
434 1103 24 20 21
475 1102 90 22 Januari
582 1104 53 19 1748
651 1110 45 14 som
711 1102 41 22 den
767 1102 34 22 för
815 1102 91 22 Finland

158 1136 32 24 till
208 1136 126 22 efterlefnad
351 1136 111 28 påbjudna
475 1137 144 27 Vexelstadga
635 1137 23 21 af
671 1137 40 21 den
727 1138 26 20 29
769 1137 58 22 Mars
844 1139 62 25 1858,

158 1171 40 21 bör
212 1171 122 21 underrätts
348 1171 72 27 utslag
434 1171 8 21 i
456 1171 103 22 vexelmäl
573 1171 112 22 befordras
699 1171 33 22 till
746 1172 160 28 verkställighet

158 1208 53 18 utan
228 1206 82 26 borgen
329 1205 23 21 af
370 1205 40 21 den
428 1206 104 20 vinnande
551 1207 40 20 och
608 1206 49 20 med
675 1208 43 19 rätt
733 1206 33 20 för
781 1207 78 20 honom
875 1208 32 19 att

158 1240 45 20 mot
224 1239 81 26 borgen
326 1238 53 27 lyfta
398 1238 36 21 det
452 1240 97 20 utmätta.
583 1240 46 20 Och
647 1247 45 13 som
711 1240 71 21 denna
799 1232 109 29 föreskrift

159 1279 61 21 synes
235 1272 118 22 Ständerne
368 1272 60 27 böra,
444 1272 32 21 till
487 1273 108 22 kreditens
606 1272 87 27 bätnad,
705 1273 125 28 föredragas
842 1274 65 21 fram-

158 1307 34 22 för
210 1306 56 22 hvad
284 1307 8 20 i
310 1307 41 21 den
369 1305 84 29 Nädiga
470 1307 160 27 propositionen
645 1307 69 22 blifvit
728 1308 76 21 härom
818 1308 89 22 föresla-

158 1343 43 26 get,
220 1341 64 22 hafva
304 1341 117 22 Ständerne
436 1341 33 22 för
484 1341 61 21 deras
561 1342 34 21 del
609 1342 86 21 beslutit
711 1345 33 19 att
757 1343 8 21 i
780 1343 128 28 stadgandet

159 1376 7 21 i
182 1375 66 29 fråga,
264 1376 132 21 beträffande
410 1375 187 28 verkställigheten
611 1376 24 22 af
647 1377 70 28 utslag
731 1378 9 21 i
755 1377 109 27 vexelmäl,
876 1379 31 20 in-

160 1410 48 22 föra
222 1410 74 22 endast
312 1417 25 15 en
352 1411 126 27 hänvisning
492 1410 34 22 till
540 1411 56 21 hvad
611 1411 72 22 derom
699 1413 24 20 är
738 1412 101 22 särskildt
850 1413 58 21 stad-

160 1445 57 27 gadt.
251 1444 79 22 Vidare
348 1452 51 14 anse
418 1445 118 21 Ständerne
554 1445 147 28 stadgandena
718 1445 56 23 både
792 1446 6 21 i
818 1448 12 19 2
850 1447 11 27 &
881 1448 26 20 26
