1017 1661
186 119 34 16 926
385 116 72 23 Nädiga
468 117 138 21 Propositionen
618 116 34 17 N:o
666 116 27 16 20.

163 181 11 21 I
189 180 43 22 alla
246 179 159 23 ofvannämnda
419 179 38 22 fall
471 186 51 15 vare
536 179 148 28 stadgandena
694 179 8 20 i
713 179 12 28 $
738 179 26 22 32
775 179 32 21 uti
821 178 93 27 tillämp-

163 215 45 28 liga
223 215 59 22 delar
296 214 106 29 gällande.

479 302 23 18 s
514 302 80 22 Kap.

360 358 31 22 Om
405 358 121 29 rättegängen
540 359 6 21 i
561 358 158 28 tryckfrihetsmäl.

508 411 11 27 8
536 411 32 20 55.

232 454 49 22 Alla
291 453 44 22 mål
346 452 110 29 angående
466 453 139 28 förbrytelser
620 455 56 20 emot
691 453 69 22 denna
774 452 141 29 Förordning,

164 489 72 22 hvilka
252 489 48 22 icke
318 488 66 27 enligt
402 489 11 27 $
433 489 25 20 39
477 489 55 20 höra
549 487 33 22 till
600 482 179 33 Öfverstyrelsens
797 487 119 28 handlägg-

164 524 60 27 ning,
240 524 107 26 upptagas
366 523 24 21 af
401 521 163 22 Rådstufvurätt
577 522 8 20 i
601 522 41 21 den
656 522 55 26 stad,
728 522 38 21 der
781 521 41 22 den
836 521 80 28 ifråga-

164 557 94 22 varande
276 556 89 22 skriften
383 558 25 19 är
425 556 77 28 tryckt,
522 556 56 26 eller,
594 563 35 14 om
648 555 66 22 sådan
734 556 90 21 domstol
844 556 37 22 der
896 556 18 28 ej

163 591 74 26 finnes,
253 591 25 21 af
289 592 108 20 närmaste
411 590 169 22 Rådstufvurätt.
602 590 46 21 Har
663 590 62 21 skrift
739 590 113 22 utkommit
863 592 53 19 utan

163 627 69 20 utsatt
248 624 208 28 boktryckarenamn
479 624 51 21 eller
552 624 158 28 tryckningsort
732 624 52 21 eller
805 625 40 21 ock
866 624 50 22 med

164 659 56 22 falsk
233 658 86 28 uppgift
334 658 79 26 derom,
428 658 40 21 hör
483 657 65 23 målet
562 658 33 22 till
606 657 162 23 Rådstufvurätt
782 658 7 22 i
805 658 40 22 den
860 658 55 27 stad,

165 694 38 22 der
217 694 89 21 skriften
324 693 69 22 blifvit
410 692 104 28 utspridd,
533 700 55 19 men,
608 700 35 14 om
662 692 35 22 det
715 692 57 22 skett
789 692 29 28 på
836 693 79 27 landet,

164 728 34 22 till
211 729 108 20 närmaste
333 726 169 23 Rådstufvurätt.
532 727 44 28 Lag
595 734 88 19 samma,
699 734 46 14 som
763 728 38 21 sist
816 728 53 28 sagd
884 729 31 25 är,

164 769 51 15 vare
233 770 34 14 om
286 761 112 28 skådespel
416 761 24 22 af
456 761 122 29 förgripligt
596 760 94 23 innehåll
706 761 71 23 blifvit
792 762 124 29 offentligen

164 796 110 28 uppfördt.

509 848 11 27 8
538 847 32 21 56.

232 885 31 26 Är
277 890 141 28 förbrytelsen
436 889 77 29 belagd
531 889 49 22 med
594 889 77 22 urbota
686 890 64 21 straff
762 891 40 20 och
816 891 41 21 hör
872 890 43 22 för-

165 924 94 22 fattaren
274 924 51 22 eller
340 924 47 26 den,
399 923 84 22 hvilken
499 925 99 21 ansvaret
612 924 34 21 för
661 924 89 22 skriften
765 925 66 27 enligt
846 925 70 22 denna

164 959 134 28 Förordning
317 957 87 29 äligger,
424 958 8 21 i
450 958 54 22 slika
522 957 44 22 mäl
583 957 69 22 under
669 958 94 27 Hofrätt,
782 959 56 28 gälle
859 959 57 22 hvad

166 993 73 22 derom
253 994 8 21 i
276 995 12 20 2
304 994 11 27 8
331 995 13 20 8
358 993 49 28 kap.
423 993 209 28 Rättegängsbalken
646 993 94 28 stadgas.

509 1055 11 27 8
536 1055 34 20 57.

232 1097 42 21 Vid
290 1096 134 22 anställande
434 1097 24 21 af
467 1096 45 22 ätal
522 1099 56 19 emot
589 1097 113 28 förgriplig
712 1097 63 22 skrift
788 1097 41 22 bör
843 1098 71 21 skrift-

164 1131 30 29 lig
209 1132 117 27 stämning,
344 1131 139 27 upptagande
497 1131 47 21 icke
558 1131 56 21 blott
628 1132 152 28 förbrytelsens
794 1132 121 22 beskaffen-

164 1166 43 26 het,
222 1168 52 19 utan
290 1166 61 21 äfven
365 1166 126 27 hänvisning
508 1166 33 20 till
556 1166 36 20 det
606 1166 62 21 ställe
682 1166 8 21 i
705 1166 89 21 skriften
808 1168 56 20 samt
880 1167 35 21 det

164 1200 118 27 stadgande
300 1200 8 19 i
326 1200 70 20 denna
412 1200 144 26 Förordning,
574 1199 67 21 hvarå
659 1200 137 27 anklagelsen
814 1201 101 26 grundas,

164 1233 107 21 tillställas
290 1232 117 22 svaranden
426 1232 86 21 sednast
530 1231 46 22 åtta
594 1233 67 27 dagar
679 1233 45 21 förr
746 1234 28 20 än
795 1234 44 21 han
860 1234 55 21 skall

163 1267 33 22 till
214 1266 117 23 svaromåls
350 1266 121 28 afgifvande
492 1266 56 22 inför
566 1266 119 23 domstolen
707 1268 32 27 sig
760 1267 90 27 infinna;
874 1268 41 22 och

163 1309 51 15 vare
229 1302 41 21 den
284 1301 8 21 i
307 1302 25 27 $$
348 1302 26 20 33
390 1301 40 21 och
447 1302 27 20 34
488 1301 103 28 stadgade
606 1302 90 28 ordning
711 1302 75 22 härvid
800 1302 60 28 följd.

508 1368 11 28 8
536 1369 33 20 58.

232 1411 60 22 Skall
307 1419 91 20 anonym
413 1411 61 22 skrift
490 1410 75 28 åtalas,
580 1413 60 26 tages
659 1413 134 28 stämningen
811 1413 58 22 inom
884 1413 31 22 of-

164 1446 134 23 vannämnda
312 1447 32 21 tid
358 1445 14 23 &
389 1446 163 28 boktryckaren,
572 1453 51 20 som,
643 1447 71 22 derest
731 1447 43 22 han
793 1447 18 28 ej
830 1447 86 28 utgifvit
