1017 1659
184 106 33 17 732
384 103 71 24 Nådiga
466 104 138 22 Propositionen
615 104 35 17 N:o
663 104 27 17 15.

161 169 41 22 den
216 168 88 27 erlagda
313 167 266 28 kartasigillata-afgiften,
590 167 96 21 kommer
700 166 34 22 för
748 166 114 22 framtiden
877 167 33 20 att

159 200 126 28 bibehållas,
298 197 67 32 jemte
375 201 37 21 det
422 201 112 22 enahanda
547 200 85 23 förmån
645 199 137 23 tillerkännes
796 200 114 22 länsökan-

161 236 65 22 derne
244 236 8 20 i
269 235 103 22 Finlands
389 234 62 22 Bank
468 235 40 21 och
526 235 69 21 andra
613 234 108 22 allmänna
734 234 82 26 kassor,
832 233 28 23 då
874 234 37 22 det

160 268 43 28 lån,
218 268 67 23 hvarå
299 269 121 21 skuldsedel
431 269 67 27 jemte
511 268 123 28 inteckning
648 268 70 22 blifvit
731 268 132 26 meddelade,
878 275 32 15 se-

161 304 97 22 dermera
276 303 25 21 af
316 310 27 14 en
361 303 51 22 eller
430 309 71 15 annan
522 302 115 28 anledning
658 302 65 22 likväl
743 302 47 22 icke
810 302 100 28 beviljas;

160 338 96 22 börande
270 338 58 24 dock.
339 336 143 23 förhållandet
492 337 36 22 vid
541 337 75 27 hvarje
630 336 84 22 tillfälle
728 344 52 14 vara
794 336 117 29 behörigen

160 372 97 29 bestyrkt
271 373 56 20 samt
341 372 90 22 ärendet
444 372 34 21 till
488 371 161 23 vederbörande
660 372 122 22 Guvernörs
793 371 117 29 afgörande

161 406 147 23 öfverlemnas.

504 458 12 28 g
532 459 34 20 41.

228 500 172 23 Landskontoret
417 501 8 21 i
442 501 74 28 hvarje
533 500 37 22 län
588 507 50 21 eger
656 507 35 15 om
704 500 94 22 kronans
812 501 45 21 rätt
871 501 40 21 och

161 535 63 22 bästa
241 534 131 23 härutinnan
392 534 65 22 hafva
477 542 113 21 noggrann
612 535 40 21 och
673 535 153 27 uppmärksam
847 534 64 28 vård;

161 570 41 22 och
216 568 82 30 åligger
312 569 106 22 Kontoret
432 569 56 29 förty
500 571 32 20 att
546 569 48 21 föra
609 569 105 28 ordentlig
729 569 183 28 anteckningsbok

161 604 19 28 ej
195 604 84 21 mindre
292 603 49 23 med
355 603 174 22 Landtränteriet
543 603 59 22 öfver
616 602 39 22 der
672 603 106 29 befintligt
795 603 117 28 stämpladt

160 645 84 21 papper
258 638 42 22 och
317 638 185 27 stämpelmärken,
520 639 28 20 än
566 637 48 22 med
632 637 230 29 försäljningsmännen
880 638 31 22 öf-

160 679 39 15 ver
212 672 57 22 hvad
283 672 27 22 de
324 672 33 22 till
371 671 127 29 försäljning
512 671 66 23 utfått
592 672 40 21 och
646 672 50 21 med
707 672 54 26 dem,
773 679 46 15 som
830 671 82 24 sådana

161 705 29 30 på
204 706 70 22 kredit
289 706 85 22 erhällit
392 708 56 20 samt
461 706 56 22 hvad
532 706 24 22 af
569 706 48 22 dem
631 706 8 21 i
652 706 110 28 betalning
776 706 86 27 influtit,
878 706 34 22 sä-

161 748 47 20 som
222 741 40 22 ock
276 742 33 20 att
324 742 107 26 emottaga
449 741 40 21 och
507 740 87 22 förvara
608 740 170 23 vederbörandes
794 741 119 22 aflemnade

160 775 166 29 borgesskrifter
343 776 40 21 och
401 775 152 27 förbindelser;
572 776 40 21 och
630 775 55 21 skall
703 775 209 23 Landskamreraren

161 817 92 15 ansvara
266 810 34 22 för
315 810 42 22 den
370 810 78 22 förlust
463 810 83 21 kronan
556 810 42 21 kan
608 809 126 28 tillskyndas
746 810 122 28 derigenom
880 812 32 20 att

160 846 51 26 han,
226 844 8 22 i
251 844 103 22 händelse
371 844 25 22 af
407 844 171 22 vederbörandes
596 844 146 22 försummelse
757 846 32 20 att
802 845 110 28 betalning

160 880 8 20 i
186 879 91 27 behörig
294 878 32 22 tid
347 878 123 26 inleverera,
488 878 133 28 inventering
640 878 91 22 anställa
749 879 52 21 eller
818 880 94 21 redovis-

161 914 52 27 ning
228 913 86 27 afgifva,
328 913 48 21 icke
391 914 75 26 genast
480 912 120 28 skriftligen
614 912 162 28 handräckning
790 913 40 21 hos
844 914 68 22 Läne-

162 947 103 29 styrelsen
280 947 54 26 sökt,
350 946 51 22 eller
416 954 34 14 om
464 947 44 21 han
518 946 116 22 anförtrott
645 946 188 28 försäljningsman
844 949 69 21 större

161 982 78 27 belopp
258 982 34 25 än,
312 980 65 28 enligt
394 981 56 21 hvad
471 981 41 21 här
530 981 62 21 ofvan
614 981 102 27 stadgadt
737 982 31 26 är,
790 982 34 21 till
845 982 68 22 denne

161 1016 65 22 bordt
239 1015 113 22 utlemnas.
381 1015 10 21 I
410 1015 65 28 öfrigt
493 1015 41 21 och
546 1014 66 27 jemte
627 1015 36 21 det
676 1015 172 23 Landskontoret
862 1024 51 20 eger

162 1050 63 22 ställa
243 1050 32 26 sig
292 1049 34 21 till
344 1049 142 22 efterrättelse
503 1049 56 21 hvad
573 1048 179 29 författningarne
766 1048 96 30 påbjuda
877 1058 35 14 om

161 1083 187 28 halfårsförslager
362 1085 56 19 samt
428 1082 162 28 årsräkningars
601 1083 127 27 afgifvande,
740 1083 81 29 åligger
832 1085 80 21 Lands-

161 1119 139 21 kamreraren
318 1118 48 20 föra
384 1117 138 21 törenämnde
540 1118 182 27 anteckningsbok
740 1120 55 19 samt
809 1120 105 26 upprätta

162 1152 44 22 alla
215 1152 123 27 räkningar,
349 1151 105 27 förslager
464 1152 40 20 och
516 1151 144 27 anordningar
670 1160 28 13 m.
709 1160 27 13 m.
746 1152 58 21 öfver
815 1153 7 20 i
832 1153 80 21 Landt-

162 1187 103 20 ränteriet
278 1185 106 27 befintligt
398 1184 142 22 kartaförräd.
564 1184 45 21 Och
624 1184 41 26 mä,
678 1185 28 21 dä
720 1186 77 20 sädant
812 1186 38 21 allt
864 1187 48 21 blif-

161 1220 31 20 vit
205 1219 161 27 vederbörligen
380 1218 112 27 fullgjordt
510 1220 55 20 samt
579 1218 93 22 kronans
687 1220 45 20 rätt
745 1220 117 26 behörigen
876 1220 36 22 be-

162 1253 69 21 vakad
246 1254 40 20 och
300 1253 116 27 iakttagen,
427 1254 33 19 tre
471 1254 89 25 procent
571 1252 24 21 af
604 1252 55 21 hvad
670 1253 58 21 inom
739 1253 47 21 äret
796 1253 34 21 för
840 1254 72 22 karta-

162 1287 126 28 försäljning
298 1287 79 21 influtit
392 1287 40 21 och
447 1287 82 21 kronan
544 1286 184 28 tillgodokommit,
743 1288 7 21 i
765 1288 147 22 Landskonto-

162 1324 44 20 rets
221 1321 127 29 ärsräkning
362 1321 87 26 afföras,
464 1321 25 21 af
500 1321 85 22 hvilken
599 1324 89 24 procent
698 1321 37 23 tvä
747 1323 59 22 delar
817 1323 95 23 tillfaller

162 1357 210 22 Landskamreraren
386 1356 40 22 och
442 1356 40 22 den
496 1355 135 23 äterstäende
642 1357 130 28 tredjedelen
783 1358 129 23 Landtränt-

162 1393 114 21 mästaren.
