1023 1664
172 100 45 15 1114
372 99 71 22 Nådiga
455 99 136 22 Propositionen
603 99 36 16 N:o
651 99 28 16 24.

218 162 89 21 auktion
328 161 106 29 utbjudna
453 162 42 28 för
517 161 41 21 den
580 162 26 27 af
625 161 165 29 Länestyrelsen
813 160 86 30 jemlikt

217 197 70 21 denna
305 196 12 28 $
336 196 110 21 bestämda
464 196 33 21 tid
515 196 26 28 af
557 196 64 28 högst
639 196 37 20 två
695 196 26 20 år
740 196 24 20 åt
785 195 40 21 den
847 195 52 21 eller

217 230 53 26 dem,
286 236 45 14 som
345 230 68 27 åtaga
428 230 34 28 sig
477 229 212 29 minuteringsafgift
697 229 42 29 för
755 229 78 28 högsta
848 229 52 21 kan-

217 265 86 21 netalet.
325 263 236 22 Kommunalnämnden
571 264 80 28 pröfve
666 264 25 20 de
707 263 77 27 anbud,
797 270 44 14 som
852 264 49 20 der-

217 299 38 21 vid
270 299 73 28 göras,
359 298 39 21 och
413 305 35 21 ege
463 298 53 26 dem,
534 298 49 21 med
601 298 96 28 afseende
713 298 20 28 ej
747 298 84 21 mindre
846 298 14 21 å
874 297 26 22 de

218 332 117 29 bjudandes
358 332 126 28 behörighet
502 332 39 21 och
560 332 118 29 tjenlighet,
698 333 29 20 än
745 333 64 28 äfven
827 332 14 21 å
859 332 41 22 den

217 367 106 29 erbjudna
338 367 103 29 afgiftens
457 367 81 28 belopp,
554 370 83 24 antaga
651 368 52 20 eller
712 366 113 29 förkasta.

274 399 22 29 Å
308 410 59 18 orter
379 407 39 21 der
430 407 19 28 ej
461 407 260 28 kommunalförvaltning
736 407 68 28 enligt
817 407 84 29 nådiga

213 441 164 29 förordningen
399 441 40 21 den
458 440 15 21 6
491 440 109 22 Februari
616 439 56 23 1865
694 442 59 20 ännu
771 442 27 20 är
816 441 83 29 införd,

219 475 122 29 handlägge
364 475 168 21 socknestämma
553 475 26 21 de
600 476 10 20 i
631 474 70 22 denna
723 475 12 28 $
755 475 146 29 omförmälda

219 510 100 21 ärender.

527 556 12 28 $
555 557 34 20 47.

275 598 16 21 I
306 598 49 22 stad
373 598 56 22 skall
447 598 154 30 Magistraten,
620 598 65 22 sedan
703 598 85 22 stadens
807 598 69 31 äldste
891 600 10 20 i

219 633 90 22 ärendet
325 633 66 21 hörde
407 633 78 29 blifvit,
501 634 59 20 inom
572 634 77 28 första
668 634 84 28 hälften
767 634 25 28 af
804 633 97 22 Januari

218 668 80 21 månad
313 668 36 22 till
364 667 164 29 Länestyrelsen
545 668 110 20 inkomma
671 668 49 21 med
737 668 88 28 wppgift
840 668 14 20 ä
868 669 33 20 in-

219 702 94 21 lemnade
329 702 148 28 ansökningar
492 709 34 14 om
540 702 191 28 minuteringsrätt
746 706 55 16 samt
816 702 85 29 afgifva

217 736 112 22 utlåtande
345 736 107 21 huruvida
467 736 107 28 rättighet
586 740 32 17 att
628 736 53 21 idka
695 736 148 22 minuthandel
853 737 48 21 med

219 770 93 21 bränvin
329 770 36 21 mä
384 777 25 13 en
428 771 51 21 eller
493 770 53 28 flere
561 777 106 21 personer
682 771 33 27 pä
734 770 63 28 högst
812 771 37 21 två
864 771 37 21 års

219 805 33 21 tid
267 804 102 27 tilldelas,
385 804 110 29 äfvensom
506 805 89 28 föreslä
613 806 9 19 i
639 804 86 22 hvilken
744 804 61 22 trakt
819 805 26 29 af
858 808 43 18 sta-

220 839 40 21 den
275 838 75 30 hvarje
359 838 214 30 försäljningsställe
583 839 74 27 finnas
671 840 42 20 mä.
736 839 166 29 Länestyrelsen

213 874 60 28 fatte
292 873 94 29 derefter
405 873 67 21 beslut
489 874 10 20 i
518 874 71 20 ämnet
605 873 38 21 och
657 874 58 28 gifve
731 874 36 21 det
781 873 120 29 Magistra-

220 911 35 17 ten
269 907 116 27 tillkänna,
401 907 110 29 hvarefter
519 908 313 28 försäljningsrättigheterna
842 909 59 20 inom

219 941 63 21 Mars
296 942 90 20 mänads
401 942 83 28 utgäng
499 942 26 28 af
533 942 147 28 Magistraten
691 942 33 28 pä
735 942 100 29 offentlig
848 942 52 22 auk-

220 977 45 19 tion
279 975 101 29 utbjudas
399 976 23 20 ät
440 976 40 21 den
499 976 52 21 eller
566 976 54 25 dem,
637 983 44 14 som
699 976 67 28 ätaga
784 977 33 27 sig
833 977 68 29 afgift

212 1010 43 28 för
278 1010 77 28 högsta
377 1009 107 22 kannetal.
518 1009 147 29 Magistraten
686 1017 36 21 ege
744 1010 83 26 dervid,
846 1012 55 27 efter

220 1044 84 20 stadens
319 1044 80 20 äldstes
414 1044 95 21 hörande
526 1044 115 22 bestämma
657 1052 32 13 om
699 1044 54 28 flere
768 1045 133 28 rättigheter

219 1077 61 22 skola
301 1077 99 28 utbjudas
423 1078 103 28 samfäldt
547 1079 10 20 i
579 1081 29 19 ett
630 1082 65 24 utrop
717 1079 52 21 eller
788 1078 112 22 särskilät.

218 1111 207 21 Auktionsanbuden
444 1112 92 29 pröfvas
558 1113 26 28 af
603 1112 157 28 Magistraten,
783 1120 45 14 som
851 1120 49 21 eger

219 1146 54 26 dem,
287 1146 48 20 med
350 1146 97 29 afseende
462 1147 20 28 ej
495 1146 86 22 mindre
596 1147 13 21 &
624 1146 25 21 de
668 1146 117 29 bjudandes
801 1146 100 30 behörig-

219 1180 35 21 het
272 1180 39 21 och
329 1180 112 28 tjenlighet
459 1182 29 19 än
507 1181 63 29 äfven
589 1181 14 22 &
621 1181 41 21 den
677 1181 105 29 erbjudna
797 1181 103 30 afgiftens

219 1215 83 27 belopp,
317 1217 82 25 antaga
415 1215 52 20 eller
475 1214 113 29 förkasta.

528 1280 12 29 $
556 1281 34 21 48.

303 1322 142 27 Oförändrad,
460 1323 49 22 med
523 1323 84 29 tillägg:

275 1356 80 22 Annan
374 1357 83 27 handel,
470 1358 44 29 för
536 1358 65 22 hvars
623 1359 141 30 bedrifvande
787 1359 112 30 erfordras

219 1391 106 23 särskildt
340 1393 106 26 tillstånd,
465 1393 36 21 må
519 1393 45 22 icke
579 1394 10 21 i
604 1395 153 29 sammanhang
772 1395 47 21 med
835 1395 65 22 brän-

219 1427 241 29 vinsförsäljningsrätt
474 1428 92 29 utöfvas.
