1023 1667
169 130 33 16 592
368 128 71 22 Nådiga
451 128 138 22 Propositionen
601 129 34 17 N:o
649 129 26 15 13.

144 199 47 15 som
205 193 37 20 äro
258 191 105 21 anställde
377 191 34 21 för
425 197 101 15 varornas
541 190 143 26 utlemnande,
700 191 105 21 anteckna
820 190 74 22 dervid

144 226 141 22 förefallande
298 226 162 27 utborgningar,
475 226 53 20 utan
543 225 41 21 den
598 225 49 25 bok,
659 225 60 21 hvari
730 225 100 27 antingen
842 226 52 27 köp-

144 268 92 14 mannen
250 260 50 27 sjelf
313 260 51 21 eller
379 260 41 21 den
434 259 140 27 bokföringen
588 259 164 21 handhafvande
763 260 132 21 kontoristen

144 294 56 25 inför
219 294 178 27 anteckningarne
415 294 8 21 i
440 293 158 22 minnesboken.
627 293 125 22 Frånvaron
770 294 24 21 af
810 296 31 19 ett
858 294 36 22 be-

144 329 81 21 stämdt
239 328 118 28 stadgande
372 327 109 29 angående
495 328 59 20 rätta
571 328 124 28 betydelsen
712 328 40 21 hos
767 328 61 21 ordet
842 328 53 22 han-

145 363 88 21 delsbok
250 362 40 22 bör
304 362 36 21 vid
358 361 76 22 sådant
452 361 135 22 förhållande
606 362 18 28 ej
643 362 72 22 kunna
732 362 112 22 föranleda
862 363 33 21 till

144 396 136 28 villrådighet
294 396 52 21 eller
360 396 154 22 missförstånd.

212 432 44 20 Det
268 431 58 21 inses
340 432 52 20 utan
407 430 113 28 svårighet,
536 432 32 20 att
583 430 36 22 det
632 430 87 27 vitsord,
734 430 161 22 handelsboken

144 465 91 23 sålunda
250 472 55 21 eger,
317 465 41 21 lätt
372 465 47 26 kan,
431 466 49 20 med
495 464 51 23 eller
560 467 53 19 utan
628 465 64 28 afsigt
706 466 39 21 hos
759 465 136 28 köpmannen

145 500 51 22 eller
214 501 53 21 hans
285 499 114 28 betjening,
417 500 86 21 komma
521 501 32 20 att
570 499 130 22 missbrukas
719 501 57 20 samt
795 501 31 19 att
841 500 55 21 slika

144 535 112 25 missbruk,
276 534 83 22 oafsedt
376 534 36 21 det
428 534 123 28 betänkliga
573 534 45 21 deri
640 536 33 19 att
694 534 113 21 samhället
827 534 8 21 i
852 534 43 22 viss

144 568 50 22 mån
208 569 125 21 medverkar
347 568 35 21 vid
397 568 54 26 dem,
466 569 73 21 kunna
554 568 33 21 för
602 568 47 26 den,
662 576 45 14 som
719 568 93 22 drabbas
828 568 66 27 deraf,

143 603 67 22 blifva
224 603 81 28 ganska
319 602 102 22 känbara.
451 602 140 28 Obestridligt
606 603 24 21 är
646 602 35 22 det
696 603 45 26 ock,
757 605 32 19 att
804 603 40 21 den
858 603 36 22 be-

143 638 89 27 visning,
248 645 46 14 som
309 636 156 23 åstadkommes
480 644 76 21 genom
571 637 79 21 endera
664 637 128 28 sakegarens
804 636 90 30 edgång,

144 672 69 21 ehvad
231 672 36 21 det
284 673 26 20 är
328 671 127 22 svarandens
476 672 51 21 eller
544 671 127 27 kärandens,
691 672 139 22 öfverbufvud
848 672 47 21 icke

144 708 26 19 är
188 706 68 28 egnad
275 708 32 20 att
324 706 64 21 häfva
406 705 153 22 tvifvelsmålen
576 706 93 21 rörande
688 706 40 21 den
746 706 149 28 ifrågakomna

143 740 168 28 utborgningens
325 740 123 28 verklighet,
463 740 80 22 hvilket
557 740 7 21 i
579 740 141 22 förevarande
731 739 62 29 fråga
803 740 24 22 så
838 748 56 20 myc-

143 776 37 21 ket
194 782 59 14 mera
267 774 68 22 måste
349 774 65 22 blifva
431 774 150 27 förhållandet,
600 782 46 14 som
664 775 70 21 denna
752 774 88 30 edgång,
858 775 37 21 der

144 810 42 22 den
204 817 50 21 eger
272 817 48 14 rum
337 809 14 22 å
368 809 121 22 kärandens
508 810 52 26 sida,
580 810 24 21 af
620 809 63 22 ofvan
701 810 115 28 uppgifven
831 810 64 22 orsak

144 845 18 28 ej
179 844 42 22 kan
236 844 45 22 afse
300 844 74 28 sjelfva
389 844 40 21 den
443 844 137 28 tilldragelse,
595 851 46 15 som
658 844 56 28 lagts
728 844 34 22 till
777 845 69 27 grund
861 844 34 22 för

143 878 125 23 käromålet.
290 878 33 22 Ur
337 878 57 22 båda
409 879 61 21 dessa
485 879 130 27 synpunkter
629 879 43 21 kan
687 879 35 21 det
736 878 94 29 anspråk
840 881 54 20 rätt-

143 914 89 27 visligen
250 913 73 21 ställas
342 912 28 28 på
388 913 140 27 köpmannen,
548 915 32 19 att
598 913 41 21 den
657 913 49 26 bok,
728 914 44 20 han
790 914 36 21 vill
845 913 50 23 åbe-

144 955 60 20 ropa,
220 947 17 27 ej
253 946 34 22 får
301 954 52 14 vara
367 946 101 22 behäftad
486 946 49 22 med
553 947 35 26 fel,
603 954 46 14 som
667 947 95 21 minskar
776 948 118 28 trovärdig-

143 982 64 21 heten
221 982 8 20 i
244 982 48 20 dess
306 980 99 22 innehåll.
436 981 46 21 Och
498 981 58 21 detta
570 980 94 28 anspråk
678 982 43 20 kan
736 982 49 21 med
799 981 25 22 så
838 989 56 21 myc-

143 1016 37 21 ket
200 1018 69 19 större
288 1016 46 20 skäl
352 1017 63 25 göras
433 1015 49 21 fullt
503 1016 105 26 gällande,
628 1023 46 14 som
691 1016 81 21 bokens
793 1016 102 28 rigtighet

144 1050 40 21 och
198 1050 159 27 tillförlitlighet
371 1050 7 20 i
393 1050 75 27 sjelfva
482 1050 72 20 verket
568 1049 52 22 bero
639 1050 75 21 endast
729 1050 66 26 deraf,
810 1052 32 19 att
858 1058 36 14 an-

142 1084 153 28 teckningarne
309 1084 8 20 i
331 1084 152 21 minnesboken
497 1083 66 22 blifva
577 1085 53 19 utan
644 1084 29 21 fel
688 1084 52 22 eller
754 1084 91 28 ändring
862 1085 32 21 in-

143 1118 63 22 förda
223 1119 8 20 i
246 1118 129 25 densamma,
394 1120 55 19 samt
467 1118 73 21 härtill
555 1118 18 26 ej
588 1118 100 21 behöfves
703 1118 117 28 någonting
834 1126 60 14 mera

143 1152 52 21 eller
213 1151 92 27 svårare,
321 1153 28 19 än
367 1153 32 19 att
413 1152 47 26 den,
475 1160 46 14 som
536 1152 124 21 verkställer
677 1152 129 26 införandet,
821 1153 73 21 dervid

143 1186 107 28 iakttager
263 1186 71 27 vanlig
350 1186 119 22 aktsamhet
483 1187 40 21 och
542 1186 96 28 ärlighet.
668 1186 166 28 Ifrägavarande
849 1187 45 27 lag-

143 1220 81 26 förslag
238 1218 118 22 innehäller
370 1220 8 20 i
393 1220 58 20 detta
469 1220 121 21 hänseende
604 1220 76 20 endast
695 1220 41 20 den
751 1220 142 26 föreskriften,

144 1254 32 20 att
190 1253 69 21 boken
274 1253 55 21 skall
343 1260 52 14 vara
410 1253 144 27 ,ordentligen
568 1252 65 22 förd".
662 1253 50 21 Men
730 1253 90 21 emedan
835 1253 59 21 detta

142 1287 92 28 uttryck,
250 1286 66 28 enligt
331 1286 118 22 Utskottets
465 1287 143 28 uppfattning,
620 1288 24 20 är
660 1287 78 28 egnadt
753 1289 32 20 att
798 1287 96 28 tydligen

142 1321 180 28 vidhandengifva
335 1320 56 22 hvad
405 1321 129 22 bokföraren
548 1322 40 21 har
603 1323 32 19 att
649 1322 7 20 i
671 1322 100 21 afseende
785 1321 14 22 &
812 1322 81 21 bokens

142 1355 95 22 innehåll
258 1356 102 28 iakttaga,
382 1355 35 22 för
438 1358 32 19 att
488 1356 19 28 ej
530 1356 110 28 äfventyra
658 1356 48 21 dess
724 1356 86 26 vitsord,
830 1364 63 14 anser

143 1390 109 22 Utskottet
269 1389 68 29 nägra
355 1391 99 21 närmare
471 1391 159 28 bestämningar
644 1391 8 21 i
670 1391 70 21 denna
755 1391 35 21 del
808 1391 18 29 ej
841 1398 52 15 vara

143 1424 25 22 af
179 1425 77 21 nöden.
270 1438 29 3 —
312 1425 43 21 Det
372 1425 40 21 har
425 1425 124 29 visserligen
564 1425 116 26 anmärkts,
696 1427 32 19 att
742 1425 69 22 boken
826 1426 67 22 borde

142 1458 114 28 innehälla,
271 1461 60 20 utom
345 1466 77 16 varans
440 1466 65 16 namn
523 1460 41 22 och
581 1460 45 27 pris
644 1462 56 18 samt
718 1460 69 27 dagen
806 1460 28 22 dä
852 1460 40 22 den
