1020 1661
336 109 72 23 Nådiga
420 111 136 21 Propositionen
569 111 34 16 N:o
616 111 27 16 21.
795 111 46 16 1055

117 174 54 20 nära
184 173 159 28 förvandtskap,
355 180 46 15 som
412 174 113 21 förefinnes
540 174 90 21 emellan
644 173 143 22 nästnämnda
801 180 64 21 ange-

116 207 101 28 lägenhet
234 208 41 21 och
292 207 56 22 vissa
367 208 59 21 delar
444 208 23 21 af
487 208 121 21 änberörda
625 207 84 28 Nädiga
726 208 140 27 proposition,

116 241 64 22 hafva
196 241 116 22 Ständerne
330 241 74 22 tillätit
418 243 33 26 sig
466 243 31 20 att
511 243 33 20 till
559 242 35 21 det
608 241 147 28 underdäniga
770 249 54 19 svar,
840 242 26 21 de

118 276 8 20 i
141 275 133 21 förestäende
289 275 66 21 mätto
374 276 50 21 bort
442 276 91 21 aflemna
551 275 13 21 ä
582 276 40 20 den
641 276 138 25 sistnämnda,
797 277 7 19 i
820 276 46 27 dju-

116 312 62 25 paste
196 309 169 28 underdänighet
382 310 50 28 foga
451 310 34 21 det
504 309 163 28 önskningsmäl,
690 310 124 26 Ständerne,
837 309 29 28 pä

117 344 40 21 här
175 344 69 21 nedan
262 346 110 26 upptagna
390 344 52 26 skäl,
463 344 103 28 enhälligt
582 344 88 21 beslutit
688 344 32 28 sig
734 344 35 20 för
784 346 31 19 att
830 344 35 21 be-

117 378 107 22 träffande
240 379 92 28 änsagde
348 379 165 28 oegentligheter
527 380 8 20 i
549 379 83 21 landets
647 378 114 27 rättsvärd,
773 379 44 21 lika
827 387 38 13 un-

121 413 125 28 derdänigst
258 413 125 22 framställa.

185 448 65 21 Utom
270 449 25 20 de
314 448 107 21 allmänna
440 448 123 27 domstolar,
582 455 45 14 som
646 449 123 20 omnämnas
787 448 8 21 i
811 449 54 20 1734

118 481 35 22 års
167 482 42 27 lag,
226 483 36 20 äro
278 489 75 20 genom
368 482 105 22 särskilda
488 483 151 26 författningar
654 482 107 27 åtskilliga
775 482 34 21 för
823 482 42 21 till-

117 516 61 21 fället
192 518 154 19 sammansatta
361 517 115 21 domstolar
491 516 115 28 påbjudna,
618 516 24 21 af
650 517 71 20 hvilka
733 517 54 21 dock
797 515 68 28 några

117 557 89 15 numera
220 550 50 27 föga
285 551 51 21 eller
350 551 86 21 alldeles
454 551 47 21 icke
519 551 83 21 anlitas.
632 551 40 21 Till
691 551 25 21 de
734 551 133 21 sistnämnda

117 585 79 25 kunna,
211 586 59 20 utom
286 584 46 22 öfra
346 585 40 21 och
401 584 66 22 nedra
482 585 157 27 Borgrätterne,
655 584 71 22 hvilka
737 584 128 22 domstolars

117 619 140 26 verksamhet,
272 620 8 20 i
299 619 104 21 anseende
418 619 32 21 till
465 619 122 21 nuvarande
602 618 147 22 förhållanden
764 619 8 20 i
785 619 80 26 landet,

117 654 62 20 torde
194 653 24 21 af
230 654 32 27 sig
277 653 50 27 sjelf
339 654 95 24 förfallit,
450 654 61 21 äfven
526 654 26 21 de
567 652 24 22 så
605 654 84 20 kallade
705 653 161 21 Slottsrätterne

118 688 48 21 med
182 688 45 21 skäl
244 688 84 21 räknas.
358 687 115 28 Angående
492 688 60 21 desse
569 688 114 27 stadgades
700 688 8 20 i
726 687 77 28 Kongl.
822 687 43 21 för-

119 722 117 27 ordningen
255 722 40 21 den
317 723 26 19 22
363 722 51 21 Juni
433 724 60 24 1696,
517 724 31 19 att
569 722 35 20 vid
627 722 42 21 alla
691 722 51 21 slott
763 722 7 20 i
792 722 73 20 landet

118 756 68 21 skulle
207 756 81 21 införas
310 756 115 26 Slottsrätt,
447 756 7 21 i
476 756 83 21 hvilken
581 756 178 27 landshöfdingen
779 756 8 20 i
808 756 59 21 länet

118 790 52 22 eller
185 789 47 27 den,
246 790 44 21 han
304 790 7 20 i
326 790 37 21 sitt
381 790 60 21 ställe
460 790 134 25 förordnade,
610 790 60 20 förde
690 790 60 21 ordet
765 792 56 18 samt
834 789 32 21 bi-

119 825 100 21 sittarene
234 824 110 28 utgjordes
359 824 24 21 af
395 824 147 27 borgmästare
557 824 40 20 och
615 823 68 28 några
697 823 90 22 rådmän
801 824 8 21 i
823 825 43 19 stä-

120 859 64 21 derne
196 858 66 28 jemte
277 857 67 29 några
358 858 69 21 andra
440 858 97 28 lagfarne
553 858 53 28 gode
622 860 55 24 män,
689 865 45 15 som
749 857 66 29 aflagt
830 858 37 21 do-

118 892 93 27 mareed,
230 892 24 22 så
272 894 31 20 att
321 892 185 22 medlemmarne
498 888 15 36 i
525 893 68 21 denna
609 892 97 27 domstol,
722 892 144 22 ordföranden

118 927 137 25 inberäknad,
272 927 68 21 blefvo
356 927 32 27 sju
404 924 32 24 till
451 928 86 20 antalet.
567 927 73 27 Enligt
653 926 79 28 nådiga
746 926 120 22 förordnin-

120 968 40 21 gen
179 961 41 21 den
238 962 26 20 27
283 961 117 22 December
420 963 52 19 1817
491 963 105 25 upptager
618 961 40 21 och
677 962 61 26 afgör
756 961 111 21 Slottsrätt

118 996 47 20 icke
180 996 90 20 allenast
285 995 42 21 mål
342 995 109 27 angående
467 996 26 21 de
507 996 64 24 brott,
586 996 138 26 hvarigenom
737 995 129 27 borgfreden

119 1030 69 21 blifvit
202 1030 83 26 bruten,
301 1030 39 20 och
356 1028 81 23 således
454 1030 25 20 de
494 1030 63 25 brott,
573 1036 46 14 som
637 1029 102 21 föröfvats
754 1029 57 21 inom
825 1029 41 21 hus

120 1064 51 21 eller
186 1063 59 29 gård,
262 1064 36 21 der
312 1064 24 21 E.
352 1064 39 21 M:t
406 1064 51 21 eller
474 1064 71 28 någon
559 1064 90 21 medlem
664 1064 25 21 af
700 1064 25 20 E.
740 1063 49 21 M:ts
805 1063 62 27 Höga

119 1098 67 27 familj
206 1098 67 21 under
291 1098 83 21 vistelse
392 1099 8 20 i
417 1098 90 21 Finland
528 1097 126 28 uppehåller
672 1098 42 27 sig,
737 1097 50 21 eller
808 1098 59 21 inom

120 1132 102 21 Senatens
245 1132 51 21 eller
317 1132 148 21 Hofrätternas
489 1133 127 20 embetsrum
639 1131 51 22 eller
708 1131 13 21 å
743 1131 26 22 de
790 1131 77 26 fästen,

119 1173 47 14 som
187 1167 53 21 bära
261 1174 64 13 namn
344 1166 23 22 af
383 1167 98 21 Kronans
501 1167 56 25 slott,
575 1168 53 19 utan
650 1167 40 20 ock
711 1165 43 22 mål
775 1165 93 22 rörande

119 1200 107 27 tjenstefel
248 1201 24 21 af
291 1201 41 21 den
353 1201 35 21 vid
410 1201 184 28 länefängelserna
621 1200 106 21 anställda
747 1200 120 27 betjening,

119 1235 118 26 hvarutom,
254 1235 84 28 jemlikt
357 1236 25 20 10
401 1236 11 27 $
433 1237 26 20 14
477 1236 54 27 Kap.
552 1235 23 22 af
584 1235 84 28 Kongl.
686 1235 182 27 Krigsartiklarne

121 1269 24 22 af
158 1269 40 22 den
217 1271 24 19 31
258 1270 58 21 Mars
336 1271 60 25 1798,
415 1269 43 22 mäl
476 1269 109 28 angäende
603 1269 119 28 krigsmans
740 1269 59 21 brott
817 1269 51 21 eller

119 1303 101 21 förseelse
237 1304 152 26 undantagsvis
408 1304 41 20 kan
468 1304 23 20 af
508 1304 110 20 Slottsrätt
632 1305 106 25 upptagas
753 1303 40 21 och
809 1302 58 27 afgö-

119 1344 43 14 ras.
185 1337 45 21 Och
246 1338 24 20 är
286 1337 35 21 det
335 1337 33 21 för
383 1336 65 28 öfrigt
463 1336 106 26 stadgadt,
585 1338 32 18 att
631 1336 76 21 besvär
722 1336 58 21 öfver
792 1336 76 22 Slotts-

119 1372 55 20 rätts
192 1371 72 28 utslag
282 1371 131 21 omedelbart
430 1373 106 25 upptagas
555 1371 24 20 af
591 1370 256 27 Justitiedepartementet
861 1371 7 20 i

121 1405 92 22 Senaten
230 1405 34 22 för
282 1405 95 22 Finland.
396 1417 28 3 —
443 1405 72 28 Enligt
533 1405 129 21 Ständernas
685 1405 136 28 uppfattning
844 1406 24 20 är

121 1440 41 22 den
179 1440 31 22 tid
227 1440 129 28 längesedan
374 1439 63 28 förbi,
459 1439 28 22 dä
509 1440 25 21 de
552 1439 85 28 äsigter,
655 1439 72 22 hvilka
744 1439 125 23 föranledde
