1017 1664
182 98 32 16 682

380 95 70 24 Nådiga
462 97 138 21 Propositionen
612 97 35 16 N:o
660 97 26 16 14.

221 161 94 28 försorg
331 167 34 14 om
380 160 63 21 deras
459 159 208 29 offentliggörande;
686 159 110 21 hvaremot
815 159 41 22 den
868 160 42 29 för

226 193 263 29 Finans-Ezpeditionens
510 193 55 29 Chef
577 195 52 20 eller
649 201 72 13 annan
738 192 173 23 Senatsledamot

227 229 10 20 i
255 229 53 20 hans
327 229 62 20 ställe
403 229 66 28 förut
487 228 104 28 stadgade
613 227 108 28 rättighet
743 231 32 17 att
796 229 34 20 uti
852 229 59 20 vissa

222 263 47 30 fall
284 263 65 28 hafva
364 264 45 19 säte
425 263 39 21 och
479 263 91 20 stämma
585 263 9 20 i
605 262 200 22 Bankdirektionen
818 262 93 22 kommer

228 301 33 18 att
275 297 132 21 inskränkas
423 297 74 22 endast
517 297 36 21 till
565 297 86 28 frågor
670 297 109 28 angående
794 300 64 17 stats-
873 297 39 21 och

228 331 167 22 militieverkens
413 332 68 21 under
500 330 153 22 Direktionens
670 331 142 29 förvaltning
830 332 82 21 ställda

223 366 89 30 fonder.

284 400 57 21 16:0.
370 400 36 22 På
427 400 211 22 Bankdirektionens
659 401 108 28 pröfning
790 400 38 21 och
850 401 62 28 afgö-

228 435 69 22 rande
317 435 122 21 ankommer
452 435 133 29 framdeles:
604 438 33 17 att
656 435 116 20 bestämma
788 435 35 20 det
837 435 75 21 värde.

230 470 91 21 hvartill
335 469 160 22 räntebärande
511 469 150 28 obligationer,
677 469 117 29 utfärdade
810 469 25 28 af
849 469 64 28 hypo-

230 504 189 29 theksföreningar
431 504 38 21 och
481 504 70 21 andra
567 504 111 20 allmänna
693 504 106 21 anstalter
810 504 10 19 i
832 504 79 25 landet,

228 539 36 20 mä
280 539 69 20 säsom
365 538 103 28 hypothek
481 539 41 28 för
542 538 36 21 län
594 541 103 25 antagas;
713 541 54 18 samt
786 541 32 17 att
830 538 83 29 jemväl

230 573 117 21 bestämma.
363 572 95 28 beloppet
476 573 25 28 af
519 573 37 21 län
570 579 27 14 ur
613 572 88 27 banken,
718 576 55 17 emot
787 572 125 29 inteckning

229 608 10 20 i
253 615 82 13 samma
343 607 110 28 fastighet
468 608 51 20 eller
531 607 32 28 pä
578 610 30 17 ett
623 607 39 20 och
677 614 80 13 samma
772 607 111 28 hypothek.

287 639 54 23 17:0.
374 640 87 29 Högsta
483 642 90 20 tillätna
595 641 257 29 ansvarighetsbeloppet,
869 642 43 28 för

232 675 80 21 hvilket
327 683 25 13 en
368 675 38 21 och
425 683 80 13 samma
519 683 81 21 person
612 675 43 28 får
674 676 70 20 såsom
763 679 99 22 trassent,
879 683 35 14 en-

231 710 85 21 dossent
331 711 52 20 eller
399 713 111 24 acceptant
522 711 42 28 för
579 711 58 20 inom
653 710 72 21 landet
740 710 113 21 betalbara
866 717 47 14 vea-

232 745 34 20 lar
293 745 68 28 blifva
387 744 102 29 häftande
515 745 10 20 i
551 743 91 26 banken,
664 744 37 21 mä
726 744 45 21 icke
794 745 119 29 öfverstiga

231 778 107 27 200,000
353 779 68 21 mark.

290 812 55 22 18:0.
375 813 105 22 Senatens
502 813 283 28 Ekonomie-Departement
807 821 55 22 eger,
881 815 33 27 pä

230 847 213 29 Bankfullmäktiges
456 848 96 28 förslag,
569 848 90 28 vidtaga
668 848 167 29 förändringar
849 850 10 20 i
874 849 40 21 den

226 882 41 29 för
287 882 82 21 banken
385 883 132 28 fastställda
539 885 48 24 stat,
602 882 112 29 förordna
733 883 35 21 till
786 883 127 21 inrättande

232 917 25 28 af
269 924 42 21 nya
326 917 164 21 vexelanstalter
503 917 51 21 eller
566 921 115 24 agenturer
693 918 9 19 i
713 917 25 21 de
754 918 80 25 städer,
851 918 64 21 hvar-

232 955 31 16 est
277 951 74 28 dylika
362 952 93 27 pröfvas
471 958 54 13 vara
541 951 115 28 behöfliga,
673 955 55 17 samt
744 951 115 21 bestämma
872 959 43 14 om-

226 985 81 29 fånget
322 985 25 29 af
359 985 63 21 deras
437 985 134 22 verksamhet
583 985 38 21 och
631 985 92 29 utfärda
735 986 179 28 aflöningsstater

227 1020 42 29 för
288 1020 56 26 dem,
365 1020 107 29 äfvensom
489 1020 116 28 förändra
623 1021 52 20 eller
693 1020 95 28 indraga
807 1021 25 20 de
848 1021 67 28 förut

233 1054 116 27 befintliga.

292 1087 39 22 Uti
347 1089 40 20 den
401 1090 10 19 i
425 1087 91 30 Nådiga
529 1089 166 28 propositionen
713 1089 92 28 intagna
818 1089 97 22 instruk-

234 1124 45 20 tion
288 1123 42 28 för
347 1123 201 28 Bankfullmäktige
567 1123 64 29 hafva
650 1123 125 22 Ständerna
790 1124 63 28 äfven
862 1125 54 28 fun-

232 1159 35 19 nit
281 1158 117 28 anledning
415 1161 32 17 att
461 1159 76 28 införa
551 1158 72 28 några
639 1158 123 28 ändringar
774 1158 39 21 och
828 1159 86 28 tillägg,

234 1192 139 28 hvarigenom
389 1192 46 21 dess
451 1193 76 28 lydelse
543 1192 66 28 blefve
619 1193 116 27 följande:

290 1226 21 27 a)
328 1225 135 21 Ständernas
482 1225 201 30 Bankfullmäktige
703 1227 86 27 åligger
808 1229 32 17 att
855 1233 61 22 sorg-

228 1260 81 29 fälligt
324 1259 55 21 vaka
394 1259 99 29 deröfver
510 1263 33 17 att
553 1259 107 22 Finlands
671 1259 64 22 Bank
746 1263 109 26 noggrant
864 1261 52 28 för-

232 1295 72 20 valtas
320 1294 67 28 enligt
403 1293 25 22 de
443 1294 91 28 stadgar
546 1293 39 22 och
595 1295 149 27 reglementen,
760 1293 73 22 hvilka
848 1295 68 20 redan

233 1329 80 29 gjorda
333 1330 39 19 äro
388 1329 53 20 eller
456 1329 75 20 vidare
545 1329 10 21 i
570 1329 51 28 laga
636 1329 94 29 ordning
749 1331 66 27 göras
834 1329 82 26 kunna;

236 1364 69 21 såsom
320 1364 37 20 ock
373 1366 39 23 att,
427 1364 10 19 i
453 1363 98 22 händelse
572 1364 90 20 emellan
681 1364 158 29 landtdagarne
855 1364 64 29 behof

234 1398 138 29 uppkommer
388 1398 25 29 af
421 1397 159 30 förklaringar
596 1399 52 20 eller
663 1399 124 28 ändringar
799 1401 9 20 i
819 1399 25 22 de
859 1399 58 21 stad-

234 1441 42 20 gar
295 1433 39 22 och
351 1434 148 27 reglementen,
521 1441 44 14 som
578 1433 41 29 för
638 1433 90 22 Banken
747 1435 39 20 äro
808 1434 108 28 gällande,
