1020 1661
194 109 34 16 620

394 107 72 24 Nådiga
476 109 137 22 Propositionen
625 108 35 18 N:o
674 108 26 17 13.

240 172 61 27 intyg
320 171 26 20 sä
362 171 38 20 väl
418 171 74 21 derom
509 177 45 14 som
573 177 34 14 om
625 171 82 20 antalet
722 170 67 26 sidor,
805 170 47 26 den;
867 170 57 23 dess-

234 205 114 29 förinnan
363 203 81 29 riktigt
454 204 131 28 paginerad,
600 204 132 25 innehåller;
747 211 52 14 vare
815 203 38 22 ock
868 203 56 29 skyl-

240 239 38 28 dig
297 242 33 17 att
348 238 38 21 kos
404 239 147 28 Magistraten
568 239 10 20 i
592 239 76 20 staden
683 239 94 25 anmäla,
793 238 60 21 hvem
869 238 54 21 hans

240 272 129 22 handelsbok
382 273 56 28 föra.
457 272 62 22 skall.
553 272 97 27 Befinnes
669 272 44 21 han
731 273 66 28 hafva
816 272 80 21 brustit
914 273 10 21 X

240 308 68 28 något
326 307 78 28 häraf:
418 306 136 30 pröfve:ock
575 306 86 27 Rätten,
680 306 56 22 hvad
754 306 82 21 verkan
855 306 14 21 ä
888 306 35 21 bo-

216 358 2 2 +
240 341 50 22 kens
304 342 86 21 vitsord
404 342 36 20 det
455 341 66 29 hafva
536 341 46 21 bör.

554 394 54 30 2$.

297 438 51 22 Har
362 439 21 29 ej
388 439 132 22 handlande
534 439 70 22 innan
617 438 110 29 utgången
741 439 26 28 af
779 439 65 20 nästa
857 439 25 20 år
894 439 30 28 ef-

242 477 33 18 ter
292 474 44 25 det,
354 473 124 22 hvarunder
495 472 187 29 utkrediteringen
697 472 61 27 skett,
775 473 97 21 tillställt
888 472 37 21 kö-

238 515 72 22 paren
324 507 96 29 räkning
436 508 13 20 å
464 508 25 21 de
505 507 93 28 borgade
610 514 102 19 varorna,
724 508 52 21 eller
789 507 76 21 honom
876 507 49 21 der-

236 544 42 28 för
290 543 36 22 hos
338 542 82 21 Rätten
431 543 52 21 eller
502 542 109 28 Kejsarens
622 541 245 30 Befallningshafvande
876 542 48 20 sökt

242 572 62 31 samt,
318 578 10 20 i
342 577 135 21 sistnämnda
482 577 53 28 fall,
547 576 77 22 honom
634 576 290 29 utsökningshandlingarne

242 612 114 28 delgifvit:
371 618 36 22 ege
422 611 19 28 ej
457 608 66 24 boken
533 611 41 29 för
586 611 40 21 den
637 610 134 30 utborgning
783 610 79 22 sädant
872 612 54 20 vits-

243 647 47 26 ord,
306 654 45 14 som
365 647 9 21 i
388 645 13 22 1
415 646 13 28 $
443 648 69 27 säges.

556 691 15 21 3
590 692 19 28 $.

299 730 35 35 Är
352 734 97 29 räkning
467 736 60 20 inom
546 734 38 26 tid,
604 742 44 13 som
663 735 9 20 i
686 734 16 21 2
717 735 12 28 $
745 736 68 27 säges,
829 734 97 29 köparen

244 770 110 26 tillställd,
370 769 38 21 och
423 770 40 20 har
479 769 42 21 han
537 770 25 28 ej,
577 770 59 20 inom
651 776 36 14 sex
697 770 104 20 mänader
813 770 65 21 sedan
890 770 36 20 det

242 804 84 26 skedde,
346 803 86 29 tillsagt
448 803 138 23 handlanden
604 807 33 17 att
655 803 122 29 räkningen
795 805 20 28 ej
829 803 98 29 godkän-

242 846 44 19 nes,
301 839 53 21 eller
369 837 37 22 ock
423 838 91 21 klander
529 838 53 21 derä
598 838 37 21 hos
650 837 116 30 Kejsarens
778 837 148 30 Befallnings-

244 873 106 29 hafvande
370 873 83 21 anmält
470 873 52 20 eller
542 873 35 21 till
595 872 81 21 Rätten
693 873 101 21 instämt:
808 873 59 29 gälle
885 873 41 21 den

243 907 96 29 räkning
354 914 45 14 som
408 907 56 30 fullt
479 907 57 22 bevis
553 913 32 15 om
600 907 56 21 hvad
671 907 40 21 den
726 907 128 22 innehåller.

559 955 13 22 4
590 957 19 27 $.

300 995 35 25 Är
351 1000 89 21 emellan
455 999 121 22 handlande
588 999 39 21 och
638 999 87 28 köpare,
738 1000 36 20 till
785 999 86 22 hvilken
883 1000 43 21 han

244 1041 66 15 varor
325 1033 110 29 utborgat,
450 1033 85 22 motbok
552 1033 78 26 hållen,
646 1034 38 21 och
700 1034 41 21 har
753 1033 102 29 köparen,
867 1035 60 20 inom

245 1067 33 21 tid
293 1075 45 13 som
352 1068 10 20 i
375 1067 15 20 2
405 1068 13 27 $
432 1069 97 24 utsättes,
546 1067 116 28 bevisligen
673 1069 114 26 emottagit
799 1068 69 21 denna
879 1067 47 27 bok,

244 1102 96 28 afslutad
349 1101 43 29 för
407 1102 27 20 är
449 1102 52 20 eller
516 1102 88 20 kortare
620 1101 45 21 tid:
679 1102 30 21 dä
724 1109 51 13 vare
790 1102 137 21 handlanden

243 1136 21 28 ej
280 1136 84 28 skyldig
380 1139 33 17 att
428 1143 72 13 annan
515 1135 96 29 räkning
628 1136 60 28 öfver
704 1136 55 20 hvad
771 1135 112 22 motboken
894 1137 33 20 in-

244 1170 97 22 nehäller
357 1170 76 21 honom
449 1170 109 21 tillställa.
588 1170 44 21 Vill
648 1169 96 29 köparen
759 1171 20 27 ej
795 1170 66 21 boken
875 1171 52 28 god-

245 1204 78 26 känna,
342 1205 54 27 göre
414 1204 74 20 derom
507 1204 116 28 tillsägelse
642 1205 52 20 eller
714 1205 84 19 anmäle
821 1205 51 20 eller
894 1206 33 18 in-

245 1239 88 19 stämme
352 1237 97 25 klander,
469 1238 54 28 efter
543 1238 36 28 thy
597 1238 9 20 i
621 1237 15 20 3
651 1238 12 28 $
678 1239 68 27 säges,
761 1239 59 19 inom
835 1238 34 21 tid
882 1245 45 14 som

245 1272 39 22 der
303 1272 94 28 stadgas,
416 1272 87 21 räknad
515 1272 58 29 frän
591 1272 41 21 den
650 1272 42 28 dag
711 1272 43 21 han
768 1272 112 21 motboken
896 1272 32 30 af-

245 1306 71 22 slutad
336 1310 104 25 emottog;
458 1306 48 22 sker
525 1306 36 22 det
575 1307 26 28 ej,
617 1307 57 28 gälle
690 1306 112 22 motboken
817 1314 45 14 som
870 1308 57 28 fullt

246 1342 57 21 bevis
322 1348 34 15 om
375 1341 56 22 hvad
449 1342 40 21 den
507 1342 128 21 innehåller.
664 1340 51 22 Har
729 1349 76 22 genom
821 1341 106 30 köparens

246 1376 99 22 vällande
360 1376 111 21 motboken
480 1376 132 29 förkommit
626 1377 52 20 eller
687 1376 49 29 fätt
751 1377 79 20 sädant
837 1377 42 28 fel,
895 1381 32 17 att

246 1411 41 22 den
304 1411 21 28 ej
344 1411 48 26 kan,
408 1412 10 20 i
432 1411 35 22 det
482 1418 45 14 som
542 1411 76 21 tvistas
634 1418 40 19 om,
683 1411 43 29 för
742 1411 132 29 tillförlitlig
890 1407 37 26 an-

246 1452 38 21 8e8,
300 1452 36 22 ege
352 1445 135 22 handlanden
503 1446 52 22 eller
571 1445 132 29 bokföraren
714 1445 155 22 handelsboken
880 1447 47 21 med
