1020 1661
349 111 71 22 Nädiga
432 113 138 21 Propositionen
582 112 35 18 N:o
629 113 27 16 24.
810 112 45 17 1093

198 174 61 29 öfver
273 174 41 21 den
328 175 110 22 särskilda
453 176 73 29 afgift,
542 176 42 21 han
599 176 38 21 vid
652 175 114 22 auktionen
777 176 102 29 erbjudit,

189 207 52 27 "kan
255 208 76 29 giltigt
351 209 70 22 anbud
436 211 20 27 ej
472 211 66 26 göras
554 210 25 28 af
595 217 72 15 annan
686 211 29 20 än
728 209 59 28 finsk
801 210 79 21 under-

197 243 52 25 säte,
269 243 85 21 hvilken
372 250 49 21 eger
438 244 44 28 god
497 244 64 29 frejd
580 244 39 21 och
637 244 82 28 jemväl
740 245 9 19 i
767 245 113 30 allmänna

197 276 104 28 lefvernet
319 277 139 28 redbarligen
476 278 33 28 sig
526 277 109 29 förhällit
653 281 55 17 samt
724 279 70 27 gitter
813 278 66 20 ställa

191 310 48 28 full
257 310 98 21 säkerhet
372 311 42 28 för
433 311 127 33 ätagandets
576 311 150 29 fullgörande.
759 310 54 31 Den,
834 318 44 15 som

197 344 37 20 vid
248 348 86 24 utropet
349 348 91 17 stannar
452 345 42 28 för
513 346 76 27 högsta
609 345 97 26 anbudet,
722 352 51 14 vare
789 346 89 27 pligtig,

197 378 38 21 vid
247 378 85 28 förlust
348 379 25 27 af
382 379 127 28 derigenom
527 379 102 29 betingad
641 379 98 28 förmon,
755 383 34 17 att
803 383 76 25 genast

196 412 106 29 uppgifva
317 413 75 21 staden
410 414 51 20 eller
479 414 36 21 det
532 414 63 20 ställe
615 414 13 20 &
647 413 72 21 landet
738 414 59 20 inom
814 414 64 26 länet,

198 446 86 22 hvarest
298 447 41 21 den
354 448 105 27 inropade
474 448 134 28 rättigheten
627 447 92 21 kommer
735 452 33 16 att
786 448 92 28 utöfvas.

197 480 32 30 Ej
237 481 43 29 fär
296 482 104 20 bränneri
416 482 105 29 anläggas
532 483 59 20 inom
603 490 71 13 annan
686 482 75 21 socken
773 484 25 27 af
808 482 71 29 Lapp-

197 515 99 21 markens
316 516 77 26 härad,
413 518 28 19 än
460 516 152 22 Muonioniska
625 517 142 29 församling,
784 524 45 14 som
844 517 36 21 till

197 550 245 29 bränvinstillverkning
459 551 79 21 hittills
552 552 61 20 varit
631 550 130 29 berättigad,
778 552 19 27 ej
813 551 65 21 heller

197 584 13 21 å
233 584 154 27 ecklesiastika,
409 585 87 21 militie-
518 585 39 21 och
579 585 71 21 andra
677 586 64 20 civila
763 581 115 30 boställen;

197 618 117 30 hvarjemte
326 619 42 29 för
387 619 101 29 utöfning
507 620 25 28 af
549 619 245 29 bränvinstillverkning
813 619 14 21 å
847 620 31 21 lä-

181 649 2 2 —
196 653 83 28 genhet,
298 661 44 13 som
361 654 26 28 af
403 661 72 13 annan
498 655 28 20 än
548 661 79 21 egaren
649 654 129 29 innehafves,
801 654 77 21 dennes

197 687 133 28 uttryckliga
345 688 125 27 begifvande
485 688 75 21 dertill
576 687 39 22 bör
624 689 91 28 företes.

254 722 32 21 De
301 722 52 22 sistä
366 721 37 22 två
417 724 120 20 momenten
551 723 7 20 i
574 723 11 27 $

332 756 148 22 oförändrade.

513 815 12 27 S
542 816 18 19 7.

252 848 21 29 Å
289 856 163 28 Länestyrelsen
467 856 122 22 ankommer
604 860 33 18 att
650 857 81 27 pröfva
741 857 25 20 de
777 857 38 21 vid
826 856 51 22 auk-

197 892 72 20 tionen
287 891 79 29 gjorda
385 891 71 21 anbud
475 892 38 20 och
532 894 38 23 att,
590 891 70 21 derest
678 891 48 21 med
744 891 83 29 hänsyn
843 892 35 20 till

197 925 24 21 de
233 924 80 22 skedda
324 925 77 28 högsta
413 925 97 21 anbuden
521 925 83 21 sädana
615 925 183 28 omständigheter
810 925 67 21 skulle

197 960 32 27 sig
247 959 80 29 förete,
347 966 44 14 som
409 966 49 14 vore
477 959 111 21 stridande
611 962 55 18 emot
689 959 123 21 ändamälet
830 959 48 21 med

196 993 70 21 denna
278 994 146 28 författning,
438 994 112 27 förordna
570 994 34 20 till
622 1000 28 21 ny
669 993 89 21 auktion
773 994 52 20 eller
840 1001 37 13 an

197 1030 52 25 taga
265 1028 61 28 lägre
341 1027 77 26 anbud,
439 1027 73 22 hvilka
530 1027 86 29 derföre
632 1028 81 28 jemväl
728 1026 60 23 skola
802 1028 10 21 i
827 1026 50 23 auk-

197 1061 185 29 tionsprotokollet
396 1063 82 27 inflyta.
507 1061 50 22 Med
572 1062 53 25 dem,
642 1061 84 22 hvilkas
741 1062 71 21 anbud
828 1061 50 29 blif-

195 1097 33 20 vit
243 1096 26 28 of
281 1096 163 28 Länestyrelsen
459 1096 116 28 godkända
589 1096 38 20 och
636 1096 138 28 fastställda,
786 1097 91 27 upprät-

197 1134 32 17 tas
246 1130 108 26 kontrakt,
371 1130 109 28 hvarefter
495 1130 164 28 Länestyrelsen
678 1137 48 21 eger
743 1137 33 14 om
788 1130 88 28 förlop-

193 1168 39 24 pet
242 1165 111 21 inberätta
364 1166 35 20 till
410 1164 103 21 Senatens
524 1164 289 28 Ekonomie-Departement,
826 1172 50 18 som,

196 1199 10 20 i
225 1198 100 22 händelse
343 1199 59 20 inom
419 1199 66 28 något
504 1200 37 20 län
564 1198 245 29 bränvinstillverkning
830 1198 46 22 icke

197 1233 128 28 öfvertagits
343 1233 52 21 eller
415 1233 53 20 blott
486 1240 25 13 en
530 1232 34 22 del
583 1232 25 28 af
625 1233 67 20 länets
716 1232 161 29 tillverknings-

197 1266 75 29 belopp
291 1267 72 27 blifvit
380 1268 94 26 inropad
493 1267 38 21 och
545 1267 33 28 pä
596 1266 145 29 omförmälda
762 1268 45 19 sätt
826 1267 51 28 aflä-

197 1304 40 21 ten,
254 1300 126 21 bestämmer
396 1301 106 20 huruvida
518 1300 90 21 sälunda
624 1300 133 20 äterstäende
769 1301 107 27 rättighet

197 1334 35 22 mä,
251 1335 9 19 i
271 1334 100 21 anseende
388 1334 35 20 till
432 1334 177 28 förekommande
625 1333 109 21 särskilda
750 1334 53 26 skäl,
819 1334 57 21 med-

197 1345 71 62 gijas
281 1369 34 20 till
326 1368 136 29 begagnande
477 1369 58 20 inom
550 1371 70 25 annat
631 1369 38 20 län
684 1368 51 20 eller
751 1368 37 21 ock
800 1368 76 21 indra-

197 1411 45 21 gas.
275 1402 114 22 Bränneri
406 1403 35 21 mä
460 1403 19 28 ej
496 1403 97 21 inrättas
611 1403 58 21 inom
687 1403 72 28 någon
778 1402 98 22 kommun

197 1438 15 21 å
227 1438 79 26 landet,
321 1438 39 21 der
375 1437 123 23 kommunen
513 1437 20 29 ej
546 1437 77 22 dertill
639 1438 77 21 lemnat
729 1439 40 20 sitt
782 1437 72 30 bifall.
