1017 1661
310 111 71 23 Nådiga
393 113 137 21 Propositionen
541 113 34 17 N:o
588 114 28 19 21.
780 113 32 16 981

90 181 83 14 samma
191 181 76 21 genom
285 175 75 28 Kongl
379 175 160 28 Förordningen
562 176 40 21 den
624 177 26 19 20
673 175 89 22 Januari
782 176 54 21 17.79

91 207 92 28 erhållit,
199 209 50 28 lyda
264 208 100 23 sålunda:
463 232 2 3 .

158 248 30 21 Af
204 248 106 22 Häradets
328 249 41 22 lott
386 250 8 20 i
412 250 90 21 sakören
519 249 83 22 behålle
621 256 26 15 en
669 249 103 28 tredjedel
793 249 43 22 Hä-

90 282 145 27 radshöfding,
251 289 71 15 annan
336 283 118 26 Nämnden,
472 284 68 26 tredje
554 283 102 21 Häradet.
685 283 11 21 I
710 282 126 23 Rådstufvu-

90 317 45 19 rätt
149 318 50 25 tage
214 316 150 28 Borgmästare
379 316 78 22 dubbel
471 317 41 21 lott
526 318 56 20 emot
596 316 101 22 Rädman.

394 403 144 21 Jordabalken.

403 463 38 17 14
452 463 79 22 Kap.

160 503 14 20 3
189 503 11 27 &
216 502 79 22 ändras
310 501 100 23 sålunda:

159 543 35 21 Nu
212 543 36 22 vill
266 542 71 28 någon
354 543 49 21 med
422 543 40 21 den
480 544 101 27 synedom
599 544 32 28 sig
649 545 19 27 ej
684 543 79 29 åtnöja,
778 544 61 28 vädje

92 576 28 22 då
134 577 68 21 under
216 577 93 27 Hofrätt,
325 585 45 13 som
384 578 8 20 i
407 577 208 29 Rättegångsbalken
630 580 55 26 sägs.
863 607 3 1 -

160 618 43 28 5:0)
218 618 11 20 I
244 617 65 28 öfrigt
323 618 105 23 förklaras
447 618 43 21 alla
508 618 26 22 de
552 618 110 26 särskilda,
681 618 31 22 tid
731 618 53 22 efter
802 626 38 14 an-

91 658 43 15 nan
152 652 103 21 utkomna
276 652 158 28 författningar,
454 660 44 14 som
520 652 56 28 angä
597 653 155 27 Lagmansrätt,
775 654 65 20 Käm-

92 687 95 21 nersrätt
202 686 39 22 och
256 686 193 28 Riddaresynerätt,
465 687 63 23 hafva
543 687 89 21 förfallit
655 688 2 20 i
676 688 56 20 hvad
747 688 25 21 de
786 688 54 26 icke,

94 719 69 22 sävidt
178 720 26 21 de
218 719 56 29 angä
288 720 155 26 Kämnersrätt,
458 721 54 21 böra
526 721 82 27 lämpas
626 720 29 28 pä
672 720 168 27 Rädstufvurätt,

92 753 72 23 säsom
178 754 7 21 i
200 754 41 22 den
259 754 67 22 förres
346 755 61 21 ställe
425 755 118 27 utgörande
562 755 68 21 första
649 755 91 21 domstol
757 756 7 20 i
782 756 58 26 stad;

92 789 108 21 äfvensom
212 789 43 21 alla
266 789 26 21 de
303 789 165 26 bestämmelser,
480 790 70 20 hvilka
562 796 75 21 genom
648 790 105 21 särskilda
764 790 76 28 Kongl.

92 824 148 20 Resolutioner
255 824 7 20 i
277 823 99 21 afseende
389 822 29 28 pä
433 830 26 14 en
475 824 33 21 del
522 822 186 23 Rädstufvurätter
727 824 59 28 gifna
803 826 38 20 äro

95 858 73 21 derom
188 860 31 19 att
237 860 57 19 emot
312 858 62 23 deras
396 858 74 21 domar
488 858 18 28 ej
525 858 56 28 finge
598 858 80 28 vädjas,
697 858 37 22 der
752 858 90 22 hufvud-

94 892 66 21 saken
179 892 18 28 ej
217 892 63 28 ginge
298 892 58 22 öfver
375 894 30 19 ett
419 892 52 22 visst
484 892 71 26 värde,
573 892 33 21 till
624 892 29 22 all
670 892 58 22 kraft
742 894 40 20 och
796 900 46 15 ver-

95 927 43 21 kan
152 927 126 27 upphäfvas.

164 966 42 28 6:0)
222 967 32 21 De
268 968 8 20 i
291 967 67 28 fjerde
372 967 95 27 punkten
478 968 24 20 af
515 968 69 20 denna
595 968 133 27 Förordning
740 968 102 28 stadgade

94 1001 188 27 lagförändringar
296 1001 60 21 skola
371 1000 48 22 frän
434 1002 40 20 den
488 1003 8 19 1
510 1002 90 20 Januari
616 1003 53 19 1869
685 1002 57 28 gälla
756 1002 33 21 för
801 1002 43 25 alla

94 1036 26 20 de
135 1034 49 27 mäl,
200 1035 6 21 i
221 1035 71 21 hvilka
310 1035 40 21 vad
369 1037 57 19 emot
444 1036 138 20 Häradsrätts
602 1035 50 21 eller
671 1035 172 22 Rädstufvurätts

95 1070 49 20 dom
160 1069 51 21 eller
225 1070 71 27 utslag
312 1070 95 27 erlägges
422 1070 51 20 eller
488 1070 100 25 anmäles,
608 1068 24 22 sä
650 1070 39 20 ock
704 1070 34 21 för
753 1070 26 21 de
793 1069 50 27 mäl,

94 1103 72 21 hvilka
181 1103 53 21 efter
248 1104 92 20 nämnde
356 1104 41 26 dag
415 1102 48 22 från
481 1104 148 20 Kämnersrätt
648 1104 50 20 eller
716 1103 128 22 Rädstufvu-

94 1139 50 24 rätt,
161 1137 51 21 eller
227 1137 48 21 frän
293 1137 150 28 Lagmansrätt
460 1137 33 21 till
507 1137 87 21 Hofrätt
609 1137 113 28 oafgjorda
735 1137 109 23 öfverlem-

94 1179 46 14 nas.
173 1171 111 22 Likaledos
304 1171 56 28 gälla
379 1171 61 21 dessa
458 1171 186 28 lagförändringar
666 1172 46 21 före
732 1173 54 20 1868
808 1171 36 22 års

95 1205 81 28 utgäng
194 1206 8 20 i
220 1205 26 22 de
264 1205 38 22 fall
321 1205 27 22 dä
365 1205 41 22 vad
428 1206 68 21 under
516 1205 88 22 Hofrätt
626 1205 147 22 dessförinnan
794 1213 51 20 eger

95 1248 54 18 rum,
165 1239 70 22 säsom
249 1240 8 21 i
272 1240 68 21 andra
354 1240 95 27 punkten
464 1240 39 21 här
521 1239 63 22 ofvan
602 1240 62 27 sagdt
683 1241 33 25 är;
736 1241 40 20 och
790 1240 54 21 iakt-

95 1271 61 31 tages
170 1274 75 22 härvid
260 1276 32 20 att
307 1274 26 22 de
352 1273 49 27 mål,
420 1274 71 22 hvilka
508 1274 114 28 oafgjorda
640 1274 138 22 öfverlemnas
797 1273 48 23 från

96 1308 150 21 Kämnersrätt
264 1308 32 20 till
314 1306 168 27 Rådstufvurätt,
502 1308 50 20 eller
574 1306 47 22 från
644 1308 150 27 Lagmansrätt
812 1307 33 21 till

96 1342 93 24 Hofrätt,
204 1341 53 21 böra
272 1348 61 14 anses
349 1342 39 20 och
406 1341 123 25 behandlas,
549 1341 25 21 de
592 1341 60 21 förra
670 1340 70 22 såsom
754 1348 50 14 vore
819 1341 27 24 de

96 1376 34 21 till
144 1374 188 23 Rädstufvurätten
349 1375 177 28 omedelbarligen
541 1375 111 26 instämda,
666 1376 39 21 och
718 1376 26 21 de
756 1376 89 21 sednare

99 1409 71 23 säsom
185 1410 55 21 hade
255 1410 27 21 de
297 1417 75 20 genom
383 1410 41 21 vad
438 1410 88 21 kommit
540 1409 48 22 frän
603 1410 130 21 Häradsrätt
746 1410 33 21 till
793 1409 52 22 Hof-

98 1447 55 26 rätt;
172 1452 48 15 men
239 1445 33 22 för
288 1445 42 22 alla
344 1445 46 21 före
405 1445 40 21 den
462 1447 9 19 1
488 1445 89 21 Januari
594 1446 52 20 1869
665 1444 48 23 frän
731 1445 114 22 Kämners-
