1020 1661
340 92 70 23 Nädiga
421 94 135 21 Propositionen
569 94 34 17 N:o
616 95 27 16 24.
799 94 44 17 1085

117 163 58 20 vara,
195 155 59 23 desto
272 163 60 15 mera
349 156 55 21 skall
421 157 47 21 icke
485 156 55 22 blott
558 157 173 28 dryckenskapen
752 156 49 22 med
820 157 47 21 sina

117 190 94 28 sorgliga
229 190 77 28 följder
324 190 46 22 äter
388 191 124 26 framträda,
530 193 52 19 utan
601 191 60 22 äfven
677 191 41 22 den
734 198 34 14 om
782 191 84 28 möjligt

117 226 57 19 ännu
197 226 68 19 större
287 225 115 21 moraliska
424 225 138 27 depravation
583 225 122 27 befrämjas,
724 233 46 13 som
788 225 78 21 under-

117 258 84 28 gräfver
216 258 143 21 rättskänslan
375 259 39 21 och
430 259 68 21 danar
511 259 94 27 legioner
619 259 94 27 hemliga
726 259 140 27 lagöfverträ-

117 292 57 26 dare,
198 291 148 23 härdnackadt
367 293 110 21 trotsande
503 292 231 28 samhällsordningens
759 292 45 22 bud
827 292 41 22 och

116 326 49 22 med
180 328 30 20 ett
225 326 56 28 slags
297 326 118 22 solidaritet
430 327 138 21 försvarande
583 327 40 21 och
639 327 99 27 döljande
753 327 36 21 det
804 326 62 22 onda.

117 361 46 21 Och
182 368 27 14 en
228 361 121 28 oundviklig
368 361 52 28 följd
439 361 24 21 af
480 361 91 22 anförda
588 360 135 23 förhållande
740 362 25 20 är
781 361 85 28 jemväl,

116 398 33 20 att
164 396 40 22 den
219 396 80 28 lagliga
317 396 258 27 bränvinsproduktionen
589 397 47 21 icke
654 396 42 22 kan
711 397 61 26 stiga,
788 398 23 26 ty
827 396 41 21 den

116 430 82 23 förmär
213 430 26 28 ej,
254 431 49 22 med
318 431 41 21 den
371 431 60 22 skatt
446 438 46 14 som
508 432 24 20 är
547 431 40 22 den
602 430 63 27 äsatt,
676 431 133 22 konkurrera
819 431 49 21 med

118 465 40 22 den
171 464 31 29 pä
215 465 80 28 olaglig
310 467 40 26 väg
365 465 88 28 spridda
467 473 72 14 varan.

185 500 38 21 Att
241 506 76 21 genom
338 498 156 29 polisätgärder
511 499 107 22 verksamt
639 499 65 28 stäfja
727 499 142 22 omförmälda

116 533 95 28 lagbrott
225 533 68 28 ligger
307 533 47 21 icke
368 535 59 20 inom
440 534 148 27 möjlighetens
603 535 94 26 gränser,
709 534 72 21 hvilka
793 533 75 29 anslag

117 569 27 20 än
159 567 68 22 skulle
241 567 111 27 uppoffras
367 566 72 28 derpä.
469 568 132 21 Botemedlet
619 568 40 21 bör
677 568 63 21 sökas
754 568 8 20 i
776 568 92 27 upphäf-

115 602 79 23 vandet
212 601 51 22 eller
282 602 153 22 förändrandet
453 602 24 21 af
494 601 80 23 sådana
592 602 133 27 stadganden
743 602 7 21 i
769 602 100 28 gällande

117 636 244 28 bränvinslagstiftning,
375 642 51 16 som
445 635 96 23 försvåra
557 636 39 22 den
611 636 80 28 lagliga
705 636 163 28 tillverkningen

117 671 40 21 och
172 672 52 26 göra
240 671 40 21 den
295 669 24 23 sä
335 671 44 27 dyr,
395 672 31 21 att
442 671 40 21 den
496 671 62 26 vinst,
578 678 44 14 som
642 671 122 27 derigenom
778 670 90 22 beredes

116 705 159 22 lönnbrännare
291 705 39 21 och
345 705 152 28 lurendrejare,
516 704 77 23 frestar
613 704 46 22 dem
679 706 32 20 att
727 705 81 21 förbise
828 705 40 21 den

116 740 51 25 risk,
183 739 101 21 hvarmed
301 739 61 21 deras
377 739 86 27 olofliga
477 740 128 26 handtering
620 741 25 19 är
659 739 95 21 förenad.

184 774 42 21 Det
244 773 71 22 kunde
333 774 123 28 visserligen
474 780 63 21 synas
557 781 44 14 som
617 781 34 14 om
666 773 65 27 tiden,
746 773 123 22 hvarunder

116 808 153 27 förordningen
291 807 24 21 af
335 808 40 21 den
394 809 12 20 2
425 808 58 20 Mars
504 809 53 19 1865
580 808 69 20 blifvit
669 808 119 27 tillämpad,
810 809 58 20 ännu

116 842 56 22 varit
190 842 73 21 alltför
281 842 48 21 kort
347 842 34 20 för
398 842 106 20 vinnande
522 842 24 21 af
559 849 26 14 en
599 842 133 27 välgrundad
747 842 122 21 erfarenhet

120 884 34 14 om
172 876 48 21 dess
234 876 133 27 verkningar.
397 876 49 21 Men
464 875 28 28 pä
510 878 43 20 sätt
571 883 25 13 ur
612 876 36 21 det
662 876 91 21 anförda
767 875 102 29 framgär,

117 918 63 14 anser
198 910 103 21 utskottet
320 910 54 21 dock
393 910 26 22 de
440 910 67 22 redan
528 910 135 22 framträdda
684 910 60 22 fakta
764 910 105 22 innebära

117 944 129 28 tillräckliga
267 944 175 28 fingervisningar
464 944 79 27 derom,
563 946 31 20 att
613 952 26 14 en
658 945 33 21 del
710 945 133 27 stadganden
861 944 8 21 i

118 980 66 27 sagde
198 979 125 27 förordning
338 978 75 23 kräfva
427 986 26 14 en
468 980 96 21 revision.
578 974 11 37 -
591 980 46 20 Och
653 981 31 19 att
698 987 29 13 nu
742 981 31 19 ett
787 979 82 27 förslag

117 1014 8 21 i
144 1012 76 23 sädant
238 1013 54 28 syfte
314 1013 69 21 blifvit
406 1014 120 21 Ständerna
548 1014 113 27 förelagdt,
679 1013 68 21 finner
766 1014 104 20 utskottet

119 1048 83 23 derföre
220 1048 49 21 fullt
286 1048 137 27 berättigadt,
442 1048 46 21 icke
507 1048 54 22 blott
579 1056 26 13 ur
623 1047 102 27 finansiel,
740 1049 53 20 utan
808 1047 62 22 äfven

120 1090 26 14 ur
160 1082 67 22 social
242 1082 112 27 synpunkt.

188 1116 10 21 I
214 1116 41 21 den
269 1115 79 28 nädiga
366 1116 160 27 propositionen
540 1116 113 27 uppgifvas
668 1116 94 27 följande
776 1116 94 21 bestäm-

119 1150 76 27 ningar
210 1150 7 21 i
232 1150 40 21 den
288 1150 99 27 gällande
401 1150 152 27 författningen
568 1149 71 22 säsom
651 1150 32 26 de,
694 1150 72 21 hvilka
776 1150 94 21 förnäm-

119 1184 65 27 ligast
194 1184 94 28 bidragit
298 1184 33 21 till
343 1186 32 19 att
386 1184 69 21 denna
466 1184 18 27 ej
496 1184 48 21 haft
554 1183 84 28 äsyftad
652 1184 85 25 verkan,
752 1184 118 27 nemligen:

316 1218 41 27 1:0)
373 1218 249 28 Tillverkningsskattens
636 1218 57 28 höga
706 1218 88 28 belopp;

314 1253 43 28 2:0)
372 1253 143 21 Föreskriften
534 1255 32 19 att
583 1253 84 21 skatten
686 1252 54 21 skall
758 1253 112 20 förskotts-

257 1287 38 25 vis,
313 1287 74 27 hvarje
405 1286 56 28 gång
480 1287 48 21 med
546 1287 65 21 minst
629 1294 25 14 en
672 1287 98 27 sjettedel
788 1286 25 21 af
825 1285 45 23 ärs-

257 1320 95 28 afgiften,
368 1321 108 27 erläggas;

315 1355 42 27 3:0)
373 1354 120 22 Tillätelsen
505 1356 31 21 att
547 1355 46 21 fritt
605 1355 40 22 och
657 1354 142 22 obehindradt
812 1354 59 22 inom

256 1389 74 22 landet
348 1389 65 22 forsla
430 1389 96 28 bränvin,
542 1390 38 21 der
593 1389 101 28 beloppet
712 1389 18 28 ej
747 1389 125 28 öfverstiger

259 1423 80 22 femton
354 1424 90 26 kannor;
