1025 1664
165 103 44 16 1130
362 102 70 23 Nädiga
444 103 137 20 Propositionen
593 103 34 16 N:o
640 103 28 15 24.

142 165 42 21 ken
202 165 104 26 qvantitet
325 165 55 21 dock
397 165 47 22 icke
462 166 25 20 är
501 164 24 22 så
539 164 46 29 låg,
601 167 32 19 att
646 165 86 27 krögeri
746 165 36 21 vid
796 164 97 22 fabriken

144 199 123 27 derigenom
282 199 68 21 skulle
364 199 144 28 möjliggöras.

212 241 96 21 Emedan
324 241 147 22 erfarenheten
485 241 56 22 visat
556 243 31 20 att
601 241 130 28 rättigheten
746 243 32 19 att
787 243 54 20 utan
852 241 43 22 för-

143 275 103 28 passning
264 275 51 21 eller
333 275 58 22 bevis
409 276 63 27 kring
489 275 73 22 landet
580 276 65 21 forsla
663 275 57 22 ända
738 275 33 21 till
789 276 40 21 och
847 275 49 22 med

146 310 25 20 15
191 309 82 21 kannor
294 309 96 26 bränvin,
413 310 114 27 befrämjat
549 310 144 27 afsättningen
716 309 24 22 af
758 310 138 27 lurendrejad

144 343 53 22 eller
210 343 121 21 lönnbränd
345 351 57 18 vara,
418 345 64 20 hafva
499 339 124 34 Ständerna,
641 345 70 20 ehuru
729 344 167 21 inskränkandet

145 377 24 22 af
183 377 69 21 denna
266 377 65 21 frihet
346 377 41 21 kan
402 378 97 21 medföra
514 379 30 20 ett
559 377 165 26 fiskaliserande,
740 378 79 21 hvilket
834 378 62 21 Stän-

146 411 67 22 derna
226 412 47 21 icke
287 412 8 20 i
311 412 40 21 och
366 411 33 22 för
414 413 32 26 sig
461 412 57 28 gilla,
533 412 64 21 likväl
611 412 8 21 i
634 412 93 27 enlighet
741 412 49 21 med
805 412 40 21 den
859 411 38 22 nå-

145 446 51 27 diga
217 446 160 28 propositionen
398 449 71 19 ansett
491 447 35 22 det
544 447 53 21 böra
617 447 86 27 stadgas
723 448 32 20 att
774 447 75 21 endast
867 449 31 19 ett

145 480 105 28 betydligt
268 481 83 21 mindre
368 481 57 27 parti
444 483 28 19 än
491 483 26 19 15
535 481 82 21 kannor
635 480 34 22 får
687 483 52 19 utan
761 481 137 28 förpassning

146 515 52 21 eller
219 515 177 28 ursprungsbevis
419 516 84 21 forslas.
535 515 139 22 Beträffande
696 516 74 27 sjelfva
791 515 107 28 beloppet,

146 549 64 21 hafva
225 549 121 22 Ständerna
360 549 34 22 för
408 550 33 21 sin
456 550 35 21 del
505 550 57 22 velat
575 550 120 21 bestämma
711 550 35 21 det
760 549 33 22 till
807 549 36 22 två
859 551 39 20 och

147 590 27 14 en
188 584 47 20 half
247 584 78 21 kanna.

215 626 61 21 Hvad
295 626 46 22 åter
359 626 131 22 vidkommer
508 626 174 22 beskaffenheten
702 626 24 22 af
746 627 41 21 den
805 627 94 27 förpass-

146 660 51 27 ning
213 660 51 21 eller
280 661 35 21 det
329 661 65 25 bevis,
412 662 102 20 hvarmed
531 661 90 22 forslare
640 661 24 21 af
680 662 68 20 större
763 662 58 27 parti
835 661 64 21 brän-

146 694 36 21 vin
200 696 28 19 än
245 695 94 21 nämnda
357 695 77 27 belopp
454 696 40 20 bör
511 703 53 14 vara
582 695 92 26 försedd,
693 696 64 21 hafva
780 696 121 21 Ständerna

147 730 71 20 ansett
233 730 31 26 sig
279 730 47 21 icke
340 730 54 21 böra
409 729 50 28 ingå
473 730 8 20 i
495 729 66 29 något
575 730 162 21 bestämmande
754 730 76 22 härom
847 732 54 19 utan

147 762 23 23 få
184 764 8 20 i
206 763 171 29 underdänighet
391 764 87 21 anhälla
493 766 32 20 att
539 765 24 21 E.
579 765 27 21 K.
621 764 40 21 M:t
674 764 50 22 ville
740 764 46 22 låta
803 765 98 22 meddela

148 798 27 22 de
189 798 138 27 föreskrifter,
344 806 46 14 som
404 798 8 21 i
427 798 59 22 detta
501 799 100 21 afseende
616 806 62 20 synas
694 799 109 28 lämpliga.

216 841 96 22 Emedan
331 842 36 21 det
384 842 43 21 kan
442 842 96 21 medföra
553 842 123 21 ekonomisk
691 842 68 22 fördel
774 842 34 22 för
821 842 80 27 landet,

149 883 35 15 om
205 876 113 22 bränvinet
335 876 43 22 blir
396 884 26 14 en
441 879 134 24 exportvara,
594 884 48 13 men
660 884 66 14 varan
744 877 47 21 icke
809 878 42 20 kan
873 876 29 29 pä

148 910 102 21 utländsk
271 910 105 22 marknad
394 910 133 22 konkurrera
545 912 40 20 när
607 911 84 21 skatten
713 911 52 21 ökar
784 912 47 21 dess
849 913 53 26 pris,

149 944 65 22 hafva
232 944 120 22 Ständerna
370 947 70 19 ansett
462 947 103 25 exporten
584 944 54 22 böra
659 945 138 28 möjliggöras
821 946 81 28 derige-

148 986 51 14 nom
217 980 32 20 att
267 979 121 21 restitution
407 979 24 21 af
448 979 74 27 erlagd
539 979 206 27 tillverkningsskatt
763 980 88 27 beviljas
869 981 35 21 för

149 1012 96 27 bränvin,
269 1020 45 14 som
335 1013 70 21 blifvit
426 1014 33 20 till
480 1013 81 21 utrikes
580 1015 34 19 ort
631 1013 89 21 utfördt.
750 1014 49 21 Men
818 1014 27 22 dä
868 1015 36 21 det

149 1047 71 22 kunde
241 1047 50 22 leda
312 1047 33 21 till
366 1047 97 28 fingerad
481 1049 76 25 export
575 1047 7 21 i
600 1047 64 27 afsigt
683 1049 32 20 att
733 1046 46 23 äter
797 1049 106 27 insmugla

150 1089 73 19 varan,
243 1089 34 14 om
295 1082 150 21 restitutionen
463 1082 116 27 beviljades
597 1082 68 20 redan
682 1082 36 21 vid
736 1082 167 28 utklareringen,

150 1116 62 22 torde
233 1116 68 22 sädan
324 1117 121 21 restitution
469 1117 52 21 böra
542 1116 117 27 medgifvas
681 1117 75 21 endast
775 1119 56 19 emot
848 1118 55 21 före-

149 1150 78 21 teende
240 1150 99 27 behörigt
354 1150 59 27 intyg
428 1150 97 22 deröfver
540 1152 31 18 att
587 1150 36 20 det
637 1150 141 26 exporterade
793 1151 112 21 bränvinet

150 1184 71 21 blifvit
235 1184 13 21 &
263 1184 201 21 destinationsorten
479 1184 137 21 inklareradt.
647 1184 46 21 Och
704 1184 64 22 hafva
785 1184 120 22 Ständerna

151 1218 34 20 för
200 1218 33 20 sin
248 1218 34 20 del
297 1218 83 26 antagit
394 1219 31 19 ett
442 1217 206 27 tilläggsstadgande
666 1218 75 20 härom
759 1218 68 20 under
843 1219 10 26 $
870 1220 33 19 62.

219 1260 191 26 Bestämningarne
424 1259 8 20 i
448 1261 26 19 63
491 1260 11 26 $
518 1261 37 19 äro
571 1259 78 20 ställda
663 1259 8 20 i
686 1259 219 23 öfverensstämmelse

151 1294 50 21 med
217 1295 25 19 57
262 1295 18 26 &,
297 1293 66 27 enligt
381 1293 41 21 den
440 1293 86 27 lydelse,
543 1293 120 22 Ständerna
680 1293 34 21 för
729 1294 123 21 densamma
867 1302 37 14 an-

152 1328 61 28 tagit.
242 1328 11 21 I
268 1329 11 27 &
296 1329 27 20 64
338 1326 52 27 åter,
410 1327 64 21 hafva
493 1327 125 26 Ständerna,
635 1326 27 22 dä
680 1327 38 22 der
735 1328 47 22 icke
801 1329 24 21 är
843 1328 62 29 fråga

152 1371 36 14 om
203 1361 66 23 sådan
288 1363 98 26 forsling,
405 1369 47 14 som
470 1362 7 21 i
494 1361 128 29 föregående
637 1363 24 26 $$
677 1363 141 27 omförmäles,
835 1366 70 20 ansett

153 1398 64 28 ingen
228 1397 97 22 bestämd
341 1397 103 28 gvantitet
459 1396 54 22 böra
527 1398 89 21 nämnas
627 1397 40 21 och
678 1397 85 22 derföre
774 1398 57 22 velat
841 1399 64 22 hafva

154 1433 71 28 orden
236 1432 93 27 yutöfver
344 1431 80 22 femton
439 1432 92 21 kannor"
547 1431 48 22 från
611 1431 69 22 denna
696 1433 10 26 &
724 1433 112 22 uteslutna.
