1017 1670
314 99 70 23 Nådiga
395 100 136 22 Propositionen
542 101 34 17 N:o
589 102 29 16 21.
783 100 43 17 1035

101 162 47 27 bör,
166 162 34 22 till
216 162 54 28 följd
289 162 66 27 deraf,
373 162 141 22 underkastas
533 163 41 22 den
588 163 97 27 ändring,
701 164 32 20 att
747 164 102 26 parterne

100 196 36 23 må
149 198 78 25 kunna,
242 199 53 20 utan
310 198 69 21 större
393 198 149 27 uppoffringar
556 198 52 21 eller
622 198 67 21 andra
700 198 149 21 inskränknin-

100 239 40 21 gar
155 234 28 20 än
199 232 47 21 dem
260 232 152 27 vederpartens
426 233 44 20 rätt
486 233 38 26 gör
538 232 141 28 nödvändiga,
694 232 98 28 begagna
807 232 42 21 den

100 266 103 28 rättighet
217 266 33 21 till
265 266 100 28 ändrings
381 266 100 26 sökande,
497 273 45 15 som
557 268 25 19 är
596 266 48 21 dem
658 267 8 20 i
679 266 37 28 lag
727 266 121 21 tillerkänd.

100 300 43 22 För
161 300 54 26 dem,
233 300 72 21 hvilka
323 302 37 20 äro
378 300 84 22 bosatte
480 301 8 20 i
506 307 82 15 samma
606 300 54 26 stad,
680 300 37 21 der
735 300 114 21 Hofrätten

100 334 73 26 finnes,
193 334 42 21 kan
250 334 41 21 den
306 342 29 13 nu
349 334 108 28 medgifna
471 334 59 22 tiden
545 342 62 14 anses
622 334 33 22 för
670 333 122 23 ändamålet
805 334 44 21 till-

100 368 89 28 räcklig.
211 369 32 21 De
258 368 60 22 fleste
332 368 85 22 befinna
432 370 32 27 sig
480 368 53 22 dock
548 368 28 28 på
592 376 76 19 annan,
684 369 100 21 stundom
799 376 51 20 gan-

100 403 39 21 ska
157 403 94 28 aflägsen
270 405 39 19 ort.
341 403 45 21 Och
404 403 34 21 för
457 404 61 21 dessa
536 404 131 21 sistnämnda
681 404 42 21 blir
738 404 36 21 det
789 404 60 21 alltid

100 437 48 22 med
163 437 131 28 svärigheter
309 437 105 26 förenadt,
430 438 40 21 och
484 438 46 21 icke
547 438 68 21 sällan
630 438 102 28 omöjligt,
748 439 32 20 att
791 438 58 21 inom

101 479 27 14 en
146 472 32 21 tid
197 472 24 21 af
237 472 34 27 sju
285 471 68 28 dagar
368 472 18 27 ej
402 472 55 21 blott
472 471 81 23 erhälla
568 472 62 22 säker
644 472 155 22 underrättelse
814 480 36 14 om

101 505 75 31 målets
198 505 81 29 utgång
301 508 53 19 utan
375 507 39 21 ock
432 506 56 22 både
506 506 98 22 meddela
622 507 101 21 ombudet
741 507 109 22 föreskrift

101 547 35 15 om
156 540 151 28 rättegångens
329 540 142 22 fortsättande
492 542 40 20 och
550 540 93 28 fullgöra
661 541 26 21 de
705 541 144 28 iakttagelser,

102 582 45 14 som
165 575 8 21 i
192 575 59 21 detta
265 574 99 23 afseende
379 576 37 21 äro
431 575 116 28 påbjudna.
577 569 19 27 Å
611 576 67 21 andra
692 576 61 22 sidan
768 576 82 21 lemnar

102 610 40 22 den
157 610 31 21 tid
204 610 23 21 af
240 611 67 21 sextio
323 610 73 28 dagar,
407 610 110 22 hvarinom
528 609 177 28 revisionsmålen,
717 611 66 27 enligt
794 610 55 22 före-

101 644 93 22 varande
210 645 80 27 jemväl
307 645 8 21 i
334 644 68 22 denna
421 645 34 21 del
472 646 25 20 af
512 644 118 22 Ständerne
645 647 94 26 antagna
752 646 97 27 proposi-

101 680 52 25 tion,
172 680 54 21 böra
240 680 8 20 i
262 680 77 27 högsta
358 679 118 21 domstolen
490 680 109 27 fullföljas,
615 680 60 21 äfven
690 680 35 21 vid
741 687 25 14 en
781 680 69 28 skälig

100 714 137 27 förlängning
259 714 24 21 af
301 714 59 22 tiden
381 713 34 21 för
436 713 163 29 ifrågavarande
620 714 100 22 anmälan
738 715 41 21 och
796 715 54 21 revi-

102 748 153 28 sionsskillings
270 748 142 27 nedsättning,
428 748 140 28 vederparten
582 748 125 28 tillräckligt
717 748 88 22 rådrum
816 750 35 20 för

102 782 138 28 vidtagandet
258 782 24 22 af
298 782 43 22 alla
359 782 26 22 de
400 781 106 29 åtgärder,
522 790 47 14 som
582 783 73 21 kunna
669 783 34 21 för
717 783 134 22 bevakandet

102 817 24 22 af
141 818 54 21 hans
212 816 60 21 talan
290 816 95 22 befinnas
400 816 24 22 af
436 817 76 21 nöden.
542 817 32 22 De
589 817 52 26 skäl,
656 824 46 14 som
716 818 45 21 tala
775 818 34 21 för
823 825 28 14 en

102 851 135 28 förlängning
252 851 25 21 af
289 851 58 21 tiden
363 851 33 21 för
411 851 137 22 merberörda
563 851 99 22 anmälan
677 852 40 21 och
732 851 56 22 hvad
803 852 47 21 der-

102 886 33 21 till
152 886 46 26 hör,
218 893 63 20 synas
300 884 82 23 således
400 885 46 22 icke
464 886 72 21 kunna
551 885 71 28 jäfvas
640 893 37 14 ens
695 886 24 21 af
736 887 114 21 omtanken

102 920 33 22 för
149 920 152 27 vederpartens
315 921 50 20 rätt.
392 920 46 21 Och
454 927 45 14 som
514 920 40 21 den
569 927 41 14 ena
624 919 58 22 såväl
697 927 46 14 som
758 921 41 21 den
813 928 38 14 an-

103 955 40 21 dra
160 956 88 26 partens
266 955 51 25 rätt,
333 954 66 27 enligt
414 954 130 22 Ständernas
559 953 61 29 åsigt,
636 956 25 19 är
675 955 130 28 tillbörligen
820 955 31 22 af-

103 988 58 27 sedd,
181 996 35 14 om
233 988 92 22 nämnde
343 988 32 21 tid
392 988 116 22 fastställes
526 988 32 22 till
572 988 89 28 tjuguen
676 988 68 28 dagar
758 989 7 21 i
780 989 72 21 stället

102 1023 35 22 för
155 1022 39 28 sju,
213 1022 64 22 hafva
296 1022 118 22 Ständerne
432 1023 34 21 för
484 1023 62 21 deras
565 1023 34 21 del
613 1023 87 21 beslutit
713 1023 34 21 till
761 1030 26 14 en
803 1024 46 21 der-

104 1059 56 21 emot
178 1057 103 21 svarande
300 1057 90 28 ändring
410 1057 24 21 af
449 1058 33 21 hit
499 1057 95 22 hörande
612 1057 133 28 stadganden
759 1057 8 21 i
783 1059 10 19 1
810 1058 40 21 och

105 1094 11 19 2
133 1092 24 28 88
173 1093 27 20 30
215 1092 55 27 Kap.
285 1091 25 21 R.
325 1091 25 21 B.

171 1126 47 21 Den
236 1125 69 22 andra
323 1126 189 27 omständigheten,
531 1126 61 22 hvari
610 1126 124 27 Ständerne,
753 1126 7 21 i
775 1125 76 29 frägan

104 1168 35 14 om
154 1162 11 19 1
183 1161 10 27 $
210 1162 26 19 30
251 1160 54 28 Kap.
321 1160 24 20 R.
361 1160 31 25 B.,
407 1160 47 22 icke
468 1161 82 21 kunnat
559 1160 86 22 biträda
657 1161 40 21 den
707 1160 86 28 Nädiga
802 1168 50 21 pro-

104 1195 126 27 positionen,
249 1196 24 20 är
293 1196 65 20 sättet
375 1194 33 22 för
423 1196 101 27 ändrings
539 1195 94 21 sökande
647 1196 7 20 i
668 1195 99 22 Hofrätts
782 1195 49 22 dom
845 1196 8 21 i

104 1230 125 26 utsöknings
249 1230 39 20 och
308 1229 67 21 andra
393 1229 222 28 handräckningsmäl.
645 1230 42 21 För
705 1232 32 20 att
755 1231 72 21 kunna
845 1230 8 21 i

105 1263 166 28 utsökningsväg
289 1263 123 26 behandlas,
432 1264 54 21 böra
504 1265 62 21 dessa
580 1263 49 27 mäl,
645 1265 66 27 enligt
726 1266 13 19 4
753 1265 55 26 Kap.
824 1264 26 21 U.

104 1298 32 25 B.,
158 1305 53 13 vara
228 1298 61 19 klara
307 1297 40 21 och
366 1298 109 26 ostridiga,
494 1306 48 13 men
562 1298 60 20 skola
640 1298 66 27 eljest,
726 1298 69 21 såsom
813 1299 39 20 tvi-

105 1331 61 27 stiga,
181 1330 126 27 hänskjutas
322 1330 33 21 till
369 1331 79 20 allmän
464 1331 96 22 domstol.
582 1331 11 20 I
608 1331 103 27 sistsagde
725 1331 38 22 fall
778 1331 75 26 skulle,

106 1365 65 28 enligt
189 1365 41 21 den
248 1363 85 29 Nädiga
350 1365 164 27 propositionen,
534 1365 91 28 ändring
643 1365 8 21 i
668 1365 98 22 Hofrätts
782 1366 49 21 dom
845 1365 8 22 i

107 1401 26 20 de
151 1398 43 23 mål
208 1397 89 24 hvarom
312 1398 61 29 fråga
387 1407 29 13 nu
431 1401 31 24 är,
477 1399 23 22 få
514 1400 62 21 sökas
592 1400 75 21 endast
681 1401 7 20 i
703 1401 150 27 revisionsväg,

106 1433 71 23 såsom
199 1434 39 21 ock
257 1441 30 14 nu
306 1441 49 21 eger
373 1440 53 15 rum.
459 1435 123 21 Emellertid
600 1435 40 21 har
657 1435 147 28 skyldigheten
822 1436 32 21 att
