1020 1670
181 92 36 31 602
377 95 71 23 Nådiga
459 97 135 21 Propositionen
606 97 34 16 N:o
654 97 26 16 13.

161 160 33 20 ter
211 159 163 27 utborgningen,
392 160 52 20 utan
462 159 70 21 kunde
550 161 63 26 göras
635 159 97 28 gällande
753 160 78 21 nästan
852 159 53 22 efter

161 193 56 21 huru
230 191 51 29 lång
295 193 31 21 tid
341 199 45 14 som
400 193 61 26 helst,
477 193 39 22 och
531 192 24 22 så
572 193 63 27 länge
649 193 47 26 den,
711 195 45 20 mot
769 193 85 22 hvilken
869 200 37 23 an-

160 227 127 27 teckningen
301 227 8 21 i
322 227 159 21 handelsboken
496 225 137 29 åberopades,
648 227 19 28 ej
682 227 70 22 kunde
766 227 140 27 annorlunda,

161 262 28 20 än
205 268 75 20 genom
296 261 60 22 bevis
370 261 58 22 öfver
446 263 31 20 att
495 261 43 22 han
552 261 107 28 verkligen
677 261 67 22 betalt
763 261 40 22 den
821 262 85 21 anteck-

161 295 56 22 nade
231 303 72 19 varan,
318 295 108 28 upphäfva
441 296 164 28 anteckningens
619 296 80 21 verkan
718 297 55 21 samt
787 296 36 22 det
837 296 48 22 stod
899 297 8 21 i

161 331 144 26 köpmannens
320 331 60 20 makt
391 333 31 19 att
436 338 76 20 genom
526 331 165 27 anteckningens
705 331 131 28 beedigande
851 331 57 28 gifva

163 365 122 21 densamma
300 365 132 28 egenskapen
447 365 24 22 af
484 365 47 22 fullt
546 365 49 28 laga
609 365 64 26 bevis,
689 364 23 23 så
726 365 63 28 länge
803 365 105 22 framstod

162 398 65 23 också
248 399 36 22 det
304 399 133 27 bevismedel,
459 399 135 28 köpmannen
616 407 49 20 eger
684 400 8 20 i
714 400 40 21 och
777 407 76 20 genom
874 401 34 20 sin

161 433 132 22 handelsbok
308 432 70 23 såsom
392 441 26 14 en
433 431 44 24 stor
491 433 89 27 förmån,
595 434 8 21 i
618 434 35 21 det
667 435 43 21 han
724 434 123 28 derigenom
857 434 52 22 fann

162 468 33 28 sig
209 468 82 21 befriad
306 467 48 22 från
369 475 25 14 en
408 468 94 28 betydlig
517 468 33 22 del
565 468 24 21 af
602 468 41 22 den
659 468 136 28 försigtighet
809 469 40 21 och
865 476 43 15 om-

161 502 66 22 tanke
241 502 7 21 i
262 502 86 22 formelt
361 503 125 26 hänseende,
502 503 43 21 han
560 510 77 14 annars
651 504 55 20 varit
720 505 93 26 tvungen
827 505 32 19 att
873 504 36 20 vid

162 537 8 21 i
188 537 54 21 hans
263 536 80 22 rörelse
360 537 140 22 förefallande
516 537 161 28 utborgningar,
695 537 34 22 till
746 538 124 28 skyddande
887 537 25 21 af

163 571 33 21 sin
219 571 121 31 derigenom
361 572 122 27 uppkomna
504 572 93 26 fordran,
620 572 100 28 iakttaga.
753 572 111 28 Antagligt
884 573 26 21 är

163 606 37 21 det
215 606 83 21 derföre
313 606 45 26 ock,
374 608 32 20 att
423 607 174 27 föreställningen
615 614 35 15 om
669 607 25 21 de
712 606 100 27 fördelar,
831 614 27 14 en
875 605 34 24 sä-

164 641 43 20 dan
220 640 98 21 befrielse
332 640 114 27 medförde,
462 641 176 28 hufvudsakligen
651 641 122 22 framkallat
784 641 18 28 ej
814 641 55 22 blott
884 641 26 22 de

163 674 147 29 underdåniga
325 675 142 28 ansökningar
482 676 7 20 i
504 677 76 24 ämnet,
596 683 45 14 som
659 675 123 22 föranledde
799 675 111 22 utfärdan-

165 709 35 22 det
215 709 24 22 af
254 709 119 28 Kejserliga
391 709 81 22 brefvet
490 710 40 21 den
549 711 25 20 21
593 710 117 21 December
727 711 61 25 1844,
802 711 53 20 utan
871 711 39 20 ock

164 743 26 22 de
212 743 80 28 förslag
314 743 33 21 till
368 743 167 28 önskningsmål,
558 751 45 14 som
625 745 39 20 här
686 744 63 21 ofvan
771 744 138 22 omförmälts.

163 777 51 22 Men
229 777 28 22 då
271 777 162 28 ifrågavarande
447 777 220 30 lagstiftningsåtgärd
685 778 39 28 går
740 780 25 19 ut
783 778 29 28 på
829 781 33 19 att
875 779 36 22 vid

165 812 36 21 det
215 812 86 26 vitsord,
317 813 133 26 köpmannen
464 821 30 14 nu
509 812 92 28 åtnjuter
619 813 34 22 för
671 813 32 21 sin
721 813 138 27 handelsbok,
877 813 33 22 fä-

164 848 34 19 sta
219 847 77 21 tvänne
319 847 80 27 ganska
419 846 119 28 betydande
559 847 183 27 inskränkningar,
765 847 8 21 i
795 848 35 20 det
853 848 58 21 detta

164 881 81 21 vitsord
267 881 66 21 skulle
356 881 17 27 ej
396 881 82 22 mindre
499 881 116 28 begränsas
636 882 58 21 inom
712 889 26 14 en
757 882 154 27 jemförelsevis

164 915 49 21 kort
231 915 32 21 tid
280 916 28 20 än
324 916 73 21 kunna
415 923 75 20 genom
509 916 128 22 svarandens
655 916 140 27 värjemålsed
812 916 45 22 helt
871 917 40 21 och

165 948 66 23 hållet
246 950 156 27 omintetgöras,
419 949 23 23 så
456 950 43 22 kan
518 950 35 22 det
568 950 39 22 ock
621 950 48 22 med
683 950 46 22 skäl
744 951 120 26 anmärkas,
879 952 33 21 att

165 984 153 22 meranämnda
332 984 127 22 bevismedel
473 992 77 20 genom
564 985 41 21 den
619 984 107 22 blifvande
740 985 172 28 förordningen
901 980 14 37 i

165 1020 72 20 ämnet
251 1018 93 22 förlorar
358 1026 26 14 en
399 1021 45 20 stor
462 1019 34 22 del
514 1019 24 22 af
549 1020 41 29 det
603 1019 65 21 värde
687 1020 39 20 och
741 1020 40 21 den
796 1020 114 28 betydelse,

166 1053 36 22 det
216 1060 29 14 nu
260 1060 61 14 anses
336 1060 45 20 ega.
411 1054 160 27 Ovedersägligt
585 1054 141 21 förekommer
741 1054 36 21 det
791 1054 46 26 ock,
852 1055 8 21 i
874 1061 38 14 an-

166 1088 77 21 seende
263 1087 33 22 til!
318 1088 106 21 olikheten
446 1088 90 21 emellan
559 1088 61 21 deras
641 1088 75 27 yrken,
739 1088 118 27 Utskottet,
880 1090 32 20 att

165 1122 219 21 handtverksidkaren
406 1122 137 22 öfverhufvud
566 1122 17 28 ej
606 1123 40 21 har
667 1123 43 21 lika
731 1125 55 19 stort
807 1122 67 22 behof
890 1123 24 21 af

167 1156 65 27 sagde
246 1156 127 22 bevismedel
387 1163 46 15 som
448 1156 40 22 den
502 1156 93 28 verklige
609 1156 170 22 fabriksidkaren
795 1157 51 22 eller
860 1158 52 27 köp-

166 1198 98 14 mannen.
293 1190 31 28 Ty
342 1190 34 22 för
394 1190 40 22 den
452 1190 56 22 förre
526 1191 40 21 bör
584 1191 35 21 det
636 1190 8 21 i
662 1191 115 21 allmänhet
795 1199 52 14 vara
864 1191 48 22 med

167 1224 82 20 mindre
264 1223 130 28 svårigheter
409 1225 27 19 än
450 1224 34 20 för
499 1225 25 21 de
539 1224 89 21 sednare
642 1224 104 26 förenadt,
762 1227 32 19 att
807 1225 36 22 vid
857 1226 8 20 i
878 1232 35 21 yr-

166 1257 37 21 ket
217 1257 139 22 förefallande
373 1257 180 28 utkrediteringar
571 1257 24 21 så
613 1257 60 28 begå,
693 1260 31 19 att
741 1259 50 25 han,
809 1259 8 20 i
835 1258 37 22 fall
891 1258 23 21 af

166 1291 72 26 behof,
252 1291 43 22 kan
310 1291 7 20 i
331 1291 71 28 vanlig
421 1291 89 29 ordning
527 1292 72 21 bevisa
614 1292 61 21 deras
690 1292 117 28 verklighet
822 1293 40 22 och
876 1293 38 22 sitt

168 1326 46 22 deri
228 1326 110 28 grundade
353 1326 210 28 fordringsanspråks
576 1328 153 27 rättmätighet.
751 1327 108 22 Utskottet
873 1328 41 22 har

168 1361 55 22 dock
243 1361 48 22 icke
312 1361 81 21 kunnat
414 1360 84 27 förbise,
520 1362 102 21 hurusom
643 1364 30 19 ett
694 1363 40 21 och
756 1364 65 20 annat
843 1362 24 22 af
887 1363 27 21 de

169 1396 57 22 olika
243 1396 151 26 handtverken,
413 1394 126 24 åtminstone
556 1395 29 29 på
603 1396 68 28 några
689 1399 62 24 orter,
770 1404 89 15 numera
880 1400 33 19 ut-

169 1431 82 21 vecklat
272 1431 32 27 sig
326 1430 7 21 i
356 1430 40 22 den
417 1431 103 27 rigtning,
543 1433 33 19 att
595 1431 216 23 handtverksidkaren
833 1432 51 27 dels,
906 1432 8 21 i
