1014 1673
329 121 72 25 Nådiga
413 124 136 22 Propositionen
560 124 35 18 N:o
608 125 27 16 15.
803 125 33 17 753

109 186 137 23 omförmäldt
264 186 99 23 afseende-
384 188 95 22 likställa
499 187 102 23 Finlands
618 188 62 21 Bank
696 188 49 22 med
764 188 94 23 enskilde

107 221 84 22 banker
208 221 8 21 i
233 220 24 22 så
274 220 67 23 måtto
359 223 33 26 att
409 222 94 21 hvarken
521 222 41 21 den
579 222 71 22 förras
664 222 53 22 eller
732 223 26 20 de
773 230 86 14 senares

107 255 138 27 anvisningar
260 255 40 21 och
314 256 74 21 vexlar
405 256 92 21 behöfva
514 256 97 22 karteras
629 256 8 20 i
654 258 67 20 annat
735 256 38 22 fall
788 258 28 20 än
831 256 28 22 då

109 289 27 22 de
150 289 57 22 inför
222 289 91 21 domstol
328 289 52 22 eller
393 290 124 28 myndighet
531 290 84 22 företes.

177 324 42 20 För
234 323 65 27 öfrigt
316 324 65 21 hafva
395 324 120 22 Ständerna
529 324 135 22 beträffande
678 324 180 28 författningsför-

109 358 69 27 slaget
193 359 70 20 ansett
278 357 94 28 följande
386 358 93 28 punkter
492 357 87 29 påkalla
593 358 116 29 ändringar
721 359 45 22 dels
780 359 33 21 till
828 359 31 23 in-

108 391 100 27 nebållet,
224 392 45 22 dels
284 392 33 21 till
331 392 88 23 formen.

178 427 12 28 8
205 428 19 20 4.
254 426 50 23 Med
322 427 114 28 anledning
451 427 24 22 af
488 426 130 24 Ständernas
633 427 64 22 ofvan
711 428 148 27 omförmälda,

107 461 136 22 beträffande
262 463 54 20 1:sta
333 462 196 22 hufvudmomentet
547 463 8 21 i
573 462 40 22 den
635 461 79 30 nådiga
732 463 127 28 propositio-

108 503 48 20 nen,
172 496 82 22 fattade
268 497 76 26 beslut,
360 497 40 21 har
415 497 166 28 anmärkningen
597 499 10 19 1
620 497 36 21 vid
670 497 71 22 denna
756 499 11 26 &
783 497 77 22 under-

107 530 49 29 gått
174 530 62 22 deraf
251 530 102 28 påkallad
370 531 101 28 ändring,
487 532 7 21 i
512 531 53 28 följd
583 531 78 22 hvaraf
677 532 69 21 denna
761 533 98 20 anmärk-

107 565 53 28 ning
174 564 85 23 erhållit
273 573 82 14 samma
368 565 81 28 lydelse
463 573 46 15 som
523 566 41 22 den
578 573 50 21 eger
638 566 9 21 i
656 573 31 14 nu
704 566 99 28 gällande
817 566 43 23 för-

109 599 97 28 ordning,
222 599 111 28 angående
346 596 279 47 stempelpappersafgiften.
835 614 13 11 k

177 634 42 21 Vid
238 634 70 22 denna
329 635 12 28 $
363 635 64 21 hafva
449 635 120 22 Ständerna
585 635 8 21 i
611 635 67 28 öfrigt
694 635 61 28 fogat
773 643 26 14 en
818 636 42 22 5:te

107 669 153 28 anmärkning,
276 669 24 21 af
312 669 64 22 orsak
391 671 32 20 att
442 669 125 27 Ständerna,
582 668 29 29 pä
626 670 26 22 de
667 670 46 21 skäl
728 670 110 22 ofvanföre
852 671 8 21 i

108 703 64 29 fråga
194 711 34 14 om
246 704 47 21 4:de
311 703 196 23 hufvudmomentet
527 704 69 22 blifvit
615 704 140 27 framställda,
773 705 88 22 hänfört

108 738 103 23 Finlands
229 739 73 21 Banks
319 739 74 22 vexlar
409 740 42 21 och
469 739 136 28 anvisningar
622 739 33 21 till
672 739 80 22 sädane
771 739 90 22 embets-

109 773 89 23 verkens
213 773 153 28 expeditioner,
381 780 46 15 som
441 773 47 22 icke
502 773 91 23 behöfva
603 773 99 22 utfärdas
717 773 14 23 &
745 774 116 28 stempladt

108 815 90 22 papper.

178 844 12 27 8
206 844 19 20 5.
255 842 73 22 Under
344 842 69 23 denna
427 844 12 26 &
454 844 25 21 är
493 843 7 21 i
515 842 61 29 fråga
591 850 35 15 om
637 843 179 28 stempelafgiften
827 843 35 22 för

109 877 100 22 fullmakt
223 876 13 22 &
254 877 262 29 kyrkoherdeheställning
534 877 107 29 stadgadt,
660 879 32 20 att
710 878 70 21 denna
798 878 63 28 afgift

110 912 55 22 skall
182 912 34 21 för
234 912 159 27 landtpastorat
409 911 106 22 beräknas
533 912 54 22 efter
602 913 11 20 1
629 912 62 21 mark
706 913 27 20 50
748 912 64 27 penni
827 912 35 22 för

109 946 75 28 hvarje
202 946 24 22 af
242 946 26 22 de
286 946 82 21 mantal
385 946 8 21 i
410 948 125 25 pastoratet,
554 953 46 15 som
614 946 35 22 vid
664 946 94 28 prestval
773 947 39 21 och
827 948 34 20 ut-

111 980 95 29 görande
228 980 24 22 af
271 983 85 25 pastors
374 981 95 28 aflöning
487 981 58 27 tjena
563 981 33 21 till
618 981 75 27 grund,
713 981 54 22 efter
785 982 77 28 afdrag

109 1010 66 38 likväl
187 1010 34 38 -af
240 1015 58 21 inom
315 1017 120 25 pastoratet
452 1014 109 29 befintliga
579 1016 207 28 kleresilägenheter.
819 1016 43 22 För

111 1049 99 22 fullmakt
224 1048 13 22 &
252 1050 157 27 stadspastorat
423 1051 25 20 är
463 1050 94 22 deremot
571 1050 180 28 stempelafgiften
765 1050 97 22 bestämd

110 1084 34 21 till
162 1084 52 21 visst
232 1083 78 28 belopp
329 1084 35 21 för
384 1084 75 27 hvarje
481 1084 47 22 stad
550 1084 106 21 särskildt.
685 1083 35 22 Då
741 1084 121 22 Ständerna

111 1118 71 21 funnit
200 1118 26 21 de
244 1117 90 22 sälunda
351 1120 81 19 utsatta
451 1118 194 28 stempelbeloppen
662 1118 8 21 i
693 1118 26 21 de
741 1118 61 22 flesta
824 1118 38 22 fall

110 1152 48 21 icke
172 1158 53 15 vara
239 1152 8 20 i
261 1151 134 23 förhällande
409 1152 33 21 till
457 1152 110 22 städernas
582 1152 123 22 nuvarande
719 1152 80 22 storlek
814 1152 47 26 och,

111 1186 50 21 med
178 1186 100 21 afseende
295 1185 29 28 pä
342 1186 80 22 dennas
441 1186 174 28 föränderlighet,
633 1193 28 14 en
678 1186 92 28 ändring
788 1186 24 22 af
825 1188 37 20 än-

111 1220 67 28 sagde
192 1220 78 27 belopp
284 1220 34 21 till
333 1220 68 21 andra
415 1220 44 21 fixa
473 1220 82 22 sädana
569 1220 46 22 icke
629 1220 73 21 kunna
716 1220 66 22 blifva
796 1222 67 20 annat

111 1256 29 20 än
155 1254 101 27 vansklig,
272 1254 64 21 hafva
351 1254 120 22 Ständerna
485 1256 70 20 ansett
569 1254 33 21 för
616 1254 100 27 riktigast
730 1256 32 20 att
777 1255 85 21 stadens

111 1288 125 27 folkmängd
254 1288 36 21 vid
306 1288 74 27 hvarje
398 1288 173 22 förekommande
588 1288 39 21 fall
646 1288 67 21 skulle
731 1290 77 25 utgöra
826 1289 36 21 be-

111 1318 200 30 räkningsgrunden
329 1321 34 21 för
385 1321 41 21 den
444 1321 152 28 stempelafgift
613 1328 47 14 som
677 1322 35 20 för
733 1322 99 21 fullmakt
850 1320 14 23 &

112 1353 158 30 stadspastorat
290 1355 55 22 skall
367 1355 108 28 erläggas,
498 1354 89 23 sälunda
609 1358 32 19 att
662 1355 35 21 för
719 1355 73 28 hvarje
814 1356 49 22 fullt

111 1390 117 23 hundratal
243 1389 101 23 invänare
358 1390 7 21 i
380 1390 157 28 stadspastorat
551 1390 69 22 skulle
634 1390 83 22 betalas
733 1391 10 20 1
760 1390 61 22 mark
836 1391 27 21 50

111 1425 71 29 penni,
195 1424 138 28 hvarigenom
341 1424 66 22 "detta
421 1424 118 29 stadgande
553 1425 62 22 äfven
629 1424 70 22 blefve
713 1424 87 29 analogt
815 1425 48 22 med

113 1460 37 22 det
168 1460 33 22 för
219 1459 99 23 fullmakt
336 1458 13 23 å
370 1459 163 29 landtpastorat.
570 1460 11 22 1
599 1459 94 29 enlighet
713 1459 90 23 härmed
824 1460 40 22 har
