1020 1664
209 123 33 17 640
412 122 71 23 Nådiga
494 123 136 21 Propositionen
642 123 34 16 N:o
691 123 25 16 14.

186 193 26 14 en
227 186 129 21 förbindelse
372 187 38 24 att,
425 185 36 21 vid
476 185 123 26 anfordran,
614 185 33 21 till
658 185 152 21 innehafvaren
821 184 73 22 betala
906 192 31 14 se-

187 220 59 21 delns
261 220 79 26 belopp
354 220 8 20 i
376 219 84 21 landets
476 219 94 27 verkliga
584 221 66 25 mynt,
665 221 56 19 samt
735 220 149 21 erfarenheten
897 220 41 21 till-

187 254 44 20 lika
248 254 60 20 lärde
327 255 32 19 att
376 253 85 21 banken
478 253 70 21 kunde
567 254 57 20 emot
642 253 56 27 goda
712 253 227 29 skuldförskrifningar

187 286 29 29 på
233 287 98 22 bestämd
350 287 123 27 förfallotid,
493 287 81 27 utgifva
593 288 30 20 ett
641 287 51 21 visst
710 288 79 27 belopp
805 288 71 27 dylika
892 288 46 22 sed-

186 322 40 26 lar,
245 324 52 19 utan
316 323 32 20 att
362 321 34 21 vid
411 322 73 27 hvarje
499 321 100 27 tidpunkt
613 321 91 21 behöfva
719 322 74 21 befara
808 322 131 28 nödvändig-

186 356 64 22 heten
266 358 31 20 att
311 356 69 21 inlösa
395 363 44 13 mer
455 358 27 19 än
498 363 25 14 en
539 355 34 21 del
588 355 25 21 af
626 355 113 27 desamma,
756 356 24 22 så
791 356 86 28 bragtes
889 365 50 14 man

188 392 60 20 snart
266 390 29 28 på
315 390 41 22 den
374 390 78 22 tanken
471 392 32 19 att
521 390 7 21 i
546 390 36 27 lag
597 390 127 21 föreskrifva
737 391 56 21 huru
808 392 45 20 stor
869 392 33 21 del
917 392 24 21 af

187 426 76 21 värdet
277 426 33 20 för
325 426 47 20 sina
386 425 129 27 utelöpande
530 424 70 22 sedlar
612 424 84 22 banken
707 426 64 20 minst
782 426 67 21 borde
860 426 7 21 i
878 426 61 22 verk-

187 460 40 28 ligt
245 462 59 25 mynt
321 459 119 21 innehafva.
470 459 51 21 Man
537 459 107 27 upphöjde
660 458 90 22 sålunda
764 460 34 20 till
812 460 80 28 oböjlig
906 468 33 14 re-

188 494 35 28 gel
241 502 27 14 en
286 494 133 27 bestämning
437 501 46 14 som
502 493 154 28 otvifvelaktigt
669 501 39 13 var
723 494 94 28 sakenlig
833 496 39 20 och
887 496 52 20 nöd-

188 528 78 28 vändig
288 527 24 22 så
332 528 64 28 länge
414 528 35 21 det
466 527 36 29 låg
520 528 7 20 i
545 527 268 23 bankadministrationens
831 530 58 20 hand
908 532 31 19 att

188 562 54 22 efter
256 562 219 27 omständigheternas
490 562 51 21 kraf
553 562 103 21 förändra
672 562 128 21 densamma.
830 563 32 21 De
877 564 62 21 skad-

188 597 44 27 liga
250 596 156 28 verkningarna
424 596 24 22 af
464 598 30 20 ett
513 595 76 23 sådant
607 598 84 26 system,
708 596 58 21 såväl
781 597 34 21 för
830 597 109 22 bankerna

188 631 75 28 sjelfva
281 638 45 14 som
347 631 34 21 för
400 631 148 25 allmänheten,
568 630 64 22 hafva
649 631 46 21 icke
713 630 117 23 underlåtit
848 634 32 19 att
895 632 44 22 visa

187 666 33 28 sig
238 666 46 25 och,
304 661 24 25 af
343 666 84 20 theorin
445 665 130 27 längesedan
593 665 126 26 förkastadt,
739 667 24 19 är
783 666 58 22 detta
861 669 78 25 system

186 700 80 28 jemväl
284 700 33 21 för
332 700 26 21 de
373 700 102 20 moderna
489 699 148 28 banklagarna
651 707 90 13 numera
756 707 25 14 en
797 700 142 23 öfvervunnen

188 734 137 28 ståndpunkt.
355 734 42 21 'Det
415 734 68 28 ligger
501 734 105 28 nemligen
624 734 8 21 i
647 734 47 21 dess
709 736 64 20 natur
789 737 31 19 att
835 736 46 21 icke
896 737 44 20 rätt

188 770 35 22 väl
240 770 73 20 kunna
326 769 72 27 lempa
412 769 32 27 sig
460 768 53 22 efter
528 768 136 28 vexlingarne
678 769 8 20 i
700 769 101 21 behofvet
815 770 24 21 af
852 772 87 20 omsätt-

187 804 139 27 ningsmedel,
348 805 56 19 samt
422 804 32 20 att
472 802 96 22 försvåra
586 802 169 28 öfvergångarne
773 804 90 21 emellan
883 805 57 21 olika

188 838 79 28 grader
286 838 40 21 och
345 837 56 21 olika
416 837 119 28 riktningar
550 838 7 20 i
573 837 40 21 den
628 838 129 26 produktiva
771 838 167 22 verksamheten.

188 872 42 22 Vid
248 872 90 28 lifligare
357 872 156 26 exportrörelse
532 872 39 21 och
590 871 63 22 deraf
668 872 95 27 följande
781 873 101 27 rikligare
896 873 43 21 till-

188 906 57 28 gång
263 906 28 28 på
308 906 84 22 valutor
410 905 33 21 för
462 906 171 28 sedelutgifning,
648 906 125 22 framkallar
788 907 59 21 detta
861 910 78 25 system

189 943 31 19 ett
240 941 108 21 konstladt
362 940 102 21 öfverflöd
479 940 28 28 på
522 940 130 28 bytesmedel
668 941 40 21 och
723 943 30 19 ett
767 942 172 22 öfverskattande

188 976 25 21 af
229 976 41 21 den
287 975 94 27 verkliga
400 975 227 27 kapitalförstärkning
646 982 45 14 som
708 976 122 27 derigenom
845 976 94 28 tillflyter

190 1010 74 21 landet
282 1010 7 20 i
308 1008 67 28 fråga,
394 1009 110 22 hvaremot
522 1017 26 13 en
563 1009 94 27 stegring
672 1010 24 21 af
709 1010 111 27 importen,
836 1011 41 21 och
893 1012 46 21 der-

187 1044 85 28 igenom
290 1044 126 20 förorsakad
435 1044 120 27 minskning
573 1044 7 20 i
595 1039 101 26 nämnda”
703 1044 90 26 valutor,
808 1045 44 21 lika
867 1046 72 22 konst-

186 1078 46 22 ladt
250 1078 124 21 undandrar
394 1078 41 20 den
453 1078 109 20 allmänna
579 1077 95 22 rörelsen
693 1086 59 13 mera
766 1079 130 27 bytesmedel
912 1082 26 19 än

188 1112 208 27 omständigheterna
414 1112 109 27 verkligen
542 1111 67 21 skulle
628 1111 83 22 fordrat
726 1113 40 20 och
781 1113 24 20 af
818 1113 69 21 denna
902 1122 36 13 an-

187 1147 88 27 ledning
290 1146 60 27 inger
364 1146 148 27 föreställning
527 1153 35 13 om
577 1152 26 14 en
618 1147 69 20 större
702 1146 155 29 förminskning
869 1148 24 21 af
902 1155 37 14 na-

187 1180 171 28 tionalkapitalet
380 1181 27 20 än
429 1180 107 27 verkligen
559 1179 61 27 skett,
644 1181 138 26 hvarigenom
803 1181 8 20 i
833 1188 26 15 en
878 1182 61 21 äfven

188 1215 34 20 för
240 1214 65 27 öfrigt
319 1214 97 27 betryckt
431 1213 167 26 affärsställning
613 1214 111 20 misstrons
739 1215 41 20 och
795 1215 144 22 misströstans

188 1247 149 22 skrämmande
356 1247 80 26 spöken
454 1247 45 20 ofta
517 1247 136 21 frammanas.
684 1247 65 21 Minst
763 1255 62 20 synes
841 1255 26 14 en
883 1249 57 27 dylik

186 1281 172 29 lagbestämning
380 1288 63 21 passa
462 1281 33 21 för
515 1281 40 21 den
573 1281 157 22 beherrskande
749 1282 189 23 cirkulationsban-

189 1317 41 22 ken
249 1317 7 21 i
275 1318 30 20 ett
323 1316 57 26 land,
400 1316 37 30 der
456 1318 31 19 ett
503 1323 40 20 par
562 1315 58 22 kalla
638 1317 71 20 nätter
728 1317 72 22 kunna
817 1318 77 27 bringa
913 1325 26 14 en

189 1350 59 23 svårt
269 1351 100 27 uppvägd
390 1349 66 29 tyngd
477 1351 8 20 i
504 1350 162 29 handelsvägen.
702 1351 69 22 Också
789 1353 40 20 har
847 1353 38 21 hos
905 1360 34 14 oss

188 1386 122 29 isynnerhet
325 1385 29 28 pä
369 1386 88 21 sednare
471 1386 56 21 tider
539 1393 26 14 en
577 1386 65 21 bitter
654 1386 121 21 erfarenhet
785 1387 84 22 utdömt
880 1387 59 22 detta

188 1423 85 26 system,
293 1428 45 14 som
355 1421 35 21 vid
406 1427 26 14 en
446 1421 121 27 minskning
581 1421 7 20 i
603 1421 113 21 valutorna
731 1421 34 20 för
780 1422 158 27 sedelutgifnin-

186 1463 40 21 gen
248 1455 99 22 beröfvar
368 1455 73 21 landet
466 1455 89 21 dubbelt
577 1462 58 14 mera
657 1455 148 22 rörelsemedel
824 1457 27 20 än
870 1456 69 22 denna
