1017 1667
188 123 34 17 786
385 120 73 24 Nådiga
469 122 137 22 Propositionen
618 122 35 18 N:o
667 123 26 16 15.

232 184 56 23 19:0.
318 185 157 29 Redogörelser
496 186 39 20 och
552 186 148 28 uträkningar
719 186 61 28 öfver
800 186 114 29 omyndiga

165 221 65 21 barns
245 220 68 22 medel
328 220 47 21 med
389 220 76 22 dertill
481 220 95 21 hörande
592 220 92 29 bilagor.

233 253 61 23 20:0.
326 254 131 22 Testamente
480 255 36 21 till
536 254 67 27 make,
626 254 123 30 skyldemän
766 256 10 20 i
795 256 48 20 rätt
863 262 53 22 upp-

165 290 39 21 och
218 289 140 29 nedstigande
370 290 33 20 led
415 290 51 20 eller
479 288 81 30 syskon,
573 290 109 28 äfvensom
693 290 36 20 till
739 290 176 28 undervisnings-

165 325 87 25 anstalt,
275 324 156 28 vetenskapligt
454 324 103 21 ändamål
579 324 52 21 eller
647 324 64 29 from
734 324 96 28 stiftelse,
850 325 65 28 jemte

165 360 46 20 alla
233 358 74 30 öfriga
326 362 144 24 testamenten,
490 358 139 28 hvarigenom
647 358 107 29 egendom,
774 366 44 14 som
836 360 10 20 i
864 358 52 22 kon-

166 397 48 17 tant
231 394 52 21 eller
303 393 67 21 värde
389 394 20 28 ej
423 393 86 29 uppgår
525 394 35 20 till
575 392 44 22 100
633 393 70 27 mark,
718 394 72 28 någon
806 394 109 28 tillägges.

165 427 86 23 Sådant
273 431 122 18 testamente
418 428 39 21 bör
477 427 59 27 dock,
555 429 42 19 när
618 428 35 24 det
671 428 37 21 vid
727 428 91 22 domstol
830 428 86 28 företes

166 464 36 20 till
218 462 124 28 bevakning,
359 462 99 21 karteras
475 462 44 22 lika
535 469 44 14 som
594 462 73 29 bilaga
682 464 9 19 i
706 462 124 26 allmänhet,
846 462 71 22 derest

166 497 46 27 den,
222 498 42 28 för
279 496 86 22 hvilken
380 496 145 29 bevakningen
540 496 55 26 sker,
611 496 20 29 ej
646 498 27 19 är
678 497 60 29 från
750 496 54 22 bruk
816 497 26 28 af
852 498 65 20 stäm-

162 532 121 28 pelpapper
299 531 93 29 befriad.

233 566 56 21 21:0.
318 566 54 22 Alla
387 565 264 29 arfskiftesinstrumenter
667 566 38 20 och
721 565 101 22 likaledes
838 565 79 29 boupp-

166 600 272 28 teckningsinstrumenter,
457 600 29 21 då
505 600 57 21 boets
581 599 99 22 behållna
699 607 82 14 summa
796 600 20 28 ej
829 600 87 28 uppgår

166 635 36 21 till
216 634 49 22 300
279 634 71 22 mark.

234 668 60 22 22:0.
324 669 117 26 Donation,
461 676 44 14 som
522 670 9 20 i
545 669 126 29 penningar
689 669 52 21 eller
759 669 68 21 värde
846 669 20 29 ej
885 669 32 29 öf-

166 704 107 28 verstiger
288 702 49 23 200
351 702 70 22 mark.

234 737 61 22 23:0.
324 738 103 28 Resepass
439 738 43 28 för
491 737 70 28 finske
576 736 141 30 medborgare
733 738 36 21 till
784 742 60 17 orter
858 738 60 21 inom

165 771 104 23 Finland.

234 806 57 22 24:0.
319 806 98 22 Läkare-
433 806 38 21 och
481 806 128 28 prestbevis.

234 840 57 22 25:0.
321 840 242 30 Förtullningsinlagor
577 841 66 29 jemte
661 840 75 22 dertill
751 841 96 21 hörande
863 841 54 21 bila-

165 882 41 23 gor
230 876 35 20 till
283 875 157 22 tullkamrarne
458 876 10 20 i
485 875 107 26 Finland;
611 875 90 29 skrifter
720 876 39 21 och
778 876 138 29 handlingar,

166 917 46 15 som
234 911 35 20 till
293 908 198 30 Tullexpeditionen
509 911 9 20 i
536 910 37 21 S:t
596 910 132 28 Petersburg
750 910 96 29 ingifvas
866 911 52 21 eller

166 944 101 30 derifrän
285 944 112 29 utfärdas;
417 944 107 29 äfvensom
540 944 147 30 ansökningar
703 952 34 13 om
752 944 126 23 erhällande
894 945 26 29 af

160 979 95 29 Frisedel
271 979 35 21 till
321 979 95 29 lossning
432 979 38 21 och
486 980 101 28 lastning.

234 1012 61 22 26:0.
324 1012 65 22 Bevis
404 1013 60 29 öfver
480 1014 147 21 hinderlöshet
643 1014 34 21 till
693 1013 123 29 äktenskap.

234 1046 61 22 27:0.
324 1047 111 21 Fullmakt
455 1049 36 20 till
509 1048 199 21 rekommenderade
727 1048 57 29 brefs
799 1049 118 28 uttagande

166 1082 14 21 ä
190 1082 131 28 postkontor
337 1086 55 17 samt
404 1086 32 17 att
447 1083 14 20 ä
474 1082 159 22 Landtränteri
643 1083 52 21 eller
699 1082 60 29 frän
770 1090 72 14 annan
854 1082 63 22 kassa

167 1116 55 29 lyfta
236 1117 37 20 lön
288 1116 52 21 eller
356 1116 70 21 andra
440 1117 73 21 medel.

234 1149 60 22 28:0.
325 1145 191 34 Öfversättningar
535 1151 35 21 till
583 1150 73 28 finska
674 1151 94 28 språket,
784 1150 134 22 verkställda

166 1185 26 27 af
204 1184 25 22 de
241 1184 144 22 translatorer
399 1185 106 28 allmogen
516 1192 49 22 eger
573 1185 40 28 för
625 1185 78 21 sädant
715 1185 103 21 ändamäl
829 1189 87 25 antaga.

234 1217 61 21 29:0.
324 1218 71 26 Bevis,
416 1225 45 13 som
477 1219 93 28 utgifves
589 1219 61 27 öfver
665 1219 199 28 vederhäftiyheten
880 1219 37 21 hos

166 1251 26 21 de
206 1258 112 21 personer,
334 1251 73 21 hvilka
423 1252 61 20 trädt
498 1254 10 19 i
521 1252 192 29 uppdbördsborgen
721 1253 42 29 för
778 1253 73 28 någon
864 1253 52 28 pud-

168 1284 30 22 lik
214 1286 133 28 tjensteman.

234 1319 61 23 30:0.
326 1320 183 22 Poliskammares
531 1321 184 30 tillständsbiljett
726 1322 43 29 för
782 1321 59 29 finsk
859 1322 58 29 infö-

166 1354 54 30 ding
236 1358 33 18 att
283 1356 67 20 vistas
365 1356 10 20 i
389 1356 81 21 staden.

235 1388 55 22 31:0.
320 1390 219 29 Embetsskrifvelser.

235 1422 61 22 32:0.
331 1424 146 28 Tjenstemans
500 1425 120 29 ansökning
643 1433 34 13 om
699 1426 165 28 handräckning
884 1430 33 16 att

166 1458 49 28 utfå
230 1458 77 22 honom
321 1458 26 29 af
358 1459 107 27 menighet
481 1459 160 23 tillkommande
657 1460 101 29 ajlöning.
