1014 1670
319 113 72 23 Nådiga
403 115 136 22 Propositionen
551 107 38 26 N:o
599 117 26 16 20.
791 117 33 16 909

97 176 83 22 skrifna
197 175 71 24 älders
285 175 25 26 är
329 177 40 22 och
388 178 136 28 egenskaper.
557 178 60 22 Dock
635 179 40 21 bör
693 179 100 22 anmälan
811 186 35 15 om

96 210 159 23 föreständares
276 212 121 27 antagande
415 213 58 22 inom
491 212 46 23 ätta
555 209 72 48 dagar
641 213 93 22 derefter
752 214 37 21 ske
806 214 40 21 hos

97 240 168 33 Öfverstyrelsen
284 246 51 21 eller
354 246 47 21 dess
421 247 140 21 ombudsman
580 247 13 21 &
611 249 67 24 orten,
697 247 84 22 hvilken
796 255 50 20 eger

96 281 33 20 att
140 279 73 22 derom
224 280 33 21 till
269 275 168 33 Öfverstyrelsen
449 281 152 28 ofördröjligen
611 281 113 22 inberätta.
747 282 99 21 Försum-

95 321 47 14 mar
157 314 142 27 boktryckare
317 313 67 23 sådan
399 316 106 25 anmälan,
520 316 50 21 böte
585 316 127 21 femhundra
726 317 61 20 mark
806 317 40 21 och

95 355 51 16 vare
161 348 49 27 sjelf
223 348 34 21 för
271 349 115 27 tryckeriet
401 350 104 27 ansvarig.
528 350 78 21 Finner
622 345 173 34 Öfverstyrelsen,
810 351 36 22 vid

94 383 102 28 pröfning
211 383 24 21 af
246 383 141 22 förenämnda
401 384 105 27 anmälan,
523 385 40 21 den
578 386 92 27 antagne
684 385 163 22 föreståndaren

95 417 69 22 sakna
183 417 26 21 de
227 418 7 20 i
254 418 11 28 &
287 420 26 18 14
332 419 131 21 omnämnda
481 419 131 28 egenskaper
632 419 40 21 och
691 420 85 21 derföre
793 420 54 22 böra

96 452 82 28 ogillas,
194 452 126 22 underrätte
336 452 73 22 derom
425 456 76 25 genast
515 453 163 29 boktryckaren,
693 454 84 22 hvilken
792 455 8 21 i
814 454 34 22 så-

97 486 42 23 dan
155 487 101 21 händelse
271 487 51 28 sjelf
334 488 40 21 bör
389 495 91 15 ansvara
494 488 35 22 för
544 488 35 22 det
593 488 68 28 tryck,
678 496 46 14 som
738 489 42 22 den
794 490 53 28 ogil-

95 522 49 21 lade
159 521 163 23 föreståndaren
337 522 118 22 emellertid
469 522 48 22 låtit
532 522 48 22 från
595 523 115 28 tryckeriet
724 522 58 29 utgå.

164 556 46 27 Lag
225 563 81 15 samma
320 564 50 14 vare
386 564 35 14 om
435 557 134 28 boktryckeri
585 558 126 22 arrenderas
726 558 52 22 eller
792 566 54 20 upp-

95 590 54 22 låtes
168 591 33 21 till
219 590 99 22 konkurs.
348 592 46 20 Dör
411 592 142 28 boktryckare
572 592 40 22 och
626 592 83 22 lemnar
724 593 54 21 enka
792 593 54 22 efter

95 626 40 27 sig,
156 633 38 21 ege
212 627 48 25 hon,
280 626 68 22 ehvad
366 625 61 23 ålder
445 627 43 21 hon
503 627 95 26 innehar,
614 627 103 28 rättighet
732 629 32 20 att
778 627 69 22 under

96 667 54 21 egen
164 661 137 27 ansvarighet
316 661 51 21 eller
382 668 76 20 genom
473 663 99 27 ansvarig
586 661 148 23 föreståndare
746 662 101 22 fortsätta

95 695 103 26 rörelsen,
217 703 48 14 men
282 697 51 26 göre
348 696 39 21 ock
402 696 58 21 inom
475 695 45 23 åtta
535 696 67 28 dagar
618 696 54 22 efter
686 704 103 14 mannens
804 696 42 22 död

96 729 68 23 sådan
179 730 105 25 anmälan,
300 738 45 14 som
360 738 29 14 nu
404 732 25 20 är
443 727 58 49 sagd,
518 731 40 22 och
569 738 89 15 ansvare
670 731 118 22 emellertid
799 731 49 28 sjelf

95 764 35 22 för
144 765 120 28 tryckeriet.
288 765 83 21 Saknar
382 766 43 20 hon
436 765 70 29 någon
518 773 71 14 annan
601 766 24 21 af
635 766 43 22 de
670 760 13 38 i
691 767 11 27 $
716 768 26 19 14
753 766 94 22 nämnda

96 800 137 27 egenskaper,
256 807 50 21 eger
329 795 168 33 Öfverstyrelsen
518 800 101 28 förbjuda
637 801 69 21 henne
724 800 72 29 yrkets
813 802 35 20 ut-

97 834 81 27 öfning.

441 872 12 27 8
470 873 31 20 18.

165 913 54 22 Förr
242 915 28 20 än
288 913 113 28 tryckning
420 914 24 21 af
459 914 108 27 periodisk
585 913 63 22 skrift
666 913 106 29 företages
792 915 55 21 skall

96 948 142 28 boktryckare
260 955 53 14 vara
330 948 87 21 försedd
435 948 49 21 med
501 948 110 22 bevittnad
629 948 85 22 afskrift
732 949 25 21 af
774 943 72 28 Öfver-

96 983 115 28 styrelsens
233 982 157 22 tillståndsbref
410 983 33 20 till
465 983 47 22 dess
534 983 112 28 utgifning.
681 983 47 22 Den
750 983 98 22 häremot

96 1018 74 27 bryter
192 1017 50 22 böte
264 1017 128 22 femhundra
409 1017 68 22 mark.
509 1018 46 27 Lag
573 1025 82 14 samma
673 1025 51 14 vare
742 1025 34 14 om
794 1018 53 21 bok-

96 1053 100 28 tryckare
214 1053 85 27 trycker
316 1053 108 27 periodisk
443 1053 62 21 skrift
522 1053 49 21 med
589 1053 88 28 vetskap
697 1055 33 20 att
748 1053 48 22 dess
813 1055 34 20 ut-

97 1087 100 28 gifvande
212 1087 69 21 blifvit
296 1087 95 22 instäldt.

445 1137 12 27 8
474 1137 32 20 19.

166 1179 146 27 Boktryckare
326 1178 109 22 utsätte
425 1174 13 38 å
449 1179 73 28 hvarje
536 1179 126 28 tryckskrift
676 1179 37 21 sitt
724 1180 49 27 eget
783 1186 66 15 namn

98 1213 52 22 eller
168 1213 125 28 tryckeriets
312 1212 62 22 firma
389 1215 56 19 samt
459 1214 186 27 tryckningsorten
660 1213 40 22 och
716 1212 46 23 året
777 1213 71 22 äfven-

98 1254 46 14 som
163 1249 87 19 namnet
268 1246 28 28 på
314 1247 144 27 förläggaren,
478 1247 27 22 då
523 1248 92 20 särskild
633 1247 123 28 förläggare
774 1247 74 21 finnes.

97 1282 48 21 Den
168 1282 97 21 häremot
283 1282 73 27 bryter
374 1282 49 21 böte
442 1282 68 21 första
528 1281 83 28 gången
631 1282 132 27 fyrahundra
780 1281 68 25 mark,

99 1316 69 21 andra
183 1316 40 21 och
238 1316 69 26 tredje
321 1322 64 14 resan
400 1316 94 26 dubbelt,
510 1318 55 18 samt
580 1315 62 21 hafve
658 1315 107 21 dessutom
779 1315 7 21 i
802 1315 48 21 sist-

98 1350 93 20 nämnde
213 1350 37 20 fall
273 1350 108 20 förverkat
399 1350 129 27 rättigheten
547 1351 32 19 att
595 1349 156 28 tryckeriyrket
769 1348 80 22 utöfva.

99 1384 77 21 Denna
194 1384 108 22 föreskrift
318 1384 55 28 gälle
389 1384 54 21 dock
458 1384 18 28 ej
493 1383 112 29 småtryck,
621 1383 121 23 hvarunder
757 1383 92 28 inbegri-

99 1426 47 21 pes:
166 1419 169 21 underrättelser
352 1419 52 21 eller
422 1418 218 28 tillkännagifvanden
658 1426 35 14 om
708 1417 76 23 affärs-
799 1418 52 21 eller

100 1454 115 28 sällskaps-
233 1454 52 22 eller
304 1454 35 23 det
356 1454 85 27 husliga
459 1454 64 26 lifvet,
539 1452 70 23 såsom
623 1453 56 23 salu-
695 1453 40 22 och
750 1453 101 28 hyresan-
