1031 1664
166 116 44 16 1140
371 115 71 22 Nådiga
453 115 136 22 Propositionen
602 115 34 17 N:o
650 116 26 15 24.

142 178 94 22 sändare
255 178 39 21 och
312 178 42 21 den
372 179 124 20 bränvinets
510 178 100 28 forsling
629 179 34 27 sig
682 178 72 28 åtagit
765 178 73 29 fällas
858 179 36 21 till

142 220 81 14 ansvar
242 212 91 22 likasom
342 213 42 28 för
401 213 149 28 lurendrejeri,
566 213 72 20 derest
652 212 20 29 ej
688 213 159 28 tillförlitligen
861 214 33 20 vi-

142 254 34 14 sas
192 247 49 26 kan,
257 250 34 18 att
306 246 114 21 bränvinet
436 248 27 19 är
478 248 26 27 af
514 247 68 28 laglig
588 246 59 28 finsk
660 246 147 29 tillverkning.
830 246 64 30 Styr-

142 281 35 21 kes
196 282 65 25 detta,
282 281 46 21 böte
348 280 82 22 ändock
450 281 123 29 afsändare,
593 280 103 29 skeppare
716 282 52 20 eller
784 282 40 20 den
833 282 61 28 fort-

142 315 133 29 skafningen
294 315 99 21 handhar
406 315 58 29 från
482 316 39 20 och
539 315 48 21 med
606 315 116 21 etthundra
742 316 35 20 till
793 315 38 21 och
845 316 48 20 med

142 350 123 22 tvåhundra
286 349 63 21 mark
372 350 54 28 efter
446 349 218 29 omständigheterna,
684 356 44 14 som
749 350 25 28 af
791 350 102 20 domaren

137 384 100 30 pröfvas.
271 384 77 28 Brytes
372 384 101 28 tullsigill
492 385 52 20 eller
564 383 62 29 begås
646 392 72 12 annan
738 384 155 29 öfverträdelse

142 420 26 29 af
180 419 101 29 gällande
294 419 208 28 tullförfattningar,
515 418 56 22 skall
582 419 40 20 den
634 418 120 28 brottslige,
766 422 59 17 utom
836 418 57 22 hvad

142 454 64 28 ofvan
228 455 27 19 är
276 456 75 23 utsatt,
371 453 96 21 dömmas
486 454 36 20 till
540 454 36 20 det
594 460 79 14 ansvar
692 453 76 28 derför
786 453 106 21 särskildt

136 488 71 28 Jinnes
222 488 52 21 eller
283 488 122 28 framdeles
419 488 80 20 varder
514 487 110 29 stadgadt.

483 550 12 28 8
515 548 36 23 87.

210 592 46 22 För
276 593 79 21 hittills
374 592 112 28 begagnad
502 592 352 30 bränvinstillverkningsredskap
869 594 25 28 af

142 628 89 28 koppar,
248 635 44 13 som
307 627 76 21 dertill
398 626 125 29 berättigad
538 634 64 21 egare
618 626 70 29 afstär
701 628 24 20 ät
736 626 98 28 Kronan,
849 629 45 20 till-

142 662 104 22 erkännes
265 662 77 20 honom
361 662 58 20 lösen
438 662 46 20 med
504 668 24 14 en
543 661 62 21 mark
622 662 67 20 semtio
700 662 70 28 penni
778 662 43 28 för
837 662 57 22 skäl-

137 697 91 28 pundet.
257 696 71 21 Medel
346 695 76 22 dertill
440 696 54 28 utgå
512 696 9 20 i
540 696 94 28 enlighet
652 696 48 21 med
718 697 12 27 $
749 696 15 21 3
779 704 27 13 ur
822 696 71 22 Stats-

141 730 84 22 verkets
241 731 63 21 andel
318 731 10 20 i
342 730 89 28 influten
446 730 334 30 bränvinstillverkningsafgift.

484 794 13 27 s
518 791 33 23 4.

210 836 54 22 Alla
278 838 10 20 i
302 836 70 22 denna
380 836 139 29 förordning
534 836 104 28 stadgade
655 836 61 21 böter
731 837 61 21 skola
806 842 87 24 uttagas

142 872 26 28 af
180 872 41 21 den
236 871 117 29 sakfälldes
368 871 102 28 egendom
484 872 10 20 i
510 872 41 20 löst
567 871 38 21 och
614 872 55 28 fast,
686 872 23 20 sä
726 872 61 28 långt
799 873 95 29 tillgång

137 906 78 28 jinnes,
234 909 56 18 samt
303 906 146 28 förvandling
469 912 39 21 ega
523 912 49 14 rum
587 906 75 20 endast
670 906 43 28 för
728 906 41 26 det,
786 914 44 14 som
844 908 49 20 der-

141 940 38 22 vid
196 940 46 22 icke
261 940 65 28 utfäs.
359 939 69 21 Dessa
447 940 66 26 böter,
533 940 72 21 sävidt
622 940 26 21 de
666 941 59 27 utgå,
738 942 104 27 fördelas
860 942 34 21 sä-

142 975 72 26 lunda,
235 978 33 18 att
287 974 36 21 tvä
343 974 131 28 tredjedelar
492 974 66 29 deraf
571 974 93 28 tillfalla
679 974 121 29 äklagaren
815 976 38 21 och
869 984 25 13 en

142 1010 104 28 tredjedel
268 1008 135 30 angifvaren,
426 1009 28 20 dä
473 1009 25 21 de
517 1013 129 25 gemensamt
665 1010 61 20 åtala
737 1010 156 29 förbrytelsen,

141 1050 47 14 men
204 1044 120 28 åklagaren
340 1043 92 25 odeladt,
448 1044 29 20 dä
492 1044 43 20 han
547 1051 71 13 ensam
628 1044 62 28 utför
701 1045 72 20 målet.
796 1045 36 21 På
844 1052 48 15 ena-

143 1078 73 20 handa
238 1079 44 19 sätt
294 1077 101 29 förfares
415 1078 63 28 äfven
496 1078 47 20 med
562 1078 78 21 värdet
652 1079 42 27 för
707 1079 121 28 förbruten
846 1080 48 21 red-

142 1112 60 28 skap,
222 1112 94 21 bränvin
335 1111 39 21 och
389 1115 66 17 annat
470 1112 60 27 gods,
546 1112 9 20 i
570 1111 80 21 hvilket
666 1113 97 27 afseende
780 1114 30 21 all
825 1114 69 22 sådan

142 1146 102 29 egendom
263 1146 39 21 bör
321 1152 76 21 genom
416 1146 129 28 åklagarens
554 1146 94 29 försorg
664 1147 13 19 å
693 1147 96 29 offentlig
805 1148 89 22 auktion

136 1181 111 28 försäljas
270 1183 56 18 samt
344 1180 134 28 protokollet
496 1181 100 28 deröfver
616 1180 38 21 hos
672 1181 118 22 domstolen
802 1183 91 28 företes,

138 1215 33 27 på
194 1215 35 20 det
251 1214 217 27 auktionsskillingen
486 1215 36 20 mä
541 1214 71 21 kunna
630 1215 10 20 i
658 1215 183 28 saköreslängden
860 1217 35 21 till

142 1249 140 27 redovisning
296 1251 116 24 upptagas.

212 1290 121 22 Ständerna
347 1290 51 21 utbe
414 1290 32 27 sig
462 1290 100 28 slutligen
577 1292 31 20 att
623 1289 23 22 fä
656 1291 7 20 i
674 1291 170 29 underdänighet
855 1294 39 22 hos

142 1325 25 22 E.
186 1326 26 21 K.
232 1325 40 23 M:t
291 1323 114 24 framhälla
423 1324 68 28 nägra
509 1325 33 21 till
560 1326 72 21 ämnet
650 1325 95 23 hörande
764 1329 129 28 omständig-

142 1361 67 21 heter.

212 1401 34 24 Dä
261 1402 122 23 Ständerna
397 1403 41 21 här
453 1403 62 21 ofvan
530 1403 79 21 uttalat
624 1403 32 28 sig
671 1403 34 22 för
720 1407 30 19 ett
765 1404 77 23 sädant
857 1414 37 15 an-

143 1437 111 22 vändande
278 1437 24 21 af
320 1437 193 26 bränvinsskatten,
533 1438 33 20 att
584 1437 96 28 anslaget
698 1438 34 22 för
750 1439 60 22 äldre
829 1440 63 22 brän-
