1017 1661
351 104 70 22 Nådiga
432 105 136 21 Propositionen
581 104 33 17 N:o
628 105 26 15 20.
820 104 32 16 905

126 168 26 21 är
166 167 40 22 och
221 167 131 21 tidskriftens
366 167 105 28 utgifvare
482 167 49 22 böte
542 168 114 20 etthundra
667 167 71 26 mark;
750 173 48 15 men
810 167 64 27 djerf-

126 208 36 15 ves
176 200 72 29 någon
262 202 73 21 skrida
348 201 34 22 till
396 202 105 21 tidskrifts
515 202 124 27 utgifvande
653 201 66 22 sedan
734 202 53 20 hans
799 201 75 21 ansök-

126 236 52 27 ning
192 242 35 14 om
240 234 97 22 tillstånd
352 236 71 21 dertill
432 236 70 21 blifvit
514 236 8 21 i
532 236 50 27 laga
594 236 90 27 ordning
695 236 102 27 afslagen,
808 236 67 27 plikte

125 269 35 21 för
178 269 74 28 hvarje
267 268 90 22 sålunda
372 269 99 28 olofligen
486 270 94 27 utgifven
595 276 96 14 nummer
706 272 83 19 ettusen
804 270 70 25 mark;

126 303 40 22 och
181 303 66 21 varde
261 303 7 20 i
283 303 99 22 afseende
397 303 13 22 å
425 303 35 21 det
475 304 99 27 olofligen
584 303 121 28 påbegynta
716 303 116 28 företagets
843 303 32 21 in-

126 337 106 22 ställande
247 337 74 28 tjenlig
337 333 167 64 Hteärdagonast
518 337 99 28 vidtagen
631 338 8 20 i
653 337 133 28 Helsingfors
802 338 24 21 af
839 333 35 26 Öf-

126 371 141 28 verstyrelsen
286 372 40 21 och
345 379 7 13 i
369 371 124 22 landsorten
508 372 24 21 af
545 372 47 21 dess
608 372 146 25 ombudsman,
769 372 84 21 hvilken
868 373 7 20 i

126 404 79 23 sådant
219 405 38 22 fall
272 406 73 21 derom
360 406 123 28 skyndsamt
497 406 33 21 till
546 401 166 32 Öfverstyrelsen
727 406 125 22 inberättar.

196 441 39 20 5:0.
266 435 84 26 Önskar
368 440 106 27 utgifvare
490 440 23 21 af
525 440 95 21 tidskrift
635 440 86 21 dermed
736 441 86 27 vidtaga
837 439 37 23 nå-

127 481 42 21 gon
188 473 125 28 förändring
331 474 7 21 i
356 474 86 27 hänsigt
459 475 33 21 till
511 475 47 20 dess
576 474 46 21 titel
641 474 51 21 eller
712 474 92 28 omfång,
824 475 51 21 eller

126 508 45 23 låta
190 509 75 27 trycka
284 509 122 21 densamma
421 507 13 23 å
449 511 65 19 annat
532 509 92 28 tryckeri
639 510 27 19 än
681 509 39 21 hos
736 504 138 32 Öfyerstyrel-

126 550 38 14 sen
181 543 123 33 uppgifvits,
324 543 84 21 anmäle
425 543 33 21 sin
478 543 79 21 önskan
580 543 118 27 skriftligen
716 543 7 21 i
741 543 133 27 Helsingfors

125 577 40 22 hos
184 572 168 34 Öfverstyrelsen
374 578 40 21 och
432 577 8 21 i
458 577 123 22 landsorten
602 578 40 20 hos
661 578 47 20 dess
728 577 146 27 ombudsman,

125 618 47 15 som
186 612 40 21 har
241 614 33 19 att
288 611 40 22 slik
343 612 99 21 anmälan
458 612 152 28 ofördröjligen
625 612 39 21 och
680 619 34 14 om
728 612 84 27 möjligt
826 612 49 22 med

126 645 117 34 omgående
257 648 50 26 post
321 646 33 21 till
369 641 167 33 Öfverstyrelsen
552 646 100 26 insända;
668 646 40 22 och
723 646 73 22 afbide
810 646 64 29 utgif-

125 688 67 14 varen
207 676 177 32 Öfverstyrelsens
399 680 70 22 beslut
484 681 103 25 deröfver,
603 681 80 21 hvilket
697 681 54 21 skall
766 680 108 22 meddelas

124 715 58 22 inom
204 714 45 23 åtta
271 715 67 27 dagar
360 714 54 21 efter
436 715 35 21 det
490 722 80 14 samma
588 715 100 21 anmälan
706 715 32 22 dit
756 716 117 20 inkommit.

125 749 103 28 Vidtages
246 750 7 21 i
272 749 139 22 omförmälde
429 749 134 22 hänseenden
578 749 125 28 förändring
718 749 48 22 med
781 749 94 22 tidskrift

124 786 54 19 utan
194 779 178 32 Öfverstyrelsens
386 783 67 26 bifall,
468 791 50 14 vare
533 784 35 27 lag
584 791 45 14 som
643 784 8 21 i
665 791 63 14 mom.
744 785 13 19 4
769 784 63 27 sagdt
843 785 31 20 är.

124 818 81 22 Blifver
222 821 53 19 utan
293 818 159 22 vederbörande
472 818 150 22 ombudsmans
640 818 32 21 lof
689 819 39 21 och
747 819 71 21 minne
833 819 41 20 tid-

125 852 63 22 skrift
206 852 87 22 utdelad
308 852 13 22 å
336 859 70 15 annan
425 853 41 27 dag
482 852 51 22 eller
548 852 92 27 tidigare
654 852 72 22 timme
741 854 28 19 än
784 853 38 21 hos
839 848 35 26 Öf-

125 888 141 27 verstyrelsen
280 886 122 28 uppgifvits,
418 886 67 28 plikte
499 886 119 28 utgifvaren
634 887 114 21 etthundra
763 888 67 20 mark.

194 922 40 20 6:0.
257 921 40 21 Om
312 921 106 27 utgifvare
433 921 24 21 af
468 921 108 27 periodisk
591 921 62 21 skrift
668 920 45 22 deri
725 922 38 26 gör
774 922 32 27 sig
818 921 56 28 skyl-

125 956 36 28 dig
178 955 34 21 till
230 955 151 22 öfverträdelse
400 955 24 21 af
440 955 78 21 allmän
536 955 36 27 lag
591 955 52 21 eller
658 955 69 21 denna
740 956 135 27 Förordning

124 990 41 22 och
187 990 57 28 förty
266 990 76 21 blifver
364 989 64 21 dömd
448 990 32 20 till
498 990 61 21 böter
577 990 52 21 eller
646 989 140 22 skadestånds
805 990 69 27 erläg-

125 1024 75 28 gande,
216 1023 24 22 så
254 1022 40 27 får,
310 1024 65 21 sedan
389 1024 51 27 laga
454 1024 57 21 kraft
526 1024 82 27 egande
622 1024 70 28 utslag
707 1024 73 21 derom
791 1024 34 21 för
836 1024 38 21 ho-

124 1066 51 14 nom
189 1059 116 27 uppvisats,
322 1058 88 22 skriften
424 1058 47 21 icke
483 1059 73 21 vidare
566 1059 115 25 utkomma,
693 1060 66 19 innan
771 1058 55 22 både
837 1058 37 22 bö-

124 1096 34 19 ter
173 1094 40 21 och
228 1093 121 21 fastställda
364 1092 143 28 ersättningar
522 1092 69 22 blifvit
605 1092 33 21 till
648 1092 49 21 fullt
707 1093 79 27 belopp
796 1092 78 28 guldne

124 1129 57 19 samt
195 1127 73 27 qvitto,
284 1127 111 20 utfärdadt
410 1127 25 20 af
447 1127 102 21 exekutor
561 1126 80 28 jemväl
656 1127 58 20 öfver
725 1125 149 23 skadestånds-

124 1161 107 28 beloppet,
253 1161 46 21 ifall
317 1159 147 29 målsegandes
482 1161 67 26 gvitto
568 1161 18 26 ej
606 1162 75 25 genast
698 1161 44 20 kan
760 1159 113 27 anskaffas,

124 1195 112 22 aflemnats
258 1195 7 21 i
287 1195 133 27 Helsingfors
443 1195 131 21 omedelbart
594 1194 34 21 till
649 1194 225 28 Pressöfverstyrelsen

125 1229 40 22 och
179 1230 9 21 i
201 1229 125 21 landsorten
340 1229 33 21 till
388 1229 47 21 dess
447 1229 146 25 ombudsman,
606 1235 45 14 som
663 1229 39 20 har
713 1230 32 19 att
758 1229 116 20 detsamma

125 1266 75 25 genast
215 1263 32 21 till
262 1258 167 33 Öfverstyrelsen
444 1263 95 21 insända.
562 1263 138 20 Försummar
715 1259 40 24 den
771 1262 104 21 sakfällde

124 1297 119 28 utgifvaren
260 1299 32 19 att
306 1297 51 20 slikt
372 1297 66 26 gvitto
455 1297 96 25 aflemna,
567 1297 65 20 varde
647 1298 35 19 det
693 1297 78 20 honom
782 1296 92 21 ådömda

124 1331 101 27 beloppet
243 1331 73 27 guldet
335 1330 23 21 af
376 1330 40 20 den
431 1330 189 27 penningesumma
635 1331 43 20 han
693 1329 66 28 enligt
774 1329 99 28 stadgan-

124 1365 37 22 det
175 1366 7 20 i
197 1372 63 14 mom.
278 1366 9 19 1
304 1364 34 21 för
354 1363 77 22 sådant
446 1362 99 23 ändamål
560 1364 84 21 nedsatt
660 1364 40 21 och
716 1363 88 21 derutur
818 1365 56 20 utta-

124 1401 36 28 get
177 1399 49 22 med
244 1397 139 24 förmånsrätt
401 1398 90 22 framför
506 1398 28 21 all
549 1406 70 14 annan
635 1398 23 22 af
670 1398 120 27 utgifvaren
805 1397 69 23 åsam-

124 1435 43 22 kad
182 1434 56 29 gäld.
262 1429 30 26 Är
308 1433 40 22 den
363 1433 99 22 nedsatta
477 1441 96 14 summan
590 1433 70 22 dertill
674 1433 134 28 otillräcklig,
820 1433 54 22 skall
