1020 1667
185 120 33 16 650

379 119 72 23 Nådiga
462 120 136 22 Propositionen
610 120 35 16 N:o
659 120 26 15 14.

287 182 21 28 €)
327 186 33 16 att
374 182 34 28 på
426 182 102 21 anmälan
546 182 38 21 och
597 182 90 28 förslag
708 181 26 29 af
746 180 168 22 Bankdirektio-

231 222 41 15 nen
283 216 117 29 fastställa
418 216 97 28 beloppet
538 216 25 29 af
583 215 93 22 bankens
699 214 155 22 diskontränta
876 214 39 21 och

232 250 87 29 längsta
331 250 156 29 förfallotiden
502 250 37 21 vid
554 250 184 28 diskonteringar,
758 248 85 22 hivilken
862 248 53 21 dock

231 284 46 21 icke
290 285 42 28 får
352 284 119 29 öfverstiga
490 285 33 28 sju
537 284 104 21 månader
654 284 43 28 för
712 284 75 21 vealar
803 286 55 18 samt
867 284 48 28 fem

232 319 105 21 mänader
346 319 42 28 för
402 320 141 27 anvisningar
559 318 38 21 och
606 318 188 29 förskrifningar.

290 358 19 28 £)
328 362 33 17 att
379 358 115 22 bestämma
513 366 32 13 om
569 358 37 21 och
629 358 86 21 hvilken
729 358 123 28 provision,
871 364 46 14 som

227 393 43 28 för
289 392 93 22 bankens
400 394 73 20 verlar
493 393 38 21 och
554 393 148 28 anvisningar,
723 392 113 21 betalbara
857 392 59 21 inom

235 427 79 26 landet,
324 427 44 29 fär
384 427 117 26 beräknas;

292 467 22 28 g)
337 471 38 22 att,
394 468 32 28 pä
447 467 212 22 Bankdirektionens
681 467 103 20 anmälan
802 466 38 21 och
862 467 54 28 efter

235 502 112 21 meddelad
352 502 137 29 fullständig
500 502 117 29 utredning
629 502 83 29 pröfva
726 501 142 29 gäldenärers
884 509 35 13 ac-

235 536 157 29 kordsförslag,
409 537 114 28 förordna
548 537 35 20 till
609 536 134 29 afskrifning
770 537 9 20 i
800 535 118 22 räkenska-

231 578 73 21 perna
319 571 25 29 af
358 571 43 27 län,
419 572 110 27 upplupna
547 572 85 25 räntor,
650 570 112 21 utbetalda
780 571 139 28 rättegängs-

237 605 115 22 kostnader
374 613 28 13 m.
420 613 33 19 m.,
474 613 44 14 som
540 606 20 28 ej
582 605 82 22 kunnat
679 605 58 29 från
759 605 160 21 vederbörande

235 640 65 29 utfäs,
320 641 110 28 äfvensom
448 641 25 28 af
490 640 82 22 sädana
591 640 163 28 oundgängliga
771 640 92 29 utgifter
876 639 43 29 för

236 674 96 27 Banken,
352 675 36 21 till
406 674 84 21 hvilkas
508 674 109 29 gäldande
635 675 73 28 nägon
726 681 72 14 annan
816 673 45 22 icke
877 673 42 22 kan

237 709 97 29 lagligen
342 709 135 30 förpliktas;
492 709 39 21 och

293 750 23 28 b)
333 753 33 18 att
381 751 54 28 efter
451 750 64 29 behof
527 750 39 21 och
581 749 183 29 omständigheter
778 749 97 22 meddela
887 749 34 22 sä-

237 785 57 21 dana
302 785 151 29 föreskrifter,
470 792 43 14 som
523 785 42 29 för
581 785 92 20 bankens
693 781 99 32 ordning,
812 784 107 27 säkerhet,

238 819 89 22 bestånd
343 819 37 22 och
390 819 122 29 förkofran
531 819 71 22 kunna
622 819 67 29 blifva
707 819 83 29 nödiga
810 819 38 21 och
867 819 54 28 tjen-

239 855 45 28 liga
300 857 56 18 samt
373 854 45 21 icke
438 854 57 28 angå
507 854 84 29 frågor
611 861 33 13 om
660 853 73 22 hvilka
750 854 41 21 här
807 854 113 29 ofvanföre

237 889 10 20 i
260 888 23 21 11
294 888 98 29 punkten
407 889 98 28 stadgas;
521 889 38 20 och
571 889 39 20 bör
623 886 144 23 Direktionen
778 889 10 20 i
798 889 78 20 sådant
888 889 33 28 af-

238 923 72 22 seende
325 926 53 18 utan
398 923 136 28 tidsutdrägt
551 923 97 20 meddela
660 923 143 28 fullmäktige
821 923 100 21 mänads-

232 958 117 29 förslagen
364 958 60 28 öfver
440 957 92 22 bankens
547 958 107 27 ställning
673 957 38 22 och
729 957 101 29 derjemte
849 957 72 28 draga

233 993 95 28 försorg
343 999 34 14 om
392 992 61 21 deras
469 991 208 30 offentliggörande;
697 992 110 21 hvaremot
826 992 40 21 den
878 992 43 29 för

238 1026 263 29 Finans-Expeditionens
521 1025 54 30 Chef
588 1027 52 20 eller
659 1034 73 13 annan
750 1025 172 23 Senatsledamot

237 1062 11 20 i
266 1061 54 21 hans
338 1062 63 20 ställe
414 1061 66 28 förut
499 1061 103 28 stadgade
624 1061 107 28 rättighet
754 1064 32 17 att
808 1062 34 19 uti
863 1062 58 20 vissa

233 1096 47 29 fall
295 1095 66 29 hafva
375 1096 46 20 säte
437 1095 38 22 och
490 1097 91 20 stämma
596 1096 9 19 i
615 1094 201 23 Bankdirektionen
828 1095 94 22 kommer

241 1133 32 18 att
287 1129 131 22 inskränkas
434 1130 75 21 endast
529 1130 36 21 till
577 1129 84 29 frågor
681 1130 109 28 angående
806 1133 63 17 stats-
884 1130 39 21 och

239 1163 167 22 militieverkens
424 1164 68 21 under
510 1163 154 22 Direktionens
681 1164 142 29 förvaltning
842 1164 81 21 ställda

235 1198 88 28 fonder.

296 1235 56 21 16:0.
383 1235 142 29 Oförändrad
547 1237 10 19 i
579 1237 79 27 öfrigt,
680 1243 47 13 men
749 1236 174 29 ,hypotheksfon-

241 1270 50 21 den"
305 1269 83 29 utbytes
402 1273 45 17 mot
462 1269 109 27 ,banken.*

298 1308 54 24 17:o.
385 1310 87 29 Högsta
494 1311 89 21 tillåtna
605 1310 258 29 ansvarighetsbeloppet,
880 1310 43 30 för

243 1344 80 22 hvilket
338 1352 25 14 en
378 1345 39 21 och
435 1352 80 14 samma
531 1352 79 22 person
622 1346 44 28 får
685 1346 70 20 såsom
774 1348 99 24 trassent,
889 1352 36 14 en-

242 1380 85 21 dossent
342 1381 52 20 eller
409 1383 111 25 acceptant
533 1380 42 28 för
589 1382 59 19 inom
663 1380 73 22 landet
751 1380 112 22 betalbara
877 1387 47 15 vea-

243 1415 35 21 lar
304 1414 68 30 blifva
398 1414 102 29 häftande
526 1415 10 20 i
561 1414 91 26 banken,
675 1415 36 21 må
736 1414 46 22 icke
805 1416 119 28 öfverstiga

243 1448 107 28 200,000
364 1449 69 21 mark.
