1017 1664
196 116 33 16 914
394 115 72 23 Nädiga
478 116 137 21 Propositionen
628 116 34 16 N:o
675 116 27 15 20.

172 179 30 21 vit
216 178 103 27 föröfvad,
335 178 66 28 enligt
415 180 26 19 61
457 178 49 27 kap.
521 178 238 28 Missgerningsbalken,
771 185 54 19 men,
838 178 37 21 der
887 177 33 22 sä-

172 212 43 22 dan
233 212 84 28 påföljd
335 213 18 27 ej
369 212 103 26 inträffat,
487 213 48 21 med
550 213 62 21 böter
626 212 48 21 från
690 212 115 22 etthundra
818 212 34 21 till
866 214 56 20 ettu-

171 254 39 14 sen
224 246 61 22 mark
300 246 53 22 efter
369 254 45 13 som
429 247 81 21 brottet
525 248 24 20 är
564 246 39 22 till.

242 282 39 20 9:0.
315 280 109 22 Smädelse
447 281 51 21 eller
517 281 160 27 förolämpning
699 283 56 19 emot
776 281 83 22 landets
878 288 43 14 em-

172 316 57 22 bets-
248 316 39 21 och
305 315 127 28 tjenstemän
448 316 51 21 eller
514 316 99 27 betjente,
629 316 7 20 i
651 316 40 21 och
705 316 34 21 för
755 316 61 21 deras
831 315 91 22 embets-

172 349 107 29 ätgärder,
299 350 90 26 straffes,
405 352 40 20 när
459 351 120 22 smädelsen
593 352 61 20 rörer
670 351 61 21 deras
747 351 65 21 heder
827 350 40 22 och
882 352 40 20 ära

172 384 52 22 eller
239 384 56 28 goda
309 392 65 14 namn
389 385 40 21 och
444 385 67 27 rykte,
528 385 66 28 enligt
615 386 6 20 4
637 385 40 21 och
693 386 12 20 5
721 386 24 26 $$
762 386 26 20 60
800 386 48 26 kap.
860 384 61 22 Miss-

172 419 184 28 gerningsbalken.
391 418 44 22 Går
458 419 40 21 den
517 418 84 22 åtalade
621 419 88 21 skriften
728 419 18 27 ej
766 418 13 22 å
797 419 65 21 heder
881 420 40 20 och

172 455 45 25 ära,
232 461 49 14 men
295 455 25 19 är
335 453 61 27 eljest
411 454 98 27 skymflig
524 454 40 21 och
579 454 119 27 förklenlig,
710 454 93 27 umgälle
815 453 40 21 den
866 454 56 27 skyl-

173 488 48 28 dige
236 488 37 21 sitt
286 488 65 25 brott,
369 488 53 21 efter
437 488 216 27 omständigheterna,
669 488 101 27 antingen
778 488 85 27 jemlikt
874 488 48 21 sist-

171 522 94 22 berörda
282 522 91 28 lagrum,
393 522 52 22 eller
462 522 107 29 likmätigt
587 524 12 19 8
616 523 39 21 och
671 524 12 20 9
699 523 24 27 $$
741 524 25 19 18
782 523 48 27 kap.
846 522 75 22 åbero-

172 557 56 27 pade
242 557 57 21 balk.

242 593 53 19 10:o.
326 590 86 23 Osanna
431 591 51 22 eller
500 591 130 27 förvrängda
648 591 182 27 framställningar
850 591 23 21 af
887 591 35 21 det

172 633 46 15 som
232 626 105 27 tilldragit
351 626 32 28 sig
397 625 57 22 inför
469 626 126 26 Ständerna,
611 625 51 22 eller
673 625 35 21 vid
720 625 90 22 domstol
822 626 51 21 eller
884 632 37 14 an-

172 668 44 14 nan
234 660 95 28 offentlig
347 660 129 28 myndighet,
496 660 86 21 straffas
600 660 49 21 med
663 660 62 20 böter
739 658 48 22 från
802 659 120 22 tvåhundra

171 694 34 22 till
220 693 129 23 åttahundra
363 694 68 26 mark,
447 695 54 21 efter
515 702 46 14 som
575 694 81 21 brottet
671 696 24 18 är
709 694 40 21 till.

242 730 53 20 11:o.
326 728 145 27 Utspridande
489 728 24 22 af
529 729 74 27 lögner
622 728 51 21 eller
691 728 70 21 falska
778 728 81 27 rykten,
876 735 46 14 som

172 763 73 21 kunna
265 762 66 22 lända
351 762 33 22 till
406 762 154 22 allmänhetens
583 762 126 22 förvillande
732 763 40 21 och
790 762 131 26 förledande,

172 797 91 26 straffes,
283 804 34 14 om
336 797 26 21 de
380 798 51 20 röra
450 797 85 21 Statens
553 797 99 21 säkerhet
667 797 51 21 eller
733 797 84 21 komma
832 797 90 21 allmänt

171 832 70 21 buller
260 832 51 21 eller
326 832 105 21 oväsende
446 830 68 28 åstad,
531 832 65 26 enligt
613 832 10 20 5
640 832 11 26 8
667 832 12 20 6
694 831 49 27 kap.
759 831 162 28 Missgernings-

172 866 83 26 balken,
276 866 93 28 jemförd
387 866 49 21 med
453 866 77 28 Kongl.
548 866 161 27 Förordningen
728 866 41 21 den
788 867 26 20 20
832 866 90 21 Januari

174 902 60 24 1779,
250 908 49 14 men
314 900 61 28 eljest
389 900 49 22 med
452 900 61 22 böter
525 900 54 22 efter
590 900 215 28 omständigheterna,
816 899 49 22 från
876 899 46 23 två-

172 934 85 22 hundra
271 934 32 21 till
318 936 83 20 ettusen
416 935 67 21 mark.

242 970 52 20 12:o.
324 969 88 27 Vrängd
427 968 52 22 eller
493 969 48 21 skef
553 968 163 28 framställning,
732 968 123 28 förtydning
870 969 51 21 eller

172 1003 129 27 olämpligen
323 1003 121 21 framstäldt
466 1003 88 21 klander
577 1003 24 21 af
621 1003 275 27 styrelsemyndigheternas
913 1004 8 20 i

172 1037 73 22 landet
265 1036 101 28 åtgärder
381 1037 52 21 eller
448 1037 116 27 afsigterna
579 1037 48 21 med
643 1037 114 25 desamma,
773 1037 84 21 straffes
872 1037 49 21 med

172 1071 62 22 böter
248 1070 49 22 från
311 1070 120 22 tvåhundra
446 1070 32 22 till
493 1073 83 19 ettusen
591 1071 66 21 mark.

242 1106 52 20 13:o.
317 1105 136 27 Förgripliga
467 1106 51 20 eller
529 1105 150 21 förnärmande
690 1106 113 27 yttranden
816 1105 39 21 och
867 1113 53 20 upp-

172 1139 62 28 gifter
250 1146 34 14 om
299 1139 109 27 oftentliga
423 1139 148 22 förhållanden
585 1140 57 20 inom
657 1140 162 27 Kejsaredömet
834 1140 86 21 straffas

172 1174 48 21 med
234 1173 62 22 böter
311 1173 48 21 från
374 1174 131 27 fyrahundra
520 1174 33 21 till
567 1174 110 28 fyratusen
691 1175 68 20 mark.

241 1209 52 19 14:0.
317 1208 135 27 Förgripliga
467 1209 40 19 och
521 1208 33 20 till
566 1208 81 26 osämja
659 1209 48 20 med
718 1208 132 21 främmande
861 1209 59 20 mak-

171 1244 33 19 ter
219 1241 97 28 syftande
330 1241 114 28 yttranden
459 1244 55 18 samt
529 1241 116 21 smädelser
660 1244 57 19 emot
731 1241 132 22 främmande
878 1244 42 19 sta-

172 1277 44 20 ters
237 1277 98 26 regenter
354 1275 39 22 och
409 1275 62 21 deras
485 1276 39 21 hos
542 1275 83 22 landets
640 1276 99 27 regering
754 1275 104 22 anställde
873 1277 48 20 sän-

172 1310 76 27 debud,
264 1309 85 22 straffas
365 1309 70 23 såsom
450 1311 7 20 i
472 1317 62 14 mom.
552 1312 24 19 11
592 1310 69 22 blifvit
675 1311 95 20 nämndt.

242 1345 52 20 15:0.
317 1343 159 23 Riksvärdande
491 1345 204 27 statshemligheters
707 1345 139 27 utspridande
858 1345 62 21 straf-

172 1379 38 26 fos,
230 1386 34 15 om
283 1379 36 21 det
337 1379 48 21 sker
404 1386 76 21 genom
499 1379 45 26 den,
563 1387 45 13 som
627 1381 24 19 är
669 1379 91 22 betrodd
778 1379 48 22 med
841 1378 80 23 vården

173 1413 65 27 deraf,
254 1413 66 28 enligt
335 1415 12 19 5
363 1414 10 27 $
389 1415 14 19 4
418 1413 49 28 kap.
483 1413 235 28 Missgerningsbalken,
731 1416 60 24 samt,
803 1421 34 14 om
849 1422 71 14 annan

172 1449 40 27 gör
226 1449 32 27 sig
273 1448 62 21 saker
350 1448 77 27 dertill,
439 1448 48 22 med
497 1448 62 22 böter
569 1447 48 23 frän
629 1449 127 21 femhundra
767 1449 33 20 till
810 1449 110 28 fyratusen
