1023 1667
186 109 33 15 874
383 107 71 23 Nådiga
465 108 139 21 Propositionen
615 107 35 17 N:o
664 108 25 15 18.

299 170 72 21 seende
387 171 28 19 än
431 176 33 15 om
473 170 42 28 för
530 170 69 20 sådan
612 176 61 14 mera
687 168 131 29 omfattande
829 167 84 22 inlösen

299 204 110 21 särskilda
427 204 76 28 anslag
522 204 52 20 eller
592 204 129 28 ytterligare
740 202 92 22 statslån
847 201 66 29 blefve

300 238 116 29 behöfliga.

323 287 7 9 N

417 381 248 23 Reservationer:

266 435 30 21 Af
308 435 57 21 Herr
379 435 54 27 Aug.
450 435 130 21 Schauman:

232 477 42 28 Jag
288 477 61 22 delar
362 477 113 22 utskottets
491 477 61 28 äsigt,
568 479 33 20 att
615 477 204 28 donationsgodsens
833 477 83 22 inlösen

163 513 48 22 icke
229 512 134 27 fullständigt
381 511 55 22 skall
454 511 29 28 pä
503 512 41 21 den
561 512 42 21 fria
623 511 237 22 öfverenskommelsens
874 513 42 26 väg

163 547 74 22 kunna
251 545 165 27 ästadkommas,
432 547 40 20 och
487 548 32 19 att
533 546 33 21 till
581 546 53 27 följd
649 545 62 22 deraf
724 546 100 28 slutligen
839 553 77 20 expro-

164 580 207 29 priationsätgärder
389 581 62 21 äfven
469 581 34 21 för
521 581 126 27 regeringen
665 581 61 21 skola
740 581 45 21 visa
803 581 33 27 sig
851 581 66 21 blifva

163 616 142 28 nödvändiga.
334 615 50 22 Men
399 616 39 27 jag
457 615 63 28 gillar
538 615 53 26 icke,
610 617 32 20 att
661 615 103 22 utskottet
783 614 70 23 säsom
868 615 49 22 stöd

164 651 34 21 för
213 651 37 21 sitt
264 650 95 28 yrkande
373 649 29 28 pä
417 657 26 14 en
457 650 102 21 framtida
573 649 126 28 förordning
710 657 34 14 om
756 649 161 28 expropriation

164 685 25 22 af
205 684 193 29 donationsgodsen
417 684 71 22 anfört
505 685 27 21 K.
551 684 153 27 förordningen
723 684 24 22 af
767 684 40 21 den
827 685 26 20 12
875 685 41 20 De-

164 720 85 21 cember
269 721 55 20 1864
345 718 111 29 angäende
478 719 120 28 skyldighet
616 719 34 21 för
669 725 62 21 egare
750 718 51 22 eller
819 719 98 21 innehaf-

164 760 53 15 vare
234 753 25 22 af
271 753 58 28 jord,
344 755 32 20 att
394 755 57 20 emot
465 754 120 27 ersättning
599 751 90 29 uppläta
703 753 62 22 mark
779 753 34 22 för
828 753 90 22 allmänt

164 788 71 22 behof.
265 788 30 28 Ty
313 788 36 21 det
367 789 24 20 är
409 788 123 27 uppenbart
550 787 40 22 och
609 788 77 25 säkert,
705 789 33 20 att
755 787 36 22 vid
811 787 106 23 nedskrif-

165 823 79 22 vandet
259 823 40 21 och
314 823 131 27 antagandet
459 822 24 22 af
496 822 139 22 förenämnda
650 822 131 28 förordning,
798 823 25 21 de
834 823 83 27 lagstif-

166 857 65 22 tande
245 857 112 22 makterna
371 857 46 21 icke
431 857 47 21 haft
488 857 34 21 för
532 859 83 26 ögonen
625 856 68 29 några
708 857 119 26 ,allmänna
841 857 76 22 behof*

165 892 25 23 af
207 892 40 21 den
265 893 35 20 art
317 899 46 14 som
381 891 158 22 förbättrandet
560 891 24 22 af
604 892 231 21 donationsböndernes
858 892 59 22 ställ-

165 927 58 27 ning.
247 927 46 21 Och
307 928 33 19 att
354 926 103 21 utskottet
471 927 34 20 för
520 927 36 20 sitt
570 926 135 22 betänkande
717 927 48 20 sökt
779 925 66 29 något
859 927 58 27 slags

166 961 48 22 stöd
231 961 32 21 uti
281 961 70 21 denna
368 960 135 29 författning,
526 961 40 21 har
588 961 89 26 derföre,
701 961 67 28 enligt
789 962 44 21 min
855 961 62 28 åsigt,

166 995 55 23 varit
235 995 44 22 lika
294 995 87 27 oriktigt
396 1002 46 14 som
457 995 122 28 obehöfligt.

233 1029 12 22 I
255 1028 135 23 förestående
400 1029 131 22 reservation
542 1030 125 21 instämmer
677 1029 62 22 äfven
749 1029 168 23 undertecknad.

604 1069 74 22 Fredr.
693 1069 155 28 Bronikovskij.

269 1124 30 21 Af
311 1123 56 22 Herr
381 1123 80 22 Robert
475 1124 161 27 Björkenheim:

235 1166 10 21 I
259 1166 64 22 Mom.
339 1168 14 19 4
368 1167 24 21 af
406 1167 40 20 den
461 1166 79 29 nådiga
554 1167 160 27 propositionen
729 1166 89 22 föreslås
833 1169 32 20 att
880 1167 37 22 do-

165 1201 217 25 nationshemmanen,
399 1201 66 21 sedan
481 1201 25 21 de
520 1201 70 21 blifvit
600 1201 25 21 af
637 1201 106 27 allmogen
753 1201 85 25 inlösta,
850 1201 67 22 måtte

166 1235 80 26 antaga
261 1234 140 21 skattenatur.
430 1233 110 22 Utskottet
554 1235 40 19 har
608 1234 102 27 tillstyrkt
725 1234 156 27 godkännande
895 1234 24 22 af

166 1267 161 27 propositionen
344 1268 7 20 i
370 1267 59 21 detta
447 1268 99 21 afseende
564 1268 40 21 och
623 1266 28 22 då
666 1268 39 27 jag
723 1268 19 27 ej
761 1268 43 27 kan
822 1268 95 21 erkänna

166 1301 37 22 det
220 1302 89 21 rättvisa
327 1302 72 21 häruti
416 1302 120 26 förefinnes,
554 1302 83 28 nödgas
649 1302 38 28 jag
702 1304 57 20 emot
773 1302 144 22 betänkandet

165 1336 9 20 i
188 1336 70 21 denna
273 1336 34 20 del
322 1336 85 21 anmäla
422 1337 136 20 reservation.

233 1369 60 23 Hans
312 1370 119 28 Kejserliga
447 1370 101 28 Majestät
566 1370 40 22 har
621 1370 28 28 på
664 1372 43 20 sätt
721 1370 24 22 af
757 1371 160 27 propositionen

167 1403 96 30 framgår
276 1404 47 22 icke
338 1405 70 21 funnit
422 1405 52 28 godt
488 1405 75 21 bifalla
576 1405 33 21 till
625 1405 130 22 Ständernas
770 1406 35 21 vid
819 1406 99 22 sednaste

166 1438 105 29 landtdag
289 1439 80 28 afgifna
386 1438 148 29 underdåniga
553 1438 101 23 anhållan
672 1447 34 14 om
725 1441 32 20 att
775 1447 26 15 en
819 1440 99 22 kommis-
