1020 1661
205 107 33 16 636
405 105 71 23 Nädiga
487 107 137 21 Propositionen
636 107 34 17 N:o
684 107 26 16 14.

181 169 93 22 ställelse
288 169 114 25 Utskottet,
421 169 80 21 hvilket
518 169 47 21 icke
583 171 36 26 egt
637 171 31 19 att
682 170 100 20 närmare
797 169 93 28 granska
906 170 25 21 de

182 202 106 29 åtgärder,
307 210 46 14 som
371 203 49 20 med
436 203 165 27 myntreformen
620 202 34 21 stä
671 203 8 20 i
697 203 164 28 sammanhang,
879 203 52 22 kon-

180 239 91 19 staterat
289 237 39 21 den
347 237 63 21 säkra
429 237 39 21 och
487 237 68 21 solida
573 237 100 27 ställning
691 237 60 21 hvari
769 237 90 26 banken,
876 238 54 21 efter

181 273 31 19 att
227 271 64 21 hafva
305 270 123 28 genomgått
443 271 58 21 detta
517 271 116 27 afgörande
651 271 55 27 prof,
725 271 95 21 befinner
839 271 33 27 sig
891 272 40 21 och

181 305 84 21 hvilken
287 305 101 27 ställning
409 306 99 20 närmare
529 305 42 21 kan
593 306 105 21 inhemtas
720 312 26 14 ur
769 305 85 28 bilagde
873 306 58 21 öfver

180 339 147 28 ifrägakomne
344 339 76 21 fonder
437 339 123 28 uppgjorda
577 338 89 27 tablåer,
685 340 111 20 utvisande
814 347 27 14 en
855 340 76 21 beräk-

181 374 44 21 nad
238 374 62 26 vinst,
315 374 34 20 för
362 374 107 26 primitiva
484 374 78 20 fonden
581 374 24 20 af
621 375 112 24 4,078,599
749 374 62 20 mark
826 375 26 19 56
867 374 65 27 penni

182 408 40 22 och
237 408 34 21 för
286 408 197 27 hypotheksfonden
501 408 24 21 af
539 409 109 24 7,426,681
665 408 61 21 mark
745 409 27 20 54
790 408 71 27 penni.
890 408 42 21 Väl

181 444 41 21 har
237 442 35 22 det
286 442 46 21 icke
347 442 81 21 kunnat
443 442 96 21 undfalla
553 442 114 26 Utskottet,
684 444 32 20 att
730 442 24 21 af
766 442 165 28 hypotheksfon-

182 478 51 21 dens
254 476 122 28 tillgängar,
399 476 65 28 enligt
486 476 191 22 ombudsmannens
699 477 7 21 i
728 476 85 22 banken
831 476 33 22 till
882 477 48 21 sist-

181 512 74 22 hållna
272 512 91 21 revision
382 511 80 27 afgifna
483 512 120 25 berättelse,
626 511 109 27 ansenliga
757 518 101 20 summor,
876 519 55 20 upp-

183 546 81 28 gående
286 546 140 21 tillsammans
448 546 32 20 till
503 548 30 18 ett
555 546 77 26 belopp
652 546 23 21 af
692 547 113 24 5,837,900
824 546 62 21 mark
904 547 27 19 95

182 581 70 28 penni,
271 579 70 22 utestå
360 579 70 22 såsom
444 580 127 27 fordringar,
586 579 108 22 beroende
708 579 29 28 på
751 579 114 28 utsökning
881 580 51 21 eller

182 615 94 22 konkurs
294 615 72 27 liqvid,
385 615 55 20 samt
459 616 31 19 att
511 621 25 14 en
555 614 45 21 icke
619 614 63 27 ringa
701 613 34 22 del
750 613 63 22 deraf
825 615 107 21 sannolikt

182 650 40 21 alls
240 650 47 21 icke
306 649 40 21 och
361 656 26 14 en
402 656 71 14 annan
489 648 33 21 del
537 649 55 21 först
606 648 54 21 efter
676 648 117 28 omgångar
808 649 40 21 och
863 650 69 21 större

183 684 51 21 eller
252 683 83 21 mindre
353 682 130 28 tidsutdrägt
500 683 62 21 torde
580 683 85 21 komma
683 685 32 19 att
733 683 56 27 ingå.
819 683 32 22 De
865 683 67 22 förlu-

182 720 50 24 ster,
251 725 45 14 som
311 717 33 20 till
359 716 53 27 följd
427 717 23 20 af
463 717 59 20 detta
536 716 134 22 förhållande
686 717 92 22 drabbat
792 718 84 21 banken
891 719 40 20 och

181 752 72 21 hvilka
272 751 64 21 delvis
352 751 90 21 härröra
457 750 48 22 från
519 751 75 28 längre
609 751 55 21 tider
678 751 96 27 tillbaka,
790 752 72 22 kunna
877 753 54 21 dock

181 787 48 21 icke
250 793 62 14 anses
334 785 133 28 grundlägga
486 785 40 22 den
545 786 94 27 ringaste
657 785 90 28 farhåga
766 786 165 22 för.inrättnin-

183 828 51 20 gens
252 819 90 22 bestånd
361 819 40 21 och
419 819 98 27 förmåga
532 821 32 19 att
578 820 97 27 uppfylla
690 820 32 21 sin
737 820 33 21 för
784 821 49 21 hela
847 821 85 21 landets

182 854 93 22 affärslif
291 855 40 20 och
350 854 135 21 ekonomiska
503 853 121 28 utveckling
637 854 187 28 maktpåliggande
839 856 92 27 uppgift.

182 889 100 22 Tvärtom
301 890 24 20 är
344 888 35 21 det
398 887 119 22 Utskottets
535 888 64 21 tanke
614 890 32 19 att
662 888 35 22 det
711 889 88 27 kapital,
815 896 46 14 som
877 890 54 21 efter

183 923 41 21 den
238 924 158 26 noggrannaste
411 922 126 28 utsöndring
553 923 24 20 af
589 922 43 21 alla
647 922 77 22 osäkra
739 923 122 28 fordringar
876 922 55 23 åter-

182 957 45 21 står
241 957 34 21 för
290 956 90 26 banken,
396 958 24 19 är
436 956 47 20 fullt
498 956 125 28 tillräckligt
637 957 7 20 i
660 956 133 23 förhållande
808 958 33 20 till
855 958 77 22 vidden

182 992 40 21 och
240 990 172 22 beskaffenheten
432 990 23 21 af
472 990 47 22 dess
538 991 86 25 rörelse,
643 993 55 19 samt
713 993 31 19 att
758 992 102 21 Finlands
874 992 58 21 bank

181 1032 95 19 numera,
298 1025 66 21 sedan
387 1024 221 28 myntförhållandena
626 1025 8 20 i
652 1025 72 21 landet
743 1025 84 22 erhållit
845 1033 26 14 en
889 1026 43 21 fast

182 1061 40 21 och
240 1060 132 27 sjelfständig
392 1059 109 28 grundval,
521 1059 153 28 otvifvelaktigt
693 1061 40 20 har
751 1060 88 21 framför
859 1061 31 27 sig
906 1069 26 13 en

181 1095 63 25 bana,
260 1094 48 21 vida
322 1094 83 20 mindre
420 1093 139 27 kringhvärfd
574 1093 24 21 af
610 1094 64 26 faror,
687 1095 27 19 än
727 1094 40 21 den
778 1095 85 21 banken
874 1095 59 21 förut

180 1128 152 28 tillryggalagt.
365 1127 34 21 Då
422 1128 72 20 härtill
513 1128 95 20 kommer
628 1129 31 19 att
678 1128 40 21 den
737 1129 84 26 garanti
840 1129 24 21 af
879 1129 52 21 ban-

181 1164 51 20 kens
247 1162 146 25 förbindelser,
409 1169 46 13 som
469 1162 115 21 innefattas
595 1162 32 21 uti
639 1162 131 22 Ständernas
781 1163 152 28 öfvertagande

181 1197 24 21 af
225 1197 47 20 dess
294 1196 128 26 förvaltning
445 1196 60 21 alltid
527 1198 76 24 ytterst
625 1196 69 21 hvilar
716 1195 28 28 på
767 1197 101 21 Finlands
888 1198 44 20 folk

182 1231 40 20 och
240 1230 57 26 land,
316 1230 101 27 antingen
435 1229 40 21 slik
494 1230 84 26 garanti
598 1229 23 21 af
638 1229 120 22 Ständerna
775 1230 89 27 beviljas
880 1232 52 20 eller

182 1264 26 28 ej,
231 1271 62 15 anser
314 1264 109 22 Utskottet
445 1264 32 27 sig
498 1263 49 22 med
565 1262 24 23 så
607 1264 84 27 mycket
709 1266 68 20 större
796 1265 47 22 skäl
860 1265 73 23 kunna

180 1298 156 23 vördsammast

374 1332 46 22 Hos
437 1333 82 21 landets
530 1332 127 30 Höglofliga
668 1332 96 24 Ständer
777 1335 111 29 tillstyrka
899 1338 32 18 att

316 1368 41 21 den
368 1366 91 31 Nådiga
467 1369 165 27 propositionen
644 1369 65 21 måtte
721 1370 26 27 af
756 1368 126 23 Ständerna
894 1378 37 13 an-

318 1406 69 25 tagas.
