1020 1661
331 93 71 24 Nådiga
415 95 137 21 Propositionen
564 95 34 16 N:o
611 95 28 16 24.
793 95 46 17 1083

112 157 44 28 liga
175 157 94 22 Ständen
288 157 76 28 gjorda
379 158 128 21 hemställan
525 157 69 22 denna
615 157 75 22 remiss
712 156 91 23 sälunda
823 159 39 20 än-

113 191 59 27 drad,
188 193 32 20 att
233 190 163 29 ifrägavarande
410 191 79 28 nädiga
502 192 133 27 proposition
650 191 167 22 öfverlemnades
827 191 35 22 till

111 226 131 27 behandling
259 225 8 22 i
285 227 139 20 sammansatt
438 227 113 20 Ekonomi-
567 228 55 19 samt
640 226 68 21 Stats-
726 227 41 20 och
784 226 78 21 Bevill-

111 259 151 27 ningsutskott,
278 267 44 13 som
334 259 66 27 jemte
419 259 195 27 protokollsutdrag
630 259 58 21 öfver
704 260 40 20 den
758 260 8 20 i
781 260 80 20 Heder-

113 293 67 21 värda
194 292 159 22 Bondeständet
367 293 114 21 förefallna
495 293 154 22 förberedande
664 293 120 21 diskussion
798 294 8 20 i
818 295 43 20 äm-

111 329 37 19 net
160 327 78 27 jemväl
258 326 83 22 erhällit
360 328 34 20 del
412 328 24 20 af
453 327 110 26 särskilda,
579 328 38 21 hos
635 328 93 21 nämnda
747 327 67 22 Ständ
829 328 31 20 äf-

112 368 86 16 vensom
213 361 135 29 Högvördiga
362 361 159 23 Presteständet
535 362 134 22 framställda
679 362 183 29 petitionsförslag

111 397 93 21 rörande
222 397 56 21 vissa
297 397 59 21 delar
374 397 24 20 af
418 397 270 27 bränvinslagstiftningen;
711 397 92 21 hvarhos
826 397 35 22 det

112 431 69 21 blifvit
199 431 103 21 utskottet
319 431 121 21 meddeladt
458 432 32 20 att
509 431 130 27 omröstning
653 431 47 21 icke
715 433 35 25 egt
764 439 48 13 rum
826 431 36 22 vid

112 465 100 21 ärendets
226 464 152 29 föredragning
393 465 7 20 i
416 465 97 22 Senaten.

180 499 74 22 Under
272 499 50 28 föga
340 506 124 21 gynsamma
481 498 149 23 förhällanden
644 499 73 28 vidtog
731 499 130 28 tillämpnin-

113 541 40 20 gen
168 533 24 22 af
206 533 46 26 den,
271 533 7 21 i
297 534 92 26 enlighet
406 534 48 21 med
472 535 71 20 senast
561 533 129 22 församlade
709 533 101 22 Ständers
825 534 36 21 be-

113 568 48 26 slut,
177 567 25 22 af
213 567 59 22 Hans
288 568 118 28 Kejserliga
421 568 100 27 Majestät
535 567 41 22 den
588 569 11 19 2
611 567 58 22 Mars
682 569 53 19 1865
746 568 115 21 utfärdade

113 601 79 29 nådiga
206 602 125 28 förordning
346 602 109 28 angående
470 602 144 28 tillverkning,
630 601 135 29 försäljning,
781 602 80 28 upplag

114 638 40 21 och
169 637 89 28 forsling
274 637 23 21 af
308 637 90 21 bränvin
413 638 7 20 i
435 637 95 22 Finland.
560 637 30 21 Af
603 636 41 22 den
662 644 76 20 genom
753 637 109 21 missvext-

113 670 51 23 åren
178 671 138 22 förorsakade
331 672 186 27 penningebristen
528 678 38 14 var
577 671 216 27 spekulationsandan
803 672 8 20 i
823 671 39 21 all-

113 706 86 21 mänhet
214 706 104 26 hämmad,
336 706 39 21 och
390 706 121 27 isynnerhet
525 706 71 21 visade
612 706 32 28 sig
660 706 58 21 detta
728 706 35 21 vid
779 706 82 21 auktio-

113 747 67 15 nerna
198 739 13 23 å
229 740 232 27 brännerirättigheter,
478 740 87 22 emedan
583 741 40 20 här
638 740 61 21 äfven
715 740 25 21 de
755 740 34 21 för
803 740 59 21 tiden

113 774 95 22 rådande
226 775 56 27 höga
300 774 185 28 spanmålsprisen,
508 776 55 20 samt
586 774 118 22 ovissheten
725 775 56 20 huru
803 776 60 19 stora

113 808 74 22 förråd
208 809 90 21 bränvin
316 808 100 28 möjligen
435 810 57 20 ännu
509 816 50 14 voro
579 808 47 22 från
645 808 217 22 husbehofsbrännin-

113 850 52 21 gens
183 843 55 21 tider
256 843 106 22 bevarade
380 844 40 20 och
439 842 81 22 således
537 842 71 22 kunde
626 843 78 21 hindra
718 842 144 28 afsättningen

114 878 24 21 af
150 877 178 26 fabriksbränvin,
344 878 147 21 tillbakahöllo
506 878 169 27 spekulanterne,
691 885 46 13 som
755 877 108 21 dessutom

113 912 131 22 afskräcktes
260 912 24 22 af
297 911 106 28 åtskilliga
417 912 34 21 för
465 912 94 22 affärens
577 911 111 29 framgång
707 912 156 27 ofördelaktiga

114 946 133 28 stadganden
261 947 7 21 i
284 946 74 28 sjelfva
376 946 158 28 författningen.
564 946 82 21 Endast
664 945 68 29 några
749 945 23 22 få
790 946 73 21 anbud

114 980 86 28 gjordes
214 980 35 22 vid
264 981 26 21 de
303 980 68 22 första
386 980 149 26 auktionerna;
550 980 35 21 vid
604 980 26 22 de
648 980 93 28 följande
756 980 47 21 icke
817 980 46 20 hel-

113 1015 32 21 ler
160 1009 58 31 flera,
235 1014 24 22 sä
274 1016 32 20 att
320 1015 48 21 hela
380 1015 40 21 den
437 1015 103 27 gvantitet
554 1014 96 26 bränvin,
666 1021 45 15 som
722 1014 67 21 under
803 1014 59 21 inne-

114 1048 94 22 varande
223 1047 24 23 år
262 1048 92 28 lagligen
368 1048 137 28 produceras,
523 1048 47 22 icke
587 1050 64 26 utgör
669 1056 45 14 mer
729 1049 28 20 än
773 1048 89 25 330,000

113 1084 89 25 kannor,
222 1083 52 21 eller
292 1083 18 27 ej
330 1083 48 21 fullt
396 1090 26 14 en
440 1082 142 23 trettondedel
600 1083 24 21 af
640 1082 36 22 det
696 1082 165 27 maximibelopp

116 1124 46 15 som
177 1117 65 28 enligt
257 1117 152 27 förordningen
423 1117 56 28 finge
494 1118 7 20 i
515 1117 73 21 landet
602 1117 114 21 tillverkas.

183 1151 47 21 Den
248 1153 107 20 närmaste
373 1151 80 28 följden
470 1151 65 22 häraf
550 1151 7 21 i
575 1151 108 22 financielt
700 1150 121 21 hänseende
839 1152 25 19 är

115 1187 32 20 att
154 1186 331 27 bränvinstillverkningsskatten
496 1186 46 21 icke
553 1193 37 14 ens
601 1185 84 28 uppgår
692 1185 33 21 till
733 1185 40 21 den
781 1192 83 14 summa

117 1221 90 25 660,000
222 1221 67 25 mark,
304 1220 101 21 hvarmed
421 1221 126 20 statsverket
562 1219 66 22 borde
642 1219 34 22 för
691 1220 36 21 det
741 1219 59 22 förra
813 1219 50 22 hus-

114 1255 303 27 behofsbränningsarrendets
442 1255 140 27 upphörande
607 1255 97 20 ersättas.
740 1255 47 20 Den
809 1253 54 22 före-

116 1289 82 21 skrifna
212 1289 119 21 kontrollen
346 1289 59 20 öfver
420 1289 156 21 fabrikationen
591 1290 55 19 samt
657 1289 26 20 de
694 1290 61 19 extra
770 1288 94 26 utgifter,

116 1330 45 14 som
176 1322 123 21 framkallas
314 1322 24 21 af
350 1322 183 28 nödvändigheten
548 1324 32 19 att
597 1322 52 21 söka
668 1322 64 27 stäfja
750 1321 115 22 lönnbrän-

116 1357 51 28 ning
182 1356 40 22 och
236 1356 145 28 lurendrejeri,
398 1355 67 22 måste
485 1356 23 22 af
524 1356 107 21 allmänna
649 1355 122 22 statsmedel
789 1355 76 22 bestri-

118 1391 44 22 das.
184 1391 40 21 Till
240 1391 40 21 den
294 1390 108 22 utlofvade
417 1391 81 21 inlösen
513 1390 21 22 af
548 1390 317 28 bränvinsbränningsredskap,

116 1426 33 21 till
167 1426 163 21 kommunernas
349 1425 146 28 godtgörande
512 1425 33 21 för
565 1423 119 24 afståendet
701 1425 24 21 af
741 1424 124 22 husbehofs-
