3280 4020
274 236 223 41 Lagutskottets
519 236 198 39 betänkande,
739 235 203 32 innefattande
962 235 117 40 förslag
1097 234 47 31 till
1165 235 288 40 sammanjemkning
1474 235 35 31 af
1527 234 143 32 Ståndens
1692 234 178 41 skiljaktiga
1891 233 99 32 beslut
2008 234 12 31 i
2042 233 165 41 anledning
2228 234 37 31 af
2281 234 81 32 Hans
2383 235 168 41 Kejserliga
2571 236 154 40 Majestäts
2746 237 115 40 nådiga
2881 239 187 41 proposition
3090 250 46 21 om

363 310 184 40 indragning
568 309 36 32 af
620 310 246 39 Kämnersrätter,
888 311 244 38 Lagmansrätter
1153 309 56 32 och
1229 308 275 42 Riddaresynerätt,
1525 312 78 28 samt
1623 309 127 39 ändring
1770 308 74 31 eller
1864 307 215 42 upphäfvande
2100 307 36 32 af
2153 307 159 41 åtskilliga
2333 307 106 42 lagens
2460 319 65 22 rum
2545 310 130 32 rörande
2695 313 344 40 rättegångsordningen

309 548 38 21 Den
361 547 69 29 nådiga
444 548 141 28 propositionen.

827 549 97 22 Utskottets
943 549 121 22 betänkande.

1403 382 56 32 och
1477 383 84 30 vissa
1581 381 176 32 domstolars
1780 382 217 40 organisation.

3078 405 51 22 (Pag.
3143 406 59 20 1026.)

1274 547 134 29 Ridderskapet
1422 548 33 21 och
1469 547 64 22 Adelns
1547 547 66 22 beslut.

1731 524 145 22 Prestaståndets

1771 564 65 21 beslut,

1945 523 161 28 Borgareståndets

1996 563 65 22 beslut.

2211 547 141 22 Bondeståndets
2366 548 66 21 beslut.

2607 549 76 29 Förslag
2697 551 28 21 till
2740 551 196 28 sammanjemkningar
2955 552 33 21 och
3004 552 108 29 ändringar.

401 668 26 19 12
443 667 50 28 kap.

235 695 12 20 5
264 695 11 27 &
290 695 78 22 varder
386 695 33 21 till
434 695 31 22 all
479 695 59 22 kraft
553 695 40 22 och
608 695 80 22 verkan

205 719 130 35 upphäfven.
507 747 10 4 W

235 751 58 22 Sista
304 751 96 28 punkten
411 752 7 21 i
431 754 12 19 7
455 753 23 27 8:
493 752 41 26 ,Ar
545 751 71 29 någon
624 752 64 22 borta

206 779 48 21 frän
265 780 154 28 Lagmanssyn,
431 787 52 15 vare
491 781 36 26 lag
535 788 89 19 samma,
634 781 54 21 dock

205 807 36 22 mä
255 815 51 14 man
321 807 18 28 ej
353 808 38 21 der
402 808 65 28 vädja
479 810 63 25 emot,
554 811 53 19 utan
619 807 69 29 gänge

206 836 87 21 dermed
311 843 46 14 som
375 836 8 21 i
402 837 27 20 25
444 837 51 27 kap.
513 839 26 19 10
555 838 11 27 &
582 837 105 28 stadgas,"

205 864 125 27 upphäfves.

398 894 28 20 24
441 893 50 28 kap.

235 921 11 20 5
263 921 11 27 &
290 921 79 22 ändras
385 921 101 22 sälunda:

233 954 22 27 I
269 955 131 22 Häradsrätt
413 968 29 3 —
458 968 28 3 —
500 955 76 22 finnes.
605 956 11 21 I
630 955 57 22 Räd-

205 983 118 21 stufvurätt
344 984 40 21 och
406 983 89 22 Hofrätt
513 985 55 21 böra
585 986 102 26 parterne

204 1011 35 21 vid
254 1011 152 28 middagstima
421 1012 70 28 dagen
506 1012 60 22 förut
577 1014 109 25 stämmas,

205 1046 76 20 genom
297 1040 75 27 anslag
387 1039 13 22 &
414 1040 90 22 Rättens
520 1041 58 27 dörr,
594 1043 32 19 att
637 1041 50 21 dom

204 1067 14 21 ä
236 1067 91 22 föresatt
343 1068 33 21 tid
394 1068 89 27 afhöra;
503 1069 55 21 dock
576 1069 35 22 mä
629 1068 57 23 Räd-

204 1095 117 22 stufvurätt
335 1098 76 26 genast
425 1097 42 21 och
481 1098 54 20 utan
550 1098 75 28 anslag
636 1098 48 21 dom

203 1124 120 28 muntligen
337 1125 52 21 eller
400 1124 121 28 skriftligen
532 1126 103 28 kungöra,
648 1126 38 22 der

204 1152 65 21 saken
285 1153 24 21 af
321 1153 82 21 mindre
418 1153 45 28 vigt
477 1155 31 20 är.
532 1154 70 28 Tager
614 1154 72 29 någon

203 1181 90 48 jien
301 1181 110 28 offentliga
418 1182 75 27 anslag
501 1182 56 27 bort,
566 1184 50 21 böte
624 1184 61 28 tjugu

219 1216 52 14 aler.

423 1381 12 19 7

202 1407 96 21 kommer
313 1408 32 20 att
359 1406 59 29 utgä.

391 1685 39 25 30
439 1689 48 29 kap.

254 1716 19 22 1

227 1717 66 49 Mom.
309 1745 18 21 1.
349 1741 31 25 Är
391 1748 51 25 part
452 1746 103 28 missnöjd
566 1747 50 21 med
627 1747 53 21 Hof-

198 1774 55 20 rätts
273 1774 49 21 dom
337 1774 8 21 i
359 1774 80 28 vädjad
457 1775 45 26 sak,
521 1775 52 22 eller
591 1776 33 21 uti
639 1776 41 21 den

198 1808 46 15 som
265 1802 34 21 till
320 1802 125 22 Hofrättens
465 1804 138 21 omedelbara
621 1804 58 27 pröf-

197 1830 52 28 ning
271 1830 93 22 instämd
383 1832 30 25 är,
433 1831 40 22 och
492 1832 37 21 vill
547 1832 133 22 underkasta

198 1858 77 22 domen
297 1859 116 27 Kejsarens
434 1860 112 28 pröfning;
569 1860 56 28 gifve
644 1861 35 21 det

197 1887 120 27 skriftligen
336 1888 106 21 tillkänna
456 1889 7 20 i
478 1888 116 22 Hofrätten
612 1890 67 21 innan

196 1914 93 22 klockan
303 1915 43 21 tolf
359 1915 13 21 å
387 1916 76 27 sjunde
475 1916 75 28 dagen,
562 1917 42 21 den
616 1918 62 21 oräk-

195 1943 51 26 nad,
265 1942 28 22 dä
312 1944 77 21 domen
404 1944 45 26 föll,
465 1945 40 21 och
520 1946 56 21 sätte
592 1946 39 21 der
644 1946 34 21 til-

195 1971 44 21 lika
253 1972 23 20 in
291 1972 116 22 etthundra
422 1973 60 21 daler
497 1973 52 22 eller
564 1975 41 20 192
616 1975 62 21 mark

195 1999 66 21 finskt
281 2003 66 24 mynt.
378 2000 71 22 Sedan
469 2002 165 21 vederdeloman
653 2004 25 20 är

197 2027 98 22 deröfver
316 2029 61 26 hörd,
396 2029 56 27 gifve
469 2030 117 22 Hofrätten
600 2031 77 22 sökan-

196 2055 47 23 den.
252 2056 59 22 bevis
327 2057 59 21 öfver
401 2057 40 22 slik
457 2058 100 22 anmälan
569 2059 41 21 och
622 2061 55 20 sätte

196 2084 70 27 dagen
281 2086 30 24 ut,
328 2084 27 22 dä
371 2085 66 22 saken
452 2086 39 22 hos
506 2087 108 28 Kejsaren
628 2088 49 21 full-

195 2112 64 28 töljas
274 2113 61 21 skall.

223 2198 66 21 Mom.
302 2198 22 21 2.
346 2198 51 28 Mäl,
409 2207 47 14 som
468 2208 77 20 genom
555 2201 78 23 besvär
643 2202 33 21 till

193 2226 116 23 Hofrätten
327 2227 118 28 inkommit,
461 2229 24 22 sä
501 2230 39 21 ock
556 2231 32 26 de,
604 2231 72 22 hvilka

194 2261 19 15 0.
229 2262 16 14 8.
260 2263 19 14 v.

223 2284 12 20 9
251 2284 12 27 8
279 2285 80 21 ändras
373 2285 34 21 till
421 2285 96 28 följande
531 2287 93 28 lydelse:

221 2311 11 22 I
250 2312 79 27 vädjad
348 2313 39 21 sak
405 2314 110 22 äfvensom
529 2315 8 21 i
552 2316 49 26 den,
620 2316 54 22 hvil-

192 2339 42 22 ken
255 2340 25 21 af
299 2341 88 22 Hofrätt
405 2341 71 22 säsom
494 2343 68 22 första
582 2344 93 22 domstol

192 2368 115 28 handlagts
330 2370 40 21 och
392 2371 91 21 medelst
505 2372 49 21 dom
573 2372 100 28 afgjorts,

192 2403 51 15 vare
261 2397 160 29 inställelsedag
439 2399 35 21 för
488 2399 76 23 målets
580 2401 94 28 fullföljd

192 2425 39 21 hos
243 2425 104 28 Kejsaren
359 2428 110 21 sextionde
481 2428 69 28 dagen
562 2429 55 22 efter
626 2430 46 26 den,

192 2452 28 22 dä
233 2453 127 23 Hoträttens
376 2455 49 22 dom
440 2457 79 27 utgafs.
544 2457 73 22 Faller
632 2458 41 22 den

191 2489 19 14 0.
227 2488 16 15 8.
259 2489 18 15 v.

219 2650 26 19 10
261 2649 18 28 8:
295 2650 85 22 Ändras
395 2650 101 23 sålunda:
512 2646 19 27 Ä
545 2653 126 23 inställelse-

189 2677 76 28 dagen,
281 2678 46 22 före
342 2679 92 22 klockan
449 2680 46 26 tolf,
511 2681 55 22 skall
582 2682 40 21 den
636 2684 33 20 sö-

187 2706 71 20 kande
273 2706 80 27 ingifva
367 2707 94 26 skriftlig
476 2709 80 26 inlaga,
569 2710 46 20 deri
626 2711 44 20 han

187 2733 132 22 framställer
333 2734 47 21 sina
394 2733 147 28 päminnelser
556 2739 57 19 emot
628 2737 42 22 den

187 2761 57 26 dom,
256 2768 46 15 som
314 2762 141 28 öfverklagas.
475 2763 137 29 Vidinlagan
620 2765 49 29 foge

186 2790 43 21 han
251 2790 127 22 Hofrättens
400 2791 50 22 dom
472 2792 40 21 och
532 2793 59 22 bevis
609 2794 60 22 öfver

186 2818 112 28 missnöjes
319 2819 101 22 anmälan
438 2822 57 19 samt
513 2821 69 22 andra
600 2823 68 21 hand-

185 2846 77 27 lingar,
278 2847 81 27 hvarpä
374 2848 43 21 han
433 2849 32 27 sig
480 2849 100 28 beropar,
592 2850 24 22 sä
628 2851 40 22 ock

185 2875 101 26 dupplett
301 2875 24 21 af
336 2875 94 28 inlagan.

212 2903 55 26 Den,
287 2910 46 15 som
351 2911 63 14 svara
432 2905 61 26 skall,
513 2913 39 20 ege
568 2907 98 28 dupplet-

183 2933 36 19 ten
235 2931 25 21 af
268 2932 121 21 sökandens
398 2933 75 27 inlaga
484 2933 28 22 dä
525 2936 75 26 uttaga
610 2938 57 19 samt

183 2959 87 22 komma
288 2960 49 21 med
355 2960 104 29 skriftligt
477 2969 50 14 svar
545 2963 23 20 in
586 2962 13 22 &
614 2963 52 28 fjor-

183 2988 66 21 tonde
264 2988 69 28 dagen
349 2989 53 22 efter
412 2989 196 30 inställelsedagen.
623 2993 42 21 Vid

183 3016 36 20 det
234 3022 49 16 svar
299 3023 18 15 o.
333 3023 17 15 s.
365 3024 19 14 v.

207 3390 83 22 Ytterst
312 3392 40 22 har
373 3392 60 24 Hans
452 3392 123 28 Kejserliga
592 3393 69 27 Maje-

177 3420 44 20 stät
239 3419 71 22 funnit
327 3421 75 27 nödigt
421 3421 57 21 fästa
496 3420 85 22 landets
597 3421 63 22 Stän-

177 3447 49 21 ders
245 3449 191 26 uppmärksamhet
454 3448 30 28 pä
503 3450 157 27 angelägenhe-

176 3476 37 20 ten
233 3476 63 22 deraf
312 3478 37 25 att,
370 3477 71 21 derest
459 3477 105 28 förslaget
578 3478 81 22 beträf-

175 3504 66 22 fande
253 3505 138 28 nedsättning
399 3506 24 20 af
427 3506 231 28 revisionsskillingens

174 3532 80 28 belopp
271 3534 40 20 och
326 3534 144 22 afskaffandet
485 3535 24 21 af
518 3534 98 23 aktlösen
626 3536 32 21 bi-

174 3560 69 28 falles,
259 3563 119 27 ersättning
392 3562 90 22 beredes
497 3562 24 22 ät
531 3563 126 23 Hofrättens

173 3589 120 22 ledamöter
308 3591 39 21 och
362 3591 130 27 tjenstemän
507 3592 34 21 för
557 3592 41 21 den
612 3592 44 22 för-

173 3617 43 21 lust
232 3618 49 22 dem
295 3618 8 22 i
317 3618 77 23 sädant
409 3620 38 21 fall
463 3620 134 28 tillskyndas.

734 695 119 22 Utskottets
866 697 107 27 yttrande,
988 704 46 15 som
1048 697 91 22 infattar
1152 699 31 20 ett

706 724 154 27 godkännande
882 725 25 21 af
923 725 41 22 den
982 725 86 28 Nädiga
1085 727 96 26 proposi-

705 753 79 26 tionen,
800 753 82 26 saknas,
898 753 8 22 i
920 753 55 28 följd
986 754 25 21 af
1019 755 97 28 tryckfel,
1127 755 8 21 i
1145 755 37 22 be-

705 781 123 21 tänkandet.

734 923 12 20 5
762 923 12 27 &
789 923 77 22 ändras
881 922 101 24 sålunda:

734 950 20 27 yl
768 950 128 23 Häradsrätt
910 964 28 4 —
952 965 29 4 —
995 952 74 23 finnes.

732 979 110 22 Likaledes
856 979 56 22 skall
926 980 8 21 i
948 979 165 24 Rädstufvurätt
1126 981 55 27 dom,

705 1009 75 25 genast
798 1008 38 20 och
854 1009 52 20 utan
921 1009 82 27 anslag,
1019 1010 119 27 muntligen
1152 1010 30 22 el-

704 1035 32 21 ler
751 1035 117 28 skriftligen
882 1036 108 28 kungöras
1006 1038 40 22 och
1061 1040 53 20 utan
1127 1046 54 20 upp-

704 1063 50 22 skof
769 1064 96 28 utgifvas.
896 1064 110 23 Svarande
1023 1068 51 25 part
1092 1074 51 15 vare
1161 1067 18 27 ej

704 1092 83 28 skyldig
809 1094 31 20 att
858 1093 48 21 dom
924 1094 78 26 utlösa,
1022 1095 37 21 der
1077 1095 44 21 han
1140 1095 41 21 den

704 1120 18 28 ej
738 1120 70 22 äskar.
835 1121 11 21 I
859 1121 88 22 Hofrätt
960 1122 56 22 böra
1029 1125 102 25 parterne
1145 1124 36 22 vid

703 1148 149 28 middagstima
870 1150 70 28 dagen
954 1150 59 22 förut
1027 1152 102 21 stämmas
1145 1159 35 21 ge-

702 1184 51 14 nom
768 1177 79 28 anslag,
863 1180 32 19 att
910 1178 49 22 dom
974 1178 14 22 å
1002 1179 90 22 föresatt
1105 1180 33 22 tid
1149 1180 32 22 af-

702 1205 72 21 höra.
771 1201 10 39 '
792 1206 67 27 Tager
876 1206 72 28 någon
965 1207 90 22 Rättens
1070 1208 111 28 offentliga

702 1233 76 28 anslag
792 1234 54 26 bort,
862 1234 50 22 böte
926 1235 62 28 tjugu
1004 1235 66 22 daler.

914 1379 50 20 78:

729 1404 50 22 Alla
799 1404 124 23 Hofrättens
942 1378 79 49 domar
1040 1406 40 21 och
1099 1406 78 28 utslag,

701 1439 46 15 som
769 1433 53 22 efter
842 1434 127 27 kungörelse
987 1433 13 22 å
1018 1434 89 22 Rättens
1127 1435 51 21 dörr

701 1461 92 27 afsägas,
812 1462 50 21 eller
876 1462 100 27 utgifvas,
991 1462 55 22 böra
1060 1463 59 21 förut
1133 1465 44 21 tve-

700 1489 40 21 falt
754 1489 83 29 färdiga
852 1490 89 22 skrifvas
956 1492 54 20 utan
1024 1490 35 27 fel,
1076 1493 31 20 att
1119 1492 58 22 delo-

700 1518 92 21 männen
803 1518 61 28 måge
876 1519 54 26 dem,
942 1519 49 21 med
1002 1519 89 22 Rättens
1099 1520 78 22 under-

700 1546 62 22 skrift
776 1546 41 22 och
831 1547 87 24 insegel,
928 1549 58 23 utan
999 1548 96 44 ot
1103 1548 67 22 undfä.

699 1573 45 19 mot
762 1571 42 21 den
818 1572 64 26 lösen,
898 1578 46 15 som
959 1572 103 21 särskildt
1076 1565 101 36 stadgadt

699 1600 34 26 är;
756 1606 50 15 vare
826 1600 38 21 ock
882 1600 8 20 i
908 1600 114 22 Hofrätten
1040 1600 137 28 likalydande

699 1627 116 27 förvaradt,
829 1626 55 30 tmed
899 1628 62 22 deras
976 1628 139 28 underskrift,
1130 1637 47 15 som

698 1656 8 21 i
720 1656 65 22 saken
801 1651 63 50 dömt.
888 1684 32 22 30
935 1684 13 22 +

830 1702 2 16 i
950 1693 34 21 ap.

754 1712 18 21 4
830 1726 2 8 %

726 1713 66 49 Mom.
808 1741 23 30 1!
846 1736 32 27 Är
888 1743 50 26 part
948 1742 104 28 missnöjd
1063 1743 48 21 med
1123 1743 52 22 Hof-

698 1770 54 20 rätts
772 1770 73 26 domji
863 1770 78 28 vädjad
960 1771 38 21 sak
1017 1771 52 21 eller
1087 1772 32 20 uti
1135 1772 40 21 den

698 1804 46 15 som
759 1798 33 21 till
806 1798 114 22 Hofrätten
934 1798 94 22 instämd
1043 1800 31 25 är,
1087 1800 40 21 och
1138 1800 36 21 vill

697 1822 116 36 underkast:
824 1824 6 36 i
841 1827 77 21 domen
932 1827 116 27 Kejsarens
1063 1828 110 28 pröfning;

697 1854 55 28 gifve
768 1855 35 21 det
826 1855 108 29 skriftligen
949 1856 105 21 tillkänna
1067 1856 8 21 i
1086 1856 87 22 Hofrät-

696 1884 36 20 ten
744 1884 72 20 senast
825 1882 13 22 å
846 1884 130 28 tjuguförsta
984 1884 69 28 dagen
1061 1884 46 22 före
1115 1885 58 22 kloc-

696 1911 42 21 kan
757 1912 45 26 tolf,
836 1918 25 15 den
876 1912 42 28 dag
933 1913 103 25 oräknad,
1053 1912 27 22 då
1095 1913 77 22 domen

696 1938 44 28 föll,
762 1940 40 21 och
821 1937 49 25 sätte
885 1940 37 22 der
936 1940 70 22 tillika
1019 1941 23 21 in
1057 1941 116 23 etthundra

696 1968 65 21 daler.
792 1968 68 22 Sellan
878 1969 164 21 vederdeloman
1060 1970 25 20 är
1103 1970 69 22 deröf-

695 2003 37 14 ver
746 1996 61 27 hörd,
822 1993 55 31 lpifve
888 1997 114 22 Hofrätten
1014 1998 109 21 sökanden
1135 1998 36 22 be-

695 2024 31 22 vis
744 2024 59 22 öfver
821 2025 35 21 $lik
871 2025 100 22 anmälan
986 2026 41 21 och
1042 2027 55 20 sätte
1111 2027 60 21 tiden

694 2054 30 25 ut,
748 2052 28 22 då
798 2060 63 15 saken
881 2055 40 20 hos
942 2054 106 27 Kejsaren
1066 2054 105 28 fullföljas

695 2081 60 22 skall.
786 2081 84 27 Samma
891 2082 35 28 lag
944 2089 52 15 vare
1013 2083 8 20 i
1035 2083 136 27 utsöknings-

695 2110 40 21 och
742 2110 68 21 andra
830 2110 207 29 handräckningsmål,
1044 2111 72 22 hvilka
1121 2111 50 22 från

694 2137 115 28 Kejsarens
830 2139 256 28 befallningshafvafvande
1093 2147 78 20 genom

694 2166 76 22 besvär
784 2167 36 22 till:
829 2167 114 22 Hofrätten
957 2168 119 21 inkommit.

722 2195 66 21 Mom.
817 2211 6 5 3.
852 2196 74 21 Andra
947 2203 77 20 genom
1042 2196 77 22 besvär
1137 2197 33 21 till

693 2223 121 32 Hofrätten
815 2219 8 40 |
829 2224 101 22 inkomna
954 2223 54 28 mål,
1035 2223 24 23 så
1081 2225 40 22 ock
1143 2225 27 22 de

694 2259 18 14 0.
728 2259 17 14 8.
761 2259 19 15 v.

721 2280 10 21 I
747 2280 91 28 enligliet
852 2281 48 22 med
915 2281 168 28 propositionen.

1229 921 40 22 Till
1291 923 6 19 5
1313 922 12 28 $
1341 923 28 20 24
1388 922 49 28 kap.
1457 923 76 27 antogs
1549 922 42 22 den
1605 923 75 32 redak-

1200 949 52 27 tion,
1267 957 46 15 som
1327 950 133 29 paragrafen
1475 951 40 21 har
1529 951 8 21 i
1550 951 42 22 den
1603 951 78 29 nädiga

1200 978 168 27 propositionen.

1224 1402 59 22 Från
1305 1403 70 22 denna
1393 1404 110 27 paragraf,
1522 1403 24 23 sä
1564 1404 112 28 redigerad

1196 1438 46 15 som
1263 1432 111 21 Utskottet
1393 1432 118 28 föreslagit,
1530 1432 68 22 skulle
1616 1433 61 22 ordet

1196 1460 95 26 »tvefalt"
1312 1460 113 27 uteslutas,
1445 1461 110 21 hvaremot
1573 1468 103 20 parakra-

1195 1488 36 21 fen
1252 1488 69 22 skulle
1339 1488 84 22 erhålla
1440 1489 76 27 tillägg
1533 1489 8 21 i
1561 1489 36 21 det
1614 1490 60 26 syfte,

1195 1518 33 20 att
1245 1516 106 22 svarande
1367 1518 54 27 part
1438 1517 19 27 ej
1477 1524 51 15 vore
1546 1517 84 29 skyldig
1643 1520 33 20 att

1194 1545 47 22 lösa
1255 1545 99 21 Hofrätts
1370 1546 51 21 dom
1432 1546 52 21 eller
1494 1545 78 29 utslag,
1585 1546 38 22 der!
1629 1547 46 21 han

1196 1573 19 25 ej
1230 1574 57 18 varit
1301 1573 112 19 tillstädes.
1624 1582 5 25 I

1223 1739 121 23 Utskottets
1355 1740 138 24 betänkande
1504 1742 109 28 godkändt
1620 1742 7 22 i
1635 1743 38 21 allt

1195 1768 72 28 öfrigt,
1286 1770 61 20 utom
1362 1771 33 19 att
1410 1770 62 22 ordet
1487 1770 48 27 ,dä*
1551 1771 8 21 i
1573 1771 64 22 slutet
1651 1772 24 20 af

1193 1796 68 22 första
1282 1799 129 20 momentets
1429 1798 70 22 första
1517 1800 72 27 stycke
1607 1800 65 22 borde

1193 1824 62 28 bytas
1267 1827 24 19 ut
1301 1827 46 20 mot
1358 1826 69 22 orden
1438 1827 69 26 ,inom
1515 1828 94 22 hvilken"
1618 1830 54 28 samt

1193 1854 66 21 orden
1281 1854 80 26 ,andra
1383 1855 229 29 handräckningsmäl*
1633 1857 7 21 i
1659 1858 10 20 1

1191 1884 128 20 momentets
1334 1882 70 23 andra
1419 1884 74 28 stycke
1507 1884 108 23 bortfalla.

1216 2279 73 22 Skulle
1305 2279 84 22 erhålla
1403 2280 96 28 följande
1513 2281 90 22 lydelse:

1215 2307 11 22 I
1240 2308 79 27 vädjad
1334 2308 46 27 sak,
1396 2309 7 20 i
1419 2309 47 26 den,
1482 2309 85 22 hvilken
1583 2309 24 22 af
1615 2310 52 22 Hof-

717 2643 19 28 Å
751 2650 48 21 insti

688 2707 49 21 med
751 2707 165 26 propositionen.

822 2650 120 27 elsedagen,
958 2651 44 22 Sist
1015 2651 13 22 å
1039 2652 126 22 inställelse-

689 2678 75 28 dagen,
786 2679 45 21 fdre
852 2679 92 22 klockan
964 2681 25 20 12
1009 2687 19 15 o.
1048 2687 16 15 s.
1082 2688 19 15 v.
1122 2681 43 22 lika

1187 2337 44 20 rätt
1243 2335 70 22 säsom
1325 2336 70 22 första
1406 2337 92 22 domstol
1505 2338 114 28 handlagts
1627 2339 39 21 och

1186 2364 91 22 medelst
1295 2365 50 21 dom
1364 2365 93 27 afgjorts
1471 2365 109 22 äfvensom
1595 2367 30 20 uti
1640 2367 26 22 de

1186 2393 9 21 i
1215 2393 42 28 18
1279 2394 9 20 1
1309 2400 64 14 mom.
1389 2393 95 22 nämnda
1499 2395 167 28 utsökningsmäl

1185 2428 52 15 vare
1251 2421 53 22 sista
1313 2421 163 28 inställelsedag
1487 2422 34 21 för
1531 2422 76 23 mälets
1618 2423 48 22 full-

1185 2449 54 28 följd
1258 2457 19 14 o.
1297 2457 16 14 s.
1333 2457 19 15 v.
1371 2451 8 20 i
1399 2450 94 29 enlighet
1507 2451 48 22 med
1569 2453 96 26 proposi-

1185 2478 78 21 tionen.

1213 2648 44 22 Sist
1275 2648 14 22 &
1308 2649 42 22 den
1370 2649 49 28 dag,
1437 2650 116 23 Hofrätten
1567 2651 96 28 föresatt,

1183 2676 47 22 före
1251 2677 94 22 klockan
1368 2678 46 26 tolf,
1437 2679 54 22 skall
1511 2679 41 22 den
1571 2681 92 22 sökande

1183 2705 80 27 ingifva
1278 2705 94 28 skriftlig
1386 2707 79 27 inlaga,
1481 2707 46 22 deri
1541 2709 44 21 han
1599 2709 63 22 fram-

1183 2733 74 19 ställer
1272 2734 47 19 sina
1334 2734 145 25 påminnelser
1494 2738 58 17 emot
1563 2737 26 19 den)
1613 2737 49 20 dom

1183 2759 52 22 eller
1251 2759 36 22 det
1301 2760 80 28 utslag,
1397 2768 47 14 som
1459 2761 144 29 öfverklagas.i
1620 2764 42 21 Vid

1182 2788 88 27 inlagan
1285 2789 49 27 foge
1349 2789 44 21 han
1407 2789 126 22 Hofrättens
1549 2791 113 23 domjeller

1182 2817 71 27 utslag
1269 2817 40 21 och
1324 2817 60 22 bevis
1398 2817 59 22 öfver
1467 2819 112 28 missnöjes
1617 2822 44 20 anmä-

1181 2845 36 21 lan
1236 2847 62 24 samt,
1317 2845 8 21 i
1342 2845 39 22 fall
1396 2845 101 24 tillätelse
1511 2847 33 21 till
1561 2849 99 28 ändrings

1181 2873 95 21 sökande
1294 2873 89 28 begärts
1401 2874 8 21 i
1428 2875 41 21 den
1486 2877 42 26 väg
1547 2877 12 20 6
1577 2877 12 27 &
1602 2878 58 21 med-

1181 2901 67 27 gifver
1264 2901 40 22 och
1319 2902 122 22 sökandens
1456 2903 113 28 fattigdom
1583 2905 17 21 ej
1611 2905 48 22 blif-

1180 2929 31 22 vit
1229 2931 76 26 genast
1322 2931 9 20 i
1349 2931 116 22 Hofrätten
1483 2933 86 26 utredd,
1581 2933 78 28 jämväl

1181 2957 41 21 den
1243 2958 124 28 utredning,
1389 2959 86 22 hvilken
1496 2961 24 20 af
1535 2961 123 22 Hofrättens

1181 2985 28 22 då
1228 2986 128 22 meddelade
1374 2987 135 23 föreskrifter
1526 2989 43 22 kan
1586 2989 72 28 päkal-

1179 3014 40 25 las,
1240 3013 72 22 såsom
1331 3015 41 21 ock
1389 3015 59 22 bevis
1463 3016 59 22 öfver
1537 3017 121 22 doms|full-

1179 3042 84 27 görelse
1277 3042 8 21 i
1301 3042 26 22 de
1345 3042 46 27 fall,
1411 3043 28 22 då
1453 3043 68 23 sådan
1536 3046 59 21 skolat
1619 3053 39 21 ega

1179 3077 54 19 rum,
1249 3071 42 21 och
1306 3071 27 21 de
1347 3072 70 22 andra
1431 3072 136 29 handlingar,
1579 3074 79 28 hvarpå

1178 3098 44 22 han
1243 3098 33 29 sig
1290 3099 101 28 beropar,
1407 3103 56 20 samt
1478 3102 99 28 dupplett
1591 3103 22 22 af
1625 3104 32 21 in-

1177 3126 72 28 lagan.
1599 3144 11 5 -

1206 3155 54 27 Den,
1283 3163 47 14 som
1352 3164 63 14 svara
1433 3158 62 26 skall,
1514 3166 39 20 ege
1570 3159 27 28 päj
1616 3160 40 21 den

1177 3183 105 23 föresatta
1293 3184 71 28 dagen
1374 3187 77 27 uttaga,
1462 3186 126 28 duppletten
1595 3188 23 22 af
1623 3189 33 21 sö-

1177 3212 96 22 kandens
1283 3213 75 28 inlaga
1369 3216 55 20 samt
1435 3215 85 22 komma
1531 3216 48 22 med
1587 3215 69 23 skrift-

1176 3240 40 27 ligt
1230 3248 50 14 svar
1293 3242 23 21 in
1332 3242 40 22 sist
1386 3241 13 23 å
1410 3242 108 28 fjortonde
1530 3244 69 28 dagen
1609 3245 47 22 der-

1177 3268 54 22 efter
1245 3276 20 14 o.
1281 3276 16 15 s.
1313 3277 19 15 v.
1640 3293 2 3 n

706 3394 93 22 Landets
814 3394 92 22 Ständer
920 3396 69 26 torde,
1004 3396 32 22 uti
1050 3396 105 23 underdä-

678 3423 46 28 nigt
743 3430 48 15 svar
805 3422 60 28 härä,
882 3424 96 22 erkänna
992 3424 126 28 billigheten
1133 3426 24 22 af

678 3451 138 21 omförmälde
823 3452 165 28 framställning,
996 3456 54 18 samt
1056 3454 33 20 till
1094 3454 59 22 Hans

677 3480 119 27 Kejserliga
810 3480 102 27 Majestät
921 3481 9 20 i
941 3481 170 28 underdänighet
1122 3482 31 22 öf-

676 3508 108 22 verlemna
801 3510 32 20 att
851 3508 109 28 förordna,
980 3510 105 22 huruvida
1102 3510 51 22 ifrä-

676 3536 121 31 gavarande
812 3538 120 27 ersättning
946 3537 42 27 mä,
1004 3539 101 27 antingen
1117 3547 34 19 ge-

675 3572 50 14 nom
743 3566 149 21 motsvarande
909 3566 173 28 löneförhöjning
1101 3568 50 21 eller

674 3593 29 27 pä
721 3595 66 19 annat
803 3594 99 28 lämpligt
919 3596 50 25 sätt,
984 3595 33 21 till
1032 3596 119 22 Hofrätter-

673 3629 37 14 nes
722 3622 116 22 ledamöter
846 3622 41 22 och
894 3622 129 28 tjenstemän
1030 3626 50 20 utur
1088 3626 62 20 stats-

673 3650 84 22 medlen
771 3650 57 28 utgä.

1173 3426 95 28 ledning”
1276 3428 24 21 af
1311 3428 166 28 ifrågavarande
1489 3430 105 22 framställ

1173 3454 67 22 borde
1256 3455 49 22 frän
1320 3456 37 22 det
1371 3457 150 29 underdäniga
1529 3462 70 19 svaret
1605 3462 46 20 ute-

1172 3482 74 23 slutas.

1597 3385 1 10 I

1203 3397 121 23 Utskottets
1339 3399 82 29 förslag
1435 3401 34 21 till
1479 3402 106 28 yttrande,
1596 3403 7 33 i
1615 3410 37 26 an-

1609 3440 43 20 ing,

1727 919 120 23 Utskottets
1861 920 37 22 be-

1705 948 109 22 tänkande
1845 949 53 27 god-

1705 976 74 22 kändt.

1743 1404 151 23 Betänkandet

1702 1432 115 28 godkändt.

1720 1741 121 23 Utskottets
1854 1743 38 21 be-

1698 1770 109 22 tänkande
1836 1772 53 27 god-

1697 1798 68 22 kändt
1786 1799 7 21 i
1816 1800 72 27 öfrigt,

1696 1828 61 20 utom
1779 1829 33 19 att
1832 1828 56 28 skyl-

1694 1854 100 28 digheten
1802 1857 32 20 att
1840 1856 52 22 ned-

1697 1884 57 21 sätta
1775 1885 113 21 revisions-

1697 1911 85 28 skilling
1819 1912 69 22 borde

1696 1940 100 26 upphöra
1810 1941 41 21 och
1861 1948 27 14 ur

1697 1968 70 22 denna
1784 1970 108 27 paragraf

1696 1995 82 23 således
1808 1998 80 21 uteslu-

1696 2025 33 21 tas
1745 2025 75 22 orden:
1836 2026 51 26 ,och

1696 2054 56 20 sätte
1769 2053 38 22 der
1818 2054 69 22 tillika

1695 2081 22 21 in
1734 2083 40 20 100
1790 2082 77 22 daler."

1734 2279 150 23 Betänkandet

1693 2307 116 28 godkändt.

1717 2646 79 23 Senare
1816 2647 64 23 alter-

1688 2675 80 22 nativet
1794 2676 24 21 af
1842 2676 38 22 be-

1688 2704 117 22 tänkandet
1827 2705 51 28 god-

1687 2733 74 20 kändt.

1720 3404 150 24 Betänkandet

1677 3432 116 28 godkändt.

1952 694 60 21 Felet
2022 695 102 21 anmärkt

1931 722 34 21 till
1979 723 89 21 rättelse
2084 723 40 22 och

1946 751 163 27 propositionen

1932 779 106 28 godkänd.

1958 920 165 28 Propositionen
2136 916 13 38 |
2170 920 121 23 Utskottets
2297 921 136 23 betänkande
2440 922 51 28 god-

1930 945 108 36 godkänd.
2148 949 73 21 kändt.

1953 1400 165 28 Propositionen
2134 1396 14 37 |
2172 1400 150 22 Betänkandet
2337 1401 114 27 godkändt.

1926 1428 107 28 godkänd.

1965 1738 150 24 Betänkandet
2131 1733 13 39 |
2168 1738 151 23 Betänkandet
2332 1740 117 28 godkänfit.

1922 1766 116 28 godkändt.

1958 2282 150 22 Betänkandet
2120 2276 13 38 |
2146 2296 3 7 .
2162 2280 151 24 Betänkandet
2327 2282 114 28 godkändt.

1916 2310 116 27 godkändt.

1940 2649 81 22 Senare
2040 2650 65 22 alter-

1910 2678 83 21 nativet
2019 2678 25 22 af
2067 2679 37 22 be-

1910 2706 120 22 tänkandet
2051 2707 53 28 god-

2128 2677 121 23 tänkandet
2263 2679 117 27 godkändt.

2179 694 165 28 Propositionen
2359 695 106 28 godkänd.

2160 2649 80 22 Senare
2255 2649 138 24 alternativet
2405 2649 24 24 hf
2437 2652 37 22 be-

2568 696 43 21 Det
2628 697 41 21 här
2687 698 113 21 anmärkta
2818 698 114 28 tryckfelet
2950 700 62 21 torde
3031 699 23 23 fä
3069 700 25 22 af
3107 701 95 28 Expedi-

2511 724 161 23 tionsutskottet
2689 727 68 20 rättas
2772 727 8 20 i
2796 727 94 27 enlighet
2905 728 49 21 med
2970 728 41 22 den
3026 728 82 29 nädiga
3123 737 80 21 propo-

2511 753 98 22 sitionen.

2567 923 97 22 Emedan
2678 923 165 24 Rädstufvurätt
2854 926 114 23 framdeles
2980 927 98 23 kommer
3090 930 33 20 att
3134 929 68 22 blifva

2509 951 70 22 första
2600 952 113 22 underrätt
2731 953 7 22 i
2757 955 55 24 stad,
2836 955 41 21 och
2896 955 223 24 öfverensstämmelse
3138 958 8 20 i
3166 958 36 21 det

2509 980 139 27 processuela
2665 981 184 28 förfaringssättet
2867 983 36 21 vid
2917 983 168 23 Rädstufvurätt
3100 986 41 21 och
3156 986 45 21 Hä-

2509 1008 96 21 radsrätt
2624 1015 61 21 synes
2704 1017 52 14 vara
2774 1010 90 28 förtjent
2878 1013 34 19 att
2927 1012 149 22 eftersträfvas
3092 1014 7 20 i
3115 1014 44 21 alla
3174 1014 27 22 de

2509 1036 44 26 fall,
2577 1035 28 23 dä
2623 1036 77 23 sädant
2719 1038 43 22 kan
2780 1040 53 20 utan
2853 1039 114 28 olägenhet
2986 1042 138 26 genomföras
3145 1044 56 20 samt

2508 1064 35 22 för
2561 1065 66 27 öfrigt
2645 1064 28 28 pä
2692 1066 26 22 de
2733 1066 25 22 af
2770 1066 112 23 Utskottet
2896 1068 34 21 till
2944 1069 50 21 stöd
3008 1069 36 21 för
3060 1070 49 22 dess
3124 1070 76 22 betän-

2508 1092 71 22 kande
2597 1093 59 21 förut
2671 1094 88 22 anförde
2775 1096 53 25 skäl,
2844 1096 40 22 har
2899 1096 118 27 Utskottet,
3032 1098 51 22 med
3098 1098 102 22 afseende

2505 1120 81 28 jemväl
2604 1120 13 22 å
2636 1122 27 21 de
2680 1123 156 28 upplysningar
2855 1131 35 15 om
2909 1125 149 22 diskussionen
3076 1127 33 21 uti
3129 1127 71 22 denna

2507 1148 63 28 fräga
2595 1150 58 21 inom
2676 1151 157 28 Ridderskapet
2854 1153 41 21 och
2917 1154 77 26 Adeln,
3019 1161 47 15 som
3088 1155 112 22 Utskottet

2506 1178 126 26 meddelats,
2645 1180 53 20 trott
2709 1180 31 28 sig
2751 1180 55 22 böra
2817 1181 33 21 till
2863 1180 131 24 Ständernas
3006 1184 125 27 antagande
3142 1184 57 22 före-

2507 1205 32 22 slä
2554 1206 95 28 följande
2664 1208 79 27 lydelse
2758 1208 34 22 för
2807 1208 135 24 motstäende
2956 1212 116 26 paragraf:

2564 1234 11 21 I
2589 1235 132 22 Häradsrätt
2735 1248 28 4 —
2777 1249 29 3 —
2820 1250 29 3 —
2863 1238 75 21 finnes.

2563 1262 112 23 Likaledes
2695 1264 54 22 skall
2768 1264 50 22 dom
2833 1266 7 20 i
2854 1264 173 29 Rädstufvurätt,
3043 1269 55 19 utan
3113 1268 84 27 anslag,

2506 1290 108 22 afkunnas
2633 1292 40 21 och
2688 1292 99 28 utgifvas.
2818 1293 110 23 Svarande
2943 1296 52 26 part
3009 1302 52 15 vare
3077 1296 19 28 ej
3113 1296 85 28 skyldig

2505 1320 33 21 att
2553 1319 50 22 dom
2618 1320 76 27 utlösa,
2711 1322 38 20 der
2763 1322 45 21 han
2823 1322 41 21 den
2880 1322 18 28 ej
2914 1323 72 21 äskar.

2562 1348 11 20 I
2588 1348 87 22 Hofrätt
2691 1356 18 14 o.
2725 1356 17 14 s.
2757 1358 19 14 v.
2792 1350 44 22 lika
2851 1351 49 21 med
2915 1351 121 22 Utskottets
3052 1352 144 22 betänkande.

2561 1404 75 28 Enligt
2653 1406 37 27 tre,
2705 1405 79 23 Ständs
2799 1408 233 28 sammanstämmande
3047 1409 72 21 beslut
3134 1410 63 22 torde

2503 1432 136 22 motstäende
2653 1435 105 27 paragraf
2770 1435 55 21 böra
2839 1436 8 20 i
2862 1436 156 28 författningen
3034 1437 58 28 ingä,
3108 1438 42 21 och
3162 1438 34 22 sä-

2503 1461 50 21 vida
2569 1462 42 21 den
2626 1461 24 21 af
2662 1462 110 23 Utskottet
2786 1464 129 28 föreslagna,
2932 1465 25 21 af
2970 1467 78 20 tvenne
3061 1465 69 23 Ständ
3143 1467 52 27 god-

2503 1489 72 22 kända
2593 1490 80 27 lydelse
2692 1491 200 23 öfverensstämmer
2910 1494 50 20 med
2974 1501 31 13 nu
3020 1494 102 27 gällande
3137 1496 59 20 stad-

2503 1518 86 27 ganden
2603 1518 8 21 i
2625 1519 78 26 ämnet,
2722 1519 34 22 fär
2771 1520 111 22 Utskottet
2896 1522 111 21 vördsamt
3022 1522 122 27 hemställa,
3160 1530 36 14 om

2503 1574 34 20 för
2549 1575 63 19 deras
2623 1575 40 24 del,
2678 1578 81 22 antaga
2769 1577 167 24 ifrägavarande
2947 1579 107 25 paragraf
3063 1578 69 22 sädan
3144 1580 51 20 den-

2503 1608 83 15 samma
2604 1601 70 22 blifvit
2692 1601 25 22 af
2729 1602 111 22 Utskottet
2855 1603 7 20 i
2879 1603 47 22 dess
2942 1604 138 24 betänkande
3096 1606 98 23 affattad.

2560 1739 83 22 Genom
2664 1738 174 24 Prestaständets
2860 1740 72 23 beslut
2950 1749 36 15 om
3004 1744 188 23 revisionsskillin-

2503 1774 51 20 gens
2576 1768 140 27 fullständiga
2734 1768 135 22 afskaffande
2888 1772 57 20 samt
2962 1771 171 29 Ridderskapets
3152 1774 41 21 och

2501 1796 81 21 Adelns
2593 1796 71 22 beslut
2675 1796 79 27 derom,
2767 1798 33 20 att
2811 1798 199 27 ändringssökande
3021 1800 8 21 i
3041 1800 72 28 öfriga
3124 1802 69 21 hand-

2501 1824 165 28 räekningsmäl,
2678 1825 49 21 med
2738 1826 112 27 undantag
2858 1826 24 21 af
2888 1827 227 29 utsökningsärender,
3124 1830 68 22 borde

2501 1851 22 23 fä
2541 1860 40 20 ega
2599 1860 49 14 rum
2665 1854 53 20 utan
2736 1854 202 29 revisionsskillings
2953 1856 158 28 nedläggande,
3126 1859 67 22 hafva

2500 1882 77 20 tvenne
2599 1880 68 22 Ständ
2686 1881 90 22 kommit
2794 1884 33 20 att
2845 1885 77 20 stanna
2940 1884 8 20 i
2968 1884 58 22 olika
3044 1886 72 22 beslut
3135 1889 57 19 emot

2499 1911 84 25 tvenne,
2605 1910 135 21 beträffande
2762 1912 65 20 sättet
2848 1911 35 21 för
2902 1912 201 28 ändringssökande
3121 1916 7 20 i
3148 1915 44 22 mål

2499 1937 25 22 af
2542 1938 94 21 nämnde
2657 1938 153 22 beskaffenhet.
2845 1940 61 21 Dock
2924 1947 47 15 som
2990 1942 150 28 skyldigheten
3159 1946 33 19 att

2499 1966 108 27 nedlägga
2628 1966 196 28 revisionsskilling,
2848 1968 67 28 enligt
2936 1970 34 20 tre
2992 1970 76 22 ständs
3086 1971 78 27 beslut,
3184 1973 7 21 i

2499 1994 118 21 allmänhet
2638 1995 85 21 komme
2744 1997 33 19 att
2794 1995 127 27 bibehållas,
2941 1998 41 21 och
3000 1998 166 23 Prestaständet
3183 2001 7 20 i

2499 2022 66 27 öfrigt
2579 2022 92 22 likställt
2685 2023 44 21 alla
2743 2023 47 28 slag
2805 2024 25 21 af
2837 2025 227 28 handräckningsmäl,
3076 2028 63 22 torde
3150 2029 39 21 Ut-

2499 2051 89 21 skottets
2604 2051 142 27 betänkande,
2760 2052 36 21 vid
2808 2059 27 15 en
2846 2055 202 28 sammanställning
3059 2056 25 21 af
3094 2057 26 20 de
3132 2057 58 22 olika

2498 2079 105 26 besluten,
2622 2079 23 22 få
2659 2087 62 14 anses
2737 2087 52 14 vara
2804 2081 25 20 af
2842 2081 122 22 Ständerna
2979 2083 118 27 godkändt.
3128 2085 61 22 Dock

2497 2107 41 22 har
2553 2107 110 22 Utskottet
2677 2109 54 20 trott
2745 2109 33 27 sig
2792 2109 55 21 böra
2862 2109 115 23 hemställa
2992 2118 36 14 om
3038 2112 54 27 icke,
3105 2112 29 28 pä
3146 2115 44 20 sätt

2497 2135 158 28 Ridderskapet
2670 2137 40 20 och
2725 2137 69 21 Adeln
2809 2137 94 27 beslutit,
2920 2139 62 21 ordet
2997 2139 49 26 ,dä*
3062 2141 8 21 i
3085 2141 66 22 slutet
3166 2143 25 21 af

2499 2165 10 19 1
2529 2166 127 20 momentets
2678 2165 68 22 första
2768 2165 74 28 stycke
2863 2166 57 27 finge
2942 2167 89 28 utbytas
3053 2171 46 20 mot
3121 2171 67 21 orden

2497 2192 68 27 inom
2580 2193 103 27 hvilken,"
2699 2192 71 23 såsom
2784 2194 8 21 i
2806 2194 143 23 förevarande
2964 2195 40 22 fall
3018 2197 136 29 lämpligare.

2552 2284 97 21 Emedan
2667 2285 8 21 i
2693 2285 70 22 denna
2781 2287 107 27 paragraf
2904 2287 63 27 afses,
2988 2288 30 28 på
3037 2291 44 20 sätt
3096 2290 90 23 Ridder-

2494 2312 87 27 skapets
2597 2313 41 21 och
2651 2313 81 22 Adelns
2747 2314 71 22 beslut
2832 2315 124 28 innefattar,
2968 2317 45 21 alla
3024 2318 26 21 de
3061 2317 50 28 mål,
3125 2319 62 22 hvari

2494 2341 92 28 ändring
2601 2341 32 21 uti
2648 2342 145 28 revisionsväg
2808 2343 68 27 sökes,
2893 2345 41 20 och
2949 2344 84 23 således
3049 2347 45 21 alla
3110 2347 26 22 de
3152 2355 34 14 sa-

2493 2369 44 26 ker,
2553 2376 47 14 som
2615 2371 125 20 omnämnas
2755 2371 8 20 i
2777 2373 9 18 I
2800 2379 64 14 mom.
2878 2373 10 20 1
2902 2373 11 26 $
2927 2375 27 18 30
2965 2373 58 28 kap.,
3036 2374 79 22 sådant
3127 2376 60 21 detta

2493 2404 63 15 mom.
2572 2397 85 22 komme
2672 2400 33 19 att
2719 2398 51 28 lyda
2784 2400 66 27 enligt
2865 2401 115 22 utskottets
2991 2403 41 20 här
3044 2403 64 22 ofvan
3120 2404 65 22 fram-

2493 2426 80 21 ställda
2593 2426 88 28 förslag,
2700 2427 62 22 torde
2780 2427 166 29 ifrågavarande
2965 2431 12 20 9
2998 2431 11 27 &
3028 2431 55 22 böra
3102 2432 83 23 erhålla

2493 2461 26 14 en
2533 2455 8 20 i
2556 2454 220 23 öfverensstämmelse
2795 2456 87 23 dermed
2901 2457 119 23 förändrad
3035 2460 92 27 lydelse;
3144 2462 40 21 och

2492 2483 41 21 har
2551 2483 111 21 Utskottet
2679 2484 8 21 i
2706 2484 115 29 anledning
2839 2486 67 21 häraf
2923 2488 54 20 trott
2996 2488 32 27 sig
3048 2489 54 21 böra
3120 2490 64 21 vörd-

2493 2512 56 20 samt
2567 2511 134 22 underställa
2719 2512 132 23 Ständernas
2870 2515 109 27 pröfning,
2999 2523 36 14 om
3053 2517 48 21 icke
3116 2518 67 27 sagde

2492 2540 107 27 paragraf
2611 2539 56 28 finge
2682 2540 50 28 lyda
2746 2540 30 28 på
2791 2543 43 20 sätt
2850 2549 46 14 som
2911 2543 73 27 följer:

2549 2568 11 21 I
2576 2568 26 21 de
2616 2568 50 27 mål,
2682 2576 47 14 som
2742 2569 8 21 i
2767 2571 10 19 1
2794 2570 12 27 $
2823 2572 10 19 1
2850 2578 64 14 mom.
2930 2573 98 26 nämnas,
3044 2580 52 15 vare
3107 2575 75 21 instäl-

2491 2596 96 28 lelsedag
2605 2596 34 21 för
2657 2596 76 23 målets
2750 2597 94 29 fullföljd
2858 2599 40 22 hos
2913 2600 107 27 Kejsaren
3036 2609 18 14 o.
3071 2609 16 14 s.
3103 2610 19 14 v.
3138 2603 44 21 lika

2491 2625 49 22 med
2554 2625 169 28 propositionen.

2547 2654 75 27 Enligt
2640 2656 33 20 tre
2689 2654 79 22 Stånds
2784 2659 233 21 sammanstämmande
3032 2659 73 22 beslut
3120 2660 62 21 torde

2491 2682 70 22 denna
2575 2683 106 27 paragraf
2693 2683 87 22 komma
2794 2686 33 19 att
2842 2685 88 22 affattas
2945 2687 68 27 enligt
3028 2694 78 15 senare
3117 2688 65 21 alter-

2489 2711 82 22 nativet
2593 2711 24 21 af
2637 2711 114 22 utskottets
2770 2712 143 23 betänkande.
2946 2715 63 21 Dock
3027 2723 47 14 som
3094 2717 36 20 det
3148 2717 34 21 för

2489 2739 136 20 närvarande
2640 2740 125 20 ankommer
2779 2741 30 25 på
2823 2741 117 22 Hofrätten
2956 2745 32 19 att
3004 2745 96 25 granska
3114 2745 67 21 huru-

2489 2766 50 22 vida
2557 2766 26 21 de
2601 2766 140 27 föreskrifter,
2762 2774 46 15 som
2826 2769 120 22 meddelats
2966 2771 97 21 sökande
3082 2771 35 22 för
3136 2771 45 22 må-

2489 2794 41 22 lets
2545 2794 94 28 fullföljd
2654 2795 39 21 hos
2709 2795 111 28 Kejsaren,
2836 2797 70 22 blifvit
2921 2798 120 28 behörigen
3056 2800 124 27 fullgjorde,

2489 2830 48 14 men
2553 2830 26 14 en
2595 2823 58 28 dylik
2667 2823 108 29 pröfning,
2791 2825 8 20 i
2815 2825 26 21 de
2856 2825 122 28 händelser,
2994 2827 28 22 då
3038 2828 93 28 ändring
3146 2831 34 19 sö-

2488 2851 38 22 kes
2544 2851 7 21 i
2571 2851 40 22 den
2629 2853 42 26 väg
2690 2853 12 19 6
2718 2853 11 27 8
2745 2853 124 27 medgifver,
2885 2856 25 20 är
2925 2855 76 22 afsedd
3017 2858 33 19 att
3064 2856 116 23 framdeles

2489 2880 115 21 ankomma
2618 2879 29 28 på
2658 2881 87 21 Justitie
2755 2881 184 28 Departementet,
2951 2884 41 21 har
3003 2884 113 22 Utskottet
3127 2887 53 20 trott

2488 2908 32 27 sig
2538 2907 65 22 hafva
2621 2909 115 27 anledning
2755 2911 33 20 att
2802 2910 38 21 hos
2857 2910 123 23 Ständerna
2994 2913 112 21 vördsamt
3121 2914 58 21 hem-

2488 2936 70 26 ställa,
2578 2943 35 14 om
2631 2937 53 26 icke,
2703 2937 34 21 till
2755 2938 160 28 förtydligande
2934 2940 24 21 af
2970 2940 94 23 berörde
3080 2942 98 27 ändring,

2489 2966 30 19 ett
2533 2965 76 26 tillägg
2624 2965 57 27 finge
2696 2965 74 21 derom
2784 2967 41 20 här
2839 2967 82 27 inflyta,
2938 2969 7 20 i
2961 2969 95 27 enlighet
3068 2970 50 21 med
3128 2971 51 20 Rid-

2487 3020 68 22 skulle
2570 3020 165 28 ifrågavarande
2749 3023 107 27 paragraf
2868 3023 7 21 i
2890 3023 79 23 sådant
2984 3024 39 22 fall
3039 3025 83 22 erhålla
3138 3026 40 22 föl-

2484 3048 67 28 jande
2566 3049 91 27 lydelse:

2545 3077 44 21 Sist
2603 3076 14 22 å
2631 3078 188 28 inställelsedagen
2837 3079 47 22 före
2899 3080 94 22 klockan
3008 3082 43 22 tolf
3064 3082 56 22 skall
3136 3083 41 21 den

2487 3105 94 22 sökande
2603 3106 81 28 ingifva
2705 3107 93 28 skriftlig
2816 3108 79 28 inlaga,
2916 3109 48 22 deri
2982 3110 44 22 han
3044 3111 134 21 framställer

2486 3134 47 21 sina
2547 3133 146 28 påminnelser
2707 3138 58 19 emot
2780 3136 41 21 den
2836 3137 56 26 dom,
2908 3144 48 15 som
2969 3138 143 29 öfverklagas.
3136 3140 42 21 Vid

2485 3162 88 28 inlagan
2588 3163 49 27 foge
2651 3163 44 22 han
2710 3164 126 22 Hofrättens
2852 3165 49 21 dom
2917 3167 41 21 och
2973 3167 59 21 bevis
3045 3168 60 21 öfver
3116 3168 61 22 miss-

2485 3190 60 28 nöjes
2561 3192 100 20 anmälan
2676 3194 62 24 samt,
2750 3193 8 20 i
2768 3193 39 21 fall
2818 3192 101 23 tillåtelse
2930 3194 34 21 till
2975 3196 202 27 ändringssökande

2485 3218 86 28 begärts
2590 3220 7 20 i
2617 3220 40 21 den
2675 3222 42 26 väg
2736 3222 12 19 6
2768 3221 11 27 &
2799 3222 124 27 medgifver,
2940 3224 40 20 och
2997 3224 122 22 sökandens
3135 3225 41 21 fat-

2484 3247 82 27 tigdom
2581 3248 19 27 ej
2617 3248 70 22 blifvit
2701 3249 7 21 i
2723 3249 115 22 Hofrätten
2854 3252 76 26 genast
2944 3252 86 26 utredd,
3040 3252 82 28 jemväl
3135 3253 41 21 den

2483 3276 122 28 utredning,
2627 3277 86 21 hvilken
2736 3277 24 21 af
2779 3278 126 22 Hofrättens
2926 3279 27 21 då
2972 3281 129 21 meddelade
3120 3281 56 22 före-

2483 3304 88 22 skrifter
2589 3305 42 21 kan
2645 3304 105 28 påkallas,
2767 3305 72 23 såsom
2854 3308 41 21 ock
2910 3308 26 21 de
2952 3309 70 21 andra
3037 3305 137 37 handlingar,

2482 3332 83 28 hvarpå
2580 3333 44 21 han
2639 3334 32 27 sig
2686 3334 100 28 beropar,
2799 3335 67 27 jemte
2882 3336 100 27 dupplett
2997 3338 25 20 af
3035 3338 96 27 inlagan.

2540 3361 53 27 Den,
2613 3368 46 14 som
2678 3369 63 15 svara
2760 3363 61 26 skall,
2841 3371 37 21 ege
2894 3371 19 14 o.
2930 3372 16 14 s.
2963 3372 19 14 v.
2998 3365 46 22 lika
3058 3366 51 21 med
3123 3374 51 20 pro-

2481 3390 128 26 positionen.

2503 1546 47 22 icke
2565 1546 156 29 Ridderskapet
2736 1549 40 21 och
2791 1549 70 21 Adeln
2876 1552 56 19 samt
2942 1550 187 28 Borgareståndet
3138 1552 61 26 ville,

2488 2992 125 27 derskapets
2629 2993 40 21 och
2684 2993 80 22 Adelns
2778 2994 9 21 i
2802 2994 71 22 denna
2888 2995 35 21 del
2938 2996 84 22 fattade
3037 2997 82 27 beslut;
3132 2996 58 23 Och
3184 2988 11 40 |

1910 2734 74 21 kändt.

1944 3405 150 25 Betänkandet
2108 3401 14 42 |
2148 3410 151 22 Betänkandet
2309 3412 111 27 godkändt
2430 3412 34 22 sä-

1900 3430 117 36 godkändt.
2118 3438 47 21 vidt
2186 3438 69 28 angär
2276 3439 77 29 frägan
2376 3448 34 14 om
2431 3448 32 15 er-

2118 3523 183 29 sionsskillingens

2112 3837 43 20 tas.

2026 3937 142 29 Helsingfors,
2184 3938 42 22 den
2242 3940 26 20 25
2284 3939 44 28 Maj
2346 3941 61 21 1867.

2118 3467 97 28 sättning
2237 3468 35 21 för
2293 3469 102 26 aktlösen,
2414 3477 49 14 men

2117 3494 72 28 nägon
2213 3497 120 27 ersättning
2354 3497 36 21 för
2409 3498 53 21 revi-

2342 3526 120 28 minskning

2117 3552 68 21 borde
2196 3551 25 22 sä
2232 3553 85 28 mycket
2328 3554 83 21 mindre
2423 3562 39 20 ega

2116 3587 56 19 rum,
2195 3587 46 15 som
2263 3580 72 29 nägon
2357 3582 76 22 förlust
2454 3584 7 20 i

2116 3608 55 27 följd
2189 3609 26 21 af
2231 3610 92 21 berörde
2340 3611 121 28 minskning

2116 3636 79 28 ansågs
2205 3637 48 22 icke
2264 3638 86 22 komma
2357 3640 33 20 att
2397 3640 64 21 drab-

2115 3664 29 22 ba
2156 3665 126 23 Hofrättens
2294 3667 124 27 ledamöter,
2427 3667 33 22 sä-

2114 3693 50 21 vida
2180 3694 36 21 det
2227 3702 50 14 vore
2289 3696 32 20 att
2332 3698 80 20 emotse
2425 3696 36 22 det

2114 3722 199 29 revisionsskilling,
2333 3724 47 28 just
2397 3724 8 22 i
2423 3732 37 14 an-

2114 3750 78 22 seende
2207 3751 34 21 till
2256 3752 41 21 den
2313 3752 80 22 skedda
2408 3753 51 21 ned-

2113 3778 124 28 sättningen
2252 3780 8 21 i
2276 3780 108 28 beloppet,
2401 3781 7 21 i
2423 3782 36 21 de-

2112 3808 34 20 sto
2162 3807 53 22 flere
2231 3807 44 23 mäl
2290 3809 70 22 skulle
2374 3810 85 22 nedsät-

2538 3417 35 22 Då
2591 3420 33 20 tre
2642 3418 69 22 Stånd
2730 3421 233 22 sammanstämmande
2978 3422 90 22 beslutit
3083 3424 33 20 att
3131 3424 42 26 ytt-

2481 3446 74 26 rande,
2571 3447 7 20 i
2594 3447 115 28 anledning
2725 3448 24 21 af
2761 3448 135 22 motstäende
2910 3449 87 28 Nädiga
3012 3450 162 29 framställning

2481 3474 67 22 borde
2559 3475 8 20 i
2579 3474 132 23 Ständernas
2725 3476 148 28 underdäniga
2885 3484 49 15 svar
2942 3478 82 28 inflyta,
3034 3480 41 20 och
3084 3480 42 20 den
3134 3480 40 21 hos

2480 3502 162 22 Bondeständet
2659 3504 85 28 yppade
2760 3504 153 29 hetänklighet,
2929 3506 107 22 huruvida
3052 3508 122 28 ersättning

2480 3530 34 22 för
2531 3532 100 21 minskad
2646 3533 190 28 revisionsskilling
2850 3534 72 22 kunde
2937 3535 127 27 tillstyrkas,
3081 3535 29 22 dä
3125 3538 47 19 osä-

2479 3559 48 21 kert
2542 3567 51 14 vore
2608 3567 35 15 om
2657 3561 150 22 Hofrätternes
2818 3562 120 22 ledamöter
2949 3563 127 28 derigenom
3087 3564 86 22 komme

2480 3590 32 19 att
2531 3588 126 28 tillskyndas
2677 3589 71 28 nägon
2768 3590 84 27 förlust,
2872 3592 62 20 torde
2950 3592 74 22 kunna
3040 3600 64 14 anses
3119 3600 53 14 vara

2479 3616 78 22 häfven
2580 3617 67 26 deraf,
2667 3620 32 19 att
2719 3619 157 27 ersättningens
2894 3620 88 27 belopp,
3002 3620 68 28 enligt
3088 3621 84 21 utskot-

2478 3646 42 20 tets
2539 3645 88 27 förslag,
2646 3653 51 15 vore
2715 3646 108 22 beroende
2842 3647 18 28 ej
2880 3648 85 21 mindre
2981 3648 25 22 af
3020 3649 42 21 den
3078 3651 94 20 omstän-

2479 3673 73 27 dighet
2567 3674 106 22 huruvida
2688 3674 72 29 nägon
2774 3675 79 21 förlust
2868 3676 24 21 af
2904 3684 30 13 nu
2945 3676 169 28 ifrägavarande
3125 3678 46 27 lag-

2478 3701 126 29 förändring
2623 3703 108 27 uppstode
2746 3703 34 21 för
2794 3704 151 22 Hofrätternes
2960 3704 128 27 ledamöter,
3105 3708 28 19 än
3148 3706 25 22 af

2477 3730 102 28 beloppet
2594 3731 25 21 af
2632 3731 70 22 denna
2717 3732 83 26 förlust,
2816 3732 90 22 hvarom
2917 3733 86 22 landets
3016 3734 95 28 Styrelse
3123 3735 47 21 icke

2477 3759 62 20 torde
2557 3759 114 21 nnderläta
2686 3762 32 19 att
2733 3760 104 22 förskaffa
2852 3762 32 26 sig
2900 3762 130 28 erforderlig
3045 3763 124 27 utredning,

2477 3785 34 22 fär
2526 3786 110 23 Utskottet
2651 3788 39 21 hos
2705 3788 157 28 Ridderskapet
2878 3790 40 21 och
2934 3790 70 22 Adeln
3016 3793 58 19 samt
3085 3791 84 21 Bonde-

2477 3814 86 23 ständet
2581 3816 120 26 hemställa,
2721 3824 35 14 om
2774 3817 47 22 icke
2840 3818 99 21 bemälde
2958 3818 70 22 Ständ
3046 3819 58 26 ville,
3120 3819 49 22 med

2476 3842 133 30 frängäende
2629 3845 24 21 af
2671 3845 62 21 deras
2751 3846 132 22 härutinnan
2898 3846 84 22 fattade
2997 3847 79 27 beslut,
3093 3848 76 22 förena

2476 3872 33 27 sig
2533 3880 35 14 om
2590 3873 87 22 Presta-
2699 3874 41 22 och
2761 3874 201 28 Borgareständens
2980 3876 72 21 beslut
3071 3876 8 21 i
3098 3876 71 22 denna

2476 3900 69 28 fräga.
