<?xml version="1.0" encoding="UTF-8"?>
<alto xmlns="http://www.loc.gov/standards/alto/ns-v3#" xmlns:xlink="http://www.w3.org/1999/xlink" xmlns:xsi="http://www.w3.org/2001/XMLSchema-instance" xsi:schemaLocation="http://www.loc.gov/standards/alto/ns-v3# http://www.loc.gov/alto/v3/alto-3-0.xsd">
	<Description>
		<MeasurementUnit>pixel</MeasurementUnit>
		<sourceImageInformation>
			<fileName>/tmp/tess_r4oy8crb_input.PNG</fileName>
		</sourceImageInformation>
		<OCRProcessing ID="OCR_0">
			<ocrProcessingStep>
				<processingSoftware>
					<softwareName>tesseract 5.3.4</softwareName>
				</processingSoftware>
			</ocrProcessingStep>
		</OCRProcessing>
	</Description>
	<Layout>
		<Page WIDTH="1017" HEIGHT="1661" PHYSICAL_IMG_NR="0" ID="page_0">
			<PrintSpace HPOS="0" VPOS="0" WIDTH="1017" HEIGHT="1661">
				<ComposedBlock ID="cblock_0" HPOS="168" VPOS="99" WIDTH="505" HEIGHT="23">
					<TextBlock ID="block_0" HPOS="168" VPOS="99" WIDTH="505" HEIGHT="23">
						<TextLine ID="line_0" HPOS="168" VPOS="99" WIDTH="505" HEIGHT="23">
							<String ID="string_0" HPOS="168" VPOS="101" WIDTH="44" HEIGHT="16" WC="0.95" CONTENT="1018"/><SP WIDTH="152" VPOS="101" HPOS="212"/>
							<String ID="string_1" HPOS="364" VPOS="99" WIDTH="72" HEIGHT="23" WC="0.91" CONTENT="Nådiga"/><SP WIDTH="11" VPOS="99" HPOS="436"/>
							<String ID="string_2" HPOS="447" VPOS="99" WIDTH="137" HEIGHT="22" WC="0.96" CONTENT="Propositionen"/><SP WIDTH="12" VPOS="99" HPOS="584"/>
							<String ID="string_3" HPOS="596" VPOS="99" WIDTH="35" HEIGHT="17" WC="0.96" CONTENT="N:o"/><SP WIDTH="12" VPOS="99" HPOS="631"/>
							<String ID="string_4" HPOS="643" VPOS="100" WIDTH="30" HEIGHT="17" WC="0.95" CONTENT="21."/>
						</TextLine>
					</TextBlock>
				</ComposedBlock>
				<ComposedBlock ID="cblock_1" HPOS="143" VPOS="160" WIDTH="760" HEIGHT="1294">
					<TextBlock ID="block_1" HPOS="143" VPOS="160" WIDTH="758" HEIGHT="678">
						<TextLine ID="line_1" HPOS="143" VPOS="160" WIDTH="751" HEIGHT="30">
							<String ID="string_5" HPOS="143" VPOS="163" WIDTH="40" HEIGHT="21" WC="0.96" CONTENT="äro"/><SP WIDTH="18" VPOS="163" HPOS="183"/>
							<String ID="string_6" HPOS="201" VPOS="162" WIDTH="25" HEIGHT="22" WC="0.95" CONTENT="af"/><SP WIDTH="14" VPOS="162" HPOS="226"/>
							<String ID="string_7" HPOS="240" VPOS="162" WIDTH="147" HEIGHT="22" WC="0.96" CONTENT="beskaffenhet"/><SP WIDTH="17" VPOS="162" HPOS="387"/>
							<String ID="string_8" HPOS="404" VPOS="164" WIDTH="34" HEIGHT="20" WC="0.96" CONTENT="att"/><SP WIDTH="15" VPOS="164" HPOS="438"/>
							<String ID="string_9" HPOS="453" VPOS="162" WIDTH="88" HEIGHT="22" WC="0.93" CONTENT="tillhöra"/><SP WIDTH="17" VPOS="162" HPOS="541"/>
							<String ID="string_10" HPOS="558" VPOS="162" WIDTH="157" HEIGHT="28" WC="0.90" CONTENT="krigsdomstol,"/><SP WIDTH="18" VPOS="162" HPOS="715"/>
							<String ID="string_11" HPOS="733" VPOS="167" WIDTH="49" HEIGHT="16" WC="0.93" CONTENT="men"/><SP WIDTH="19" VPOS="167" HPOS="782"/>
							<String ID="string_12" HPOS="801" VPOS="160" WIDTH="93" HEIGHT="23" WC="0.91" CONTENT="domfört"/>
						</TextLine>
						<TextLine ID="line_2" HPOS="144" VPOS="194" WIDTH="751" HEIGHT="30">
							<String ID="string_13" HPOS="144" VPOS="196" WIDTH="61" HEIGHT="22" WC="0.96" CONTENT="antal"/><SP WIDTH="20" VPOS="196" HPOS="205"/>
							<String ID="string_14" HPOS="225" VPOS="196" WIDTH="118" HEIGHT="22" WC="0.96" CONTENT="ledamöter"/><SP WIDTH="18" VPOS="196" HPOS="343"/>
							<String ID="string_15" HPOS="361" VPOS="198" WIDTH="32" HEIGHT="20" WC="0.96" CONTENT="att"/><SP WIDTH="17" VPOS="198" HPOS="393"/>
							<String ID="string_16" HPOS="410" VPOS="197" WIDTH="79" HEIGHT="27" WC="0.95" CONTENT="utgöra"/><SP WIDTH="17" VPOS="197" HPOS="489"/>
							<String ID="string_17" HPOS="506" VPOS="196" WIDTH="103" HEIGHT="28" WC="0.95" CONTENT="krigsrätt"/><SP WIDTH="17" VPOS="196" HPOS="609"/>
							<String ID="string_18" HPOS="626" VPOS="194" WIDTH="29" HEIGHT="29" WC="0.96" CONTENT="på"/><SP WIDTH="17" VPOS="194" HPOS="655"/>
							<String ID="string_19" HPOS="672" VPOS="195" WIDTH="73" HEIGHT="22" WC="0.96" CONTENT="stället"/><SP WIDTH="16" VPOS="195" HPOS="745"/>
							<String ID="string_20" HPOS="761" VPOS="195" WIDTH="47" HEIGHT="22" WC="0.96" CONTENT="icke"/><SP WIDTH="17" VPOS="195" HPOS="808"/>
							<String ID="string_21" HPOS="825" VPOS="195" WIDTH="70" HEIGHT="22" WC="0.96" CONTENT="finnas"/>
						</TextLine>
						<TextLine ID="line_3" HPOS="145" VPOS="229" WIDTH="751" HEIGHT="28">
							<String ID="string_22" HPOS="145" VPOS="231" WIDTH="33" HEIGHT="21" WC="0.96" CONTENT="att"/><SP WIDTH="13" VPOS="231" HPOS="178"/>
							<String ID="string_23" HPOS="191" VPOS="229" WIDTH="68" HEIGHT="28" WC="0.94" CONTENT="tillgå."/><SP WIDTH="29" VPOS="229" HPOS="259"/>
							<String ID="string_24" HPOS="288" VPOS="229" WIDTH="97" HEIGHT="22" WC="0.93" CONTENT="Emedan"/><SP WIDTH="16" VPOS="229" HPOS="385"/>
							<String ID="string_25" HPOS="401" VPOS="230" WIDTH="114" HEIGHT="21" WC="0.91" CONTENT="Slottsrätt"/><SP WIDTH="16" VPOS="230" HPOS="515"/>
							<String ID="string_26" HPOS="531" VPOS="230" WIDTH="59" HEIGHT="21" WC="0.96" CONTENT="förut"/><SP WIDTH="14" VPOS="230" HPOS="590"/>
							<String ID="string_27" HPOS="604" VPOS="229" WIDTH="82" HEIGHT="28" WC="0.93" CONTENT="utgjort"/><SP WIDTH="13" VPOS="229" HPOS="686"/>
							<String ID="string_28" HPOS="699" VPOS="229" WIDTH="104" HEIGHT="21" WC="0.91" CONTENT="öfverrätt"/><SP WIDTH="13" VPOS="229" HPOS="803"/>
							<String ID="string_29" HPOS="816" VPOS="229" WIDTH="8" HEIGHT="21" WC="0.96" CONTENT="i"/><SP WIDTH="15" VPOS="229" HPOS="824"/>
							<String ID="string_30" HPOS="839" VPOS="229" WIDTH="57" HEIGHT="22" WC="0.96" CONTENT="vissa"/>
						</TextLine>
						<TextLine ID="line_4" HPOS="144" VPOS="262" WIDTH="752" HEIGHT="29">
							<String ID="string_31" HPOS="144" VPOS="262" WIDTH="50" HEIGHT="27" WC="0.95" CONTENT="mål,"/><SP WIDTH="19" VPOS="262" HPOS="194"/>
							<String ID="string_32" HPOS="213" VPOS="265" WIDTH="26" HEIGHT="20" WC="0.96" CONTENT="är"/><SP WIDTH="17" VPOS="265" HPOS="239"/>
							<String ID="string_33" HPOS="256" VPOS="264" WIDTH="63" HEIGHT="21" WC="0.93" CONTENT="äfven"/><SP WIDTH="12" VPOS="264" HPOS="319"/>
							<String ID="string_34" HPOS="331" VPOS="264" WIDTH="107" HEIGHT="27" WC="0.92" CONTENT="-stadgadt"/><SP WIDTH="18" VPOS="264" HPOS="438"/>
							<String ID="string_35" HPOS="456" VPOS="266" WIDTH="32" HEIGHT="19" WC="0.96" CONTENT="att"/><SP WIDTH="16" VPOS="266" HPOS="488"/>
							<String ID="string_36" HPOS="504" VPOS="264" WIDTH="78" HEIGHT="21" WC="0.96" CONTENT="besvär"/><SP WIDTH="21" VPOS="264" HPOS="582"/>
							<String ID="string_37" HPOS="603" VPOS="263" WIDTH="58" HEIGHT="22" WC="0.93" CONTENT="öfver"/><SP WIDTH="22" VPOS="263" HPOS="661"/>
							<String ID="string_38" HPOS="683" VPOS="262" WIDTH="121" HEIGHT="22" WC="0.91" CONTENT="Slottsrätts"/><SP WIDTH="20" VPOS="262" HPOS="804"/>
							<String ID="string_39" HPOS="824" VPOS="263" WIDTH="72" HEIGHT="27" WC="0.95" CONTENT="utslag"/>
						</TextLine>
						<TextLine ID="line_5" HPOS="145" VPOS="296" WIDTH="751" HEIGHT="29">
							<String ID="string_40" HPOS="145" VPOS="297" WIDTH="132" HEIGHT="22" WC="0.96" CONTENT="omedelbart"/><SP WIDTH="18" VPOS="297" HPOS="277"/>
							<String ID="string_41" HPOS="295" VPOS="299" WIDTH="107" HEIGHT="26" WC="0.96" CONTENT="upptagas"/><SP WIDTH="18" VPOS="299" HPOS="402"/>
							<String ID="string_42" HPOS="420" VPOS="297" WIDTH="25" HEIGHT="22" WC="0.93" CONTENT="af"/><SP WIDTH="16" VPOS="297" HPOS="445"/>
							<String ID="string_43" HPOS="461" VPOS="297" WIDTH="253" HEIGHT="28" WC="0.91" CONTENT="Justitiedepartementet"/><SP WIDTH="17" VPOS="297" HPOS="714"/>
							<String ID="string_44" HPOS="731" VPOS="297" WIDTH="8" HEIGHT="20" WC="0.96" CONTENT="i"/><SP WIDTH="16" VPOS="297" HPOS="739"/>
							<String ID="string_45" HPOS="755" VPOS="296" WIDTH="98" HEIGHT="22" WC="0.93" CONTENT="Senaten."/><SP WIDTH="14" VPOS="296" HPOS="853"/>
							<String ID="string_46" HPOS="867" VPOS="309" WIDTH="29" HEIGHT="4" WC="0.91" CONTENT="—"/>
						</TextLine>
						<TextLine ID="line_6" HPOS="145" VPOS="331" WIDTH="750" HEIGHT="28">
							<String ID="string_47" HPOS="145" VPOS="331" WIDTH="47" HEIGHT="22" WC="0.96" CONTENT="Den"/><SP WIDTH="17" VPOS="331" HPOS="192"/>
							<String ID="string_48" HPOS="209" VPOS="331" WIDTH="32" HEIGHT="22" WC="0.96" CONTENT="tid"/><SP WIDTH="18" VPOS="331" HPOS="241"/>
							<String ID="string_49" HPOS="259" VPOS="332" WIDTH="25" HEIGHT="21" WC="0.96" CONTENT="är"/><SP WIDTH="18" VPOS="332" HPOS="284"/>
							<String ID="string_50" HPOS="302" VPOS="331" WIDTH="55" HEIGHT="22" WC="0.96" CONTENT="dock"/><SP WIDTH="16" VPOS="331" HPOS="357"/>
							<String ID="string_51" HPOS="373" VPOS="331" WIDTH="119" HEIGHT="28" WC="0.96" CONTENT="lyckligtvis"/><SP WIDTH="18" VPOS="331" HPOS="492"/>
							<String ID="string_52" HPOS="510" VPOS="331" WIDTH="61" HEIGHT="22" WC="0.96" CONTENT="äfven"/><SP WIDTH="14" VPOS="331" HPOS="571"/>
							<String ID="string_53" HPOS="585" VPOS="331" WIDTH="39" HEIGHT="21" WC="0.96" CONTENT="hos"/><SP WIDTH="15" VPOS="331" HPOS="624"/>
							<String ID="string_54" HPOS="639" VPOS="338" WIDTH="34" HEIGHT="14" WC="0.96" CONTENT="oss"/><SP WIDTH="15" VPOS="338" HPOS="673"/>
							<String ID="string_55" HPOS="688" VPOS="331" WIDTH="129" HEIGHT="27" WC="0.96" CONTENT="längesedan"/><SP WIDTH="14" VPOS="331" HPOS="817"/>
							<String ID="string_56" HPOS="831" VPOS="331" WIDTH="64" HEIGHT="26" WC="0.95" CONTENT="förbi,"/>
						</TextLine>
						<TextLine ID="line_7" HPOS="146" VPOS="364" WIDTH="750" HEIGHT="29">
							<String ID="string_57" HPOS="146" VPOS="364" WIDTH="28" HEIGHT="23" WC="0.96" CONTENT="då"/><SP WIDTH="15" VPOS="364" HPOS="174"/>
							<String ID="string_58" HPOS="189" VPOS="365" WIDTH="26" HEIGHT="22" WC="0.93" CONTENT="de"/><SP WIDTH="14" VPOS="365" HPOS="215"/>
							<String ID="string_59" HPOS="229" VPOS="364" WIDTH="86" HEIGHT="29" WC="0.91" CONTENT="åsigter,"/><SP WIDTH="14" VPOS="364" HPOS="315"/>
							<String ID="string_60" HPOS="329" VPOS="365" WIDTH="72" HEIGHT="22" WC="0.93" CONTENT="hvilka"/><SP WIDTH="15" VPOS="365" HPOS="401"/>
							<String ID="string_61" HPOS="416" VPOS="365" WIDTH="60" HEIGHT="28" WC="0.92" CONTENT="gifvit"/><SP WIDTH="14" VPOS="365" HPOS="476"/>
							<String ID="string_62" HPOS="490" VPOS="365" WIDTH="84" HEIGHT="28" WC="0.92" CONTENT="upphof"/><SP WIDTH="11" VPOS="365" HPOS="574"/>
							<String ID="string_63" HPOS="585" VPOS="365" WIDTH="34" HEIGHT="21" WC="0.96" CONTENT="till"/><SP WIDTH="13" VPOS="365" HPOS="619"/>
							<String ID="string_64" HPOS="632" VPOS="365" WIDTH="122" HEIGHT="21" WC="0.96" CONTENT="inrättande"/><SP WIDTH="15" VPOS="365" HPOS="754"/>
							<String ID="string_65" HPOS="769" VPOS="364" WIDTH="24" HEIGHT="22" WC="0.93" CONTENT="af"/><SP WIDTH="12" VPOS="364" HPOS="793"/>
							<String ID="string_66" HPOS="805" VPOS="364" WIDTH="91" HEIGHT="28" WC="0.92" CONTENT="special-"/>
						</TextLine>
						<TextLine ID="line_8" HPOS="146" VPOS="398" WIDTH="752" HEIGHT="29">
							<String ID="string_67" HPOS="146" VPOS="399" WIDTH="117" HEIGHT="23" WC="0.96" CONTENT="domstolar"/><SP WIDTH="18" VPOS="399" HPOS="263"/>
							<String ID="string_68" HPOS="281" VPOS="400" WIDTH="8" HEIGHT="21" WC="0.96" CONTENT="i"/><SP WIDTH="16" VPOS="400" HPOS="289"/>
							<String ID="string_69" HPOS="305" VPOS="399" WIDTH="109" HEIGHT="26" WC="0.93" CONTENT="brottmål,"/><SP WIDTH="20" VPOS="399" HPOS="414"/>
							<String ID="string_70" HPOS="434" VPOS="399" WIDTH="52" HEIGHT="28" WC="0.91" CONTENT="egde"/><SP WIDTH="22" VPOS="399" HPOS="486"/>
							<String ID="string_71" HPOS="508" VPOS="398" WIDTH="70" HEIGHT="29" WC="0.95" CONTENT="någon"/><SP WIDTH="23" VPOS="398" HPOS="578"/>
							<String ID="string_72" HPOS="601" VPOS="399" WIDTH="102" HEIGHT="28" WC="0.95" CONTENT="giltighet."/><SP WIDTH="33" VPOS="399" HPOS="703"/>
							<String ID="string_73" HPOS="736" VPOS="399" WIDTH="39" HEIGHT="21" WC="0.91" CONTENT="Ett"/><SP WIDTH="20" VPOS="399" HPOS="775"/>
							<String ID="string_74" HPOS="795" VPOS="399" WIDTH="103" HEIGHT="28" WC="0.92" CONTENT="stadgadt"/>
						</TextLine>
						<TextLine ID="line_9" HPOS="147" VPOS="433" WIDTH="751" HEIGHT="23">
							<String ID="string_75" HPOS="147" VPOS="433" WIDTH="122" HEIGHT="23" WC="0.96" CONTENT="förtroende"/><SP WIDTH="21" VPOS="433" HPOS="269"/>
							<String ID="string_76" HPOS="290" VPOS="434" WIDTH="34" HEIGHT="21" WC="0.96" CONTENT="till"/><SP WIDTH="20" VPOS="434" HPOS="324"/>
							<String ID="string_77" HPOS="344" VPOS="434" WIDTH="84" HEIGHT="21" WC="0.96" CONTENT="landets"/><SP WIDTH="22" VPOS="434" HPOS="428"/>
							<String ID="string_78" HPOS="450" VPOS="433" WIDTH="108" HEIGHT="22" WC="0.95" CONTENT="allmänna"/><SP WIDTH="22" VPOS="433" HPOS="558"/>
							<String ID="string_79" HPOS="580" VPOS="433" WIDTH="115" HEIGHT="22" WC="0.95" CONTENT="domstolar"/><SP WIDTH="18" VPOS="433" HPOS="695"/>
							<String ID="string_80" HPOS="713" VPOS="434" WIDTH="41" HEIGHT="21" WC="0.96" CONTENT="har"/><SP WIDTH="21" VPOS="434" HPOS="754"/>
							<String ID="string_81" HPOS="775" VPOS="433" WIDTH="123" HEIGHT="22" WC="0.96" CONTENT="framkallat"/>
						</TextLine>
						<TextLine ID="line_10" HPOS="147" VPOS="467" WIDTH="751" HEIGHT="29">
							<String ID="string_82" HPOS="147" VPOS="468" WIDTH="147" HEIGHT="28" WC="0.92" CONTENT="obenägenhet"/><SP WIDTH="17" VPOS="468" HPOS="294"/>
							<String ID="string_83" HPOS="311" VPOS="469" WIDTH="35" HEIGHT="21" WC="0.96" CONTENT="för"/><SP WIDTH="18" VPOS="469" HPOS="346"/>
							<String ID="string_84" HPOS="364" VPOS="468" WIDTH="71" HEIGHT="28" WC="0.96" CONTENT="dylika"/><SP WIDTH="17" VPOS="468" HPOS="435"/>
							<String ID="string_85" HPOS="452" VPOS="468" WIDTH="105" HEIGHT="22" WC="0.96" CONTENT="särskilda"/><SP WIDTH="17" VPOS="468" HPOS="557"/>
							<String ID="string_86" HPOS="574" VPOS="468" WIDTH="75" HEIGHT="21" WC="0.96" CONTENT="Rätter"/><SP WIDTH="22" VPOS="468" HPOS="649"/>
							<String ID="string_87" HPOS="671" VPOS="468" WIDTH="47" HEIGHT="26" WC="0.95" CONTENT="och,"/><SP WIDTH="18" VPOS="468" HPOS="718"/>
							<String ID="string_88" HPOS="736" VPOS="469" WIDTH="8" HEIGHT="20" WC="0.96" CONTENT="i"/><SP WIDTH="19" VPOS="469" HPOS="744"/>
							<String ID="string_89" HPOS="763" VPOS="468" WIDTH="100" HEIGHT="21" WC="0.93" CONTENT="afseende"/><SP WIDTH="21" VPOS="468" HPOS="863"/>
							<String ID="string_90" HPOS="884" VPOS="467" WIDTH="14" HEIGHT="22" WC="0.47" CONTENT="&amp;å"/>
						</TextLine>
						<TextLine ID="line_11" HPOS="146" VPOS="502" WIDTH="752" HEIGHT="29">
							<String ID="string_91" HPOS="146" VPOS="503" WIDTH="188" HEIGHT="26" WC="0.95" CONTENT="rättssäkerheten,"/><SP WIDTH="18" VPOS="503" HPOS="334"/>
							<String ID="string_92" HPOS="352" VPOS="503" WIDTH="81" HEIGHT="21" WC="0.96" CONTENT="känner"/><SP WIDTH="17" VPOS="503" HPOS="433"/>
							<String ID="string_93" HPOS="450" VPOS="509" WIDTH="50" HEIGHT="15" WC="0.96" CONTENT="man"/><SP WIDTH="18" VPOS="509" HPOS="500"/>
							<String ID="string_94" HPOS="518" VPOS="502" WIDTH="33" HEIGHT="28" WC="0.96" CONTENT="sig"/><SP WIDTH="18" VPOS="502" HPOS="551"/>
							<String ID="string_95" HPOS="569" VPOS="503" WIDTH="47" HEIGHT="21" WC="0.93" CONTENT="icke"/><SP WIDTH="18" VPOS="503" HPOS="616"/>
							<String ID="string_96" HPOS="634" VPOS="502" WIDTH="157" HEIGHT="23" WC="0.89" CONTENT="tillfredsställd"/><SP WIDTH="22" VPOS="502" HPOS="791"/>
							<String ID="string_97" HPOS="813" VPOS="502" WIDTH="24" HEIGHT="22" WC="0.93" CONTENT="af"/><SP WIDTH="15" VPOS="502" HPOS="837"/>
							<String ID="string_98" HPOS="852" VPOS="502" WIDTH="46" HEIGHT="29" WC="0.89" CONTENT="lag-"/>
						</TextLine>
						<TextLine ID="line_12" HPOS="147" VPOS="536" WIDTH="752" HEIGHT="29">
							<String ID="string_99" HPOS="147" VPOS="537" WIDTH="138" HEIGHT="28" WC="0.92" CONTENT="skipningens"/><SP WIDTH="14" VPOS="537" HPOS="285"/>
							<String ID="string_100" HPOS="299" VPOS="536" WIDTH="131" HEIGHT="28" WC="0.96" CONTENT="upplåtande"/><SP WIDTH="15" VPOS="536" HPOS="430"/>
							<String ID="string_101" HPOS="445" VPOS="536" WIDTH="23" HEIGHT="22" WC="0.96" CONTENT="åt"/><SP WIDTH="13" VPOS="536" HPOS="468"/>
							<String ID="string_102" HPOS="481" VPOS="537" WIDTH="35" HEIGHT="21" WC="0.95" CONTENT="för"/><SP WIDTH="14" VPOS="537" HPOS="516"/>
							<String ID="string_103" HPOS="530" VPOS="536" WIDTH="94" HEIGHT="22" WC="0.95" CONTENT="tillfället"/><SP WIDTH="14" VPOS="536" HPOS="624"/>
							<String ID="string_104" HPOS="638" VPOS="538" WIDTH="154" HEIGHT="20" WC="0.93" CONTENT="sammansatta"/><SP WIDTH="13" VPOS="538" HPOS="792"/>
							<String ID="string_105" HPOS="805" VPOS="537" WIDTH="94" HEIGHT="21" WC="0.91" CONTENT="domsto-"/>
						</TextLine>
						<TextLine ID="line_13" HPOS="147" VPOS="570" WIDTH="754" HEIGHT="29">
							<String ID="string_106" HPOS="147" VPOS="570" WIDTH="40" HEIGHT="22" WC="0.96" CONTENT="lar."/><SP WIDTH="29" VPOS="570" HPOS="187"/>
							<String ID="string_107" HPOS="216" VPOS="570" WIDTH="34" HEIGHT="22" WC="0.96" CONTENT="Då"/><SP WIDTH="18" VPOS="570" HPOS="250"/>
							<String ID="string_108" HPOS="268" VPOS="570" WIDTH="19" HEIGHT="28" WC="0.96" CONTENT="ej"/><SP WIDTH="18" VPOS="570" HPOS="287"/>
							<String ID="string_109" HPOS="305" VPOS="571" WIDTH="68" HEIGHT="21" WC="0.93" CONTENT="heller"/><SP WIDTH="13" VPOS="571" HPOS="373"/>
							<String ID="string_110" HPOS="386" VPOS="570" WIDTH="68" HEIGHT="22" WC="0.92" CONTENT="behof"/><SP WIDTH="15" VPOS="570" HPOS="454"/>
							<String ID="string_111" HPOS="469" VPOS="570" WIDTH="7" HEIGHT="22" WC="0.96" CONTENT="i"/><SP WIDTH="17" VPOS="570" HPOS="476"/>
							<String ID="string_112" HPOS="493" VPOS="570" WIDTH="67" HEIGHT="29" WC="0.96" CONTENT="något"/><SP WIDTH="17" VPOS="570" HPOS="560"/>
							<String ID="string_113" HPOS="577" VPOS="571" WIDTH="120" HEIGHT="21" WC="0.94" CONTENT="hänseende"/><SP WIDTH="14" VPOS="571" HPOS="697"/>
							<String ID="string_114" HPOS="711" VPOS="571" WIDTH="74" HEIGHT="21" WC="0.96" CONTENT="vidare"/><SP WIDTH="14" VPOS="571" HPOS="785"/>
							<String ID="string_115" HPOS="799" VPOS="572" WIDTH="62" HEIGHT="26" WC="0.96" CONTENT="göres"/><SP WIDTH="16" VPOS="572" HPOS="861"/>
							<String ID="string_116" HPOS="877" VPOS="570" WIDTH="24" HEIGHT="23" WC="0.96" CONTENT="af"/>
						</TextLine>
						<TextLine ID="line_14" HPOS="147" VPOS="604" WIDTH="751" HEIGHT="29">
							<String ID="string_117" HPOS="147" VPOS="604" WIDTH="168" HEIGHT="26" WC="0.91" CONTENT="Slottsrätterne,"/><SP WIDTH="15" VPOS="604" HPOS="315"/>
							<String ID="string_118" HPOS="330" VPOS="605" WIDTH="40" HEIGHT="21" WC="0.96" CONTENT="har"/><SP WIDTH="13" VPOS="605" HPOS="370"/>
							<String ID="string_119" HPOS="383" VPOS="605" WIDTH="103" HEIGHT="22" WC="0.96" CONTENT="utskottet"/><SP WIDTH="14" VPOS="605" HPOS="486"/>
							<String ID="string_120" HPOS="500" VPOS="607" WIDTH="70" HEIGHT="20" WC="0.96" CONTENT="ansett"/><SP WIDTH="15" VPOS="607" HPOS="570"/>
							<String ID="string_121" HPOS="585" VPOS="605" WIDTH="62" HEIGHT="21" WC="0.96" CONTENT="deras"/><SP WIDTH="14" VPOS="605" HPOS="647"/>
							<String ID="string_122" HPOS="661" VPOS="604" WIDTH="135" HEIGHT="28" WC="0.93" CONTENT="fullkomliga"/><SP WIDTH="10" VPOS="604" HPOS="796"/>
							<String ID="string_123" HPOS="806" VPOS="605" WIDTH="92" HEIGHT="28" WC="0.92" CONTENT="upphäf-"/>
						</TextLine>
						<TextLine ID="line_15" HPOS="147" VPOS="638" WIDTH="752" HEIGHT="29">
							<String ID="string_124" HPOS="147" VPOS="639" WIDTH="70" HEIGHT="22" WC="0.96" CONTENT="vande"/><SP WIDTH="18" VPOS="639" HPOS="217"/>
							<String ID="string_125" HPOS="235" VPOS="639" WIDTH="59" HEIGHT="22" WC="0.96" CONTENT="desto"/><SP WIDTH="18" VPOS="639" HPOS="294"/>
							<String ID="string_126" HPOS="312" VPOS="639" WIDTH="67" HEIGHT="21" WC="0.93" CONTENT="hellre"/><SP WIDTH="18" VPOS="639" HPOS="379"/>
							<String ID="string_127" HPOS="397" VPOS="639" WIDTH="187" HEIGHT="22" WC="0.90" CONTENT="öfverensstämma"/><SP WIDTH="14" VPOS="639" HPOS="584"/>
							<String ID="string_128" HPOS="598" VPOS="639" WIDTH="49" HEIGHT="21" WC="0.92" CONTENT="med"/><SP WIDTH="18" VPOS="639" HPOS="647"/>
							<String ID="string_129" HPOS="665" VPOS="639" WIDTH="150" HEIGHT="28" WC="0.91" CONTENT="fordringarne"/><SP WIDTH="14" VPOS="639" HPOS="815"/>
							<String ID="string_130" HPOS="829" VPOS="638" WIDTH="29" HEIGHT="29" WC="0.96" CONTENT="på"/><SP WIDTH="15" VPOS="638" HPOS="858"/>
							<String ID="string_131" HPOS="873" VPOS="646" WIDTH="26" HEIGHT="15" WC="0.96" CONTENT="en"/>
						</TextLine>
						<TextLine ID="line_16" HPOS="148" VPOS="672" WIDTH="751" HEIGHT="30">
							<String ID="string_132" HPOS="148" VPOS="673" WIDTH="43" HEIGHT="23" WC="0.96" CONTENT="fast"/><SP WIDTH="15" VPOS="673" HPOS="191"/>
							<String ID="string_133" HPOS="206" VPOS="674" WIDTH="40" HEIGHT="22" WC="0.96" CONTENT="och"/><SP WIDTH="14" VPOS="674" HPOS="246"/>
							<String ID="string_134" HPOS="260" VPOS="674" WIDTH="117" HEIGHT="22" WC="0.93" CONTENT="välordnad"/><SP WIDTH="14" VPOS="674" HPOS="377"/>
							<String ID="string_135" HPOS="391" VPOS="673" WIDTH="142" HEIGHT="29" WC="0.91" CONTENT="lagskipning,"/><SP WIDTH="15" VPOS="673" HPOS="533"/>
							<String ID="string_136" HPOS="548" VPOS="680" WIDTH="46" HEIGHT="15" WC="0.96" CONTENT="som"/><SP WIDTH="10" VPOS="680" HPOS="594"/>
							<String ID="string_137" HPOS="604" VPOS="672" WIDTH="30" HEIGHT="29" WC="0.96" CONTENT="på"/><SP WIDTH="9" VPOS="672" HPOS="634"/>
							<String ID="string_138" HPOS="643" VPOS="675" WIDTH="44" HEIGHT="20" WC="0.96" CONTENT="sätt"/><SP WIDTH="14" VPOS="675" HPOS="687"/>
							<String ID="string_139" HPOS="701" VPOS="673" WIDTH="67" HEIGHT="22" WC="0.96" CONTENT="kändt"/><SP WIDTH="11" VPOS="673" HPOS="768"/>
							<String ID="string_140" HPOS="779" VPOS="675" WIDTH="31" HEIGHT="25" WC="0.93" CONTENT="är,"/><SP WIDTH="13" VPOS="675" HPOS="810"/>
							<String ID="string_141" HPOS="823" VPOS="673" WIDTH="76" HEIGHT="22" WC="0.92" CONTENT="Slotts-"/>
						</TextLine>
						<TextLine ID="line_17" HPOS="149" VPOS="707" WIDTH="750" HEIGHT="23">
							<String ID="string_142" HPOS="149" VPOS="710" WIDTH="107" HEIGHT="20" WC="0.91" CONTENT="rätternas"/><SP WIDTH="18" VPOS="710" HPOS="256"/>
							<String ID="string_143" HPOS="274" VPOS="708" WIDTH="134" HEIGHT="21" WC="0.96" CONTENT="verksamhet"/><SP WIDTH="17" VPOS="708" HPOS="408"/>
							<String ID="string_144" HPOS="425" VPOS="708" WIDTH="8" HEIGHT="20" WC="0.96" CONTENT="i"/><SP WIDTH="18" VPOS="708" HPOS="433"/>
							<String ID="string_145" HPOS="451" VPOS="715" WIDTH="75" HEIGHT="14" WC="0.96" CONTENT="senare"/><SP WIDTH="18" VPOS="715" HPOS="526"/>
							<String ID="string_146" HPOS="544" VPOS="707" WIDTH="55" HEIGHT="22" WC="0.96" CONTENT="tider"/><SP WIDTH="18" VPOS="707" HPOS="599"/>
							<String ID="string_147" HPOS="617" VPOS="707" WIDTH="46" HEIGHT="22" WC="0.96" CONTENT="icke"/><SP WIDTH="18" VPOS="707" HPOS="663"/>
							<String ID="string_148" HPOS="681" VPOS="708" WIDTH="70" HEIGHT="21" WC="0.96" CONTENT="sällan"/><SP WIDTH="17" VPOS="708" HPOS="751"/>
							<String ID="string_149" HPOS="768" VPOS="708" WIDTH="8" HEIGHT="21" WC="0.93" CONTENT="i"/><SP WIDTH="18" VPOS="708" HPOS="776"/>
							<String ID="string_150" HPOS="794" VPOS="708" WIDTH="105" HEIGHT="21" WC="0.92" CONTENT="förekom-"/>
						</TextLine>
						<TextLine ID="line_18" HPOS="148" VPOS="741" WIDTH="752" HEIGHT="28">
							<String ID="string_151" HPOS="148" VPOS="742" WIDTH="78" HEIGHT="23" WC="0.96" CONTENT="mande"/><SP WIDTH="14" VPOS="742" HPOS="226"/>
							<String ID="string_152" HPOS="240" VPOS="741" WIDTH="38" HEIGHT="22" WC="0.93" CONTENT="fall"/><SP WIDTH="15" VPOS="741" HPOS="278"/>
							<String ID="string_153" HPOS="293" VPOS="742" WIDTH="149" HEIGHT="27" WC="0.92" CONTENT="suspenderats"/><SP WIDTH="16" VPOS="742" HPOS="442"/>
							<String ID="string_154" HPOS="458" VPOS="742" WIDTH="40" HEIGHT="22" WC="0.96" CONTENT="och"/><SP WIDTH="14" VPOS="742" HPOS="498"/>
							<String ID="string_155" HPOS="512" VPOS="741" WIDTH="50" HEIGHT="27" WC="0.96" CONTENT="mål,"/><SP WIDTH="14" VPOS="741" HPOS="562"/>
							<String ID="string_156" HPOS="576" VPOS="741" WIDTH="72" HEIGHT="22" WC="0.96" CONTENT="hvilka"/><SP WIDTH="15" VPOS="741" HPOS="648"/>
							<String ID="string_157" HPOS="663" VPOS="742" WIDTH="61" HEIGHT="27" WC="0.96" CONTENT="eljest"/><SP WIDTH="14" VPOS="742" HPOS="724"/>
							<String ID="string_158" HPOS="738" VPOS="742" WIDTH="68" HEIGHT="22" WC="0.96" CONTENT="skulle"/><SP WIDTH="11" VPOS="742" HPOS="806"/>
							<String ID="string_159" HPOS="817" VPOS="741" WIDTH="83" HEIGHT="23" WC="0.96" CONTENT="tillhört"/>
						</TextLine>
						<TextLine ID="line_19" HPOS="150" VPOS="775" WIDTH="750" HEIGHT="29">
							<String ID="string_160" HPOS="150" VPOS="776" WIDTH="63" HEIGHT="22" WC="0.96" CONTENT="dessa"/><SP WIDTH="14" VPOS="776" HPOS="213"/>
							<String ID="string_161" HPOS="227" VPOS="776" WIDTH="123" HEIGHT="26" WC="0.96" CONTENT="domstolar,"/><SP WIDTH="15" VPOS="776" HPOS="350"/>
							<String ID="string_162" HPOS="365" VPOS="775" WIDTH="47" HEIGHT="27" WC="0.96" CONTENT="fått,"/><SP WIDTH="16" VPOS="775" HPOS="412"/>
							<String ID="string_163" HPOS="428" VPOS="775" WIDTH="54" HEIGHT="22" WC="0.93" CONTENT="efter"/><SP WIDTH="16" VPOS="775" HPOS="482"/>
							<String ID="string_164" HPOS="498" VPOS="776" WIDTH="114" HEIGHT="22" WC="0.92" CONTENT="utverkadt"/><SP WIDTH="17" VPOS="776" HPOS="612"/>
							<String ID="string_165" HPOS="629" VPOS="775" WIDTH="75" HEIGHT="29" WC="0.96" CONTENT="nådigt"/><SP WIDTH="14" VPOS="775" HPOS="704"/>
							<String ID="string_166" HPOS="718" VPOS="775" WIDTH="103" HEIGHT="28" WC="0.96" CONTENT="tillstånd,"/><SP WIDTH="16" VPOS="775" HPOS="821"/>
							<String ID="string_167" HPOS="837" VPOS="776" WIDTH="24" HEIGHT="22" WC="0.96" CONTENT="af"/><SP WIDTH="12" VPOS="776" HPOS="861"/>
							<String ID="string_168" HPOS="873" VPOS="776" WIDTH="27" HEIGHT="23" WC="0.96" CONTENT="de"/>
						</TextLine>
						<TextLine ID="line_20" HPOS="149" VPOS="810" WIDTH="561" HEIGHT="28">
							<String ID="string_169" HPOS="149" VPOS="810" WIDTH="109" HEIGHT="22" WC="0.93" CONTENT="allmänna"/><SP WIDTH="15" VPOS="810" HPOS="258"/>
							<String ID="string_170" HPOS="273" VPOS="810" WIDTH="143" HEIGHT="22" WC="0.92" CONTENT="domstolarne"/><SP WIDTH="14" VPOS="810" HPOS="416"/>
							<String ID="string_171" HPOS="430" VPOS="812" WIDTH="107" HEIGHT="26" WC="0.96" CONTENT="upptagas"/><SP WIDTH="15" VPOS="812" HPOS="537"/>
							<String ID="string_172" HPOS="552" VPOS="810" WIDTH="40" HEIGHT="22" WC="0.93" CONTENT="och"/><SP WIDTH="15" VPOS="810" HPOS="592"/>
							<String ID="string_173" HPOS="607" VPOS="810" WIDTH="103" HEIGHT="22" WC="0.89" CONTENT="afdömas."/>
						</TextLine>
					</TextBlock>
					<TextBlock ID="block_2" HPOS="149" VPOS="838" WIDTH="754" HEIGHT="616">
						<TextLine ID="line_21" HPOS="217" VPOS="838" WIDTH="682" HEIGHT="34">
							<String ID="string_174" HPOS="217" VPOS="844" WIDTH="74" HEIGHT="28" WC="0.96" CONTENT="Enligt"/><SP WIDTH="21" VPOS="844" HPOS="291"/>
							<String ID="string_175" HPOS="312" VPOS="844" WIDTH="27" HEIGHT="21" WC="0.96" CONTENT="de"/><SP WIDTH="20" VPOS="844" HPOS="339"/>
							<String ID="string_176" HPOS="359" VPOS="844" WIDTH="33" HEIGHT="22" WC="0.93" CONTENT="för"/><SP WIDTH="21" VPOS="844" HPOS="392"/>
							<String ID="string_177" HPOS="413" VPOS="844" WIDTH="173" HEIGHT="22" WC="0.92" CONTENT="Poliskamrarne"/><SP WIDTH="20" VPOS="844" HPOS="586"/>
							<String ID="string_178" HPOS="606" VPOS="845" WIDTH="8" HEIGHT="21" WC="0.96" CONTENT="i"/><SP WIDTH="20" VPOS="845" HPOS="614"/>
							<String ID="string_179" HPOS="634" VPOS="844" WIDTH="140" HEIGHT="28" WC="0.96" CONTENT="Helsingfors,"/><SP WIDTH="19" VPOS="844" HPOS="774"/>
							<String ID="string_180" HPOS="793" VPOS="838" WIDTH="47" HEIGHT="28" WC="0.96" CONTENT="Åbo"/><SP WIDTH="19" VPOS="838" HPOS="840"/>
							<String ID="string_181" HPOS="859" VPOS="845" WIDTH="40" HEIGHT="22" WC="0.96" CONTENT="och"/>
						</TextLine>
						<TextLine ID="line_22" HPOS="149" VPOS="878" WIDTH="751" HEIGHT="29">
							<String ID="string_182" HPOS="149" VPOS="878" WIDTH="90" HEIGHT="28" WC="0.93" CONTENT="Wiborg"/><SP WIDTH="16" VPOS="878" HPOS="239"/>
							<String ID="string_183" HPOS="255" VPOS="878" WIDTH="116" HEIGHT="22" WC="0.96" CONTENT="utfärdade"/><SP WIDTH="16" VPOS="878" HPOS="371"/>
							<String ID="string_184" HPOS="387" VPOS="878" WIDTH="79" HEIGHT="29" WC="0.96" CONTENT="nådiga"/><SP WIDTH="17" VPOS="878" HPOS="466"/>
							<String ID="string_185" HPOS="483" VPOS="879" WIDTH="89" HEIGHT="28" WC="0.96" CONTENT="stadgar"/><SP WIDTH="17" VPOS="879" HPOS="572"/>
							<String ID="string_186" HPOS="589" VPOS="879" WIDTH="25" HEIGHT="21" WC="0.95" CONTENT="af"/><SP WIDTH="16" VPOS="879" HPOS="614"/>
							<String ID="string_187" HPOS="630" VPOS="879" WIDTH="41" HEIGHT="21" WC="0.96" CONTENT="den"/><SP WIDTH="18" VPOS="879" HPOS="671"/>
							<String ID="string_188" HPOS="689" VPOS="880" WIDTH="12" HEIGHT="20" WC="0.96" CONTENT="6"/><SP WIDTH="19" VPOS="880" HPOS="701"/>
							<String ID="string_189" HPOS="720" VPOS="879" WIDTH="44" HEIGHT="27" WC="0.96" CONTENT="Maj"/><SP WIDTH="17" VPOS="879" HPOS="764"/>
							<String ID="string_190" HPOS="781" VPOS="880" WIDTH="62" HEIGHT="26" WC="0.95" CONTENT="1861,"/><SP WIDTH="16" VPOS="880" HPOS="843"/>
							<String ID="string_191" HPOS="859" VPOS="879" WIDTH="41" HEIGHT="21" WC="0.96" CONTENT="den"/>
						</TextLine>
						<TextLine ID="line_23" HPOS="152" VPOS="912" WIDTH="748" HEIGHT="29">
							<String ID="string_192" HPOS="152" VPOS="914" WIDTH="26" HEIGHT="20" WC="0.96" CONTENT="17"/><SP WIDTH="15" VPOS="914" HPOS="178"/>
							<String ID="string_193" HPOS="193" VPOS="912" WIDTH="118" HEIGHT="22" WC="0.96" CONTENT="December"/><SP WIDTH="16" VPOS="912" HPOS="311"/>
							<String ID="string_194" HPOS="327" VPOS="914" WIDTH="53" HEIGHT="20" WC="0.96" CONTENT="1816"/><SP WIDTH="16" VPOS="914" HPOS="380"/>
							<String ID="string_195" HPOS="396" VPOS="913" WIDTH="40" HEIGHT="21" WC="0.96" CONTENT="och"/><SP WIDTH="16" VPOS="913" HPOS="436"/>
							<String ID="string_196" HPOS="452" VPOS="913" WIDTH="41" HEIGHT="21" WC="0.97" CONTENT="den"/><SP WIDTH="15" VPOS="913" HPOS="493"/>
							<String ID="string_197" HPOS="508" VPOS="914" WIDTH="12" HEIGHT="20" WC="0.96" CONTENT="7"/><SP WIDTH="16" VPOS="914" HPOS="520"/>
							<String ID="string_198" HPOS="536" VPOS="912" WIDTH="50" HEIGHT="22" WC="0.96" CONTENT="Juni"/><SP WIDTH="12" VPOS="912" HPOS="586"/>
							<String ID="string_199" HPOS="598" VPOS="914" WIDTH="61" HEIGHT="24" WC="0.96" CONTENT="1836,"/><SP WIDTH="15" VPOS="914" HPOS="659"/>
							<String ID="string_200" HPOS="674" VPOS="914" WIDTH="39" HEIGHT="20" WC="0.96" CONTENT="äro"/><SP WIDTH="15" VPOS="914" HPOS="713"/>
							<String ID="string_201" HPOS="728" VPOS="914" WIDTH="62" HEIGHT="20" WC="0.93" CONTENT="dessa"/><SP WIDTH="14" VPOS="914" HPOS="790"/>
							<String ID="string_202" HPOS="804" VPOS="913" WIDTH="96" HEIGHT="28" WC="0.92" CONTENT="myndig-"/>
						</TextLine>
						<TextLine ID="line_24" HPOS="151" VPOS="946" WIDTH="749" HEIGHT="29">
							<String ID="string_203" HPOS="151" VPOS="947" WIDTH="62" HEIGHT="21" WC="0.96" CONTENT="heter"/><SP WIDTH="14" VPOS="947" HPOS="213"/>
							<String ID="string_204" HPOS="227" VPOS="946" WIDTH="90" HEIGHT="29" WC="0.96" CONTENT="tillagda"/><SP WIDTH="14" VPOS="946" HPOS="317"/>
							<String ID="string_205" HPOS="331" VPOS="947" WIDTH="105" HEIGHT="21" WC="0.96" CONTENT="domsrätt"/><SP WIDTH="12" VPOS="947" HPOS="436"/>
							<String ID="string_206" HPOS="448" VPOS="948" WIDTH="8" HEIGHT="20" WC="0.96" CONTENT="i"/><SP WIDTH="14" VPOS="948" HPOS="456"/>
							<String ID="string_207" HPOS="470" VPOS="947" WIDTH="57" HEIGHT="22" WC="0.96" CONTENT="vissa"/><SP WIDTH="14" VPOS="947" HPOS="527"/>
							<String ID="string_208" HPOS="541" VPOS="946" WIDTH="83" HEIGHT="22" WC="0.96" CONTENT="mindre"/><SP WIDTH="13" VPOS="946" HPOS="624"/>
							<String ID="string_209" HPOS="637" VPOS="946" WIDTH="109" HEIGHT="22" WC="0.92" CONTENT="brottmål."/><SP WIDTH="31" VPOS="946" HPOS="746"/>
							<String ID="string_210" HPOS="777" VPOS="946" WIDTH="123" HEIGHT="23" WC="0.89" CONTENT="Säkerhets-"/>
						</TextLine>
						<TextLine ID="line_25" HPOS="151" VPOS="980" WIDTH="750" HEIGHT="29">
							<String ID="string_211" HPOS="151" VPOS="982" WIDTH="93" HEIGHT="27" WC="0.96" CONTENT="polisens"/><SP WIDTH="21" VPOS="982" HPOS="244"/>
							<String ID="string_212" HPOS="265" VPOS="980" WIDTH="101" HEIGHT="23" WC="0.96" CONTENT="ändamål"/><SP WIDTH="21" VPOS="980" HPOS="366"/>
							<String ID="string_213" HPOS="387" VPOS="982" WIDTH="25" HEIGHT="20" WC="0.96" CONTENT="är"/><SP WIDTH="22" VPOS="982" HPOS="412"/>
							<String ID="string_214" HPOS="434" VPOS="982" WIDTH="54" HEIGHT="21" WC="0.96" CONTENT="dock"/><SP WIDTH="21" VPOS="982" HPOS="488"/>
							<String ID="string_215" HPOS="509" VPOS="981" WIDTH="113" HEIGHT="28" WC="0.96" CONTENT="rätteligen"/><SP WIDTH="17" VPOS="981" HPOS="622"/>
							<String ID="string_216" HPOS="639" VPOS="982" WIDTH="32" HEIGHT="20" WC="0.96" CONTENT="att"/><SP WIDTH="18" VPOS="982" HPOS="671"/>
							<String ID="string_217" HPOS="689" VPOS="981" WIDTH="132" HEIGHT="22" WC="0.95" CONTENT="förekomma"/><SP WIDTH="21" VPOS="981" HPOS="821"/>
							<String ID="string_218" HPOS="842" VPOS="981" WIDTH="59" HEIGHT="22" WC="0.96" CONTENT="brott"/>
						</TextLine>
						<TextLine ID="line_26" HPOS="151" VPOS="1014" WIDTH="750" HEIGHT="29">
							<String ID="string_219" HPOS="151" VPOS="1016" WIDTH="47" HEIGHT="26" WC="0.95" CONTENT="och,"/><SP WIDTH="15" VPOS="1016" HPOS="198"/>
							<String ID="string_220" HPOS="213" VPOS="1016" WIDTH="38" HEIGHT="21" WC="0.96" CONTENT="der"/><SP WIDTH="15" VPOS="1016" HPOS="251"/>
							<String ID="string_221" HPOS="266" VPOS="1014" WIDTH="81" HEIGHT="23" WC="0.96" CONTENT="sådana"/><SP WIDTH="14" VPOS="1014" HPOS="347"/>
							<String ID="string_222" HPOS="361" VPOS="1015" WIDTH="69" HEIGHT="22" WC="0.93" CONTENT="blifvit"/><SP WIDTH="14" VPOS="1015" HPOS="430"/>
							<String ID="string_223" HPOS="444" VPOS="1016" WIDTH="116" HEIGHT="26" WC="0.90" CONTENT="föröfvade,"/><SP WIDTH="15" VPOS="1016" HPOS="560"/>
							<String ID="string_224" HPOS="575" VPOS="1015" WIDTH="69" HEIGHT="22" WC="0.93" CONTENT="beifra"/><SP WIDTH="12" VPOS="1015" HPOS="644"/>
							<String ID="string_225" HPOS="656" VPOS="1015" WIDTH="53" HEIGHT="26" WC="0.93" CONTENT="dem,"/><SP WIDTH="13" VPOS="1015" HPOS="709"/>
							<String ID="string_226" HPOS="722" VPOS="1016" WIDTH="122" HEIGHT="27" WC="0.90" CONTENT="efterspana"/><SP WIDTH="15" VPOS="1016" HPOS="844"/>
							<String ID="string_227" HPOS="859" VPOS="1016" WIDTH="42" HEIGHT="22" WC="0.96" CONTENT="den"/>
						</TextLine>
						<TextLine ID="line_27" HPOS="151" VPOS="1050" WIDTH="751" HEIGHT="28">
							<String ID="string_228" HPOS="151" VPOS="1050" WIDTH="112" HEIGHT="28" WC="0.92" CONTENT="brottslige"/><SP WIDTH="18" VPOS="1050" HPOS="263"/>
							<String ID="string_229" HPOS="281" VPOS="1052" WIDTH="56" HEIGHT="19" WC="0.96" CONTENT="samt"/><SP WIDTH="16" VPOS="1052" HPOS="337"/>
							<String ID="string_230" HPOS="353" VPOS="1050" WIDTH="98" HEIGHT="22" WC="0.96" CONTENT="utforska"/><SP WIDTH="17" VPOS="1050" HPOS="451"/>
							<String ID="string_231" HPOS="468" VPOS="1050" WIDTH="44" HEIGHT="22" WC="0.96" CONTENT="alla"/><SP WIDTH="14" VPOS="1050" HPOS="512"/>
							<String ID="string_232" HPOS="526" VPOS="1050" WIDTH="26" HEIGHT="22" WC="0.96" CONTENT="de"/><SP WIDTH="15" VPOS="1050" HPOS="552"/>
							<String ID="string_233" HPOS="567" VPOS="1050" WIDTH="186" HEIGHT="28" WC="0.96" CONTENT="omständigheter,"/><SP WIDTH="16" VPOS="1050" HPOS="753"/>
							<String ID="string_234" HPOS="769" VPOS="1057" WIDTH="46" HEIGHT="15" WC="0.96" CONTENT="som"/><SP WIDTH="14" VPOS="1057" HPOS="815"/>
							<String ID="string_235" HPOS="829" VPOS="1050" WIDTH="73" HEIGHT="22" WC="0.96" CONTENT="kunna"/>
						</TextLine>
						<TextLine ID="line_28" HPOS="151" VPOS="1083" WIDTH="750" HEIGHT="28">
							<String ID="string_236" HPOS="151" VPOS="1083" WIDTH="50" HEIGHT="23" WC="0.96" CONTENT="leda"/><SP WIDTH="14" VPOS="1083" HPOS="201"/>
							<String ID="string_237" HPOS="215" VPOS="1084" WIDTH="32" HEIGHT="21" WC="0.96" CONTENT="till"/><SP WIDTH="14" VPOS="1084" HPOS="247"/>
							<String ID="string_238" HPOS="261" VPOS="1084" WIDTH="91" HEIGHT="22" WC="0.96" CONTENT="brottets"/><SP WIDTH="15" VPOS="1084" HPOS="352"/>
							<String ID="string_239" HPOS="367" VPOS="1084" WIDTH="40" HEIGHT="21" WC="0.96" CONTENT="och"/><SP WIDTH="15" VPOS="1084" HPOS="407"/>
							<String ID="string_240" HPOS="422" VPOS="1084" WIDTH="41" HEIGHT="22" WC="0.93" CONTENT="den"/><SP WIDTH="13" VPOS="1084" HPOS="463"/>
							<String ID="string_241" HPOS="476" VPOS="1084" WIDTH="123" HEIGHT="27" WC="0.92" CONTENT="brottsliges"/><SP WIDTH="15" VPOS="1084" HPOS="599"/>
							<String ID="string_242" HPOS="614" VPOS="1084" WIDTH="150" HEIGHT="27" WC="0.91" CONTENT="upptäckande"/><SP WIDTH="15" VPOS="1084" HPOS="764"/>
							<String ID="string_243" HPOS="779" VPOS="1084" WIDTH="40" HEIGHT="22" WC="0.93" CONTENT="och"/><SP WIDTH="14" VPOS="1084" HPOS="819"/>
							<String ID="string_244" HPOS="833" VPOS="1084" WIDTH="68" HEIGHT="22" WC="0.90" CONTENT="öfver-"/>
						</TextLine>
						<TextLine ID="line_29" HPOS="152" VPOS="1117" WIDTH="750" HEIGHT="28">
							<String ID="string_245" HPOS="152" VPOS="1117" WIDTH="121" HEIGHT="26" WC="0.91" CONTENT="bevisande,"/><SP WIDTH="21" VPOS="1117" HPOS="273"/>
							<String ID="string_246" HPOS="294" VPOS="1125" WIDTH="50" HEIGHT="14" WC="0.96" CONTENT="men"/><SP WIDTH="17" VPOS="1125" HPOS="344"/>
							<String ID="string_247" HPOS="361" VPOS="1118" WIDTH="47" HEIGHT="21" WC="0.96" CONTENT="icke"/><SP WIDTH="18" VPOS="1118" HPOS="408"/>
							<String ID="string_248" HPOS="426" VPOS="1120" WIDTH="33" HEIGHT="19" WC="0.96" CONTENT="att"/><SP WIDTH="17" VPOS="1120" HPOS="459"/>
							<String ID="string_249" HPOS="476" VPOS="1118" WIDTH="50" HEIGHT="27" WC="0.96" CONTENT="sjelf"/><SP WIDTH="19" VPOS="1118" HPOS="526"/>
							<String ID="string_250" HPOS="545" VPOS="1118" WIDTH="90" HEIGHT="25" WC="0.96" CONTENT="dömma,"/><SP WIDTH="19" VPOS="1118" HPOS="635"/>
							<String ID="string_251" HPOS="654" VPOS="1117" WIDTH="79" HEIGHT="22" WC="0.93" CONTENT="hvilket"/><SP WIDTH="18" VPOS="1117" HPOS="733"/>
							<String ID="string_252" HPOS="751" VPOS="1118" WIDTH="91" HEIGHT="21" WC="0.92" CONTENT="allenast"/><SP WIDTH="17" VPOS="1118" HPOS="842"/>
							<String ID="string_253" HPOS="859" VPOS="1117" WIDTH="43" HEIGHT="22" WC="0.92" CONTENT="till-"/>
						</TextLine>
						<TextLine ID="line_30" HPOS="151" VPOS="1150" WIDTH="751" HEIGHT="29">
							<String ID="string_254" HPOS="151" VPOS="1152" WIDTH="96" HEIGHT="21" WC="0.96" CONTENT="kommer"/><SP WIDTH="15" VPOS="1152" HPOS="247"/>
							<String ID="string_255" HPOS="262" VPOS="1151" WIDTH="27" HEIGHT="22" WC="0.97" CONTENT="de"/><SP WIDTH="14" VPOS="1151" HPOS="289"/>
							<String ID="string_256" HPOS="303" VPOS="1152" WIDTH="107" HEIGHT="21" WC="0.93" CONTENT="allmänna"/><SP WIDTH="15" VPOS="1152" HPOS="410"/>
							<String ID="string_257" HPOS="425" VPOS="1151" WIDTH="148" HEIGHT="22" WC="0.91" CONTENT="domstolarne."/><SP WIDTH="29" VPOS="1151" HPOS="573"/>
							<String ID="string_258" HPOS="602" VPOS="1150" WIDTH="77" HEIGHT="29" WC="0.96" CONTENT="Någon"/><SP WIDTH="14" VPOS="1150" HPOS="679"/>
							<String ID="string_259" HPOS="693" VPOS="1153" WIDTH="70" HEIGHT="20" WC="0.93" CONTENT="större"/><SP WIDTH="15" VPOS="1153" HPOS="763"/>
							<String ID="string_260" HPOS="778" VPOS="1151" WIDTH="124" HEIGHT="28" WC="0.91" CONTENT="skyndsam-"/>
						</TextLine>
						<TextLine ID="line_31" HPOS="152" VPOS="1185" WIDTH="750" HEIGHT="28">
							<String ID="string_261" HPOS="152" VPOS="1186" WIDTH="37" HEIGHT="21" WC="0.96" CONTENT="het"/><SP WIDTH="17" VPOS="1186" HPOS="189"/>
							<String ID="string_262" HPOS="206" VPOS="1185" WIDTH="9" HEIGHT="22" WC="0.95" CONTENT="i"/><SP WIDTH="18" VPOS="1185" HPOS="215"/>
							<String ID="string_263" HPOS="233" VPOS="1185" WIDTH="40" HEIGHT="22" WC="0.93" CONTENT="den"/><SP WIDTH="16" VPOS="1185" HPOS="273"/>
							<String ID="string_264" HPOS="289" VPOS="1186" WIDTH="123" HEIGHT="27" WC="0.91" CONTENT="brottsliges"/><SP WIDTH="18" VPOS="1186" HPOS="412"/>
							<String ID="string_265" HPOS="430" VPOS="1185" WIDTH="144" HEIGHT="22" WC="0.92" CONTENT="befordrande"/><SP WIDTH="17" VPOS="1185" HPOS="574"/>
							<String ID="string_266" HPOS="591" VPOS="1185" WIDTH="33" HEIGHT="22" WC="0.96" CONTENT="till"/><SP WIDTH="18" VPOS="1185" HPOS="624"/>
							<String ID="string_267" HPOS="642" VPOS="1193" WIDTH="77" HEIGHT="14" WC="0.96" CONTENT="ansvar"/><SP WIDTH="18" VPOS="1193" HPOS="719"/>
							<String ID="string_268" HPOS="737" VPOS="1186" WIDTH="49" HEIGHT="25" WC="0.96" CONTENT="kan,"/><SP WIDTH="15" VPOS="1186" HPOS="786"/>
							<String ID="string_269" HPOS="801" VPOS="1185" WIDTH="29" HEIGHT="27" WC="0.96" CONTENT="på"/><SP WIDTH="14" VPOS="1185" HPOS="830"/>
							<String ID="string_270" HPOS="844" VPOS="1188" WIDTH="58" HEIGHT="19" WC="0.96" CONTENT="orter"/>
						</TextLine>
						<TextLine ID="line_32" HPOS="153" VPOS="1218" WIDTH="749" HEIGHT="28">
							<String ID="string_271" HPOS="153" VPOS="1220" WIDTH="38" HEIGHT="21" WC="0.96" CONTENT="der"/><SP WIDTH="14" VPOS="1220" HPOS="191"/>
							<String ID="string_272" HPOS="205" VPOS="1219" WIDTH="99" HEIGHT="27" WC="0.96" CONTENT="ständiga"/><SP WIDTH="15" VPOS="1219" HPOS="304"/>
							<String ID="string_273" HPOS="319" VPOS="1219" WIDTH="116" HEIGHT="21" WC="0.96" CONTENT="domstolar"/><SP WIDTH="13" VPOS="1219" HPOS="435"/>
							<String ID="string_274" HPOS="448" VPOS="1219" WIDTH="76" HEIGHT="26" WC="0.96" CONTENT="finnas,"/><SP WIDTH="12" VPOS="1219" HPOS="524"/>
							<String ID="string_275" HPOS="536" VPOS="1225" WIDTH="75" HEIGHT="21" WC="0.96" CONTENT="genom"/><SP WIDTH="13" VPOS="1225" HPOS="611"/>
							<String ID="string_276" HPOS="624" VPOS="1218" WIDTH="40" HEIGHT="21" WC="0.91" CONTENT="den"/><SP WIDTH="10" VPOS="1218" HPOS="664"/>
							<String ID="string_277" HPOS="674" VPOS="1219" WIDTH="171" HEIGHT="27" WC="0.91" CONTENT="poliskamrarne"/><SP WIDTH="14" VPOS="1219" HPOS="845"/>
							<String ID="string_278" HPOS="859" VPOS="1219" WIDTH="43" HEIGHT="21" WC="0.90" CONTENT="till-"/>
						</TextLine>
						<TextLine ID="line_33" HPOS="153" VPOS="1251" WIDTH="750" HEIGHT="29">
							<String ID="string_279" HPOS="153" VPOS="1253" WIDTH="95" HEIGHT="22" WC="0.96" CONTENT="erkända"/><SP WIDTH="18" VPOS="1253" HPOS="248"/>
							<String ID="string_280" HPOS="266" VPOS="1252" WIDTH="104" HEIGHT="22" WC="0.96" CONTENT="domsrätt"/><SP WIDTH="17" VPOS="1252" HPOS="370"/>
							<String ID="string_281" HPOS="387" VPOS="1253" WIDTH="51" HEIGHT="27" WC="0.96" CONTENT="föga"/><SP WIDTH="17" VPOS="1253" HPOS="438"/>
							<String ID="string_282" HPOS="455" VPOS="1252" WIDTH="157" HEIGHT="22" WC="0.96" CONTENT="åstadkommas"/><SP WIDTH="19" VPOS="1252" HPOS="612"/>
							<String ID="string_283" HPOS="631" VPOS="1253" WIDTH="40" HEIGHT="21" WC="0.96" CONTENT="och"/><SP WIDTH="18" VPOS="1253" HPOS="671"/>
							<String ID="string_284" HPOS="689" VPOS="1253" WIDTH="25" HEIGHT="21" WC="0.96" CONTENT="är"/><SP WIDTH="17" VPOS="1253" HPOS="714"/>
							<String ID="string_285" HPOS="731" VPOS="1253" WIDTH="9" HEIGHT="20" WC="0.96" CONTENT="i"/><SP WIDTH="17" VPOS="1253" HPOS="740"/>
							<String ID="string_286" HPOS="757" VPOS="1252" WIDTH="54" HEIGHT="22" WC="0.96" CONTENT="intet"/><SP WIDTH="14" VPOS="1252" HPOS="811"/>
							<String ID="string_287" HPOS="825" VPOS="1253" WIDTH="38" HEIGHT="21" WC="0.96" CONTENT="fall"/><SP WIDTH="15" VPOS="1253" HPOS="863"/>
							<String ID="string_288" HPOS="878" VPOS="1251" WIDTH="25" HEIGHT="24" WC="0.96" CONTENT="så"/>
						</TextLine>
						<TextLine ID="line_34" HPOS="152" VPOS="1286" WIDTH="750" HEIGHT="29">
							<String ID="string_289" HPOS="152" VPOS="1286" WIDTH="194" HEIGHT="29" WC="0.89" CONTENT="maktpäliggande,"/><SP WIDTH="19" VPOS="1286" HPOS="346"/>
							<String ID="string_290" HPOS="365" VPOS="1289" WIDTH="31" HEIGHT="20" WC="0.97" CONTENT="att"/><SP WIDTH="18" VPOS="1289" HPOS="396"/>
							<String ID="string_291" HPOS="414" VPOS="1287" WIDTH="68" HEIGHT="22" WC="0.93" CONTENT="andra"/><SP WIDTH="18" VPOS="1287" HPOS="482"/>
							<String ID="string_292" HPOS="500" VPOS="1287" WIDTH="129" HEIGHT="28" WC="0.92" CONTENT="ojemförligt"/><SP WIDTH="18" VPOS="1287" HPOS="629"/>
							<String ID="string_293" HPOS="647" VPOS="1287" WIDTH="104" HEIGHT="28" WC="0.92" CONTENT="vigtigare"/><SP WIDTH="17" VPOS="1287" HPOS="751"/>
							<String ID="string_294" HPOS="768" VPOS="1287" WIDTH="134" HEIGHT="22" WC="0.92" CONTENT="samhällsin-"/>
						</TextLine>
						<TextLine ID="line_35" HPOS="153" VPOS="1321" WIDTH="749" HEIGHT="28">
							<String ID="string_295" HPOS="153" VPOS="1324" WIDTH="82" HEIGHT="20" WC="0.93" CONTENT="tressen"/><SP WIDTH="15" VPOS="1324" HPOS="235"/>
							<String ID="string_296" HPOS="250" VPOS="1321" WIDTH="72" HEIGHT="23" WC="0.93" CONTENT="derför"/><SP WIDTH="14" VPOS="1321" HPOS="322"/>
							<String ID="string_297" HPOS="336" VPOS="1322" WIDTH="53" HEIGHT="22" WC="0.92" CONTENT="böra"/><SP WIDTH="14" VPOS="1322" HPOS="389"/>
							<String ID="string_298" HPOS="403" VPOS="1321" WIDTH="117" HEIGHT="28" WC="0.91" CONTENT="uppoffras."/><SP WIDTH="30" VPOS="1321" HPOS="520"/>
							<String ID="string_299" HPOS="550" VPOS="1321" WIDTH="26" HEIGHT="28" WC="0.95" CONTENT="Ej"/><SP WIDTH="19" VPOS="1321" HPOS="576"/>
							<String ID="string_300" HPOS="595" VPOS="1321" WIDTH="67" HEIGHT="22" WC="0.96" CONTENT="heller"/><SP WIDTH="18" VPOS="1321" HPOS="662"/>
							<String ID="string_301" HPOS="680" VPOS="1323" WIDTH="25" HEIGHT="20" WC="0.93" CONTENT="är"/><SP WIDTH="17" VPOS="1323" HPOS="705"/>
							<String ID="string_302" HPOS="722" VPOS="1321" WIDTH="180" HEIGHT="28" WC="0.92" CONTENT="poliskamrarnes"/>
						</TextLine>
						<TextLine ID="line_36" HPOS="154" VPOS="1355" WIDTH="748" HEIGHT="30">
							<String ID="string_303" HPOS="154" VPOS="1356" WIDTH="197" HEIGHT="29" WC="0.91" CONTENT="sammansättning,"/><SP WIDTH="16" VPOS="1356" HPOS="351"/>
							<String ID="string_304" HPOS="367" VPOS="1357" WIDTH="7" HEIGHT="21" WC="0.96" CONTENT="i"/><SP WIDTH="15" VPOS="1357" HPOS="374"/>
							<String ID="string_305" HPOS="389" VPOS="1356" WIDTH="39" HEIGHT="22" WC="0.96" CONTENT="och"/><SP WIDTH="15" VPOS="1356" HPOS="428"/>
							<String ID="string_306" HPOS="443" VPOS="1356" WIDTH="35" HEIGHT="22" WC="0.93" CONTENT="för"/><SP WIDTH="14" VPOS="1356" HPOS="478"/>
							<String ID="string_307" HPOS="492" VPOS="1356" WIDTH="114" HEIGHT="22" WC="0.92" CONTENT="utöfvande"/><SP WIDTH="18" VPOS="1356" HPOS="606"/>
							<String ID="string_308" HPOS="624" VPOS="1355" WIDTH="23" HEIGHT="23" WC="0.93" CONTENT="af"/><SP WIDTH="18" VPOS="1355" HPOS="647"/>
							<String ID="string_309" HPOS="665" VPOS="1356" WIDTH="152" HEIGHT="27" WC="0.91" CONTENT="domaremakt,"/><SP WIDTH="16" VPOS="1356" HPOS="817"/>
							<String ID="string_310" HPOS="833" VPOS="1357" WIDTH="69" HEIGHT="28" WC="0.92" CONTENT="egnad"/>
						</TextLine>
						<TextLine ID="line_37" HPOS="153" VPOS="1390" WIDTH="749" HEIGHT="30">
							<String ID="string_311" HPOS="153" VPOS="1393" WIDTH="33" HEIGHT="20" WC="0.93" CONTENT="att"/><SP WIDTH="14" VPOS="1393" HPOS="186"/>
							<String ID="string_312" HPOS="200" VPOS="1391" WIDTH="79" HEIGHT="29" WC="0.91" CONTENT="ingifva"/><SP WIDTH="14" VPOS="1391" HPOS="279"/>
							<String ID="string_313" HPOS="293" VPOS="1390" WIDTH="66" HEIGHT="29" WC="0.93" CONTENT="nägot"/><SP WIDTH="14" VPOS="1390" HPOS="359"/>
							<String ID="string_314" HPOS="373" VPOS="1390" WIDTH="128" HEIGHT="23" WC="0.92" CONTENT="förtroende."/><SP WIDTH="29" VPOS="1390" HPOS="501"/>
							<String ID="string_315" HPOS="530" VPOS="1390" WIDTH="11" HEIGHT="23" WC="0.93" CONTENT="I"/><SP WIDTH="14" VPOS="1390" HPOS="541"/>
							<String ID="string_316" HPOS="555" VPOS="1392" WIDTH="76" HEIGHT="21" WC="0.92" CONTENT="tvenne"/><SP WIDTH="15" VPOS="1392" HPOS="631"/>
							<String ID="string_317" HPOS="646" VPOS="1391" WIDTH="24" HEIGHT="22" WC="0.93" CONTENT="af"/><SP WIDTH="11" VPOS="1391" HPOS="670"/>
							<String ID="string_318" HPOS="681" VPOS="1391" WIDTH="92" HEIGHT="22" WC="0.92" CONTENT="berörde"/><SP WIDTH="14" VPOS="1391" HPOS="773"/>
							<String ID="string_319" HPOS="787" VPOS="1391" WIDTH="115" HEIGHT="28" WC="0.91" CONTENT="poliskam-"/>
						</TextLine>
						<TextLine ID="line_38" HPOS="154" VPOS="1425" WIDTH="748" HEIGHT="29">
							<String ID="string_320" HPOS="154" VPOS="1434" WIDTH="37" HEIGHT="14" WC="0.90" CONTENT="rar"/><SP WIDTH="18" VPOS="1434" HPOS="191"/>
							<String ID="string_321" HPOS="209" VPOS="1427" WIDTH="107" HEIGHT="22" WC="0.90" CONTENT="erfordras"/><SP WIDTH="17" VPOS="1427" HPOS="316"/>
							<String ID="string_322" HPOS="333" VPOS="1426" WIDTH="47" HEIGHT="21" WC="0.93" CONTENT="icke"/><SP WIDTH="17" VPOS="1426" HPOS="380"/>
							<String ID="string_323" HPOS="397" VPOS="1427" WIDTH="33" HEIGHT="20" WC="0.93" CONTENT="att"/><SP WIDTH="18" VPOS="1427" HPOS="430"/>
							<String ID="string_324" HPOS="448" VPOS="1425" WIDTH="142" HEIGHT="22" WC="0.92" CONTENT="ordföranden"/><SP WIDTH="18" VPOS="1425" HPOS="590"/>
							<String ID="string_325" HPOS="608" VPOS="1425" WIDTH="55" HEIGHT="22" WC="0.97" CONTENT="skall"/><SP WIDTH="14" VPOS="1425" HPOS="663"/>
							<String ID="string_326" HPOS="677" VPOS="1433" WIDTH="52" HEIGHT="14" WC="0.93" CONTENT="vara"/><SP WIDTH="14" VPOS="1433" HPOS="729"/>
							<String ID="string_327" HPOS="743" VPOS="1426" WIDTH="103" HEIGHT="28" WC="0.93" CONTENT="lagfaren,"/><SP WIDTH="16" VPOS="1426" HPOS="846"/>
							<String ID="string_328" HPOS="862" VPOS="1427" WIDTH="40" HEIGHT="21" WC="0.96" CONTENT="och"/>
						</TextLine>
					</TextBlock>
				</ComposedBlock>
				<GraphicalElement ID="cblock_2" HPOS="1006" VPOS="21" WIDTH="11" HEIGHT="521"></GraphicalElement >
			</PrintSpace>
		</Page>
	</Layout>
</alto>
