1048 1667
349 102 72 24 Nådiga
432 104 137 22 Propositionen
581 104 34 17 N:o
629 106 27 15 16:
821 107 33 16 809

124 165 154 28 uppbördssätt
291 166 35 22 för
339 166 164 28 ifrågavarande
518 169 69 25 ränta,
599 175 48 15 men
663 168 35 22 det
712 176 56 14 vann
783 169 19 27 ej
818 170 57 20 stad-

122 197 94 25 fästelse.
242 200 82 22 Genom
338 200 84 29 Nådiga
436 202 123 22 Manifestet
573 202 24 22 af
609 202 41 22 den
666 204 12 20 9
693 203 63 27 April
772 204 54 20 1840
837 202 38 29 på-

122 230 63 32 bjöds
200 234 66 22 sedan
280 242 29 14 en
324 236 182 27 genomgripande
522 236 86 26 reform,
627 237 146 21 innefattande
792 240 32 18 att
841 238 34 21 för

120 268 207 27 jordeboksräntans
334 264 10 38 -
343 269 137 22 beräknande
499 272 31 19 ett
551 271 89 21 allmänt
662 271 107 26 skattetal,
791 272 83 26 rubeln,

122 304 57 19 samt
196 309 27 14 en
241 303 55 21 enda
313 303 249 28 persedleundervisning
580 304 68 21 skulle
669 304 34 22 för
724 305 50 21 hela
794 305 80 26 landet,

122 336 50 21 med
189 336 110 28 undantag
317 336 25 22 af
353 337 101 27 Wiborgs
471 338 36 21 län
525 338 41 21 och
584 338 14 21 f.
618 338 19 21 d.
657 338 83 22 Torneä
761 339 69 21 härad
852 339 24 21 af

122 369 120 29 Uleäborgs
260 370 37 22 län
314 366 88 31 införas,
421 372 40 21 och
479 372 7 21 i
504 371 80 29 nädiga
601 372 141 28 kungörelsen
760 373 25 21 af
802 373 40 21 den
861 374 12 20 5

122 404 59 22 Mars
198 406 52 20 1841
267 405 120 21 bestämdes
403 408 32 19 att
450 413 26 14 en
490 406 131 22 rubelsskatt
639 406 68 22 skulle
720 408 88 26 utgöras
824 407 24 22 af
861 409 12 19 3

122 439 84 27 kappar
227 438 104 28 spanmäl,
352 441 9 19 1
381 440 71 27 kappe
474 440 69 27 hafra,
562 442 12 20 3
594 440 106 28 skålpund
722 442 58 20 smör
802 442 40 21 och
861 444 13 19 2

122 472 106 28 skålpund
241 474 52 28 talg,
309 476 56 20 samt
379 474 103 22 kontanta
496 476 120 27 penningar
630 475 33 21 till
678 475 96 28 följande
789 476 85 28 belopp,

121 508 106 28 nemligen
243 510 26 19 10
284 508 70 32 kopek
367 508 8 22 i
389 509 111 28 Nylands-,
518 511 11 20 5
549 510 69 27 kopek
635 510 8 21 i
658 504 63 32 Åbo-,
739 511 25 20 15
782 510 70 28 kopek
866 510 8 22 i

122 542 145 26 Tavastehus-,
284 544 27 20 20
329 543 69 27 kopek
416 544 8 20 i
443 544 32 21 S:t
492 544 105 26 Michels-,
613 546 28 19 24
659 544 69 28 kopek
746 545 8 20 i
772 545 101 27 Kuopio-,

123 578 26 20 17
168 577 69 27 kopek
254 577 8 21 i
280 577 75 22 Wasa-
373 578 40 21 och
432 580 26 19 22
477 578 70 28 kopek
564 579 7 21 i
589 578 119 28 Uleåborgs
726 578 43 22 län.
798 579 76 22 Denna

120 611 235 29 persedelomsättning,
370 612 138 28 hvarigenom
523 612 122 22 åstadkoms
662 613 97 21 enkelhet
770 614 39 20 och
821 613 53 21 reda

121 646 8 21 i
143 646 83 21 landets
240 646 154 26 kammarverk,
410 647 135 27 tillämpades
563 646 48 22 från
627 648 40 21 och
682 648 48 20 med
744 648 129 27 uppbörden

121 680 26 22 af
160 682 53 19 1849
230 680 35 22 års
277 680 186 28 jordeboksränta.
493 682 74 21 Under
586 681 26 22 de
630 682 69 21 första
713 681 52 22 åren
780 682 93 22 derefter

120 715 111 21 medförde
249 715 157 28 omsättningen
424 716 46 21 icke
488 715 71 29 någon
581 716 107 28 synnerlig
709 716 123 28 förhöjning
850 716 25 22 af

120 749 67 28 sagde
201 750 70 25 ränta,
287 749 89 21 emedan
393 749 215 29 markegängsprisen
627 749 28 22 dä
674 752 57 19 ännu
746 750 104 22 förblefvo
864 750 8 21 i

120 784 37 22 det
177 785 109 21 närmaste
308 784 148 22 oförändrade.
494 784 125 22 Sedermera
641 785 40 21 har
703 785 55 21 dock
779 785 93 21 nämnda

119 820 74 20 räntas
211 819 172 28 penningevärde
401 819 112 22 efterhand
531 820 91 28 förhöjts
641 818 24 22 så
680 820 105 28 betydligt
799 821 32 20 att
846 827 26 14 en

116 854 180 27 jordeboksrubel
311 854 85 27 jemlikt
415 855 54 20 1862
488 853 35 23 års
545 854 200 28 medelmarkegång
762 854 109 28 utgjorde:

119 888 8 21 i
142 888 95 28 Nylands
252 888 36 21 län
305 890 10 19 1
331 888 47 21 rub.
394 889 54 27 41!/3
463 888 56 28 kop.,
534 889 8 21 i
556 882 47 28 Åbo
619 889 40 21 och
676 889 144 27 Björneborgs
835 889 36 21 län

121 924 10 20 1
148 922 47 22 rub.
212 923 62 27 377/10
285 923 56 27 kop.,
357 923 7 21 i
379 923 129 21 Tavastehus
523 923 37 21 län
572 925 9 19 1
595 923 47 21 rub.
658 923 73 28 40!3/20
745 924 57 26 kop.,
817 924 8 20 i
840 923 32 22 S:t

119 957 90 21 Michels
227 957 35 21 län
279 959 10 19 1
306 957 47 21 rub.
373 958 53 26 39!/5
444 957 56 27 kop.,
523 958 3 20 i
544 958 85 26 Kuopio
648 958 36 20 län
704 959 9 19 1
730 958 47 21 rub.
797 958 73 27 43M/5

119 992 57 26 kop.,
195 991 4 21 i
213 991 66 21 Wasa
296 991 37 21 län
349 993 9 19 1
375 991 47 21 rub.
438 992 63 27 383/10
519 992 49 27 kop.
584 992 40 21 och
642 992 8 20 i
668 991 120 29 Uleåborgs
806 992 36 21 län
858 993 10 19 1

119 1026 48 21 rub.
183 1026 63 27 4175
261 1026 56 27 kop.,
333 1027 55 20 samt
403 1024 25 23 är
444 1028 53 19 1863
517 1028 57 20 ännu
592 1026 66 28 något
673 1026 127 22 derutöfver.
831 1026 39 21 Or-

120 1060 65 21 saken
201 1060 31 21 till
247 1067 26 14 en
288 1059 24 22 sä
326 1060 95 28 betydlig
435 1060 122 28 förhöjning
569 1060 24 22 af
599 1060 205 28 jordeboksräntans
818 1068 52 20 pen-

119 1094 129 28 ningevärde
266 1102 50 14 vore
335 1096 32 20 att
385 1094 52 22 söka
456 1094 18 28 ej
493 1095 55 21 blott
565 1095 8 21 i
587 1095 157 22 varuvärdenas
762 1095 108 21 allmänna

119 1129 95 27 stegring
232 1130 39 20 och
291 1129 62 21 deraf
368 1129 132 21 härrörande
522 1130 67 26 högre
606 1128 193 28 markegängspris,
817 1131 53 19 utan

120 1163 40 21 ock
175 1162 45 22 deri
235 1164 32 20 att
282 1163 41 21 den
337 1170 42 20 nya
396 1163 179 27 undervisningen
592 1164 7 20 i
618 1164 68 20 större
701 1163 125 27 proportion
842 1164 27 20 än

120 1198 27 20 de
162 1197 70 27 gamla
246 1197 204 27 undervisningarne
465 1199 106 26 upptager
582 1197 116 27 persedlar,
710 1197 72 21 hvilka
792 1197 77 21 under-

119 1231 47 28 gätt
181 1238 26 14 en
222 1231 153 27 jemförelsevis
390 1231 49 21 vida
456 1232 66 26 högre
541 1232 94 26 stegring
653 1233 28 19 än
698 1231 93 21 flertalet
809 1231 63 21 deraf

118 1266 8 20 i
141 1266 142 21 nästnämnda
296 1266 182 27 undervisningar.

188 1299 99 21 Komitön
304 1300 41 19 har
363 1301 69 18 ansett
451 1306 25 13 en
498 1306 111 20 noggrann
631 1299 114 27 utredning
766 1299 25 20 af
810 1306 58 14 orsa-

118 1332 67 21 kerna
203 1332 32 20 till
253 1332 141 21 omförmälda
410 1332 97 27 stegring
520 1339 53 14 vara
587 1332 34 21 för
635 1331 87 28 frägans
736 1332 132 21 bedömande

119 1366 138 28 ovilkorligen
272 1366 120 28 nödvändig
402 1366 45 22 och
462 1366 7 20 i
484 1366 77 22 sädant
579 1366 99 22 afscende
692 1366 111 21 verkställt
814 1366 54 28 jem-

118 1400 78 22 förelse
208 1400 89 22 emellan
306 1401 205 28 jordeboksräntans
521 1400 78 28 belopp
611 1400 59 22 säväl
681 1400 53 22 efter
746 1400 40 22 den
798 1401 70 27 gamla

118 1442 47 15 som
180 1436 26 21 de
221 1435 98 29 gällande
337 1436 210 28 undervisningarne,
565 1436 117 21 uträknadt
700 1435 54 22 efter
772 1437 31 21 ett
816 1436 52 22 visst
