1025 1661
341 112 73 24 Nådiga
425 114 137 21 Propositionen
573 113 35 17 N:o
620 114 28 16 21.
802 114 43 16 1011

425 176 205 27 Utsökningsbalken.

471 230 24 18 3
512 230 72 22 kap.

244 265 14 22 5
272 267 13 27 $
300 266 57 22 skall
371 267 85 22 erhälla
464 268 102 28 följande
582 267 89 28 lydelse:

246 300 134 22 Underrätts
402 301 49 21 dom
472 302 11 20 i
505 301 137 29 sjörättssak,
666 301 25 22 sä
709 301 38 21 ock
765 300 104 30 Hofrätts

186 335 52 22 dom
255 336 53 21 eller
325 336 72 28 utslag
416 336 9 20 i
443 336 25 21 de
486 336 50 27 mål,
552 343 44 14 som
610 336 10 20 i
634 335 12 20 1
660 336 12 28 $
688 333 33 23 30
735 335 49 29 kap.
800 335 27 21 R.
841 335 28 21 B.

188 370 97 26 nämnas,
303 370 70 28 gänge
393 369 89 30 oaktadt
500 371 51 28 laga
573 370 61 28 kraft
655 370 48 21 dem
721 371 20 28 ej
760 370 109 26 äkommit,

188 403 39 22 och
244 404 94 29 såframt
356 404 211 29 ändringssökandet
588 405 124 27 derigenom
734 405 21 28 ej
777 405 94 28 onyttigt

187 438 86 29 blifver,
288 439 10 20 i
312 437 171 30 verkställighet,
499 446 33 14 om
546 439 47 26 den,
606 446 45 14 som
660 439 83 26 vunnit,
756 439 35 21 det
802 438 68 22 äskar

188 472 40 21 och
241 473 77 21 ställer
333 472 80 29 borgen
421 473 42 28 för
479 473 55 22 hvad
549 473 77 21 honom
641 473 110 21 tilldömdt
767 474 34 20 är.

245 505 40 22 Om
299 507 165 29 verkställighet
479 508 25 28 af
518 506 134 23 Underrätts
666 507 50 22 dom
733 508 10 20 i
759 507 110 26 vexelmål,

187 547 46 15 som
246 541 128 29 motvädjad
389 541 79 29 blifvit,
483 543 28 19 är
525 541 107 21 särskildt
646 541 109 29 stadgadt.

248 573 15 23 6
277 576 13 28 $
304 575 85 29 upphör
405 578 34 19 att
452 583 55 14 vara
520 576 109 29 gällande.

457 656 145 22 Jordabalken.

466 708 39 16 14
520 708 74 21 kap.

247 744 20 29 (I
282 745 93 27 enlighet
389 745 49 21 med
452 745 175 27 propositionen.)

246 780 13 19 5
267 786 63 14 mom.
340 778 143 29 (likalydande
493 779 48 22 med
552 779 169 28 propositionen)
729 779 49 21 med
785 778 85 29 tillägg:

246 812 46 22 Och
306 813 57 21 skall
376 820 35 13 om
426 815 82 24 tvister,
523 813 109 28 angående
647 813 100 29 klyfning
759 813 26 27 af
793 813 78 21 skatte-

190 846 130 29 lägenheter,
338 847 63 29 gälla
419 846 56 22 hvad
497 854 33 14 om
548 847 144 29 rättegången
709 848 11 20 i
737 847 108 21 tvistemål
862 847 10 20 i

190 881 118 21 allmänhet
324 882 27 20 är
365 881 108 29 stadgadt.

247 916 12 20 6
278 922 63 14 mom.
372 915 39 30 (Af
427 916 111 21 enahanda
556 915 79 30 lydelse
652 915 49 22 med
723 915 148 22 motsvarande

191 952 94 19 moment
298 950 8 20 i
321 950 176 28 propositionen.)

250 982 13 23 7
277 991 62 14 mom.
367 982 67 23 Hvad
453 984 147 30 härförinnan
619 991 34 14 om
671 984 201 21 häradsnämndens

191 1019 62 21 antal
268 1018 38 22 och
321 1018 122 29 antagande
462 1020 27 20 är
507 1018 102 29 stadgadt
628 1018 38 21 och
679 1018 34 29 pä
731 1018 74 29 hvarje
824 1019 48 21 sär-

191 1052 67 23 skildt
277 1053 99 22 landsort
393 1053 129 29 vedertaget,
544 1053 56 22 skall
622 1052 122 23 tillsvidare
760 1052 113 30 förblifva

190 1088 110 28 gällande.

192 1169 74 23 Under
280 1170 153 27 förutsättning
451 1171 24 20 af
491 1170 130 22 Ständernas
634 1169 62 22 bifall
710 1169 33 22 till
756 1170 116 28 Lagmans-

124 1205 105 22 rätternes
244 1204 134 28 indragning,
393 1205 41 21 har
447 1204 60 23 Hans
521 1205 120 28 Kejserliga
654 1203 102 29 Majestät
770 1204 56 22 velat
840 1204 31 21 in-

124 1239 74 22 hemta
216 1239 131 22 Ständernas
364 1239 99 28 yttrande
481 1246 35 15 om
533 1238 291 29 lagmanstingsgästningens
838 1239 34 20 ut-

124 1273 95 28 görande
234 1273 40 22 och
288 1273 101 22 framtida
403 1273 145 26 användande,
560 1273 67 27 jemte
642 1273 36 21 det
691 1273 60 22 Hans
765 1273 107 27 Majestät,

124 1307 49 20 med
191 1306 115 27 anledning
324 1306 24 21 af
364 1306 127 28 stadgandet
505 1307 7 20 i
528 1307 26 20 15
569 1307 11 26 &
596 1306 24 21 af
634 1307 53 20 1772
703 1305 36 22 års
753 1307 119 26 regerings-

124 1340 56 21 form
195 1340 40 21 och
249 1339 29 28 pä
292 1341 53 25 skäl,
360 1340 65 21 bland
440 1342 71 24 annat,
526 1341 33 20 att
573 1339 222 21 öfverenskommelser
810 1339 63 22 emel-

124 1374 38 21 lan
178 1374 221 27 häradshöfdingarne
417 1375 40 20 och
475 1374 106 21 nämnden
598 1372 110 29 angäende
722 1373 151 28 tingsgästnin-

126 1415 52 22 gens
192 1408 120 28 fördelning
328 1409 47 21 dem
390 1408 90 22 emellan
494 1408 113 22 framdeles
621 1409 47 21 icke
681 1408 68 22 borde
764 1415 39 21 ega
817 1415 55 19 rum,

126 1445 53 20 utan
193 1442 106 23 nämnden
309 1441 23 23 fä
342 1442 150 29 tillgodonjuta
506 1442 56 23 hvad
576 1442 49 22 dem
638 1443 94 28 lagligen
745 1443 129 22 tillkommer

784 1484 22 17 64
