1023 1659
200 144 33 17 854
397 142 72 23 Nädiga
480 142 138 22 Propositionen
631 142 33 16 N:o
680 142 24 16 18.

175 205 121 23 inlösandet
314 205 24 22 af
354 205 166 27 donationsgods
541 204 4 21 i
559 204 101 27 Wiborgs
678 204 40 21 och
737 202 32 22 S:t
786 202 90 22 Michels
890 202 36 22 län

176 240 66 28 enligt
256 239 82 22 sädana
353 239 74 28 billiga
442 238 223 22 öfverenskommelser
676 237 90 22 emellan
777 236 149 22 donatarierne

176 275 41 21 och
232 274 227 26 donationsbönderne,
475 280 46 15 som
535 272 67 22 under
620 272 59 22 tiden
696 272 71 21 kunde
782 271 24 22 af
818 271 109 28 Styrelsen

176 310 116 26 uppgöras.

244 342 60 21 Hans
325 341 120 27 Kejserliga
465 341 102 27 Majestät
587 341 46 25 har,
652 340 66 21 sedan
736 340 54 21 Dess
809 340 66 21 Senat
892 339 35 21 för

175 375 91 22 Finland
280 376 70 21 blifvit
364 376 8 20 i
386 375 88 21 ärendet
488 375 61 25 hörd,
564 375 54 27 tagit
634 374 131 21 Ständernas
779 373 148 28 underdäniga

176 409 157 28 framställning
351 409 7 21 i
376 408 81 28 Nädigt
474 409 160 28 öfvervägande,
652 416 50 14 men
722 408 47 21 icke
787 408 70 20 funnit
875 408 52 27 godt

176 444 123 21 densamma
320 443 80 26 bifalla,
423 445 52 19 enär
497 442 203 28 donationsgodsens
720 442 115 28 jordnatur
856 442 41 21 och
919 442 8 20 i

175 477 54 28 följd
244 477 62 22 deraf
315 477 80 28 jemväl
410 478 159 21 donatariernes
584 477 40 21 och
640 476 232 22 donationsböndernes
883 477 45 20 öm-

175 512 93 27 sesidiga
282 513 45 20 rätt
341 511 109 22 allaredan
464 510 68 23 finnes
546 511 97 22 bestämd
658 518 75 21 genom
744 510 85 28 Nädiga
843 510 84 22 förord-

175 546 79 27 ningen
268 546 25 21 af
306 546 41 20 den
362 547 26 19 25
403 546 121 21 November
541 547 59 24 1826,
619 546 63 21 hvars
702 544 133 28 stadganden
847 544 80 28 jemväl

176 580 39 21 allt
229 580 67 21 sedan
310 578 25 23 är
351 581 53 20 1837
419 580 58 28 legat
495 580 32 21 till
546 579 69 29 grund
633 579 34 22 för
686 579 155 21 domstolarnes
855 578 72 28 utslag

176 614 40 22 och
234 614 70 28 öfriga
322 614 157 28 myndigheters
499 613 100 28 ätgärder
616 614 92 21 rörande
730 612 197 29 egendomsförhäl-

175 648 93 22 landena
282 648 13 21 å
311 648 192 28 donationsgodsen
519 649 40 21 och
575 648 65 27 enligt
654 648 85 21 hvilken
750 648 44 21 alla
804 647 74 28 frågor
892 648 35 20 rö-

175 682 67 22 rande
258 682 62 22 dessa
334 682 181 28 omständigheter
530 682 81 22 säledes
626 682 62 22 äfven
698 682 34 22 för
743 682 115 22 framtiden
873 682 55 21 böra

174 716 131 22 bedömmas.
334 717 62 21 Dock
414 724 45 14 som
479 716 232 22 donationsböndernes
729 717 123 21 nuvarande
868 716 58 22 ställ-

174 752 52 26 ning
244 752 100 27 högligen
362 750 97 29 päkallar
480 750 56 23 bäde
557 752 117 27 Regerings
697 752 40 21 och
759 751 102 22 Ständers
883 750 44 22 för-

175 785 94 28 medling
286 786 8 20 i
312 784 100 23 ändamål
431 788 31 18 att
480 785 22 21 ät
518 786 46 21 dem
579 784 104 22 förskaffa
698 785 126 28 eganderätt
838 785 33 21 till
886 785 41 22 den

173 819 51 28 jord
239 820 26 21 de
279 819 102 26 bebruka,
401 820 40 21 har
459 820 59 21 Hans
537 820 120 27 Kejserliga
674 819 106 29 Majestät,
796 827 46 15 som
857 822 70 19 ansett

176 854 41 22 den
239 854 55 22 enda
316 854 79 28 lagliga
413 856 92 26 utvägen
523 854 73 22 härtill
615 861 52 14 vara
685 856 32 19 att
736 854 22 21 ät
778 854 150 22 donatarierne

176 888 40 22 och
238 888 160 22 landbönderne
416 888 139 22 öfverlemnas
574 890 32 19 att
624 888 79 22 afsluta
721 888 81 22 sädana
820 888 107 22 öfverens-

174 922 133 26 kommelser,
330 930 45 14 som
397 922 111 28 angäende
530 922 204 28 donationsgodsens
758 923 40 21 och
821 922 106 22 derunder

174 956 93 28 lydande
281 957 110 21 hemmans
406 956 110 22 inlösande
531 956 111 22 efterhand
657 956 73 22 kunna
740 957 8 20 i
760 957 54 27 godo
829 957 98 27 tillväga-

175 990 97 28 bringas,
296 991 57 21 velat
374 991 33 21 för
429 991 83 21 landets
535 990 91 22 Ständer
648 989 54 30 ånyo
725 990 120 28 framlägga
868 991 60 21 detta

176 1025 86 21 ärende.

243 1059 42 21 Det
303 1059 42 21 kan
360 1059 33 21 väl
411 1060 79 21 motses
509 1061 32 19 att
559 1059 150 22 donatarierne
728 1059 60 22 skola
802 1066 52 15 vara
873 1060 52 21 villi-

175 1100 51 21 gare
241 1095 33 19 att
288 1093 55 27 sälja
358 1093 79 27 godsen
453 1094 39 20 och
507 1094 34 20 för
556 1093 62 21 dessa
632 1093 87 28 betinga
730 1096 31 18 ett
772 1094 98 27 billigare
881 1094 45 27 pris

175 1134 35 15 om
228 1127 167 27 köpeskillingen
413 1127 42 21 kan
474 1128 32 20 till
526 1127 47 21 dem
591 1126 29 28 pä
638 1127 83 28 engäng
740 1128 104 27 erläggas.
877 1128 50 21 Men

176 1160 28 22 dä
226 1161 221 22 donationsbönderne
469 1162 37 20 äro
530 1160 123 28 oförmögne
675 1163 32 19 att
732 1164 75 24 genast
831 1162 97 22 utbetala

176 1195 129 25 densamma,
323 1195 41 20 bör
381 1195 36 20 det
435 1195 66 20 blifva
519 1196 143 26 Regeringens
681 1196 40 20 och
737 1196 130 21 Ständernas
883 1204 44 14 om-

177 1235 50 20 sorg
242 1230 32 19 att
288 1228 8 20 i
311 1234 26 14 en
352 1228 51 21 eller
418 1234 71 15 annan
504 1228 56 21 form
574 1228 120 21 försträcka
708 1229 84 21 medlen
808 1229 76 21 dertill.

244 1262 42 22 Det
304 1261 76 29 anslag
397 1261 25 21 af
437 1261 183 22 tvähundratusen
634 1262 62 21 mark
710 1261 83 29 ärligen
808 1262 120 22 Ständerna

175 1296 8 22 i
198 1295 77 23 sådant
293 1296 99 22 afseende
410 1296 67 21 redan
494 1296 88 28 beviljat
599 1296 49 26 blir,
663 1298 39 20 när
717 1296 36 22 det
767 1297 42 21 kan
823 1297 81 28 inflyta,
920 1297 8 21 i

175 1330 134 23 förhällande
323 1331 33 21 till
372 1331 204 27 donationsgodsens
586 1331 108 28 betydliga
705 1332 71 26 värde,
789 1331 72 23 alltför
872 1332 56 22 otill-

175 1366 99 28 räckligt.
304 1366 46 22 Och
372 1366 88 22 emedan
481 1366 47 22 icke
552 1366 67 22 heller
641 1366 107 22 sannolikt
769 1368 25 20 är
812 1369 33 19 att
862 1366 66 29 nägot

176 1403 69 20 större
263 1401 78 27 belopp
360 1400 55 22 skall
433 1401 72 21 kunna
524 1401 24 22 af
563 1401 138 21 statsmedlen
716 1402 34 21 för
764 1401 163 29 ifrägavarande

175 1435 82 22 inlösen
271 1436 110 26 besparas,
392 1435 37 21 vill
443 1435 60 22 Hans
518 1435 120 28 Kejserliga
651 1436 102 27 Majestät
766 1435 92 29 Nädigst
872 1436 56 22 före-

175 1469 33 22 slä
223 1470 40 22 och
278 1469 33 21 till
326 1469 130 22 Ständernas
471 1469 145 27 bepröfvande
630 1470 138 22 öfverlemna:
