1020 1670
332 109 71 24 Nådiga
415 111 136 22 Propositionen
563 111 35 18 N:o
610 113 28 16 23.
797 113 44 16 1067

184 173 60 22 Hans
262 174 120 28 Kejserliga
399 174 101 28 Majestät
514 174 34 22 får
563 175 84 21 derföre
661 174 79 23 föreslå
754 176 33 21 att
801 174 62 22 Stän-

118 207 65 22 derna
201 208 33 21 till
248 208 114 22 utförande
377 209 24 21 af
414 209 155 21 ofvannämnde
583 209 88 21 arbeten
685 208 66 23 måtte
767 209 97 21 anskaffa

117 242 40 20 och
176 241 61 22 anslå
251 249 27 14 en
292 249 83 14 summa
390 243 24 21 af
427 250 25 14 en
467 243 81 21 million
563 242 218 22 tvåhundraniotusen
795 243 68 26 mark,

117 277 32 20 att
162 276 8 20 i
184 278 33 19 tre
232 275 35 22 års
282 276 32 21 tid
328 276 52 28 utgå
395 277 48 21 med
454 277 227 28 fyrahundratretusen
692 278 61 20 mark
765 285 34 13 om
810 276 53 22 året.

306 322 74 28 Enligt
397 322 59 22 Hans
471 323 119 27 Kejserliga
604 323 110 27 Majestäts
729 322 84 28 Nådiga
827 322 36 22 be-

252 356 96 28 fallning,
367 357 70 27 gifven
454 358 7 20 i
478 357 31 21 S:t
523 357 130 28 Petersburg
668 357 40 22 den
724 358 35 28 (28
774 357 89 22 Decem-

251 391 40 21 ber
306 392 64 27 1866)
387 393 12 19 9
415 392 90 21 Januari
522 393 61 20 1867.

396 447 64 24 Alex.
478 447 107 24 Armfelt.

609 514 20 18 A.
642 514 27 18 W.
681 513 135 19 Wallensköld.

310 662 148 19 Sammansatta
472 661 106 20 Ekonomi-
592 662 53 19 samt
659 661 64 20 Stats-
738 661 36 20 och
789 661 74 20 Bevill-

251 696 178 26 nings-utskottets
445 695 131 21 betänkande
593 696 37 19 N:o
647 695 18 25 2,
684 696 9 19 i
708 695 117 28 anledning
840 695 25 28 af

250 729 63 22 Hans
325 729 124 29 Kejserliga
460 729 114 29 Majestäts
592 729 75 28 nådiga
677 725 140 37 proposition,
826 737 37 13 an-

251 765 81 28 gäende
348 765 76 28 anslag
440 765 35 20 till
484 764 159 29 förbättrande
658 764 25 29 af
687 764 103 28 farleden
801 765 62 20 emel-

251 800 37 21 lan
303 797 88 31 Nyslott
406 799 38 21 och
459 799 85 28 Kuopio
560 799 81 20 städer.

183 862 11 21 I
213 862 98 22 afseende
329 861 13 22 &
360 862 160 27 handläggning
538 862 24 20 är
581 861 70 21 denna
668 860 79 29 nådiga
764 862 98 27 proposi-

115 897 46 21 tion
176 896 23 22 af
212 896 97 28 samtlige
325 895 94 23 Ständen
435 896 142 22 öfverlemnad
591 896 33 21 till
639 895 158 22 Sammansatta
807 896 56 22 Eko-

115 932 67 21 nomi-
200 933 55 19 samt
273 931 67 21 Stats-
356 931 39 21 och
409 930 254 28 Bevillnings-Utskottet,
679 938 51 18 som,
745 929 29 29 pä
789 930 74 22 derom

115 966 63 28 gjord
193 965 107 27 anhällan,
315 964 86 22 undfätt
416 965 34 21 del
464 965 24 21 af
501 965 26 21 de
541 965 7 21 i
564 964 59 22 detta
637 964 78 22 ärende
730 964 33 22 till
777 964 85 28 Kejser-

115 1001 44 27 liga
177 1000 92 22 Senaten
286 1000 99 22 inkomne
400 1000 79 26 kartor,
495 1000 80 27 förslag
591 1000 40 20 och
645 999 69 27 öfriga
727 999 135 27 handlingar,

115 1035 92 22 hvarhos
226 1035 104 21 utskottet
347 1034 123 26 meddelats,
486 1036 32 20 att
533 1035 131 27 omröstning
679 1034 35 21 vid
729 1034 40 21 den
783 1033 80 29 nädiga

115 1070 170 27 propositionens
304 1069 117 27 beredning
435 1069 8 20 i
457 1068 119 28 Kejserliga
591 1068 92 21 Senaten
696 1068 47 21 icke
758 1070 35 26 egt
807 1076 54 13 rum.

183 1104 47 21 Den
245 1103 89 22 allmänt
348 1103 94 21 erkända
456 1104 114 26 grundsats
581 1104 32 20 att
624 1102 133 22 förbättrade
767 1102 95 22 kommu-

115 1138 211 21 nikationsanstalter
343 1138 90 27 mäktigt
451 1138 90 26 bidraga
558 1137 33 21 till
609 1137 91 27 höjande
719 1137 24 21 af
756 1139 30 19 ett
800 1137 63 21 lands

115 1171 111 22 materiela,
243 1171 122 27 utveckling
384 1171 40 21 och
442 1171 98 21 välstånd
557 1171 40 21 har
615 1169 29 28 pä
663 1172 29 20 ett
711 1170 152 29 öfvertygande

115 1207 44 20 sätt
176 1206 55 21 visat
249 1206 32 21 sin
300 1205 98 28 giltighet
415 1205 35 22 vid
464 1205 140 22 betraktande
619 1205 24 20 af
656 1205 40 21 den
711 1205 66 27 lifliga
791 1205 70 26 trafik,

115 1248 52 18 som,
183 1240 65 21 sedan
263 1240 73 21 Saima
346 1239 64 21 kanal
421 1240 115 26 öppnades,
547 1238 98 28 uppstätt
655 1239 29 27 pä
695 1239 26 21 de
732 1239 131 21 vidsträckta

115 1274 134 28 vattendrag,
271 1274 71 22 hvilka
364 1274 139 27 genomskära
526 1274 40 21 den
584 1274 59 20 östra
661 1273 61 21 delen
740 1273 25 21 af
779 1273 83 27 landet;

116 1308 39 21 och
171 1308 101 20 särskildt
286 1308 64 20 hafva
364 1308 26 20 de
404 1308 35 20 vid
454 1308 88 20 Konnus
558 1308 39 20 och
612 1307 88 26 Taipale
714 1308 7 19 i
734 1307 129 27 Leppävirta

116 1342 78 20 socken
215 1342 67 20 redan
304 1342 91 26 tidigare
414 1341 90 27 anlagde
522 1340 89 21 kanaler
629 1341 40 20 och
688 1340 79 21 slussar
787 1348 76 20 genom

117 1376 71 21 Saima
209 1376 75 21 kanals
302 1375 122 21 inrättande
442 1374 84 22 erhällit
544 1375 56 21 ökad
617 1374 109 28 betydelse
743 1374 34 22 för
794 1374 68 28 segla-

115 1411 72 21 tionen
209 1409 29 29 pä
259 1410 26 21 de
306 1410 123 28 nordligare
447 1410 85 21 delarne
551 1409 24 21 af
591 1409 96 22 Saimens
704 1410 158 28 vattensystem,

117 1445 71 22 hvilka
203 1444 89 23 sälunda
306 1444 69 22 blifvit
390 1444 119 22 förbundne
523 1444 49 22 med
586 1444 77 22 hafvet.
678 1446 6 7 *
