1014 1661
193 130 33 16 806
393 129 71 22 Nådiga
478 129 135 21 Propositionen
625 130 35 16 N:o
672 130 27 16 16.

169 194 61 21 larne
244 192 66 26 deraf,
325 192 41 22 och
381 193 32 20 att
427 191 102 22 särskildt
542 192 117 21 artiklarne
673 193 58 20 smör
742 192 49 21 och.
793 192 72 54 mii
851 192 70 22 borde

168 227 34 22 till
219 228 69 20 större
302 226 78 27 belopp
395 226 8 20 i
417 222 203 48 undervisningarne
634 226 138 21 förekomma.

236 260 54 22 Med.
304 260 100 22 afseende
422 259 13 22 å
454 260 141 21 omförmälda
613 256 166 48 anmärkningar
794 260 40 21 och
853 267 66 19 ,eme-

170 295 42 22 dan
226 302 26 15 en
267 294 25 23 så
306 295 181 27 genomgripande
503 289 125 32 förändring
643 293 24 22 af
679 294 41 21 den
738 293 29 28 på
782 294 77 28 jorden
874 294 45 22 hvi-

168 330 64 21 lande
246 329 134 28 grundskatt,
399 336 45 14 som
461 336 30 14 nu
508 327 147 29 ifrågaställts,
674 328 48 21 med
737 330 46 20 stor
797 329 124 21 varsamhet

169 365 40 21 och
227 364 75 21 endast
320 363 52 22 efter
387 371 83 14 vunnen
484 363 115 27 tillräcklig
613 363 121 22 erfarenhet
749 370 35 14 om
798 363 121 21 förändrin-

168 406 52 21 gens
240 398 126 28 lämplighet
387 397 39 22 bör
449 397 140 28 genomföras,
612 395 30 29 på
664 397 35 21 det
720 397 94 21 hvarken
835 397 84 21 kronan

169 433 52 21 eller
243 433 26 21 de
290 432 167 27 skattdragande
479 430 36 23 må
534 431 122 28 derigenom
672 431 68 22 blifva
756 431 104 26 lidande,"
878 432 41 21 har

166 467 61 22 Hans
245 467 119 28 Kejserliga
382 466 107 27 Majestät,
508 466 17 26 ,i
542 465 140 22 betraktande
698 465 80 30 jemväl
796 466 66 25 deraf,
886 467 33 20 att

167 501 131 23 komiterade
313 501 35 21 vid
366 501 149 27 uppgörandet
533 500 23 21 af
571 500 93 21 nämnde
682 500 80 28 förslag
779 500 47 22 icke
841 501 56 20 varit
911 500 8 22 i

167 534 85 23 tillfälle
266 537 34 20 att
312 535 115 27 öfverväga
441 535 36 21 det
490 535 116 27 inflytande
617 534 42 22 den
673 535 121 23 sedermera
808 533 112 29 påbjudna

167 569 166 29 myntreformen
348 570 43 20 kan
406 568 13 23 å
433 569 138 22 förevarande
587 568 62 29 fråga
663 568 89 29 utöfva*,
768 569 56 22 velat
838 568 81 23 föreslå

168 606 32 20 att
218 604 88 22 ärendet
323 611 30 14 nu
367 604 46 21 icke
432 604 67 21 skulle
521 603 100 28 slutligen
642 602 92 29 afgöras,
757 605 53 20 utan
831 604 88 22 dermed

167 637 63 23 anstå
246 638 82 22 tilldess
347 646 26 14 en
391 646 28 20 ny
437 638 84 26 komité,
541 640 141 20 sammansatt
699 638 7 22 i
724 638 68 22 likhet
809 638 49 22 med
877 638 41 22 den

166 672 134 28 föregående,
316 674 99 20 närmare
430 672 102 28 granskat
549 671 121 23 änberörda
684 672 81 28 förslag
780 673 40 21 och
835 672 84 29 afgifvit

166 707 99 28 yttrande
279 708 8 19 i
302 709 76 19 ämnet.

234 741 42 22 Vid
294 741 156 28 öfvervägande
469 741 24 21 af
509 741 58 21 detta
586 740 78 22 ärende
686 741 96 27 yppades
804 740 58 23 inom
883 743 34 20 ut-

166 775 80 22 skottet
261 775 56 22 olika
332 775 79 28 åsigter
426 774 109 29 angående
554 775 40 21 den
611 775 197 28 hufvudsakligaste
824 777 94 20 omstän-

167 810 79 27 dighet,
260 810 112 21 hvaröfver
387 810 103 21 utskottet
504 809 55 21 hade
574 811 33 19 att
620 808 69 22 utlåta
703 809 39 27 sig,
757 809 106 28 nemligen
878 809 39 23 hu-

166 844 76 21 ruvida
256 843 87 29 frågans
358 844 87 28 slutliga
460 843 116 28 afgörande
591 843 34 21 vid
644 843 70 22 denna
731 843 103 29 landtdag
850 844 68 22 skulle

166 878 7 21 i
188 878 94 28 enlighet
296 878 48 21 med
360 878 40 21 den
414 877 79 29 nådiga
504 877 161 28 propositionen
676 878 113 27 afstyrkas,
802 878 50 22 eller
863 878 54 22 icke.

166 912 34 21 Då
214 913 62 21 dessa
291 912 56 22 olika
362 911 79 28 åsigter
455 912 47 22 icke
516 912 83 21 kunnat
613 912 92 26 förenas,
720 912 8 21 i
743 912 36 21 det
790 914 32 20 att
832 912 84 22 Preste-

166 946 40 22 och
220 946 197 28 Borgareståndens
433 946 129 28 deputerade
576 946 8 21 i
601 946 104 22 utskottet
724 948 70 20 ansett
811 947 33 27 sig
862 948 55 21 böra

164 980 107 28 tillstyrka
289 981 40 21 den
347 980 80 28 nådiga
443 981 170 27 propositionens
631 980 81 28 förslag
734 982 32 20 att
788 988 25 14 en
832 988 28 21 ny
878 981 38 22 ko-

165 1014 51 22 mité
230 1014 67 22 skulle
312 1014 33 22 för
360 1014 86 28 frågans
461 1014 124 28 ytterligare
602 1015 114 27 utredning
734 1016 117 25 nedsättas,
866 1023 49 14 men

165 1048 26 21 de
210 1048 69 28 öfriga
297 1048 105 22 Ståndens
425 1048 129 28 deputerade
572 1048 56 22 velat
650 1049 63 21 hafva
735 1049 89 21 ärendet
846 1050 24 20 af
886 1057 29 13 nu

164 1082 129 22 församlade
315 1082 92 22 Ständer
429 1082 105 26 slutfördt,
553 1082 82 27 nödgas
657 1082 104 22 utskottet
782 1082 82 22 således
883 1084 32 21 af-

164 1115 58 28 gifva
236 1116 122 22 alternativt
372 1116 134 21 betänkande
520 1117 7 20 i
542 1116 115 28 anledning
672 1116 24 22 af
708 1117 166 27 propositionen.

231 1218 166 21 Medlemmarne
415 1217 24 21 af
454 1217 147 22 förstnämnda
618 1216 36 23 två
673 1217 67 22 Stånd
762 1218 63 21 hafva
844 1220 70 21 ansett

163 1258 27 15 en
206 1251 34 22 del
254 1252 24 21 af
291 1251 26 22 de
332 1251 172 28 anmärkningar,
519 1251 150 21 kamrerarene
683 1251 8 20 i
706 1251 103 22 Senatens
824 1252 89 21 Finans-

163 1287 41 21 och
225 1285 231 29 Militie-expeditioner
477 1287 55 20 samt
553 1285 197 22 kammarkontoret
771 1286 8 21 i
800 1287 113 21 Kammar-

163 1321 40 22 och
218 1320 289 28 räkenskaps-expeditionen
525 1321 57 20 emot
599 1320 105 21 komiténs
722 1320 111 23 utlåtande
848 1321 65 22 fram-

162 1355 65 27 ställt,
246 1362 52 15 vara
316 1354 24 22 af
356 1355 41 21 den
415 1354 44 28 vigt
477 1355 40 21 och
535 1353 109 23 innehålla
661 1354 81 22 sådana
760 1355 52 26 skäl,
832 1357 32 19 att
886 1362 27 15 en

162 1389 124 29 ytterligare
300 1389 40 22 och
359 1390 99 21 närmare
476 1388 113 29 utredning
608 1389 24 22 af
648 1389 140 22 förevarande
802 1389 62 28 fråga
878 1397 34 21 sy-

160 1431 38 15 nes
212 1423 109 29 påkallad.
351 1423 30 28 Ty
396 1424 68 21 ehuru
481 1423 94 22 komitén
593 1422 120 29 ådagalagt,
730 1426 32 19 att
776 1424 136 28 jordskatten

161 1459 66 28 enligt
245 1466 29 14 nu
292 1457 100 29 gällande
409 1457 150 28 undervisning
577 1457 34 22 för
629 1457 49 22 dess
696 1458 137 22 beräknande
850 1459 8 21 i
872 1458 40 22 all-
