1014 1661
326 123 71 24 Nådiga
409 125 136 21 Propositionen
555 124 36 17 N:o
605 124 26 16 15.

145 228 34 20 2:0
201 226 14 22 &
235 227 89 28 pension
346 235 26 14 ur
393 227 248 28 krigsmanshusfonden,
663 227 57 21 samt

174 261 34 21 för
226 261 55 21 enka
290 262 49 25 och
356 261 56 21 barn
427 261 54 27 efter
496 257 89 35 embets-
599 261 53 21 eller
666 261 54 27 tjen-

174 296 82 20 steman
266 295 35 21 vid
312 295 83 24 landets
407 295 95 26 militär-,
514 295 57 21 civil-
582 297 56 19 samt
652 294 68 21 eckle-

173 329 83 21 siastik-
272 329 40 21 och
330 329 120 26 skolstater,
469 329 108 22 äfvensom
595 327 14 22 ä
623 328 97 28 pension,

174 370 47 14 som
236 362 54 23 enka
305 364 40 21 och
359 363 56 22 barn
430 362 81 23 erhälla
521 370 27 14 ur
559 363 26 21 de
596 363 25 21 af
633 363 87 27 borger-

173 398 76 26 skapet
269 398 8 20 i
295 398 57 21 vissa
369 398 72 21 städer
459 398 107 27 inrättade
583 397 149 22 understöds-
724 393 12 36 |

172 431 82 27 kassor,
266 433 38 20 äro
316 432 34 21 för
364 432 117 27 stämpladt
495 439 82 21 papper
592 431 48 27 fria,
655 431 67 28 enligt

174 467 12 27 $
203 468 26 19 14
244 473 63 14 mom.
324 468 33 20 16.

146 502 34 20 3:o
194 501 35 21 för
243 500 43 22 alla
304 501 70 28 öfriga
391 507 103 22 personer
507 501 26 21 af
544 501 56 21 hvad
614 508 66 14 namn:
695 500 26 22 de

174 543 52 13 vara
247 534 36 22 mä
304 537 56 19 samt
382 535 68 21 ehvad
472 536 116 26 pensionen
608 534 66 28 utgär
694 541 27 15 ur

174 569 103 26 kronans,
299 568 71 28 nägon
395 569 60 21 stads
477 570 51 21 eller
549 576 71 15 annan
641 569 80 22 allmän

174 603 70 27 kassa,
259 604 40 20 när
313 603 117 27 pensionen
442 603 51 21 eller
503 604 140 21 understödet
654 603 67 22 öfver-

176 638 66 28 stiger
257 638 41 20 200
312 638 62 20 mark
389 637 33 22 för
437 636 53 28 äret,
505 640 14 20 4
533 640 90 26 procent
637 638 24 21 af
674 638 48 22 dess

174 672 86 27 belopp.

119 706 172 30 Privilegiebref
311 707 40 21 och
376 705 233 28 tillständsresolution,
631 714 47 14 som
700 706 25 23 af

147 741 93 21 Senaten
252 741 51 21 eller
310 741 160 21 vederbörande
480 741 124 28 myndighet
614 741 107 23 utfärdas:

149 777 33 20 1:o
200 775 33 22 till
250 775 135 28 anläggande
403 775 25 23 af
443 775 62 27 berg-
520 776 40 21 och
574 775 148 22 manufaktur-

175 810 58 25 verk,
251 809 71 22 fabrik
344 810 51 21 eller
413 817 71 14 annan
505 810 67 21 sädan
593 810 129 27 inrättning,

175 844 52 21 bok-
245 843 52 22 eller
315 843 146 28 stentryckeri,
483 843 127 26 bokhandel,
633 843 89 22 böckers

176 878 40 21 och
230 877 120 28 tidningars
364 877 129 28 utgifvande,
505 878 108 21 äfvensom
624 878 33 21 till
672 877 50 22 drif-

176 912 69 22 vande
259 912 25 21 af
296 912 145 26 landthandel,
453 912 118 22 handtverk
585 912 53 21 eller
652 912 72 21 annan

175 947 84 27 näring,
274 947 49 20 med
337 947 111 27 undantag
463 947 25 20 af
503 947 54 26 dem,
573 953 46 15 som
633 947 40 21 här
687 953 36 15 ne-

177 980 89 23 danföre
285 982 131 25 omnämnas,
438 980 95 27 skrifves,
555 981 54 21 efter
631 981 93 21 omstän-

178 1016 125 27 digheterna
324 1015 40 22 och
390 1015 167 28 anläggningens
579 1015 52 22 eller
652 1015 72 22 närin-

177 1056 51 22 gens
242 1049 153 27 beskaffenhet,
411 1049 13 22 å
438 1050 173 27 stämpelpapper
625 1049 56 22 ifrån
697 1051 26 20 30

176 1085 62 21 mark
256 1084 33 21 till
306 1084 41 21 och
364 1083 50 22 med
429 1085 41 20 200
485 1084 67 26 mark,
571 1083 39 22 allt
624 1083 100 23 eftersom

178 1118 35 22 vid
228 1118 74 28 hvarje
316 1117 85 23 tillfälle
414 1117 93 28 pröfvas.

150 1155 34 20 2:0
199 1153 33 21 till
246 1152 122 22 inrättande
380 1152 25 21 af
417 1152 92 27 apothek
523 1152 8 21 i
545 1152 65 22 stad.
633 1168 5 5 .
662 1168 5 6 .
690 1169 6 5 .
719 1169 5 5 .

178 1188 55 21 samt
247 1186 29 28 på
290 1186 148 28 landsbygden
464 1202 5 5 .
492 1202 5 5 .
520 1202 91 6 ....
633 1202 91 6 ....

150 1224 33 19 3:o
198 1221 33 22 till
244 1220 93 22 idkande
352 1220 24 22 af
388 1220 223 27 kontingenthandel
602 1216 12 36 .
634 1237 5 5 .
662 1236 6 6 .

150 1258 34 19 4:0
201 1255 34 22 till
251 1255 123 21 inrättande
392 1254 24 22 af
431 1254 110 26 värdshus,
559 1254 106 26 kaffehus,
680 1238 45 39 käl-

178 1290 52 25 lare,
247 1289 105 21 traktörs-
370 1288 53 20 eller
440 1295 71 13 annan
530 1288 57 28 dylik
601 1290 80 20 rörelse
696 1289 28 21 el-

179 1324 31 20 ler
225 1323 82 27 näring,
323 1321 102 21 hvarmed
439 1321 94 27 burskap
549 1321 19 28 ej
584 1322 25 20 är
620 1322 104 26 förenadt,

179 1358 51 21 eller
245 1358 32 20 att
291 1355 59 22 hålla
364 1354 79 28 biljard
456 1355 8 21 i
479 1355 47 21 stad
541 1354 52 22 eller
606 1354 30 29 på
646 1356 78 26 landet,

181 1391 54 22 efter
249 1390 115 28 näringens
378 1389 148 22 beskaffenhet
544 1387 49 24 från
608 1390 13 21 5
636 1390 33 21 till
685 1392 39 19 100

179 1425 68 23 mark.

152 1463 34 21 5:0
196 1459 158 24 tillståndsbref
362 1458 52 23 eller
425 1457 98 22 fullmakt
530 1458 34 22 för
571 1459 155 22 socknehandt-

765 1158 28 20 60

766 1227 26 19 80

798 123 33 16 709
