1023 1661
311 98 72 23 Nådiga
394 99 137 22 Propositionen
543 99 36 17 N:o
593 100 26 15 14.
786 99 32 16 037

156 162 61 21 Dock
231 162 41 21 har
286 162 111 21 Utskottet
412 162 102 28 derjemte
528 164 55 19 trott
597 163 33 27 sig
644 161 54 22 böra
711 162 8 20 i
731 161 36 22 det
777 161 65 22 fram-

86 196 65 29 lagda
161 196 151 28 lagförslagets
323 197 106 21 särskilda
439 196 161 28 bestämningar
613 197 44 21 lika
667 196 108 21 vördsamt
785 196 56 21 före-

87 230 33 22 slä
138 230 69 28 nägra
225 231 117 27 ändringar
361 231 39 21 och
420 231 177 26 modifikationer,
613 233 52 19 utan
680 233 32 18 att
728 231 61 20 dessa
804 232 38 20 än-

88 265 95 27 dringar,
203 265 68 21 ehuru
290 265 24 20 af
331 265 82 27 ganska
431 267 45 19 stor
494 265 50 27 vigt,
561 265 54 21 dock
629 272 50 14 vore
695 264 24 21 sä
735 265 107 27 ooftergif-

87 298 45 28 liga
153 300 32 19 att
207 299 59 21 Hans
285 299 119 27 Kejserliga
423 298 111 28 Majestäts
554 299 109 27 samtycke
681 298 33 22 till
733 298 110 22 desamma

87 332 67 22 borde
173 340 62 14 anses
250 332 71 22 säsom
336 333 67 21 vilkor
419 333 34 21 för
467 334 174 26 propositionens
655 333 131 27 antagande;
802 333 40 21 och

88 367 123 21 hemställer
228 367 110 21 Utskottet
355 367 57 28 förty
433 370 31 19 att
483 368 143 27 ändringarne
645 366 24 22 sä
687 367 45 22 vidt
751 367 26 21 de
791 368 51 20 röra

88 404 66 19 annat
176 403 28 20 än
221 402 157 21 instruktionen
396 402 35 21 för
448 402 201 27 Bankfullmäktige,
672 402 89 21 hvarom
780 402 62 21 Stän-

88 436 67 21 derna
174 443 40 20 ega
233 444 107 14 ensamme
357 437 90 26 besluta,
466 436 67 22 måtte
551 437 32 20 uti
601 439 71 18 svaret
687 436 13 22 ä
714 437 127 27 propositio-

88 477 42 14 nen
145 471 130 21 framställas
290 469 71 23 såsom
375 471 131 21 Ständernas
522 470 165 28 önskningsmål.

156 582 34 22 Då
208 583 108 27 primitiva
335 583 39 21 och
389 582 225 28 hypotheksfonderna
629 582 164 28 ursprungligen
809 584 33 20 ut-

90 616 59 29 gjort
164 618 40 20 och
219 617 62 21 äfven
297 616 114 22 framdeles
426 617 86 21 komma
527 620 31 19 att
572 618 79 26 utgöra
665 617 101 21 Finlands
777 617 64 26 bank,

87 651 62 22 torde
168 651 70 21 denna
255 651 129 27 benämning
404 651 53 21 böra
475 651 50 28 ingå
544 651 13 22 &
575 651 43 22 alla
637 651 26 21 de
681 652 77 20 ställen
776 652 7 20 i
798 651 43 21 för-

89 686 120 26 fattningen
228 693 45 13 som
291 684 108 23 innehålla
417 685 34 21 för
470 686 115 21 framtiden
600 686 98 27 gällande
712 686 131 21 bestämnin-

89 728 45 20 gar,
151 727 158 20 gemensamma
323 720 34 21 för
372 720 62 21 dessa
449 720 80 26 fonder,
545 721 111 21 hvaremot
671 722 62 19 stats-
750 720 39 21 och
804 720 39 21 mi-

89 754 135 22 litieverkens
239 754 81 26 fonder,
336 754 71 21 hvilka
422 754 75 21 endast
512 756 38 20 äro
564 754 99 22 lemnade
678 753 23 23 ät
711 754 132 22 Bankdirek-

89 789 72 21 tionen
180 788 34 21 till
231 788 130 28 förvaltning
379 787 24 23 så
420 789 84 27 mycket
522 789 69 21 hellre
609 788 68 22 borde
695 788 101 22 särskildt
810 788 34 22 för

90 824 32 26 sig
138 822 91 22 sålunda
243 823 121 26 betecknas,
381 830 46 14 som
441 823 206 28 Bankfullmäktiges
658 823 128 28 befogenhet
796 824 48 21 icke

90 857 96 22 sträcker
202 857 32 27 sig
249 857 32 20 till
296 856 67 28 något
377 857 100 22 inseende
492 857 58 21 öfver
566 857 55 21 dem.

159 900 10 21 I
188 900 97 27 punkten
304 901 11 19 2
335 902 56 19 samt
410 899 68 22 andra
496 907 63 14 mom.
580 900 23 21 af
615 899 96 29 punkten
725 902 14 19 4
753 899 91 24 föreslås

90 944 26 14 en
131 936 118 22 förändrad
265 936 146 28 ordställning.

157 980 33 20 De
205 979 28 27 på
247 979 96 21 bankens
359 981 42 19 stat
415 980 112 27 upptagna
542 979 205 22 direktörsembeten
761 980 38 21 äro
811 980 34 21 för

90 1014 135 21 närvarande
243 1013 56 28 fyra;
319 1014 41 20 och
379 1014 89 20 emedan
487 1014 71 20 denna
573 1015 44 19 stat
632 1014 75 21 endast
721 1014 7 20 i
743 1014 102 21 särskildt

90 1048 140 22 föreskrifven
246 1048 90 27 ordning
351 1048 42 20 kan
409 1048 85 25 ändras,
509 1048 62 21 torde
587 1048 59 21 detta
661 1048 58 21 antal
731 1048 114 28 rätteligen

89 1083 54 21 böra
166 1082 89 27 antydas
277 1082 8 20 i
303 1082 143 27 begynnelsen
466 1082 23 21 af
505 1082 95 27 punkten
620 1083 19 25 6,
658 1082 63 22 hvars
739 1082 81 27 lydelse
838 1082 8 21 i

90 1116 220 22 öfverensstämmelse
325 1116 87 21 dermed
427 1115 130 22 förändrats.

159 1159 51 21 Med
225 1159 39 21 den
280 1159 99 21 närmare
393 1158 73 28 tillsyn
481 1158 120 28 Kejserliga
616 1158 91 22 Senaten
722 1159 76 21 hittills
812 1161 34 19 ut-

91 1194 59 21 öfvat
168 1193 59 22 öfver
245 1193 95 22 bankens
355 1193 49 20 hela
418 1193 135 21 verksamhet
568 1193 41 21 har
624 1193 35 21 det
674 1194 55 21 varit
743 1193 102 28 förenligt

91 1230 32 19 att
144 1228 121 27 Kejserliga
285 1227 90 21 Senaten
391 1227 80 27 jemväl
489 1228 55 27 tagit
561 1227 121 28 befattning
700 1228 49 21 med
767 1227 77 22 tillsät-

90 1263 75 21 tandet
187 1262 24 21 af
227 1269 26 14 en
273 1261 34 22 del
325 1261 24 22 af
365 1261 70 21 denna
453 1262 130 27 inrättnings
601 1261 59 28 lägre
677 1262 167 27 tjenstemanna-

90 1296 110 27 personal;
223 1302 48 13 men
293 1295 121 24 framdeles,
434 1294 27 21 då
479 1295 138 20 förenämnde
637 1295 133 21 förhållande
790 1302 55 20 upp-

90 1331 46 24 hör,
159 1329 62 20 torde
243 1329 120 27 Kejserliga
385 1328 92 21 Senaten
495 1329 47 20 icke
560 1328 54 21 böra
633 1328 86 21 dermed
737 1329 108 25 besväras,

90 1366 54 19 utan
159 1363 70 21 denna
245 1370 84 20 omsorg
344 1361 116 29 lämpligen
475 1362 45 21 helt
534 1362 40 21 och
590 1361 65 22 hållet
671 1362 140 23 öfverlemnas
823 1361 23 23 åt

91 1397 202 27 Bankdirektionen,
308 1397 84 22 hvilken
407 1396 48 22 icke
469 1397 91 22 allenast
575 1397 41 22 kan
632 1396 48 23 bäst
696 1397 113 22 bedömma
820 1397 26 22 de

93 1433 137 28 egenskaper,
246 1439 45 15 som
306 1433 34 20 för
356 1432 61 21 dessa
432 1431 99 28 tjensters
546 1431 104 22 skötande
665 1432 114 27 erfordras,
791 1435 53 19 utan
