1025 1661
330 100 71 23 Nådiga
413 101 137 22 Propositionen
562 101 34 17 N:o
609 103 27 16 21.
791 103 43 16 1013

108 165 65 21 hafva
195 164 54 22 dock
270 163 164 23 förhållandena
456 165 122 28 ansenligen
600 165 133 26 förändrats,
755 165 40 22 och
817 165 42 22 'den

109 197 133 30 långsamma
256 198 83 29 gången
353 199 8 21 i
375 199 163 28 lagskipningen
548 199 35 22 vid
594 199 181 26 häradsrätterna,
786 199 8 22 i
805 199 54 28 följd

109 233 25 22 af
145 233 84 27 tingens
247 233 134 22 förrättande
398 233 91 22 allenast
505 235 77 20 tvenne
599 233 80 28 gånger
698 241 35 14 om
751 233 52 26 året,
818 234 41 21 har

109 267 67 21 redan
190 267 63 27 länge
267 267 82 27 utgjort
363 267 90 21 föremål
467 268 34 20 för
515 268 79 20 allmän
613 268 40 20 och
667 267 92 28 befogad
773 268 85 27 klagan.

110 301 41 21 Vid
166 301 187 27 öfverläggningen
369 308 34 14 om
419 301 26 21 de
459 300 107 28 åtgärder,
581 308 47 14 som
642 301 32 21 till
685 301 174 28 lagskipningens

108 334 147 28 befrämjande
277 334 13 22 å
311 335 73 21 landet
401 342 51 14 vore
469 337 96 20 närmast
583 332 24 24 af
622 335 99 22 behofvet
738 334 120 29 påkallade,

108 370 41 21 har
170 369 104 21 utskottet
295 371 71 19 ansett
387 369 32 28 sig
440 369 55 22 böra
515 372 51 25 taga
583 370 9 20 i
610 369 154 28 öfvervägande
779 370 80 27 jemväl

108 404 134 28 uppkastade
260 403 80 28 förslag
359 404 44 21 dels
422 411 35 14 om
477 404 105 22 notariers
604 404 133 21 anställande
758 404 36 21 vid
814 404 45 21 Hä-

108 438 152 27 radsrätterne,
277 438 45 22 dels
336 445 35 14 om
385 438 254 28 förlikningsdomstolars
654 438 128 22 inrättande.
811 438 47 22 Den

108 472 152 22 underlättnad
274 472 8 21 i
297 472 261 28 expeditionsgöromålen,
574 480 46 14 som
634 472 71 22 kunde
719 472 90 22 beredas
819 472 38 22 hä-

108 506 192 28 radshöfdingarne
315 514 76 20 genom
405 506 29 28 pä
448 508 43 20 stat
503 506 106 22 anställda
619 507 101 26 notarier,
731 507 62 21 torde
804 506 54 22 dock

107 540 67 22 blifva
191 540 34 21 för
244 540 47 21 dem
308 541 82 26 ganska
407 541 68 27 ringa,
494 548 34 14 om
547 548 37 14 ens
605 540 77 27 nägon,
705 540 28 21 dä
755 541 36 21 det
811 541 47 21 icke

108 575 43 24 kan
165 581 53 14 vara
231 575 52 20 utan
297 574 56 22 väda
367 576 32 20 att
416 574 85 22 frikalla
519 575 220 27 häradshöfdingarne
757 573 48 23 frän
821 581 37 15 an-

109 609 134 27 svarigheten
261 608 33 21 för
312 608 130 27 protokollet
460 609 39 21 och
519 609 47 21 dess
584 607 94 23 innehäll
696 611 56 19 samt
769 609 89 22 härads-

108 642 141 28 höfdingarne
266 642 83 22 säledes
363 643 8 20 i
385 643 39 21 allt
438 643 38 21 fall
494 643 67 22 skulle
579 643 133 21 fortfarande
726 643 85 22 komma
826 645 33 20 att

109 677 120 28 ombesörja
251 677 130 22 domslutens
402 678 143 27 uppsättande
567 678 40 21 och
624 677 65 22 hafva
706 677 72 28 tillsyn
800 677 59 22 öfver

108 711 130 28 protokollet
255 712 41 21 och
314 712 48 21 dess
380 712 162 27 expedierande,
560 712 112 21 hvarutom
691 711 120 28 aflöningen
825 711 34 22 till

109 746 63 21 dessa
185 746 101 26 notarier,
301 746 77 26 hvilka,
395 753 34 14 om
443 745 70 28 någon
528 748 60 26 nytta
603 746 24 21 af
643 746 48 21 dem
708 746 55 21 skall
780 745 77 28 påräk-

108 787 46 20 nas,
168 780 55 21 böra
236 787 52 14 vara
300 780 102 27 juridiskt
416 779 92 27 bildade,
524 780 67 21 skulle
605 780 100 28 medtaga
720 787 26 14 en
760 780 97 26 kostnad,

108 815 49 20 vida
175 814 172 27 öfverskjutande
365 814 291 27 lagmanstingsgästningens
674 814 85 27 belopp,
775 814 83 21 oafsedt

109 848 41 21 den
172 848 109 21 bristande
303 846 116 29 tillgången
441 847 29 27 på
494 848 102 27 lämpliga
617 855 102 19 personer
741 848 34 21 för
797 848 62 21 dessa

108 882 100 28 tjensters
222 882 135 25 besättande;
373 882 41 21 och
429 882 56 20 hvad
499 880 67 29 angår
582 882 40 20 den
636 883 70 20 större
719 881 140 29 pålitlighet
849 876 14 39 i

109 916 99 22 afseende
224 915 12 22 å
250 916 145 28 protokollens
411 915 216 22 öfverensstämmelse
642 916 48 21 med
705 916 108 27 förloppet
823 916 36 21 vid

108 950 190 28 förhandlingarne
316 950 24 22 af
355 949 76 27 målen,
448 957 45 14 som
511 957 76 21 genom
601 950 95 22 notarier
711 950 62 22 äfven
787 952 25 20 är
826 951 32 20 af-

108 985 53 21 sedd
176 986 32 20 att
222 985 80 25 vinnas,
318 986 25 20 är
358 984 90 26 derföre,
462 984 29 28 pä
506 986 30 20 ett
551 983 127 23 ätminstone
689 984 116 22 tillsvidare
815 984 42 22 till-

108 1019 164 22 fredsställande
294 1020 49 25 sätt,
365 1019 69 28 sörjdt
456 1026 76 20 genom
553 1018 161 22 föreskrifterna
735 1019 7 21 i
765 1020 12 20 6
799 1020 12 27 &
831 1020 27 20 14

108 1054 56 27 kap.,
184 1055 27 20 22
230 1054 40 21 och
289 1055 27 20 28
334 1054 25 27 $$
379 1055 25 20 17
423 1054 49 27 kap.
491 1056 55 19 samt
565 1055 11 20 2
596 1055 11 26 $
627 1055 26 19 20
672 1054 49 27 kap.
736 1054 24 21 R.
775 1054 32 26 B.,
823 1061 35 14 om

109 1088 153 22 ordförandens
280 1088 8 20 i
306 1088 77 20 Rätten
405 1087 119 28 skyldighet
545 1089 33 20 att
599 1089 74 25 genast
694 1095 27 13 ur
738 1087 120 21 memorial-

108 1122 130 28 protokollet
255 1122 34 21 för
307 1123 74 26 parter
399 1122 40 21 och
457 1122 86 26 vittnen,
562 1122 7 20 i
588 1121 99 22 afseende
709 1120 13 22 ä
741 1122 116 26 justering,

108 1156 92 27 uppläsa
222 1156 61 21 deras
306 1156 161 27 andraganden,
490 1163 34 14 om
546 1156 71 20 hvilka
642 1155 143 21 föreskrifters
806 1162 52 20 nog-

109 1197 83 21 granna
216 1190 138 27 iakttagande
374 1189 159 22 vederbörande
555 1189 154 21 domhafvande
730 1189 62 21 torde
813 1188 45 23 låta

109 1232 52 14 vara
175 1224 32 28 sig
222 1224 118 28 angeläget.
369 1224 26 27 Ej
414 1224 66 21 heller
494 1224 43 21 kan
551 1224 103 20 utskottet
668 1223 58 22 finna
741 1225 32 19 att
787 1222 71 29 nägon

108 1259 57 21 vinst
183 1258 34 22 för
234 1258 163 28 lagskipningen
415 1258 39 21 hos
473 1265 34 14 oss
525 1256 62 23 ernäs
606 1265 75 20 genom
699 1258 122 21 inrättande
835 1258 26 20 af

109 1292 109 22 säkallade
235 1292 250 27 förlikningsdomstolar,
504 1292 94 20 hvarken
616 1292 7 19 i
641 1291 100 21 afseende
759 1291 13 20 ä
793 1292 64 20 rätts-

109 1326 132 26 säkerheten,
257 1326 51 21 eller
322 1325 125 22 minskande
461 1325 24 21 af
493 1324 133 22 tvistemälen
641 1325 52 21 eller
707 1324 150 28 rättegängens

109 1359 158 29 päskyndande.
296 1360 44 21 Der
360 1360 61 22 dessa
439 1359 127 21 domstolars
582 1359 108 21 anlitande
704 1358 86 28 gjordes
805 1358 52 22 obli-

110 1395 104 28 gatoriskt
232 1395 40 21 och
287 1394 48 21 dem
354 1394 100 28 derjemte
469 1393 84 22 tillades
568 1393 109 26 domsrätt,
693 1393 128 28 uppkomme
835 1393 23 22 at

110 1429 48 23 dem
173 1437 26 14 en
214 1429 66 28 fjerde
294 1430 82 20 instans
390 1428 49 22 med
453 1428 44 22 alla
511 1428 87 22 dermed
608 1428 103 21 förenade
722 1427 59 23 förut
791 1428 66 22 redan
