1017 1661
329 101 71 22 Nädiga
411 102 137 21 Propositionen
560 102 35 17 N:o
605 102 30 16 15.

175 237 83 23 Törö
297 241 83 18 usa
403 253 33 6 sa
459 254 62 5 dee
535 233 15 36 os
572 233 13 36 NN
601 253 118 6 was

175 305 89 27 Wiborg
291 301 12 35 «<
319 322 4 4 <
347 321 316 5 ok.
686 320 33 6 Ås

176 339 176 21 Willmanstrand
374 354 5 5 .
403 355 5 5 .
431 354 5 4 .
460 354 33 6 ...
516 354 6 6 =
559 355 19 5 a
601 355 5 4 1
617 335 17 36 OM
657 335 34 36 sitä
713 355 6 5 o

175 366 46 29 Ålö
263 389 231 6 ss
380 362 64 44 Ca
459 362 15 44 d
490 362 60 44 ia
574 362 61 44 miko
658 389 33 6 2

175 408 43 21 För
231 408 100 23 förenadt
344 408 69 22 landt-
424 409 40 21 och
475 409 156 27 stadspastorat
644 409 76 21 beräk-

147 449 40 14 nas
201 442 78 21 kartan
293 442 32 21 till
340 441 171 29 sammanslagna
522 443 100 27 beloppet
634 443 23 21 af
665 442 56 22 hvad

149 477 34 21 för
190 477 106 21 hvardera
306 479 120 25 pastoratet
433 477 53 22 efter
495 477 154 22 ofvannämnda
657 485 64 19 grun-

149 511 38 21 der
205 510 92 27 utfaller,
317 511 40 21 och
378 511 40 22 bör
436 511 202 22 Häradsskrifvaren.
660 511 61 21 alltid

149 545 73 27 bifoga
240 545 33 21 sin
287 545 100 27 vallängd
404 546 101 21 särskildt
522 546 149 26 sammandrag
690 546 30 20 öf-

149 586 37 14 ver
201 579 36 21 det
251 580 59 20 antal
321 580 127 27 röstegande
459 580 40 21 och
510 579 114 22 betalande
634 580 87 25 mantal,

149 614 78 21 hvaraf
238 616 119 25 pastoratet
372 614 52 22 eller
438 614 133 29 kyrkogället
580 613 78 27 bestär,
669 614 53 22 hvil-

149 649 36 21 ket
200 649 151 28 sammandrag
365 648 85 28 ätföljer
464 649 126 28 vallängden
607 649 33 21 till
657 649 64 21 Dom-

150 682 95 28 kapitlet,
261 682 34 22 för
314 685 37 25 att,
367 690 34 18 om
419 684 92 27 tjensten
529 684 108 20 derstädes
652 683 69 21 besät-

149 719 39 24 tes,
197 717 34 21 vid
241 717 265 28 kartasigillata-afgiftens
517 717 136 22 beräknande
665 718 58 27 tjena

150 752 33 21 till
195 752 150 27 efterrättelse;
361 752 101 22 skolande
477 752 145 27 Domkapitlet
631 752 92 21 nämnde

150 786 151 28 sammandrag
315 786 34 21 till
363 786 91 22 Senaten
468 786 97 26 insända,
581 785 27 22 dä
625 785 98 22 fullmakt

151 821 38 21 der
203 821 98 21 utfärdas
317 820 50 22 eller
381 821 85 21 utlöses.

152 856 33 20 6:0
201 854 12 22 ä
224 855 245 28 kapellansbeställning,
482 854 27 22 dä
519 855 63 21 lönen
593 856 26 20 är
629 855 33 21 till
672 855 53 21 visst

180 890 77 27 belopp
276 890 8 20 i
301 890 119 28 penningar
437 890 104 26 bestämd,
561 892 13 19 4
595 891 89 26 procent
702 890 25 20 af

180 924 70 21 lönen.

180 958 42 22 För
233 958 137 28 kapellanens
381 958 123 22 obestämda
515 959 116 21 inkomster
645 958 24 22 af
681 958 43 22 för-

153 993 117 27 samlingen
284 992 114 22 beräknas:

152 1028 8 20 i
177 1027 188 27 landsförsamling
386 1027 35 21 för
442 1027 74 27 hvarje
536 1027 127 27 röstegande
685 1027 40 21 och

180 1062 115 21 betalande
313 1061 86 27 mantal,
421 1061 228 28 kleresilägenheterna
671 1061 54 22 dock

182 1096 139 27 undantagna
353 1111 374 6 «sen
715 1092 15 36 A

154 1132 55 19 samt
219 1130 7 20 i
238 1129 184 28 stadsförsamling
434 1137 25 14 en
470 1129 99 22 femtedel
576 1129 24 22 af
610 1129 39 21 den
657 1130 68 25 karta,

183 1171 45 14 som
234 1164 33 21 för
275 1163 183 28 pastorsfullmakt
463 1164 7 20 i
476 1163 177 28 nyssföregäende
658 1164 69 27 punkt

183 1199 25 21 är
221 1198 146 21 föreskrifven.

156 1235 33 19 7:0
205 1231 12 22 &
232 1233 248 26 sockneadjunktstjenst,
492 1231 27 22 dä
530 1231 90 22 boställe
635 1230 92 29 åtföljer,

184 1267 33 21 för
231 1267 75 27 hvarje
320 1267 57 21 inom
392 1266 212 28 aflöningsdistriktet
622 1265 106 28 befintligt

184 1301 127 27 röstegande
330 1301 40 21 och
387 1300 114 22 betalande
518 1300 87 25 mantal,
620 1300 108 20 kleresilä-

185 1335 130 27 genheterna
329 1334 54 21 dock
397 1334 138 26 undantagna
554 1350 4 4 .
582 1349 5 5 .
610 1349 5 5 .
639 1348 4 5 -
666 1349 5 5 .
695 1348 4 5 .
723 1348 5 5 «

186 1376 48 14 men
249 1376 35 14 om
298 1368 90 22 boställe
403 1368 19 28 ej
437 1368 73 24 finnes,
523 1367 75 22 endast.
635 1383 8 5 .
666 1384 5 4 .
694 1382 5 5 .
724 1383 5 4 .

157 1405 34 20 8:0
207 1403 12 22 å
234 1402 228 29 adjunktsbeställning
480 1402 51 22 eller
550 1409 70 14 annan
637 1403 92 26 prester-

185 1438 30 28 lig
232 1437 129 28 befattning,
380 1437 34 21 för
428 1437 84 22 hvilken
531 1436 120 28 aflöningen
665 1435 64 23 beror

766 204 26 20 50

766 237 26 20 25

767 272 26 18 80

767 305 26 19 80

754 373 39 20 160

799 101 32 15 701

825 1096 26 20 25
