1017 1659
184 128 33 15 720
381 125 72 23 Nädiga
464 126 139 21 Propositionen
615 126 35 17 N:o
663 127 26 15 15.

157 188 32 28 pä
197 188 123 28 .stämpladt
333 195 89 20 papper,
438 186 28 23 dä
480 188 83 22 enskild
577 194 78 21 person
669 188 26 21 är
709 189 50 26 part
773 188 8 20 i
795 187 72 27 saken,
882 186 30 29 pä

159 224 45 23 sätt
214 223 10 22 i
234 224 61 21 1:sta
309 222 96 27 punkten
419 224 26 19 är
459 222 69 27 sagdt.

229 258 54 20 15:0.
312 255 51 26 Mål,
379 263 45 14 som
435 256 35 21 vid
483 256 91 22 domstol
585 256 40 21 och
637 256 133 21 embetsverk
780 256 133 22 förekomma

159 291 92 21 rörande
266 290 95 28 följande
375 290 109 22 allmänna
499 290 50 21 verk
564 290 41 21 och
619 290 144 28 inrättningar
778 292 56 21 samt
850 290 62 22 deras

159 326 51 25 rätt,
225 325 118 27 nämligen:
359 324 300 26 Alexanders-Universitetet,
674 325 102 21 Finlands
790 324 67 26 Bank,
874 325 38 27 Sy-

160 359 110 21 sterbäcks
289 358 154 28 gevärsfaktori
463 358 49 22 med
529 358 161 28 underlydande
708 359 136 27 egendomar,
862 359 51 27 Kej-

160 393 79 28 serliga
257 393 118 21 kabinettet
393 393 40 21 och
452 393 121 21 Alexander
591 393 89 27 Newsky
699 393 81 21 kloster
797 393 8 21 i
824 393 32 21 S:t
873 393 40 21 Pe-

157 428 108 27 tersburg,
279 428 52 27 väg-
346 428 41 20 och
403 428 346 26 vattenkommunikationsverket,
768 427 69 22 finska
857 428 57 21 civil-

160 464 88 24 statens,
270 462 117 21 militärens
409 463 55 19 samt
485 461 143 21 ecklesiastik-
647 462 39 20 och
705 462 127 21 skolstatens
851 462 63 21 enke-

158 497 43 22 och
219 496 150 28 pupillkassor,
392 496 109 21 allmänna
521 496 222 28 hbrandstodsbolagen
760 496 35 21 för
812 496 102 22 städerna

160 531 42 23 och
207 530 81 26 landet,
300 530 219 27 försäkringsbolaget
527 530 85 27 Sampo,
621 530 292 28 sjöassuransföreningarne,

160 564 251 29 hypotheksföreningen,
431 564 200 26 lifränteanstalten,
650 564 138 28 sparbanker,
807 565 107 27 ingvarte-

160 599 78 28 rings-;
251 598 121 28 byggnads-
386 606 28 14 m.
430 598 21 21 fl.
466 598 109 27 komitöer,
590 598 86 28 kyrkor,
692 600 128 27 gymnasier,
835 599 79 27 skolor,

161 634 125 27 hospitaler,
298 632 136 28 fattigvärds-
443 633 40 21 och
494 633 250 28 pensionsinrättningar,
756 632 158 29 hushällnings-

162 668 40 21 och
216 667 183 27 hibelsällskaper,
414 667 98 21 litterära
530 668 39 20 och
584 668 160 27 vetenskapliga
761 668 106 26 samfund,
882 668 32 21 fa-

160 702 123 21 kulteterna
300 702 36 21 vid
353 701 299 27 Alexanders-Universitetet,
671 702 72 27 adliga
758 702 157 28 jungfrustifts-

161 737 146 27 inrättningen
326 736 7 21 i
351 736 90 21 Finland
460 738 56 19 samt
534 736 87 21 sockne-
637 736 39 21 och
694 737 221 27 understödsmagasi-

160 776 46 21 ner,
222 770 109 22 äfvensom
348 770 91 21 fromma
458 770 106 26 stiftelser,
580 770 65 22 likväl
663 770 77 22 endast
753 771 57 21 hvad
824 770 15 22 &
853 771 63 21 dessa

160 804 63 23 verks
242 805 40 21 och
301 805 154 27 inrättningars
473 806 81 26 vägnar
571 804 104 22 inlemnas
694 805 52 21 eller
763 805 35 21 till
816 805 48 21 dem
881 807 33 20 ut-

162 839 90 23 färdas..

231 875 54 19 16:0.
315 873 45 21 Allt
377 873 56 21 hvad
451 873 8 21 i
477 872 73 29 frägor
568 873 92 21 rörande
678 874 114 27 pensioner
806 881 26 14 ur
846 874 69 28 krigs-

159 907 190 26 manshasfonden,
369 907 51 21 eller
438 908 39 21 ock
495 908 35 21 för
548 907 67 22 enkor
633 908 40 21 och
691 908 55 21 barn
765 908 53 21 efter
836 908 79 22 aflidne

162 942 91 22 embets-
269 942 40 21 och
327 942 128 27 :tjenstemän
473 941 48 22 från
539 942 108 21 allmänna
665 944 63 20 stats-
743 943 41 21 och
798 942 118 22 militieme-

161 976 36 22 del
212 978 56 19 samt
285 976 44 22 alla
347 976 89 27 publika
451 976 40 22 och
506 976 96 22 enskilda
617 976 62 22 enke-
694 977 41 21 och
749 977 145 27 pupillkassor
908 977 8 21 i

162 1010 74 22 landet
249 1010 92 28 ingifves
356 1010 40 22 och
410 1010 105 22 utfärdas.

232 1046 54 20 17:0.
316 1045 61 21 Bevis
393 1045 40 21 och
448 1044 138 26 vittnesbörd,
603 1045 46 21 dem
669 1045 113 27 gymnasii-
801 1046 40 21 och
859 1045 56 21 skol-

162 1078 103 26 rektorer,
277 1077 148 23 föreständare
439 1078 34 22 för
487 1079 206 27 navigationsskolor
709 1080 40 20 och
763 1079 61 27 lägre
838 1080 78 20 under-

162 1112 199 28 visningsanstalter
375 1114 56 19 samt
445 1112 85 28 privata
543 1112 72 21 lärare
626 1113 40 21 och
677 1113 239 27 undervisningsinrätt-

162 1146 77 28 ningar
257 1146 33 21 till
308 1146 69 22 elever
395 1146 94 26 utfärda,
508 1146 108 21 äfvensom
634 1146 151 28 ansökningar,
804 1146 72 22 hvilka
894 1146 24 22 af

162 1180 130 23 studerande
306 1180 36 22 vid
356 1180 294 22 Alexanders-Universitetet
668 1180 3 21 i
690 1181 40 21 och
745 1181 35 21 för
795 1180 121 22 undfäende

162 1213 25 21 af
203 1213 117 27 stipendier
337 1214 34 20 till
388 1213 161 21 Universitetets
567 1214 158 21 Konsistorium
743 1215 40 20 och
800 1214 116 22 fakulteter

162 1247 98 27 ingifvas.

233 1284 53 19 18:0.
315 1282 212 22 Permissionssedlar
541 1281 34 22 för
592 1289 108 21 personer,
719 1282 95 22 hörande
830 1282 32 22 till
876 1282 40 22 fin-

162 1316 40 23 ska
216 1317 108 21 militären
339 1317 40 21 och
394 1316 299 28 arbetskommenderingarne
707 1316 8 22 i
729 1316 79 22 landet.

233 1353 54 20 19:0.
321 1351 154 28 Redogörelser
497 1352 40 21 och
559 1352 141 27 uträkningar
721 1351 60 22 öfver
802 1352 114 28 omyndiga

163 1386 65 22 barns
243 1386 70 22 medel
327 1386 49 21 med
391 1386 72 21 dertill
477 1386 95 21 hörande
586 1386 90 28 bilagor.

233 1422 55 20 20:0.
311 1421 134 21 Testamente
460 1421 33 21 till
507 1420 68 26 make,
591 1420 124 28 skyldemän
729 1420 8 21 i
751 1422 45 20 rätt
809 1428 55 20 upp-
876 1422 40 20 och

163 1455 141 27 nedstigande
322 1455 35 22 led
379 1455 52 21 eller
452 1455 84 28 syskon,
559 1454 108 22 äfvensom
689 1454 34 22 till
744 1455 172 28 undervisnings-
