1025 1661
347 94 73 23 Nådiga
430 95 137 22 Propositionen
578 95 35 16 N:o
626 96 28 15 21.
807 96 44 16 1017

263 157 35 22 het
317 158 138 27 öfverlemna,
474 161 33 18 att
521 158 118 29 förordna,
663 158 106 22 huruvida
790 156 94 31 ifräga-

261 192 95 21 varande
376 193 122 28 ersättning
515 193 43 25 må,
574 193 102 41 antingen
694 191 75 30 genom
783 196 92 17 motsva-

261 227 68 20 rande
341 227 176 28 löneförhöjning
528 227 52 21 eller
587 227 33 28 på
631 231 68 17 annat
710 227 103 28 lämpligt
823 228 60 24 sätt,

262 260 36 21 till
315 259 156 29 Hofrätternes
490 260 116 22 ledamöter
625 261 39 21 och
682 261 127 35 tjenstemän
822 263 52 19 utur

261 293 136 21 statsmedlen
411 295 60 27 utgå.

191 395 12 21 I
220 396 155 27 sammanhang
392 395 90 22 härmed
499 396 40 21 har
557 396 104 21 utskottet
679 397 70 20 ansett
767 396 32 27 sig
821 396 53 21 böra

123 430 58 22 fästa
198 429 131 22 Ständernas
348 430 189 27 uppmärksamhet
553 429 30 28 på
600 429 74 28 några,
689 430 163 28 lagskipningen
865 431 8 21 i

123 465 73 21 landet
210 466 55 20 nära
278 465 126 28 berörande,
423 464 79 28 frågor,
519 464 83 22 hvilkas
619 464 81 28 lagliga
718 465 40 20 och
776 464 97 29 följdrik-

123 499 45 28 tiga
183 499 109 22 ordnande
306 499 68 21 skulle
388 499 77 28 bringa
479 499 53 22 reda
546 499 41 21 och
597 499 183 27 samstämmighet
790 499 8 20 i
808 500 72 20 rätts-'

122 533 122 22 väsendet
237 529 12 36 i
259 533 74 22 landet
348 535 55 20 samt
417 533 124 28 ytterligare
551 533 78 21 'stärka
643 533 36 22 det
694 533 122 22 förtroende
827 533 44 49 lag:

123 568 126 27 skipningen
263 568 114 21 härstädes
391 567 68 22 redan
474 567 99 29 åtnjuter.

191 601 65 22 Utom
271 602 46 22 de
308 597 15 38 i
335 603 55 20 1734
409 601 35 22 års
462 602 36 28 lag
515 601 127 23 omnämnde
656 602 109 22 allmänna
780 576 91 59 dönisto"

122 636 40 26 lar,
177 636 69 22 finnas
261 636 7 21 i
285 636 75 22 landet
377 635 107 29 åtskilliga
502 636 202 28 specialdomstolar,
721 636 24 21 af
760 636 72 22 hvilka
845 643 28 16 en

122 671 36 21 del
171 671 51 27 föga
236 670 52 22 eller
302 670 87 22 alldeles
403 670 47 22 icke
465 670 84 22 anlitas.
571 670 41 21 Till
623 670 70 21 denna
703 671 98 27 kategori
811 671 60 26 höra,

122 706 57 20 utom
196 705 45 21 öfre
258 705 41 21 och
317 705 65 21 nedre
395 704 163 28 Borgrätterne,
577 704 71 22 hvilka
667 704 127 22 domstolars
812 705 60 21 verk-

122 739 93 27 samhet,
236 739 8 21 i
266 739 106 21 anseende
393 739 34 21 till
448 738 122 22 nuvarande
591 738 151 22 förhållanden
763 740 7 20 i
792 739 79 27 landet,

122 774 62 21 torde
201 774 25 22 af
241 774 33 27 sig
291 774 51 27 sjelf
361 773 96 27 förfallit,
476 773 61 22 äfven
559 773 167 22 Slottsrätterne.
756 773 117 28 Angående

121 808 61 22 desse
197 808 130 21 sistnämnde
342 808 117 22 domstolar
474 808 85 27 stadgas
577 808 32 21 uti
627 808 76 27 Kongl.
718 805 153 31 förordningen

122 842 40 22 den
177 843 27 20 22
219 842 50 21 Juni
287 843 61 25 1696,
364 843 32 20 att
409 842 35 21 vid
463 842 43 21 alla
523 842 51 21 slott
587 841 8 22 i
609 841 56 22 riket
678 841 68 22 borde
761 842 110 21 Slottsrät-

121 878 33 19 ter
168 876 87 26 införas,
272 876 29 21 uti
316 876 72 21 hvilka
403 876 158 22 vederbörande
575 876 152 28 landshöfding
742 876 67 21 skulle
824 877 47 21 föra

121 910 61 22 ordet
200 912 56 20 samt
277 911 125 21 bisittarene
419 907 88 31 utgöras
529 910 24 22 af
571 910 148 28 borgmästare
741 911 40 21 och
802 910 69 29 några

121 944 90 22 rådmän
229 945 7 21 i
255 945 100 21 städerne
370 945 66 27 jemte
454 944 67 29 några
540 945 68 21 andra
625 945 97 27 lagfarne
740 945 54 27 gode
813 947 56 25 män,

121 986 47 15 som
182 978 66 29 aflagt
263 979 120 26 domareed,
398 978 25 22 så
438 980 32 20 att
484 980 164 20 medlemmarne
662 980 8 20 i
685 979 69 21 denna
769 979 57 27 Rätt,
837 980 32 21 in-

121 1013 119 22 beräknadt
258 1014 151 26 ordföranden,
428 1013 67 22 blifva
512 1014 33 27 sju
562 1013 33 21 till
613 1013 87 21 antalet.
729 1013 73 28 Enligt
820 1014 50 28 Kej-

120 1048 79 27 serliga
220 1048 152 27 förordningen
395 1048 41 21 den
458 1049 26 19 27
506 1047 117 22 December
647 1049 53 20 1817
719 1050 107 26 upptagas
848 1048 25 22 af

122 1080 110 24 Slottsrätt
249 1082 44 22 alla
310 1082 50 26 mål,
379 1082 136 27 hvarigenom
533 1081 140 28 borgsfreden
694 1082 70 21 blitvit
784 1082 85 26 bruten,

121 1116 51 22 eller
189 1117 65 25 brott,
274 1123 46 14 som
337 1115 66 28 begås
422 1116 25 21 af
462 1123 107 20 personer,
587 1117 60 20 utom
665 1116 47 21 hof-
726 1117 40 20 och
781 1116 88 21 militär-

121 1152 76 24 staten,
216 1149 58 22 såväl
291 1151 59 20 imom
368 1150 25 21 de
412 1150 40 21 hus
470 1151 40 20 och
532 1149 79 28 gårdar
633 1150 38 21 der
692 1150 104 27 Kejsaren
818 1150 51 21 eller

120 1185 120 28 Kejserliga
254 1184 102 28 familjen,
370 1184 70 21 under
454 1184 61 22 deras
531 1184 84 22 vistelse
633 1184 7 20 i
654 1183 98 27 Finland,
766 1183 103 29 uppehål-

120 1219 32 27 ler
171 1219 42 27 sig,
232 1226 46 14 som
296 1219 58 21 inom
376 1218 102 21 Senatens
500 1219 39 20 och
561 1218 151 21 Hofrätternas
733 1218 136 26 embetsrum,

121 1255 55 20 samt
191 1252 13 22 å
219 1253 43 22 alla
281 1253 25 21 de
324 1252 70 22 fästen
411 1253 8 20 i
436 1252 78 27 landet,
533 1259 46 15 som
593 1252 54 21 bära
661 1259 65 14 namn
740 1252 25 21 af
776 1253 93 21 kronans

121 1287 60 25 slott;
197 1287 112 21 hvarutom
320 1287 33 20 till
364 1287 120 20 Slottsrätts
499 1287 130 26 behandling
643 1287 73 20 vidare
729 1287 71 24 hörer,
814 1287 54 26 tjen-

121 1320 61 22 stefel
200 1321 24 20 af
241 1321 40 20 den
298 1321 35 20 vid
355 1320 181 27 länefängelserne
557 1320 105 21 anställde
683 1320 119 27 betjening,
821 1320 46 26 och;

117 1355 85 28 jemlikt
217 1356 54 20 1798
287 1353 34 23 års
335 1354 154 28 krigsartiklar,
505 1355 58 20 brott
577 1354 40 21 och
632 1353 117 26 förseelser,
765 1361 46 14 som
826 1353 42 22 för-

121 1389 58 22 öfvas
198 1390 23 21 af
237 1388 72 30 någon
329 1388 34 22 till
379 1388 83 22 mindre
480 1388 173 28 kommendering
671 1388 25 22 af
710 1388 104 28 krigsfolk
830 1388 38 21 hö-

120 1424 68 23 rande
201 1431 79 22 person
295 1423 14 23 &
323 1424 41 23 den
379 1425 40 25 ort,
435 1423 37 22 der
486 1423 151 28 landshöfding
655 1423 41 22 har
709 1423 38 22 sitt
761 1424 51 25 säte,
828 1423 40 21 och
