1017 1670
203 133 33 16 772
401 131 71 23 Nådiga
483 133 137 20 Propositionen
632 131 34 18 N:o
680 133 26 16 15.

247 237 85 28 lysning
347 235 73 29 begär,
434 243 48 14 men
490 236 43 29 får
548 235 53 23 dock
610 236 42 29 för
668 236 123 28 ståndsper-

246 278 39 13 80N
300 271 20 28 ej
334 271 128 28 understiga.
503 286 4 5 «
531 286 4 5 .
561 286 31 5 sr
616 286 32 5 ss
672 286 33 5 ss
728 286 62 5 os

247 305 39 21 och
294 305 43 29 för
352 312 72 14 annan
446 320 344 6 ess
587 301 73 37 ses
673 301 40 37 er
728 301 66 37 sec

190 339 200 29 Magisterbref,
405 346 21 14 se
442 339 104 29 diplom.

189 373 185 30 Mästarebref
393 389 1 5 .
420 390 2 5 .
445 389 147 6 0.
615 389 5 6 H
643 390 119 5 olka
697 369 13 37 m
728 390 34 5 ko
784 389 5 6 E

189 408 136 29 Mätebref
413 424 93 5 NV
530 424 260 6 NK.

189 440 301 32 Naturalisationsbref
514 442 38 22 och
577 442 213 22 tillständsreso-

218 478 98 20 lution:

219 511 31 22 1:0
266 512 14 21 &
295 512 94 29 beviljad
403 514 48 19 rätt
466 516 33 17 att
513 513 33 27 pä
555 512 73 28 finska
642 512 150 22 Riddarhuset

246 548 66 20 vinna
326 547 163 21 introduktion:

240 582 43 28 för
292 582 137 29 fremmande
446 582 59 28 adlig
521 583 33 20 ätt
587 597 33 5 ..
643 598 5 4 .
671 597 118 5 0...

244 617 40 28 för
340 617 46 21 dito
442 616 122 29 friherrlig
614 632 6 6 <.
647 632 1 4 <
672 631 118 6 <.

240 651 43 29 för
307 647 13 37 —
341 651 45 21 dito
448 651 81 29 greflig
561 666 31 5 <.
615 666 89 5 --..
728 665 62 6 eaa

218 685 36 23 2:0
267 686 42 29 för
327 684 103 22 utländsk
450 685 114 26 adelsman,
584 688 33 18 att
630 688 107 26 upptagas
752 692 39 14 un-

247 720 38 22 der
300 720 68 21 redan
382 720 155 21 introducerad
552 721 34 19 ätt
615 735 5 5 .
643 735 5 5 .
672 735 4 6 .
700 736 4 4 .
728 734 34 6 ..

218 753 24 22 3:0
244 754 59 30 för
315 754 106 22 vinnande
434 754 25 30 af
467 754 189 28 meddorgarerätt
666 755 9 20 i
682 735 109 41 Finland:

240 790 42 28 för
297 789 159 29 ständsperson,
471 789 121 21 handlande
608 788 38 22 och
655 788 136 30 fabrikant
780 784 14 38 .

240 824 42 29 för
298 824 74 28 hvarje
388 831 72 13 annan
476 840 4 4 .
506 839 58 5 «ss
588 838 203 6 n.

191 856 225 28 Notariatsbevis,
432 858 25 29 af
470 858 55 21 hvad
540 865 65 14 namn
620 857 39 21 och
674 857 117 56 beskaffen-

219 893 34 21 het
268 893 35 21 det
317 899 55 14 vara
386 893 36 20 må
448 909 4 4 .
478 908 2 5 «
504 908 33 5 sc
561 908 33 5 ss
617 907 33 6 vc

191 927 61 22 Pass
267 927 101 29 utfärdas
382 927 33 28 på
430 927 118 28 stämpladt
562 933 86 22 papper
663 907 43 41 tll
712 908 79 39 sadan-

219 961 85 22 stående
322 961 80 28 belopp,
418 962 122 27 nämligen:

219 996 31 21 1:o
267 995 103 29 Resepass
384 997 36 20 till
435 995 81 22 utrikes
532 999 48 17 ort:

241 1031 41 28 för
298 1030 152 28 ständsperson
475 1046 5 5 .
504 1045 117 6 scsse
644 1045 33 6 se
701 1046 33 5 ss
758 1046 32 5 vc

240 1065 44 28 för
298 1065 70 29 gesäll
393 1080 2 5 «
447 1079 89 7 «sc.
615 1079 6 6 ss
644 1080 146 6 ses

240 1099 43 29 för
302 1100 90 27 allmoge
412 1099 38 20 och
468 1080 128 47 tjenstekjon
613 1106 27 13 m.
651 1099 25 28 fl.
695 1099 95 22 hörande

278 1134 35 21 till
328 1133 40 21 den
384 1133 114 21 arbetande
515 1133 83 22 klassen
616 1149 5 4 .
644 1149 5 5 .
672 1149 5 6 .

218 1167 37 21 2:o
269 1167 86 29 Biljett,
371 1175 44 13 som
432 1168 101 27 utfärdas
552 1168 25 28 af
587 1146 119 54 Cuberasn
720 1151 23 38 åt
757 1151 33 38 ut-

247 1203 91 26 länning
347 1202 42 27 för
404 1209 49 13 resa
469 1202 38 20 och
518 1203 83 19 vistelse
612 1203 59 20 inom
682 1202 108 21 Finland:

240 1235 42 27 för
298 1235 151 27 ständsperson
462 1235 30 26 på
507 1233 15 21 J
536 1235 103 20 månader
672 1251 5 5 .
700 1251 90 5 ....

253 1263 15 35 »”
365 1276 10 12 ”
462 1269 32 27 På
509 1268 52 21 Lär
587 1284 62 6 sas
672 1285 118 5 oss
779 1264 15 36 6

258 1310 10 11 ”
295 1303 69 27 gesäll
376 1302 32 28 pä
422 1301 14 21 3
450 1302 104 22 månader
587 1318 33 5 ..
644 1319 5 5 .
672 1320 4 4 .
700 1320 5 4 .
728 1320 62 5 ...

258 1345 12 11 ”
326 1346 10 10 ”
376 1336 34 29 pä
425 1336 10 21 1
450 1337 26 21 Är
503 1352 286 7 VN.

258 1380 12 10 »
296 1372 90 28 allmoge
401 1378 28 14 m.
440 1371 24 27 fl.
476 1371 32 28 pä
523 1370 15 22 3
552 1371 104 21 månader
672 1388 4 5 .
700 1388 4 5 .
728 1388 61 5 ...

257 1414 11 11 ”
374 1414 11 11 ”
476 1406 32 27 På
523 1406 51 20 La:
587 1422 201 6 sm
696 1402 39 35 ss
754 1402 38 35 rr

218 1438 36 22 3:o
270 1439 63 27 Pass,
348 1447 45 13 som
406 1440 105 21 utlemnas
523 1440 25 28 af
558 1439 113 23 Guvernör
682 1441 24 20 ät
717 1442 73 20 utlän-

834 581 40 20 400

834 616 40 20 800

815 650 59 23 1,600

848 788 27 20 40)

850 824 24 19 10

888 1306 26 20 50

889 1340 25 20 50

888 1376 26 19 40
