1017 1661
181 98 34 16 794
378 95 71 24 Nådiga
461 97 137 21 Propositionen
611 97 35 16 N:o
659 97 26 16 15.

157 163 46 17 sten
224 159 26 29 af
265 159 79 26 nöden,
366 159 83 29 åtnjute
465 159 203 29 försäljningsman
684 159 74 28 frihet
773 159 59 28 från
854 158 54 23 både

152 197 78 25 porto-
246 193 39 21 och
303 193 198 30 'assuransafgifter,
517 193 24 21 sä
557 193 37 21 ock
603 193 43 28 för
661 193 32 22 all
707 201 74 14 annan
794 195 10 19 i
818 193 40 22 och
866 193 54 30 för

158 227 54 22 hans
227 228 121 29 befattning
364 227 133 35 erforderlig
512 227 181 29 korrespondans.
887 240 2 4 i

227 261 82 23 Genom
328 255 150 28 Guvernörens
495 263 10 19 i
526 261 101 39 Wiborgs
651 263 37 19 län
703 262 95 28 försorg
820 265 90 25 antages

155 297 82 29 jemväl
254 296 38 21 vid
305 295 74 28 finska
393 295 207 29 Passeapeditionen
617 296 10 20 i
641 295 37 22 S:t
692 295 134 29 Petersburg
842 296 68 28 lämp-

159 332 31 28 lig
202 331 208 29 försäljningsman,
430 330 85 22 hvilken
533 337 49 21 eger
601 330 170 22 tillhandahålla
792 330 118 22 allmänhe-

159 370 35 17 ten
215 366 25 21 de
263 365 87 22 valörer
372 365 25 28 af
417 364 118 29 stämpladt
552 371 86 22 papper
661 364 38 22 och
722 364 188 29 stämpelmärken,

158 407 45 15 som
215 400 42 29 för
273 399 95 29 behofvet
383 399 111 22 derstädes
513 399 72 21 kunna
599 399 120 28 erfordras.
749 398 100 23 Nämnde
858 399 53 29 för-

159 435 158 28 säljningsman
332 434 95 28 åtnjuter
442 433 13 22 4
468 437 89 25 procent
571 435 10 20 i
595 435 116 27 provision
725 434 65 29 jemte
806 433 58 22 skild,
878 440 34 15 er-

160 469 98 28 sättning
267 468 42 29 för
321 471 66 25 porto
403 468 39 21 och
457 475 108 19 assurans,
581 471 56 18 samt
652 469 76 21 ställer
743 469 34 28 sig
786 468 42 29 för
840 468 72 29 öfrigt

160 504 36 21 till
211 503 145 28 efterrättelse
367 503 45 20 alla
423 503 24 20 de
456 502 153 29 föreskrifter,
625 509 44 14 som
677 503 42 29 för
736 503 70 28 öfrige
816 502 96 29 försälj-

159 538 117 28 ningsmän
295 537 39 20 äro
353 537 100 28 gällande
473 540 54 17 samt
546 537 25 28 af
587 536 325 22 Minister-Statssekreteraren

160 572 55 28 efter
224 571 174 29 förhållandena
413 570 74 22 kunna
501 571 115 21 anordnas.

229 604 47 22 Hos
291 605 25 22 de
332 605 91 21 sålunda
438 608 96 26 antagna
542 605 246 29 försäljningsmännen
798 612 50 21 eger
863 605 53 21 kro-

161 648 49 18 nan,
229 640 9 20 i
257 640 100 21 händelse
376 640 25 28 af
417 640 75 21 balans
511 640 52 21 eller
582 639 111 22 bristande
711 639 143 29 redogörelse,
870 640 43 28 för

162 674 247 28 kartasigillatamedlen
428 681 81 14 samma
521 674 152 29 förmånsrätt
691 681 44 14 som
757 674 38 21 hos
818 673 95 22 kronans

162 708 162 29 uppbördsmän
337 709 10 20 i
362 708 123 22 allmänhet.

508 763 12 28 $
535 761 38 22 33.

231 804 85 31 Hvarje
333 805 228 29 försäljningskontor
584 805 25 21 så
629 806 10 20 i
661 806 50 21 stad
732 812 45 15 som
790 806 34 28 pä
842 806 74 22 landet
932 811 2 2 '

164 840 56 21 skall
234 840 45 21 alla
295 839 152 29 söcknedagar,
461 840 58 29 från
534 839 90 22 klockan
640 838 14 22 9
662 840 171 29 föremiddagen
848 841 36 21 till
902 839 14 25 7

165 874 177 29 eftermiddagen,
359 874 70 22 hållas
444 875 69 28 öppet.
536 874 107 21 Beträdes
652 875 202 29 försäljningsman
868 875 48 21 med

159 909 152 29 försummelse
326 909 51 21 eller
392 910 59 20 visar
467 909 44 21 han
526 909 89 28 ogenhet
629 909 52 21 eller
693 908 57 22 beter
761 910 35 27 sig
807 910 109 20 otillstän-

164 943 50 28 digt
232 946 55 18 emot
306 943 149 26 allmänheten,
471 942 66 22 varde
549 943 202 29 försäljningsman
768 947 77 24 genast
857 944 59 28 från

166 977 148 29 befattningen
332 976 57 22 skild
401 973 44 25 'och
464 984 71 14 annan
544 978 202 28 försäljningsman
760 978 10 20 i
785 977 53 22 hans
853 978 64 21 ställe

166 1011 165 29 tillförordnad.

511 1050 12 27 $
538 1047 34 22 34.

235 1091 32 29 Ej
280 1092 35 20 mä
328 1092 202 28 försäljningsman
544 1092 25 27 af
583 1091 79 28 köpare
671 1091 85 29 fordra
770 1098 46 14 mer
832 1093 29 20 än
875 1092 41 21 den

167 1133 81 14 summa
267 1126 69 21 hvarä
354 1127 106 27 stämpeln
478 1126 70 29 lyder;
566 1125 49 21 sker
634 1125 78 22 sådant
731 1125 75 27 likväl,
826 1134 90 14 ansvare

168 1161 43 20 han
232 1160 87 29 derföre
341 1161 70 20 såsom
428 1161 41 28 för
491 1161 65 28 olaga
577 1159 99 29 uppbörd
695 1159 39 22 och
751 1167 52 14 vare
826 1161 64 29 äfven
907 1162 11 20 i

167 1194 61 22 detta
235 1195 48 28 fall
297 1198 76 24 genast
381 1195 58 27 från
454 1195 147 28 befattningen
615 1194 64 21 skild.

512 1249 12 27 8
539 1246 34 22 35.

240 1291 43 21 Vid
304 1292 109 28 utgången
436 1292 25 28 af
481 1291 74 29 hvarje
578 1291 56 29 halft
657 1291 26 21 år
705 1291 56 22 skall
783 1292 41 22 allt
847 1292 71 22 osåldt

169 1326 146 29 kartaförråd
334 1326 37 21 hos
386 1326 25 20 de
426 1330 93 24 antagne
533 1326 243 29 försäljningsmännen
789 1328 130 26 inventeras,

168 1362 55 28 efter
232 1360 149 30 förteckning,
397 1368 45 14 som
457 1361 47 21 dem
519 1361 85 28 åligger
613 1361 67 28 förut
690 1362 25 20 in
726 1361 65 29 duplo
806 1363 114 28 upprätta,

169 1399 55 18 samt
246 1395 57 22 hvad
324 1395 65 30 deraf
405 1395 37 22 hos
460 1396 48 21 dem
526 1397 27 20 är
571 1396 9 20 i
598 1395 71 22 behåll
691 1396 36 22 till
748 1397 65 21 nästa
835 1392 85 51 halfårs

169 1431 139 28 redovisning
322 1430 157 22 utbalanseras.
