1014 1670
319 138 72 24 Nädiga
402 140 136 22 Propositionen
550 140 35 18 N:o
597 141 28 16 21.
790 141 34 17 963

91 201 53 24 ”lådt
158 208 84 23 papper
256 202 33 23 till
303 204 48 21 dem
370 204 40 22 och
428 204 33 23 till
475 204 124 23 Hofrättens
614 204 114 28 protokoll,
744 204 105 23 förklara-

98 237 38 22 des
150 238 91 21 medelst
258 238 76 29 Kongl.
353 239 86 22 Brefvet
458 239 40 22 den
517 241 24 19 31
558 239 90 22 Januari
668 240 61 25 1777,
746 239 105 28 jemfördt

92 271 55 22 med
161 271 77 28 Kongl.
253 273 161 28 Förordningen
429 274 41 21 den
486 275 25 19 12
527 273 119 22 November
659 275 61 24 1766,
735 275 33 20 att
783 274 35 21 det
830 273 18 28 ej

97 313 52 14 vore
166 306 75 28 nödigt
258 309 33 19 att
309 307 64 21 akten
392 307 115 22 afskrefves
525 308 34 21 för
575 307 203 26 revisionssökande,
797 309 53 20 utan

98 339 68 22 borde
181 341 123 21 densamma
318 341 108 26 insändas,
441 341 54 22 efter
510 342 36 21 det
563 343 77 26 parten
655 342 67 28 enligt
735 344 52 19 taxa
802 342 47 21 der-

98 374 35 21 för
155 374 69 28 erlagt
244 375 65 22 lösen.
338 375 34 22 Då
394 375 82 22 således
498 376 92 21 nämnde
611 377 128 27 handlingar
761 383 89 15 numera

97 408 48 22 icke
164 409 60 21 skola
241 410 7 20 i
266 409 114 23 Hofrätten
399 410 118 27 afskrifvas,
537 413 52 19 utan
608 410 54 22 böra
680 411 8 20 i
706 410 145 22 hufvudskrift

97 443 35 21 till
146 443 83 28 Högsta
242 444 124 22 Domstolen
384 444 107 28 insändas,
510 446 25 20 är
554 445 35 21 det
607 444 19 28 ej
645 445 67 21 heller
730 444 71 28 billigt
818 446 33 20 att

98 477 60 22 lösen
172 478 34 21 för
221 486 82 14 samma
317 478 128 29 handlingar
459 480 39 21 hos
513 480 114 21 Hofrätten
639 479 24 22 af
671 480 179 21 revisionssökan-

98 512 42 22 den
155 513 103 27 erlägges,
273 513 51 21 eller
340 513 117 28 stämpladt
474 521 83 21 papper
574 514 33 21 till
625 514 156 28 handlingarne
795 515 56 21 samt

97 547 130 27 protokollet
241 548 96 27 ingifves,
352 550 53 19 utan
422 548 41 22 bör
481 548 127 29 stadgandet
622 548 8 21 i
645 548 146 22 förstnämnde
805 548 45 28 lag-

97 589 49 14 rum
168 582 40 22 och
230 582 76 29 Kongl.
329 582 134 29 Förordning
488 583 107 22 förklaras
616 583 66 22 hafva
702 583 95 28 upphört
818 584 33 21 att

99 623 54 15 vara
167 617 106 28 gällande.

167 667 35 22 Då
220 669 148 22 erfarenheten
385 669 55 22 visat
457 671 32 20 att
507 669 127 28 stadgandet
651 670 8 21 i
679 671 25 20 16
723 670 12 27 &
754 671 27 20 30
799 669 50 28 kap.

99 701 210 30 Rättegångsbalken
327 711 35 14 om
380 710 77 15 ansvar
475 703 14 22 å
507 704 46 26 den,
577 711 45 14 som
644 705 56 20 emot
721 704 62 21 klara
804 704 47 21 skäl

100 737 41 22 och
159 737 71 22 bättre
248 739 44 20 vett
310 738 25 21 af
350 738 76 28 arghet
445 739 70 28 dragit
533 737 72 30 någon
622 739 40 21 sak
682 739 69 21 under
768 739 84 28 Högsta

99 772 132 27 Domstolen,
250 772 75 22 hittills
343 773 19 27 ej
381 773 82 22 kunnat
484 773 114 28 tillämpas,
621 774 40 21 och
683 773 115 29 anledning
818 773 34 22 till

100 807 122 28 antagande
236 809 32 20 att
283 806 77 23 sådant
378 808 126 21 hädanefter
521 815 60 15 mera
599 809 27 20 än
645 808 59 21 förut
721 808 84 22 komme
820 809 32 20 att

99 841 39 21 ske
154 841 48 21 icke
219 841 57 22 lärer
293 848 53 15 vara
363 842 34 21 för
414 842 91 26 handen,
523 844 25 20 är
567 842 64 28 sagde
650 842 12 28 &
681 842 121 28 föreslagen
820 843 32 21 att

99 874 63 29 utgå;
181 876 41 22 och
240 876 113 22 enahanda
370 878 26 20 är
414 876 143 22 förhållandet
574 877 8 21 i
603 876 100 22 afseende
725 875 13 23 å
759 877 93 21 nämnde

99 910 93 27 kapitels
208 912 24 19 11
249 911 19 27 &,
286 910 62 22 hvari
364 910 77 28 bjudes
460 913 32 19 att
509 911 8 21 i
535 911 41 21 den
593 912 77 26 högsta
687 910 79 22 Rätten
784 911 68 22 andra

100 944 58 22 bevis
174 945 19 28 ej
208 944 36 22 må
261 945 75 27 läggas
354 946 23 20 in
391 946 29 20 än
434 945 27 21 de
475 952 46 15 som
536 946 8 20 i
558 945 114 22 Hofrätten
687 945 52 22 eller
753 946 39 21 hos
807 945 44 21 Un-

101 979 142 22 derdomaren
261 979 119 22 framtedde
395 980 61 26 varit,
471 981 53 20 utan
539 979 24 22 så
577 981 25 20 är
617 981 33 20 att
665 980 26 21 de
706 980 66 22 sedan
787 980 65 22 funne

101 1015 45 25 äro,
165 1013 52 22 eller
234 1012 80 23 sådane
332 1016 32 19 att
382 1014 26 22 de
426 1014 19 28 ej
463 1014 82 21 kunnat
563 1014 45 21 förr
630 1014 35 21 vid
686 1014 86 22 handen
793 1021 58 15 vara.

101 1048 171 28 Tillämpningen
289 1048 69 26 häraf,
378 1056 34 14 om
431 1049 40 21 den
494 1056 36 14 ens
552 1048 104 28 någonsin
678 1050 36 26 egt
734 1056 55 19 rum,
811 1049 42 22 har

100 1083 131 28 längesedan
248 1083 89 21 kommit
354 1091 26 13 ur
398 1084 61 25 bruk,
479 1082 24 23 så
521 1085 32 19 att
570 1084 84 27 parters
672 1084 44 20 rätt
734 1085 32 19 att
784 1083 68 23 förete

101 1125 43 21 nya
158 1117 48 23 skäl
220 1117 69 29 aldrig
304 1125 59 15 mera
378 1119 65 22 sättes
458 1118 7 20 i
479 1117 67 29 fråga.
575 1117 79 22 Likaså
668 1118 78 22 saknas
763 1125 89 15 numera

102 1153 30 21 all
153 1152 124 28 rättsgrund
298 1152 34 22 för
354 1153 37 20 det
407 1153 8 20 i
434 1154 25 20 19
479 1153 11 27 &
510 1154 26 19 30
553 1152 50 27 kap.
622 1152 103 28 stadgade
746 1159 54 20 men,
819 1153 33 21 till

102 1186 52 28 följe
168 1186 25 22 af
205 1186 129 22 förändrade
349 1186 156 26 förhållanden,
521 1186 116 22 åsidosatta
652 1186 77 21 förbud
744 1188 57 20 emot
815 1188 37 20 än-

103 1221 167 27 dringssökande
284 1221 32 21 uti
330 1220 97 22 Hofrätts
442 1221 71 27 utslag
527 1221 8 20 i
549 1219 108 27 brottmål,
674 1220 39 22 och
728 1222 25 20 är
768 1220 84 22 derföre

102 1255 103 28 rättighet
226 1256 70 26 öppen
317 1255 86 21 lemnad
424 1257 32 19 att
477 1255 62 21 äfven
561 1254 58 21 öfver
638 1254 97 21 Hofrätts
756 1254 71 29 utslag
845 1255 7 20 i

103 1289 55 21 slika
172 1288 43 22 mål
230 1290 31 21 uti
271 1289 83 27 Högsta
365 1289 123 21 Domstolen
503 1289 76 20 anföra
593 1289 83 24 besvär,
689 1289 66 25 jemte
770 1289 36 20 det
820 1287 32 22 åt-

103 1323 85 27 skilliga
202 1323 140 21 härförinnan
356 1322 31 21 uti
402 1322 105 22 särskilda
517 1322 151 26 författningar
678 1321 110 28 påbjudna
798 1322 54 21 iakt-

103 1356 93 28 tagelser
210 1356 36 22 vid
259 1356 87 22 besvärs
361 1356 94 28 fullföljd
470 1355 55 22 ifrån
535 1355 88 22 Hofrätt
633 1356 32 20 uti
676 1356 41 21 den
731 1355 122 29 föreslagna

103 1390 109 29 lagtexten
229 1390 82 22 införts.
342 1390 74 22 Såsom
435 1390 109 22 stridande
562 1392 56 20 emot
632 1390 69 22 tidens
716 1390 136 22 rättsmedve-

104 1426 65 22 tande
187 1425 40 22 bör
245 1426 39 22 ock
302 1433 82 15 samma
402 1426 91 27 kapitels
513 1427 25 19 20
557 1426 18 27 $,
591 1432 46 15 som
656 1426 135 21 föreskrifver
806 1433 46 15 var-

105 1461 51 28 ning
174 1460 40 22 och
234 1460 63 22 straff
312 1460 24 22 af
351 1460 77 28 högsta
446 1460 135 28 kroppsplikt
598 1460 34 22 för
651 1460 40 22 den
710 1467 46 15 som
777 1460 75 28 klagar

764 1501 21 16 61
