1020 1661
187 138 33 15 886
372 134 71 22 Nådiga
454 133 136 22 Propositionen
602 131 34 18 N:o
650 132 27 16 18.

231 199 30 22 Af
273 198 47 22 skäl
334 204 46 15 som
394 196 67 22 redan
475 194 118 23 innehållas
603 194 8 21 i
622 194 37 21 det
669 193 58 22 förut
742 192 91 22 anförda
846 192 65 21 hafva

164 233 121 22 Ständerna
299 231 95 29 godkänt
408 230 68 27 tredje
490 229 116 22 momentet
619 228 8 20 i
642 227 71 27 öfrigt,
728 228 60 19 utom
803 227 32 20 att
846 225 66 22 orden

164 269 23 25 »5
202 268 110 26 procents"
327 265 89 21 framför
434 263 61 22 ordet
509 262 195 28 ,obligationerne",
719 261 33 21 till
769 260 51 28 följe
835 259 24 22 af
871 259 42 21 den

164 302 92 27 ändring
271 300 67 22 andra
352 299 115 21 momentet
481 295 115 29 undergått
611 295 113 26 uteslutits,
738 294 52 22 eller

358 336 33 18 att
405 332 25 22 de
445 338 76 22 genom
535 331 61 21 dessa
614 330 137 28 operationer
765 328 93 28 influtna
872 334 42 14 me-

301 368 34 21 del
350 367 24 29 af
387 366 110 29 Styrelsen
517 364 109 22 användas
639 364 42 29 för
700 367 33 17 att
750 364 72 20 inlösa
836 362 26 22 de
877 362 35 21 do-

300 401 218 29 nationslägenheter,
541 398 108 30 angående
673 398 83 21 hvilkas
775 397 139 29 försäljning

302 435 209 30 öfverenskommelse
527 434 81 22 kunnat
627 433 81 29 träffas
723 432 47 22 med
784 432 131 21 donatarien

302 471 39 21 och
356 469 227 25 donationsbönderne,
600 471 55 18 samt
671 468 54 28 efter
740 467 36 21 det
794 466 57 22 desse
864 466 51 29 för-

303 505 76 22 bundit
394 506 33 26 sig
443 508 32 17 att
490 504 35 21 till
534 502 73 28 finska
622 502 83 21 kronan
721 502 85 28 årligen
820 501 97 21 inbetala

303 543 30 18 ett
351 540 24 20 så
393 542 56 17 stort
470 538 74 28 belopp
567 538 24 27 af
608 536 160 28 löseskillingen
790 536 38 20 och
849 536 68 20 ränta

302 573 61 26 derå,
378 576 33 17 att
426 572 34 21 det
475 575 121 18 motsvarar
612 572 67 19 ränta
694 570 38 21 och
748 570 169 21 amortissement

304 607 14 22 &
336 607 24 21 de
380 607 25 28 af
418 606 83 21 kronan
513 605 130 29 förskjutna
662 604 130 22 lånemedlen
811 603 38 21 och
864 603 53 21 obli-

304 642 136 28 gationerne;
459 641 9 20 i
479 640 63 29 följd
560 639 81 28 hvaraf
658 639 13 20 å
689 639 36 20 det
745 633 172 38 ifrågavarande

304 675 239 22 amortissementslånet
566 674 24 21 så
612 677 45 17 stor
680 673 35 21 del
736 673 10 20 i
767 673 75 20 sender
861 671 56 22 skall

304 713 106 25 upptagas
433 709 51 21 eller
503 709 37 20 hos
564 708 137 28 långifvaren
724 707 71 28 lyftas,
814 713 45 14 som
875 706 42 29 för

306 744 74 28 hvarje
395 743 58 29 gång
469 743 43 20 blir
528 743 105 28 behöfligt
648 743 35 20 till
699 741 135 29 afbetalande
847 741 25 28 af
886 741 32 28 öf-

304 777 153 22 verenskomna
468 777 159 28 löseskillingar
632 776 42 28 för
686 775 163 29 lägenheterna;
864 774 55 23 lika-

306 819 44 14 som
364 812 96 28 afseende
477 811 38 21 bör
528 811 75 28 fästas
622 811 68 27 derpå
709 814 33 17 att
760 810 83 21 landets
859 809 60 29 kapi-

306 846 126 28 taltillgång
451 845 45 21 icke
514 845 35 21 må
563 845 121 27 plötsligen
701 844 102 26 minskas,
818 848 53 17 utan
886 844 34 28 äf-

306 887 39 14 ven
358 880 143 20 utställandet
516 879 25 29 af
555 878 170 28 obligationerne
734 878 101 28 fördelas
846 878 33 28 på
893 884 27 14 en

307 914 76 28 längre
396 914 62 28 följd
476 913 25 29 af
519 914 32 25 år,
571 912 38 21 och
626 913 85 21 inlösen
728 912 26 29 af
767 912 153 28 lägenheterna

306 949 72 19 rättas
394 947 100 28 derefter.

238 981 41 22 Till
296 981 187 27 bestämningarne
501 981 8 21 i
528 981 58 21 detta
603 982 94 20 moment
714 980 64 22 hafva
800 980 121 22 Ständerna

171 1016 55 22 dock
239 1016 71 21 funnit
324 1018 31 19 ett
368 1016 75 27 tillägg
458 1015 24 21 af
494 1015 98 21 behofvet
607 1014 117 28 påkalladt.
753 1014 42 22 Det
812 1014 109 22 förefaller

170 1051 107 27 nemligen
291 1051 63 26 högst
368 1050 106 21 sannolikt
489 1052 32 19 att
536 1050 208 27 donationsegarene,
763 1051 40 20 när
821 1049 27 22 de
866 1049 55 22 erfa-

171 1085 29 21 rit
214 1087 33 19 att
261 1085 105 27 Regering
385 1084 40 21 och
444 1084 91 21 Ständer
552 1084 88 21 beslutit
658 1085 32 20 att
707 1083 89 22 medelst
811 1083 110 27 ansenliga

172 1119 183 27 försträckningar
380 1118 34 21 för
439 1118 109 21 bönderne
571 1118 128 27 möjliggöra
719 1117 159 22 förvärfvandet
900 1117 24 21 af

172 1153 127 27 eganderätt
317 1152 33 22 till
368 1152 26 21 de
412 1152 24 21 af
453 1152 47 21 dem
518 1151 95 23 åboende
631 1152 157 28 lägenheterne,
810 1152 61 21 skola
888 1152 34 21 för

174 1187 108 21 desamma
296 1186 74 21 fordra
383 1186 67 27 högre
464 1186 44 26 pris
524 1188 28 19 än
565 1186 25 21 de
601 1186 8 20 i
620 1186 75 26 sjelfva
709 1186 73 21 verket
796 1187 38 20 äro
848 1186 73 21 värda.

174 1220 112 21 Sannolikt
300 1221 25 19 är
340 1219 61 21 äfven
416 1221 31 19 att
462 1226 26 14 en
503 1219 78 27 mängd
595 1219 88 25 bönder,
695 1219 115 27 längtande
822 1219 53 21 efter
885 1220 37 21 be-

173 1253 72 21 frielse
263 1252 48 22 från
329 1253 37 21 sitt
386 1252 106 22 beroende
510 1252 24 21 af
551 1252 131 26 donatarien,
701 1260 59 14 mera
778 1253 60 21 skola
858 1253 65 21 hafva

174 1287 99 23 afseende
288 1286 74 29 härpå,
378 1288 28 20 än
420 1286 29 28 på
464 1287 35 21 det
516 1287 153 28 lägenheterna
687 1286 71 23 åsatta
774 1288 74 26 priset,
867 1289 56 20 samt

174 1322 85 22 derföre
273 1321 51 29 ingå
338 1321 29 29 på
381 1322 123 27 köpevilkor
519 1322 48 21 dem
582 1322 26 21 de
623 1322 121 22 sedermera
759 1322 18 28 ej
793 1321 70 23 förmå
873 1322 49 21 full-

175 1358 59 27 göra.
263 1357 49 21 Med
330 1356 100 22 afseende
447 1356 54 22 härå
519 1357 39 21 och
577 1355 27 23 då
623 1356 189 28 försträckningar,
832 1356 38 23 der
891 1357 31 21 lä-

174 1391 131 29 genheterna
319 1391 82 22 betalas
416 1391 33 21 för
464 1391 57 28 högt,
537 1391 149 28 oundvikligen
705 1391 67 22 skulle
789 1391 34 22 för
840 1391 83 22 kronan

174 1425 97 22 medföra
288 1426 108 27 betydliga
413 1426 106 25 förluster,
538 1425 64 22 hafva
620 1425 120 22 Ständerna
758 1428 70 19 ansett
849 1426 74 27 nödigt

176 1461 32 20 att
223 1467 26 14 en
264 1459 134 28 omsorgsfull
416 1460 100 27 pröfning
535 1467 75 20 genom
629 1459 86 22 officielt
728 1459 90 22 utsedde
832 1460 91 21 sakkun-
