1020 1656
338 87 71 24 Nädiga
420 88 137 23 Propositionen
569 88 35 17 N:o:
617 88 27 17 15.
809 88 32 16 747

119 149 79 23 aflåten
216 145 64 38 nädig
295 145 135 38 proposition
444 152 26 21 är
484 150 123 29 föreslaget.
637 151 46 21 Och
697 149 29 23 då
739 157 27 14 en
781 152 85 26 oegent-

117 184 66 27 lighet
198 184 68 22 skulle
280 185 136 27 uppkomma,
433 192 33 15 om
481 185 109 28 lagmans-.
601 185 41 21 och
653 185 147 23 häradsrätter
811 187 55 20 samt

117 217 120 23 rädstufvu-
257 219 40 22 och
315 219 168 22 kämnersrätter
497 219 116 22 hänfördes
626 219 34 21 till
675 226 81 15 samma
770 219 97 27 kategori

116 253 9 20 i
143 253 101 21 afseende
262 252 13 22 &
293 253 197 28 stämpelbeloppet,
514 253 91 22 oaktadt
621 253 26 21 de
665 254 77 26 utgöra
759 253 58 21 olika
834 253 31 20 in-

117 288 91 24 stanser,
227 287 67 21 borde
312 286 66 28 enligt
392 287 114 21 utskottets
522 286 56 28 äsigt
592 287 37 21 det
643 287 34 21 för
690 286 177 22 häradsrätterna

117 320 175 26 förnärvarande,
311 320 69 21 under
397 321 63 21 femte
479 321 142 26 afdelningen,
639 320 111 22 bestämda
767 321 100 26 stämpel-

118 353 78 28 belopp
211 355 28 20 40
253 355 65 26 penni
333 354 91 22 fortfara
439 357 32 19 att
486 355 56 27 gälla
556 354 107 22 intilldess
675 355 193 27 lagmansrätterna

117 388 68 21 blifvit
199 388 112 28 indragna,
327 388 39 22 och
380 387 68 23 likaså
463 389 35 21 vid
512 389 201 26 kämnersrätterna,
729 388 25 22 sä
764 389 63 28 länge
841 389 26 22 de

119 421 91 29 gvarstä,
226 423 133 21 fortfarande
373 422 109 28 begagnas
496 423 143 21 nästnämnda
653 423 156 27 stämpelvalör.

186 457 42 20 Väl
242 457 65 21 hafva
321 457 59 21 inom
393 457 105 22 uiskottet
511 457 88 22 uttalats
614 456 132 27 tvifvelsmäl,
761 457 106 22 huruvida

119 490 158 22 Bondeständet
292 491 54 21 skall
361 491 109 28 samtycka
485 491 33 22 till
533 499 27 14 en
575 491 121 28 förhöjning
712 491 23 22 af
748 492 40 21 den
803 493 64 20 stäm-

118 525 103 27 pelvalör,
243 532 47 14 som
310 525 109 28 hbegagnas
441 526 35 21 vid
495 525 26 22 de
540 526 24 21 af
580 526 105 27 allmogen
702 528 54 19 mest
773 526 95 21 anlitade

120 559 117 22 domstolar
251 559 182 22 häradsrätterna.
462 559 50 22 Men
526 560 8 21 i
548 560 142 21 betraktande
704 559 66 27 deraf,
786 562 32 19 att
833 567 35 21 ge-

119 601 51 14 nom
187 593 206 28 lagmansrätternas
412 593 128 28 indragning
558 601 26 15 en
603 593 24 22 sä
644 593 94 28 betydlig
752 594 94 28 lindring
860 594 8 21 i

120 627 269 29 rättegängskostnaderna
407 629 79 25 vinnes,
502 630 32 20 att
549 628 114 25 desamma,
679 629 60 21 äfven
755 635 34 15 om
804 629 64 21 stäm-

119 662 124 27 pelvalören
261 662 33 22 för
312 662 176 22 häradsrätterna
506 662 99 28 förhöjes,
625 662 65 22 blifva
708 662 48 22 vida
770 662 99 28 billigare

120 698 29 21 än
163 696 114 26 tillförene,
292 696 40 22 och
348 698 32 20 att
395 697 111 27 allmogen,
522 704 76 20 genom
612 696 170 22 Bondeständets
797 696 72 22 ofvan-

120 730 94 22 berörda
227 730 77 26 beslut,
320 731 133 21 fortfarande
468 730 95 22 kommer
578 732 31 20 att
624 731 87 27 erlägga
726 731 75 21 endast
815 731 54 21 hälf-

121 767 37 19 ten
177 764 24 22 sä
219 767 58 19 stora
292 765 177 27 stämpelafgifter
484 772 45 14 som
544 765 70 28 öfriga
628 765 188 26 samhällsklasser,
832 772 37 15 an-

122 807 34 14 ser
173 800 104 21 utskottet
295 800 33 28 sig
343 800 54 21 dock
412 800 72 21 kunna
498 800 53 28 hysa
566 800 40 21 den
620 800 115 28 tillförsigt,
751 802 32 19 att
798 800 35 21 det
847 799 25 22 af

122 835 104 21 utskottet
249 842 29 14 nu
300 834 134 22 framställda
455 834 87 28 förslag,
564 834 138 28 hvarigenom
719 834 107 22 sannolikt
843 842 27 14 en

121 869 95 27 betydlig
235 869 40 21 och
293 868 34 22 för
345 869 127 21 statsverket
489 868 93 28 behöflig
601 868 113 28 förökning
732 869 7 21 i
746 869 124 21 inkomster

122 903 68 21 skulle
208 903 80 26 vinnas,
306 904 47 20 icke
372 903 54 21 skall
443 903 22 21 af
483 903 99 21 bemälda
600 902 68 22 Ständ
682 903 113 21 förkastas.
825 903 45 21 Och

123 936 96 23 anhäller
233 937 105 21 utskottet
352 939 32 20 att
398 938 39 20 här
452 939 57 19 ännu
523 937 23 22 fä
560 937 79 29 antyda
653 939 76 20 tvenne
740 938 129 28 omständig-

123 972 60 21 heter
201 978 46 15 som
264 971 45 22 tala
326 972 34 21 för
378 972 141 21 omförmälda
535 972 86 28 förslag,
636 972 105 27 nemligen
756 972 41 21 den
811 972 60 28 bety-

124 1006 69 21 dande
210 1006 71 27 utgift,
300 1006 128 22 statsverket
445 1005 68 22 måste
527 1006 117 22 vidkännas
658 1006 86 28 tillföljä
759 1006 24 21 af
795 1007 27 21 de
837 1014 34 14 ar-

123 1040 68 22 voden
209 1047 46 14 som
274 1040 106 22 utbetalas
398 1040 122 28 isynnerhet
536 1040 34 22 till
588 1040 180 26 häradsrätterna,
787 1041 34 21 för
839 1042 32 20 att

125 1075 62 21 dessa;
203 1074 42 27 mä,
263 1074 33 22 till
315 1075 116 27 allmogens
449 1075 97 27 fromma,
564 1075 87 21 utfärda
665 1073 47 24 sina
726 1076 146 27 expeditioner

124 1108 29 28 pä
171 1108 68 22 finska
257 1108 93 28 spräket,
369 1120 26 4 —
415 1109 39 21 och
468 1109 80 27 vidare,
564 1109 35 21 det
614 1109 156 28 ofördelaktiga
784 1110 7 20 i
806 1110 66 21 fabri-

122 1143 104 21 cerandet
247 1143 40 21 och
306 1143 124 27 spridandet
448 1143 24 21 af
488 1142 24 22 sä
530 1145 58 20 stora
607 1144 126 27 gvantiteter
751 1145 27 19 20
797 1144 75 27 pennis

125 1177 179 27 stämpelvalörer,
324 1184 45 14 som
388 1178 64 27 enligt
466 1177 129 28 nugällande
609 1178 134 27 bestämning
757 1178 114 26 erfordras,

125 1213 40 20 och
179 1211 34 21 för
228 1211 72 22 hvilka
314 1211 143 22 kostnaderna
471 1212 100 27 medtaga
585 1212 81 21 hälften
677 1212 24 21 af
710 1212 36 21 det
756 1212 116 28 inflytande

126 1246 106 27 beloppet.

194 1279 108 22 Utskottet
321 1279 33 22 får
372 1279 63 22 alltså
453 1281 109 20 vördsamt
579 1280 107 27 tillstyrka
704 1281 32 20 att
754 1281 16 26 $
781 1281 14 19 4
809 1281 7 19 i
832 1280 41 21 den

126 1313 79 28 nädiga
219 1313 160 27 propositionen
394 1313 68 21 skulle
476 1313 82 21 erhälla
572 1313 94 26 följande
680 1313 89 27 lydelse:

252 1347 94 21 Landets
368 1347 124 26 domstolar,
516 1347 127 21 embetsverk
663 1347 37 20 och
718 1347 155 28 myndigheter,

195 1382 38 21 vid
251 1381 74 22 hvilka
343 1383 173 27 stämpelpapper
534 1381 56 22 skall
608 1381 113 29 begagnas,
741 1381 106 30 hänföras
865 1382 9 20 i

195 1416 60 21 detta
265 1416 98 29 afseende
375 1417 35 20 till
415 1417 55 28 fyra
482 1416 109 21 särskilda
602 1416 146 28 afdelningar,
755 1417 119 28 nemligen:
