1020 1661
341 104 73 23 Nådiga
426 106 135 21 Propositionen
573 106 34 16 N:o
620 106 27 15 21.
813 106 34 16 989

124 169 149 26 ordföranden,
283 169 39 27 sju
339 169 8 20 i
365 168 112 27 nämnden,
493 169 7 21 i
513 168 163 22 Rädstufvurätt
692 168 43 21 fem
751 168 119 22 ledamöter

123 205 57 20 samt
193 204 8 20 i
215 203 93 26 Hofrätt,
317 203 12 21 i
342 203 87 27 ringare
443 202 44 22 mäl
501 203 48 26 fem,
561 203 55 22 eller
634 203 40 21 ock
692 203 47 28 fyra
754 203 41 21 der
809 203 61 21 desse

119 244 40 15 -om
173 237 65 21 slutet
252 239 38 20 äro
304 244 56 19 ense,
374 237 41 21 och
433 238 7 20 i
454 237 103 28 vigtigare
575 235 43 23 mål
636 237 39 27 sju.
705 237 31 22 På
753 237 52 26 skäl,
825 241 45 17 som

125 272 40 20 den
183 271 79 27 nädiga
279 272 158 26 propositionen
455 271 123 26 innehäller,
596 273 25 19 är
640 272 46 20 deri
706 272 115 27 föreslaget
839 273 32 19 att

121 305 133 21 Häradsrätt
268 312 49 14 vore
332 305 83 21 domför
429 306 48 20 med
492 306 41 20 fem
551 306 8 20 i
576 305 111 26 nämnden,
707 306 39 20 och
765 308 32 18 att
815 304 56 22 Räd-

124 339 115 21 stufvurätt
253 346 50 14 vore
321 339 82 21 domför
420 340 49 20 med
487 341 32 19 tre
536 338 123 26 ledamöter,
676 340 55 20 dock
745 340 68 20 under
827 339 44 21 för-

123 374 119 26 utsättning
261 375 32 19 att
311 373 61 21 äfven
390 372 106 28 framgent
517 373 127 21 åtminstone
662 373 141 21 ordföranden
821 380 50 14 vore

116 407 131 28 -lagkunnig.
276 407 138 21 Beträffande
431 408 137 20 Hofrätterne
586 406 46 22 ätör
651 408 67 20 skulle
736 408 61 20 dessa
812 407 58 21 dom-

123 441 69 21 stolar
205 441 65 21 i'alla
285 440 42 22 mål
341 446 52 16 vara
407 441 96 21 domföre
518 442 47 20 med
580 440 42 22 fem
640 442 122 25 ledamöter,
782 442 39 20 och
840 441 31 21 äf-

123 479 41 18 ven
181 476 49 20 med
248 476 53 27 fyra,
319 475 8 21 i
345 474 43 22 mål
406 482 46 15 som
470 476 17 27 ej
508 475 27 28 gå
549 474 17 22 &
583 476 31 25 lif,
630 475 28 21 dä
670 478 34 19 tre
714 476 29 20 af
756 476 25 20 de
795 476 76 21 närva-

125 510 67 21 rande
209 517 49 15 vore
278 517 33 14 om
329 509 91 21 beslutet
439 517 54 14 ense..
523 509 145 22 Nästnämnde
686 510 124 27 förändring
831 510 41 21 har

125 544 33 21 sin
173 544 63 21 orsak
251 544 45 21 deri
310 546 32 18 att
356 544 137 21 Hofrätterne
506 544 66 21 redan
589 548 30 17 nu
638 546 37 19 äro
691 544 24 21 sä
727 544 145 27 öfverhopade

125 579 49 20 med
188 577 102 28 göromål,
306 579 31 20 att
352 577 26 22 de
396 578 105 21 nödsakas
519 578 75 21 arbeta
611 577 29 28 pä
657 578 139 27 afdelningar,
811 578 61 21 hvari

124 613 47 20 icke
186 612 52 21 flera
253 613 27 20 än
295 612 48 27 fyra
356 612 117 21 ledamöter
488 611 55 29 ingä,
555 613 41 20 och
612 614 32 19 att
659 612 27 21 dä
699 613 8 20 i
722 613 39 20 allt
775 612 38 21 fall
827 611 45 22 mä-

125 647 41 21 tets
180 645 80 28 utgång
275 646 126 21 bestämmes
416 646 25 21 af
454 647 39 20 den
508 646 91 28 mening,
614 647 88 20 hvarom
712 649 33 18 tre
755 646 117 22 ledamöter

125 681 34 28 sig
173 681 93 25 förenat,
290 681 24 20 de
332 681 35 21 vid
385 681 45 20 ofta
447 680 140 22 förefallande
606 678 143 30 skiljaktighet
766 681 9 20 i
792 681 80 21 menin-

118 721 74 22 -garne
210 715 78 27 nödiga
305 715 234 22 kommunikationerna
560 715 24 22 af
603 714 70 22 målen
694 715 49 21 med
765 721 26 15 en
808 715 65 21 femte

126 750 94 22 ledamot
234 749 146 22 åstadkomma
398 749 101 27 dröjsmål
513 750 7 20 i
534 749 81 22 mälens
634 749 123 28 afgörande.
785 747 87 23 Utskot-

124 786 39 25 tet,
181 790 47 15 som
245 785 8 20 i
271 784 42 21 allo
331 784 95 21 biträder
445 784 40 21 den
502 783 79 28 nädiga
602 784 159 27 propositionen
781 784 8 21 i
811 783 63 22 dessa

123 819 69 25 "delar,
207 819 49 21 med
274 826 26 14 en
319 817 81 23 mindre
416 817 126 29 förändring
561 819 23 20 af
600 819 40 20 den
659 819 121 27 föreslagna
797 818 75 22 redak-

126 854 78 24 tionen,
220 853 54 21 hade
289 853 34 21 väl
341 853 70 21 fannit
426 853 35 20 det
476 853 113 21 önskvärdt
604 854 32 20 att
651 853 127 27 stadgandet
793 850 78 28 derom,

127 890 32 19 att
176 887 87 22 Hofrätt
281 889 24 19 är
324 887 82 21 domför
424 887 48 21 med
494 888 47 27 fyra
561 887 117 21 ledamöter
694 887 93 22 allenast
806 888 9 20 i
837 887 36 21 det

127 922 38 21 fall
180 924 32 19 att
226 922 43 21 alla
284 922 46 28 fyra
345 923 37 19 äro
398 928 34 14 om
447 921 64 22 slutet
525 929 56 18 ense,
594 921 134 22 fortfarande
746 922 81 21 kunnat
841 922 31 20 bi-

127 955 102 27 behällas,
248 964 48 13 men
314 963 62 13 anser
395 955 40 21 den
450 955 60 27 väda,
529 963 46 14 som
593 962 25 14 en
637 955 90 28 ändring
747 956 44 20 deri
809 955 64 21 tilläf-

127 992 85 25 vontyrs
228 990 44 21 kan
289 989 107 26 innebära,
414 989 65 21 likväl
494 990 79 25 häfvas,
587 987 9 23 i
610 990 100 21 händelse
726 990 26 20 de
766 990 107 20 lättnader

127 1024 34 21 för
176 1024 196 27 ändringssökande
384 1024 9 20 i
408 1023 96 21 Hofrätts
520 1023 97 26 domslut,
629 1024 71 20 hvilka
714 1024 159 27 propositionen

126 1065 78 21 genom
218 1059 104 21 särskilda
333 1057 128 22 förändrade
472 1057 158 22 bestämmelser
640 1058 8 20 i
658 1066 30 13 nu
699 1058 98 27 gällande
808 1059 65 20 rätte-

128 1092 158 28 gängsordning
301 1092 81 28 åsyftar
397 1094 32 19 att
442 1093 76 25 införa,
533 1093 63 20 vinna
612 1093 159 26 godkännande.

196 1128 68 20 Dessa
281 1126 129 22 förändrade
428 1126 158 21 bestämmelser
604 1126 8 20 i
632 1125 242 28 rättegängsordningen

127 1160 58 29 angå
200 1161 44 21 dels
258 1160 155 28 upphäfvande,
430 1160 43 21 dels
491 1160 91 27 ändring
596 1160 24 20 af
635 1160 100 27 följande,
751 1160 39 21 här
804 1160 70 22 nedan

122 1195 146 28 -wppräknade
286 1195 88 27 lagrum,
393 1194 33 21 för
444 1194 81 21 hvilkas
543 1193 99 27 innehåll,
659 1195 67 26 jemte
745 1194 26 21 de
782 1194 92 22 hufvud-

129 1230 89 26 sakliga,
236 1229 8 20 i
265 1228 159 28 propositionen
445 1228 33 20 till
499 1228 48 20 stöd
568 1228 34 20 för
624 1228 102 28 förslaget
747 1228 127 27 äberopade,

130 1263 93 28 grunder
241 1262 40 22 och
300 1262 25 21 de
343 1262 46 21 skäl
406 1262 103 21 utskottet
527 1263 69 20 ansett
614 1262 32 27 sig
663 1262 8 20 i
688 1262 57 21 vissa
766 1261 37 21 fall
821 1262 54 21 böra

129 1297 94 26 tillägga,
240 1296 17 26 ej
273 1296 83 20 mindre
370 1298 28 18 än
413 1296 25 20 de
450 1296 164 26 anmärkningar
626 1297 55 19 emot
692 1295 108 27 förslaget,
812 1296 62 20 hvar-

129 1330 34 22 till
178 1330 113 26 anledning
305 1329 140 25 förekommit,
460 1329 103 21 utskottet
581 1328 95 22 anhäller
692 1330 31 19 att
740 1328 23 21 fä
777 1330 98 20 närmare

130 1364 111 27 redogöra.

199 1399 23 27 a)
242 1397 154 28 Upphäfvande
413 1397 25 21 af
456 1398 25 20 16
500 1397 11 28 &
530 1396 27 22 25
578 1397 49 27 kap.
645 1397 25 21 R.
688 1396 32 26 B.,
738 1396 137 28 hvarigenom

129 1434 52 27 part
197 1433 106 21 förmenas
320 1434 33 20 att
369 1431 68 22 under
455 1432 67 27 högre
540 1432 61 21 Rätts
619 1431 100 28 pröfning
734 1429 71 30 "draga
819 1429 55 23 Räd-
