1023 1667
344 95 72 23 Nådiga
428 97 135 21 Propositionen
576 97 34 16 N:o
624 97 26 16 14.
818 97 34 16 633

122 160 88 27 dringar
231 160 32 20 uti
284 159 99 21 Bankens
402 160 145 27 organisation
565 160 106 27 vidtagits,
691 158 24 22 så
733 159 62 22 torde
814 159 64 22 deraf

122 194 41 22 den
177 194 88 22 slutsats
282 194 73 21 kunna
373 194 84 28 dragas,
476 196 32 19 att
527 201 82 14 samma
627 194 64 28 afsigt
708 201 46 15 som
772 194 103 28 tydligast

121 228 114 22 återfinnes
254 229 7 20 i
279 227 85 29 Nådiga
382 229 159 27 propositionen
563 229 33 20 till
617 228 83 22 landets
718 228 35 22 vid
776 229 99 21 sednaste

121 262 104 28 landtdag
240 262 128 22 församlade
384 262 97 26 Ständer,
497 261 110 29 angående
623 262 102 28 styrelsen
737 262 40 21 och
788 262 86 21 förvalt-

122 297 79 27 ningen
216 296 24 21 af
252 296 101 21 Finlands
368 296 64 26 bank,
448 296 69 28 aldrig
535 296 56 21 varit
608 296 45 21 helt
672 296 39 22 och
730 295 66 22 hållet
811 296 63 21 frem-

122 331 78 21 mande
214 331 34 21 för
262 330 52 22 våra
328 331 111 27 Regenter.

190 365 11 21 I
216 365 93 21 nämnda
323 364 85 28 Nådiga
422 365 133 27 proposition
571 364 84 28 erbjöds
671 364 22 22 åt
708 364 120 22 Ständerna
843 366 33 20 att

122 400 110 28 öfvertaga
246 400 156 27 förvaltningen
417 399 24 22 af
456 400 117 27 primitiva-
592 400 40 21 och
650 399 225 28 hypotheksfonderna

122 435 7 21 i
144 435 84 22 banken
244 437 56 20 emot
315 435 84 28 garanti
418 435 24 21 af
458 435 61 21 dessa
538 434 85 22 fonders
642 434 99 28 samtliga
759 434 115 22 förbindel-

123 477 41 19 ser,
183 470 117 27 hvarjemte
318 469 160 28 propositionen
500 469 94 22 innehöll
617 471 30 19 ett
668 469 81 28 förslag
770 469 33 21 till
826 469 49 22 ord-

123 505 71 21 nande
209 504 23 21 af
245 504 131 22 Ständernas
391 504 158 21 öfverinseende
564 503 58 22 öfver
637 504 90 21 banken.
749 503 60 22 Hans
824 503 51 28 Kej-

123 539 79 27 serliga
216 539 100 27 Majestät
330 539 122 21 förklarade
466 538 76 22 härvid
554 538 54 21 dock
619 538 74 26 tillika,
707 539 35 20 det
754 538 121 22 Ständerna

122 574 47 21 icke
187 574 67 21 borde
272 580 51 15 anse
342 573 31 28 sig
391 573 88 21 bundna
496 573 35 21 vid
555 573 25 20 de
601 573 122 27 föreslagna
745 573 129 21 bestämnin-

123 615 72 20 garne,
210 610 53 19 utan
278 608 53 27 egde
346 609 31 20 att
392 607 59 22 Hans
466 607 111 28 Majestäts
592 607 101 28 pröfning
705 607 133 21 underställa
849 607 26 22 de

122 642 151 28 förändringar
288 642 66 26 deraf,
370 642 71 21 hvilka
456 641 119 22 Ständerna
589 641 71 22 kunde
674 641 59 22 finna
746 641 110 28 lämpliga.

191 677 10 21 I
217 677 74 28 sjelfva
305 677 73 21 verket
391 676 69 22 blefvo
476 675 65 22 också
557 676 25 21 de
597 675 81 28 förslag
693 676 40 21 och
745 676 130 28 önskningar

122 712 8 21 i
146 713 77 24 ämnet,
240 719 45 14 som
300 711 143 22 framställdes
458 711 31 20 uti
505 711 137 26 Ständernas,
659 711 39 21 den
715 712 12 19 6
742 711 62 27 April
820 712 55 19 1864

124 746 88 28 afgifna,
226 745 148 28 underdåniga
388 753 49 14 svar
451 744 29 29 på
495 745 126 21 förberörda
636 745 140 27 proposition,
791 745 33 21 till
838 746 36 20 vä-

124 781 106 27 sendtliga
245 780 59 21 delar
320 780 111 21 afvikande
450 779 47 21 från
515 779 188 28 bestämningarna
721 779 6 20 i
746 779 129 27 propositio-

122 823 48 14 nen.
193 815 124 21 Emellertid
332 815 39 20 har
386 814 59 21 Hans
460 814 119 27 Kejserliga
593 813 100 28 Majestät
704 814 7 20 i
722 813 72 22 Nåder
806 814 68 21 täckts

124 850 114 27 godkänna
256 849 109 22 desamma
382 849 8 20 i
408 848 38 21 allt
464 849 65 26 öfrigt
549 850 60 19 utom
631 848 144 21 beträffande:
797 850 32 19 1:o
849 848 26 21 de

123 884 140 21 härförinnan
277 883 128 28 hypotheks-
421 883 39 20 och
475 882 222 27 primitivafondernas
712 883 57 20 vinst
783 882 92 28 påförda

124 918 68 28 årliga
208 918 73 27 anslag
296 917 33 22 till
344 917 136 21 bestridande
495 917 24 21 af
535 917 143 21 kostnaderna
696 916 34 21 för
749 916 125 27 dårvården,

124 953 33 21 för
172 952 146 22 realskolorna
332 952 40 21 och
386 951 34 22 för
435 951 106 22 särskilda
555 951 102 21 anstalter
671 951 34 21 till
716 951 160 28 upphjelpande

124 988 24 21 af
167 987 83 22 landets
270 987 112 28 jordbruk,
404 988 56 19 samt
482 988 33 19 2:o
537 987 64 20 sättet
623 985 33 21 för
677 985 155 22 utnämnandet
854 986 24 21 af

124 1022 135 21 Ordförande
273 1022 8 21 i
297 1022 131 21 direktionen
443 1021 33 21 för
490 1020 101 22 Finlands
606 1020 63 26 bank,
681 1021 31 20 uti
724 1020 72 21 hvilka
806 1021 69 26 punk-

124 1059 33 20 ter
168 1057 60 21 Hans
239 1057 101 27 Majestät
350 1056 93 27 behagat
453 1055 94 22 vidhålla
557 1055 54 21 Dess
625 1055 153 27 ursprungliga
788 1055 86 27 förslag.

192 1091 50 22 Med
257 1091 110 27 undantag
382 1090 24 21 af
418 1090 95 27 antydda
527 1091 76 20 tvenne
617 1091 124 24 momenter,
753 1090 25 20 är
791 1089 41 21 den
846 1096 30 14 nu

124 1125 146 28 föreliggande
292 1124 85 28 Nådiga
394 1125 161 26 propositionen
573 1123 92 22 affattad
683 1124 7 20 i
708 1123 118 28 fullkomlig
845 1123 31 22 öf-

124 1160 196 23 verensstämmelse
337 1159 49 21 med
405 1159 25 21 de
449 1158 80 28 förslag
545 1158 39 21 och
599 1157 160 28 önskningsmål
774 1157 102 22 Ständer-

124 1202 40 14 nas
179 1193 155 23 ofvannämnde
349 1200 48 14 svar
411 1191 124 22 innehåller.

192 1228 42 22 Vid
256 1227 77 22 sådant
354 1225 134 23 förhållande
509 1227 40 20 har
570 1225 165 22 Bankutskottet
756 1226 8 21 i
786 1225 90 22 främsta

124 1265 92 20 rummet
231 1264 31 20 att
277 1264 57 26 yttra
350 1262 31 27 sig
400 1260 110 28 angående
528 1260 143 28 nyssberörda
688 1262 76 20 tvenne
782 1260 93 22 bestäm-

124 1298 83 26 ningar,
226 1297 82 20 hvilkas
327 1296 155 27 godkännande
500 1294 91 21 sålunda
608 1296 77 25 utgöra
703 1295 68 20 vilkor
790 1294 34 21 för
843 1302 33 18 en,

125 1332 49 20 med
189 1330 131 22 Ständernas
334 1329 58 21 förut
406 1329 135 21 framställda
555 1327 79 28 åsigter
649 1328 7 21 i
674 1328 120 21 hufvudsak
808 1328 68 21 öfver-

126 1364 177 26 ensstämmande,
325 1364 83 27 lösning
431 1363 24 21 af
474 1363 70 21 denna
562 1362 81 28 vigtiga
663 1361 72 29 fråga;
757 1362 41 22 och
820 1362 56 22 hvad

125 1400 55 22 först
194 1399 105 22 beträffar
314 1398 145 26 omförmälde,
474 1397 162 22 bankfonderna
650 1397 75 22 hittills
736 1396 92 28 påförda
839 1404 37 14 an-

127 1435 46 28 slag
188 1434 33 22 till
235 1433 106 23 särskilda
359 1433 108 21 allmänna
485 1431 106 27 ändamål,
606 1432 82 22 hvilkas
702 1430 107 30 utgående
822 1432 54 22 tills-
