1020 1661
189 121 32 16 882
385 118 70 23 Nådiga
467 120 137 21 Propositionen
617 119 34 17 N:o
666 120 26 15 18.

166 183 32 21 fas
216 182 49 21 med
284 181 125 23 donatarien
427 182 40 21 och
486 181 227 26 donationsbönderne,
732 181 56 20 samt
805 180 54 21 efter
877 180 36 21 det

165 217 61 21 desse
240 216 110 21 förbundit
364 216 33 26 sig
411 217 32 20 att
456 215 34 21 till
504 215 68 21 finska
586 215 82 20 kronan
679 213 82 29 årligen
774 214 96 22 inbetala
883 216 32 19 ett

165 250 25 22 så
204 252 55 19 stort
272 250 78 27 belopp
366 249 24 21 af
401 249 158 27 löseskillingen
574 249 39 21 och
628 250 63 20 ränta
706 248 51 22 derå
771 250 33 20 att
814 248 36 22 det
860 250 54 20 mot-

166 292 74 14 svarar
258 285 63 21 ränta
338 284 39 21 och
397 284 169 20 amortissement
583 282 14 22 å
615 283 26 21 de
659 282 24 22 af
698 283 82 21 kronan
794 282 121 28 förskjutna

165 318 133 22 länemedlen
313 318 40 22 och
368 318 178 28 obligationerna;
564 318 8 21 i
586 317 53 28 följd
657 318 77 21 hvaraf
751 316 13 22 &
782 317 36 22 det
836 316 79 29 ifråga-

165 353 94 22 varande
274 352 238 22 amortissementslånet
526 352 24 22 så
565 354 44 19 stor
624 352 34 20 del
672 352 7 21 i
694 352 76 22 sender
784 352 84 21 komme
883 353 32 20 att

166 390 106 25 upptagas
291 387 51 22 eller
359 387 39 22 hos
416 386 133 29 långifvaren
566 387 70 27 lyftas,
656 393 45 15 som
719 386 33 21 för
770 387 74 26 hvarje
859 385 56 29 gång

166 423 69 21 blefve
249 422 103 28 behöfligt
365 422 34 21 till
413 422 137 21 afbetalande
565 421 24 22 af
601 421 175 22 öfverenskomna
790 421 125 22 löseskillin-

167 465 39 20 gar
220 457 34 22 för
268 457 161 27 lägenheterna;
447 457 90 21 likasom
552 456 98 22 afseende
664 457 40 21 bör
718 457 68 21 fästas
802 455 67 28 derpå
883 458 33 19 att

166 491 84 22 landets
264 490 172 29 kapitaltillgång
454 491 46 21 icke
518 490 35 22 mä
570 490 113 28 plötsligen
702 491 100 26 minskas,
816 493 53 18 utan
884 490 31 21 äf-

167 533 39 14 ven
224 525 139 22 utställandet
381 525 24 22 af
420 525 42 21 fem
479 527 101 25 procents
595 525 169 28 obligationerna
778 525 94 21 fördelas
886 523 29 29 på

168 567 26 14 en
212 559 74 28 längre
303 558 55 28 följd
376 559 24 21 af
416 558 30 27 år,
466 559 40 21 och
526 559 82 21 inlösen
630 558 25 22 af
673 559 153 27 lägenheterna
847 560 68 20 rättas

167 594 101 22 härefter.

235 629 40 21 4:0.
297 628 38 21 Att
349 628 8 20 i
372 628 217 21 öfverensstämmelse
603 628 48 21 med
665 627 57 22 hvad
736 627 120 22 Ständerna
867 628 48 21 tidi-

168 669 51 21 gare
241 662 115 28 medgifvit,
375 662 26 21 de
420 662 24 21 af
459 662 82 22 kronan
559 662 78 22 inlösta
658 662 152 27 lägenheterna
831 662 85 22 komme

168 699 32 19 att
214 698 79 26 antaga
311 696 139 26 skattenatur,
469 698 55 20 samt
542 698 38 24 att,
595 696 84 22 såsnart
697 696 51 28 laga
762 696 56 22 fasta
832 696 34 22 för
881 697 35 21 de-

167 738 83 15 samma
268 731 23 21 af
307 731 82 21 kronan
403 732 90 25 vunnits,
508 731 49 21 med
571 730 39 22 full
625 730 125 28 eganderätt
765 730 113 23 öfverlåtas
894 730 23 22 åt

167 766 136 20 hemmanens
322 765 125 25 bebrukare,
462 765 64 21 likväl
544 764 90 22 sålunda
649 766 36 25 att,
701 765 68 21 under
784 765 40 21 den
838 765 32 22 tid
885 766 31 21 af-

167 799 162 27 betalningarne
344 798 13 22 å
371 799 157 28 löseskillingen
546 799 97 26 fortfara,
659 799 76 21 endast
750 800 26 20 de
790 800 127 21 hemmanen

167 833 58 22 förut
243 832 113 28 åliggande
374 840 66 14 onera
460 833 34 22 till
515 833 82 21 kronan
618 832 58 28 utgå,
699 840 49 14 men
769 833 148 22 skatteräntan

167 868 55 21 först
237 868 54 21 efter
305 867 141 28 nyssnämnde
460 868 104 28 tidrymds
578 867 91 27 förlopp,
685 868 84 21 hvilken
784 869 63 20 ränta
862 868 55 22 dock

166 902 34 22 till
212 902 110 28 jemkning
337 902 24 20 af
373 901 42 21 den
429 902 66 27 högre
505 902 129 27 löseskilling
646 902 7 20 i
664 901 133 22 förhållande
811 902 33 21 till
858 902 57 22 hem-

167 943 87 15 manens
272 936 71 25 värde,
362 943 45 13 som
425 936 33 21 för
476 936 105 21 särskilda
598 936 124 27 lägenheter
739 936 71 21 kunde
831 937 86 21 komma

168 972 32 20 att
219 970 103 28 erläggas,
340 969 56 28 finge
414 970 33 21 till
465 971 69 20 större
555 970 51 22 eller
627 970 83 22 mindre
728 970 40 26 del,
791 970 33 22 för
842 971 75 27 längre

168 1005 52 21 eller
234 1004 87 22 kortare
335 1004 37 26 tid,
387 1004 83 22 utöfver
485 1004 66 28 sagde
565 1004 77 22 termin
657 1004 115 22 efterlåtas.

236 1039 40 21 5:o.
306 1039 37 20 Att
361 1038 108 22 storskifte
488 1039 40 21 och
546 1038 167 28 skattläggning,
728 1038 84 22 hvilken
827 1039 90 21 sednare

166 1073 41 21 bör
222 1072 36 22 ske
274 1072 65 28 enligt
355 1072 25 21 de
395 1072 99 28 grunder,
510 1079 46 15 som
570 1072 33 21 för
619 1074 60 20 orten
698 1074 37 20 äro
752 1072 98 28 gällande
865 1073 52 21 eller

167 1106 114 22 framdeles
300 1106 66 21 blifva
383 1106 127 25 fastställda,
526 1106 54 21 skall
597 1105 29 28 pä
644 1106 273 22 hemmansinnehafvarens

167 1140 119 21 bekostnad
303 1140 132 25 verkställas,
454 1139 23 22 sä
495 1140 45 21 vidt
557 1140 83 27 möjligt
658 1142 30 24 är,
707 1140 47 21 före
771 1140 108 28 utgången
895 1141 24 21 af

168 1175 42 20 den
227 1175 39 26 tid,
284 1175 58 20 inom
363 1174 85 21 hvilken
470 1174 157 27 löseskillingen
649 1175 39 20 bör
706 1181 52 15 vara
780 1175 82 21 kronan
883 1175 34 22 till

167 1208 52 21 fullo
235 1208 120 27 godtgjord.

236 1241 34 22 Då
288 1241 119 22 Ständerna
425 1248 29 14 nu
469 1240 27 28 gå
510 1244 32 19 att
557 1242 7 20 i
578 1241 171 28 underdånighet
763 1243 105 27 redogöra
883 1243 34 22 för

168 1276 27 22 de
209 1276 76 26 beslut,
303 1276 61 22 hvari
383 1276 25 22 de
427 1276 7 20 i
452 1275 114 28 anledning
585 1275 24 22 af
629 1276 69 22 denna
719 1275 79 30 nådiga
819 1278 97 27 proposi-

168 1312 45 21 tion
227 1312 92 25 stannat,
335 1310 64 22 hafva
418 1310 120 22 Ständerna
555 1310 76 22 främst
648 1311 56 21 velat
722 1311 7 21 i
746 1311 170 29 underdånighet

168 1346 95 22 anmäla:

361 1384 33 17 att
412 1378 126 23 Ständerna
554 1380 35 20 väl
605 1380 53 21 hade
675 1380 77 21 önskat
767 1384 33 17 att
814 1382 102 21 närmare

304 1415 157 28 upplysningar
481 1414 108 29 angående
609 1415 18 28 ej
646 1415 84 21 mindre
751 1415 165 23 donatariernes

304 1449 39 20 och
361 1449 233 21 donationsböndernes
612 1450 47 19 rätt
675 1453 55 17 samt
745 1449 40 22 den
796 1450 119 29 förlänade
