1017 1659
325 93 72 23 Nådiga
408 94 138 22 Propositionen
557 89 36 23 N:o
605 94 29 18 15:

112 224 117 30 Aktiebref
244 226 8 21 i
270 226 85 26 handel,
374 227 77 27 fartyg,
470 227 58 21 bank
547 227 40 21 och
602 227 112 21 industriel

140 259 119 28 inrättning
271 259 52 23 eller
334 267 71 14 annan
417 261 134 28 anläggning,
563 268 47 14 som
617 262 25 20 är
649 268 64 21 grun-

141 293 42 20 dad
198 292 28 28 på
242 293 82 22 aktier:
336 308 2 2 .

142 325 28 23 då
187 327 49 21 hela
253 327 97 24 insatsen.
366 327 35 22 för
418 327 75 28 hvarje
507 328 57 22 aktie
578 329 25 20 är
617 328 98 22 bestämd

168 360 34 21 till
217 362 41 20 200
273 361 63 21 mark
350 361 52 23 eller
417 361 107 22 derunder
538 378 6 5 .
567 378 6 5 .
595 369 118 15 <...

141 395 122 22 derutöfver
277 395 34 22 för
325 395 74 29 hvarje
413 395 54 22 fulla
483 397 39 20 100
537 396 61 22 mark
623 412 6 5 .
652 410 36 7 ...
708 411 8 7 +»

112 430 134 28 Anvisning
251 429 52 22 eller
318 431 142 28 assignation,.
476 437 23 15 se
507 430 162 47 Jörskrifoing:

113 463 210 27 Arrendekontrakt,
339 471 23 14 se
377 463 111 25 kontrakt.
600 481 2 3 ;

112 497 165 28 Assuransbref,
295 499 105 27 förnyelse
419 499 40 21 och
477 499 137 27 gvittans,,se
623 480 91 47 försäk-

140 531 117 30 ringsbref.

112 565 156 30 Bodmeribref
279 566 98 22 karteras
392 565 71 22 säsom
472 566 161 30 förskrifning.

112 599 116 29 Bytesbref
244 599 14 28 &
275 599 44 22 fast
337 600 103 27 egendom
459 600 52 22 eller
528 600 71 29 fartyg
616 600 98 23 karteras

140 633 44 22 lika
198 634 49 21 med
259 633 108 30 köpedref,
379 635 40 21 och
430 635 40 21 bör
481 635 74 21 värdet
565 635 24 21 af
599 635 41 21 den
651 641 62 21 egen-

142 667 55 27 dom,
213 674 45 15 som
274 667 46 28 gått
333 669 8 20 i
355 669 56 27 byte,
428 668 61 22 alltid
503 669 32 20 uti
549 668 143 29 bytesbrefvet
703 669 10 24 i

140 703 119 27 penningar
277 705 98 24 utsättas,
386 702 99 23 säframt
499 703 79 28 lagfart
593 702 52 23 derä
659 703 55 21 skall

140 737 73 21 kunna
230 736 96 29 beviljas,
343 739 55 20 samt
411 737 127 28 mellangift,
554 736 28 23 då
596 737 67 22 sådan
677 739 36 26 egt

140 779 54 19 rum,
214 771 36 23 vid
267 771 170 22 bestämmandet
452 772 24 21 af
489 772 118 28 stämplade
621 774 92 26 pappret

140 798 134 32 inberäknas.

114 839 124 30 Certeparti
252 840 51 22 eller
318 840 101 22 fraktslut
433 848 35 14 om
483 840 70 28 fartyg
564 840 33 22 för
609 847 27 14 en
646 817 71 56 frakt-

140 882 84 15 summa
238 875 25 22 af
274 875 33 21 till
323 876 39 21 och
377 875 49 21 med
442 877 40 19 100
494 875 61 22 mark.
589 891 10 5 .
622 890 6 5 .
651 890 62 6 ....

140 909 122 22 derutöfver
273 909 58 22 ända
341 910 33 21 till
386 911 61 24 1,000
459 909 61 22 mark
530 909 34 21 för
575 909 73 28 hvarje
659 909 53 21 hun-

170 943 70 23 dratal
255 944 68 25 mark,
338 943 86 22 hvartill
439 943 155 22 fraktsumman
608 943 84 28 uppgär
707 959 5 5 .

140 977 83 22 utöfver
238 977 141 22 fraktsumma
393 977 25 22 af
432 979 61 26 1,000
508 977 68 26 mark,
590 977 35 22 för
639 977 74 28 hvarje

111 1046 216 29 Fideikommissbref
340 1047 97 22 karteras
452 1045 70 23 säsom
537 1049 130 23 testamente.

111 1080 134 27 Fraktsedel,
261 1088 23 14 se
299 1080 167 29 konnässement.

110 1115 95 26 Förord,
221 1123 22 14 se
259 1106 214 38 äktenskapsförord.

110 1149 159 29 Förskrifning
287 1149 52 22 eller
356 1149 128 26 skuldsedel,
499 1149 66 26 vexel,
580 1121 133 60 kisäntäi-

168 1219 98 21 karteras
281 1218 54 28 efter
349 1217 192 29 kapitalbeloppet:

139 1253 34 21 till
188 1253 40 21 och
242 1252 50 21 med
307 1253 40 20 200
363 1252 61 21 mark
452 1248 35 35 s...
511 1267 4 5 .
539 1267 32 5 ss
622 1267 35 5 cc
679 1267 34 5 sc

140 1289 56 18 samt
207 1286 121 21 derutöfver
339 1285 34 20 för
383 1285 74 27 hvarje
468 1285 53 20 fulla
532 1287 41 19 200
585 1285 61 20 mark
657 1285 57 20 ända

140 1353 84 22 utöfver
240 1354 61 25 1,000
316 1352 68 26 mark,
399 1352 34 21 för
441 1332 80 53 hyarje
535 1351 53 31 fulla
601 1353 40 21 100
651 1351 62 22 mark

140 1387 30 22 Af
182 1386 83 30 banker
279 1387 40 21 och
334 1386 132 28 bankbolag
464 1386 108 22 -utställda.
586 1385 73 23 vexlar
674 1386 51 23 och
717 1381 11 39 |

170 1422 136 27 anvisningar
320 1420 98 23 utfärdas
432 1420 27 28 pä
483 1437 5 5 .
567 1436 147 20 Kn

170 1008 47 34 100:
228 1012 57 21 mark
311 1027 5 5 <
339 1008 62 34 some
425 1027 6 5 I
453 1027 34 6 sa
510 1028 5 5 m
537 1027 119 6 60088008
679 1027 59 7 meil

167 1183 67 27 vexel,
250 1183 113 28 anvisning
376 1183 40 22 och
431 1183 132 28 assignation
577 1182 24 23 af
613 1183 44 21 alla
667 1183 46 27 slag

168 1320 33 21 till
218 1321 62 24 1,000
294 1319 63 20 mark.
399 1335 3 4 .
427 1334 31 5 ie
482 1334 5 5 8
510 1334 5 5 v
538 1333 175 6 ene
734 1329 2 3 :

737 188 57 16 Mark.

798 96 33 16 711

811 189 28 20 pii.

812 363 26 20 20

813 398 26 20 10

811 876 27 21 20

810 945 28 20 20

812 1013 26 21 30

812 1253 27 20 20

812 1320 26 19 20

812 1354 27 20 20

796 1413 42 29 160
