1017 1664
323 101 72 24 Nådiga
406 104 137 22 Propositionen
554 104 35 18 N:o
603 106 26 16 15.
794 107 33 16 729

102 163 34 23 för
149 166 64 26 porto
228 164 161 28 och-assurans,
408 168 57 20 samt
478 167 73 22 ställer
565 168 34 27 sig
612 168 34 21 för
660 168 66 28 öfrigt
739 168 33 22 till
786 169 63 21 efter-

100 198 88 23 rättelse
205 199 44 21 alla
266 199 27 22 de
309 199 140 29 föreskrifter,
464 208 47 15 som
528 201 34 22 för
580 202 67 28 öfrige
661 202 188 29 försäljningsmän

100 234 39 20 äro
154 233 99 27 gällande
268 235 56 21 samt
337 234 25 22 af
374 234 312 24 Minister-Statssekreteraren
701 236 54 22 efter
769 236 79 23 förhäl-

100 267 93 22 landena
207 267 72 22 kunna
294 268 113 22 anordnas.

168 301 45 21 Hos
228 302 26 21 de
268 301 90 23 sälunda
376 305 95 26 antagna
489 303 228 29 försäljningsmännen
735 311 51 21 eger
799 304 49 22 kro-

100 342 50 20 nan,
168 335 8 21 i
194 336 101 22 händelse
313 336 25 22 af
352 336 76 23 balans
447 337 51 22 eller
519 338 110 22 bristande
650 338 143 28 redogörelse,
814 338 34 22 för

100 370 240 28 kartasigillatamedlen
361 378 82 15 samma
464 371 139 23 förmänsrätt
624 379 46 15 som
694 373 40 21 hos
755 373 93 22 kronans

99 404 162 28 uppbördsmän
274 405 8 21 i
296 405 123 22 allmänhet.

443 469 12 28 8
471 470 33 21 33.

167 511 79 28 Hvarje
259 511 216 29 försäljningskontor
489 512 24 23 sä
527 513 7 21 i
549 513 48 22 stad
611 519 46 16 som
670 512 30 29 pä
709 513 74 22 landet
793 513 55 22 skall

99 545 44 23 alla
156 546 153 28 söcknedagar,
323 545 49 22 från
389 547 91 22 klockan
499 549 12 20 9
530 547 161 28 föremiddagen
708 547 33 22 till
756 549 12 20 7
784 547 63 22 efter-

98 580 120 28 middagen,
233 579 69 24 hällas
317 581 70 27 öppet.
416 581 103 22 Beträdes
536 581 188 29 försäljningsman
741 582 49 21 med
803 582 43 22 för-

99 615 113 22 summelse
230 615 51 22 eller
299 615 56 22 visar
373 615 43 22 han
435 616 90 27 ogenhet
542 616 52 22 eller
611 616 61 22 beter
693 617 33 28 sig
743 616 104 22 otillstän-

99 649 46 28 digt
162 651 57 20 emot
240 649 148 27 allmänheten,
407 650 66 22 varde
493 650 188 28 försäljningsman
703 652 75 27 genast
798 649 49 23 frän

98 683 147 28 befattningen
263 683 55 22 skild
335 684 41 22 och
393 691 72 14 annan
483 684 187 29 försäljningsman
687 685 8 21 i
713 685 54 22 hans
785 684 62 22 ställe

99 717 157 23 tillförordnad.

442 771 11 27 8
469 772 34 19 34.

166 813 26 28 Ej
211 812 35 23 mä
263 813 186 28 försäljningsman
467 814 24 21 af
506 813 80 28 köpare
604 813 73 22 fordra
695 820 46 15 mer
759 814 28 20 än
805 813 41 21 den

98 855 83 14 summa
202 847 67 22 hvarä
290 848 105 27 stämpeln
412 848 71 28 lyder;
506 849 49 21 sker
572 847 78 22 sädant
667 847 71 27 likväl,
757 854 90 15 ansvare

97 883 44 21 han
156 882 84 22 derföre
253 881 71 23 säsom
338 882 34 21 för
387 882 62 28 olaga
463 883 100 27 uppbörd
577 883 40 21 och
631 889 51 15 vare
696 882 62 22 äfven
768 882 8 21 i
788 882 59 22 detta

98 917 38 22 fall
150 919 76 27 genast
240 916 49 23 frän
303 916 147 29 befattningen
465 917 61 22 skild.

441 981 12 27 8
469 981 34 21 35.

166 1024 42 22 Vid
222 1022 108 29 utgången
344 1024 24 21 af
380 1023 74 28 hvarje
468 1023 54 22 halft
537 1022 24 22 år
576 1022 54 22 skall
641 1022 38 22 allt
690 1022 70 22 osåldt
774 1022 72 22 karta-

97 1057 75 23 förråd
189 1059 39 21 hos
247 1058 26 21 de
291 1060 92 26 antagne
401 1058 228 28 försäljningsmännen
647 1057 125 26 inventeras,
792 1057 54 22 efter

97 1093 139 27 förteckning,
252 1100 45 14 som
312 1093 48 21 dem
375 1092 81 28 åligger
473 1092 58 22 förut
544 1093 24 20 in
583 1092 65 28 duplo
667 1093 108 26 upprätta,
791 1094 55 19 samt

97 1128 57 21 hvad
172 1127 62 21 deraf
250 1128 38 20 hos
307 1128 48 20 dem
374 1128 25 20 är
416 1127 8 21 i
442 1126 70 22 behåll
530 1126 33 22 till
580 1128 63 20 nästa
657 1125 81 23 halfårs
753 1126 92 22 redovis-

97 1161 52 28 ning
163 1162 154 21 utbalanseras.

166 1195 60 22 Efter
241 1196 100 21 anmälan
355 1195 24 21 af
395 1195 228 28 försäljningsmannen
637 1194 103 22 förrättas
753 1194 93 22 nämnde

97 1231 133 27 inventering
248 1229 13 22 å
278 1230 103 28 tjenstens
398 1231 81 26 vägnar
498 1230 23 20 af
537 1228 36 22 två
594 1229 226 27 Magistratspersoner
838 1229 8 20 i

97 1265 49 21 stad
161 1267 55 19 samt
234 1264 24 29 af
274 1264 137 27 Kronofogde
429 1263 51 22 eller
495 1264 53 21 hans
562 1263 162 21 tillförordnade
739 1262 78 22 ombud
832 1262 14 22 å

97 1299 79 25 landet,
191 1299 77 24 hvilka,
284 1298 27 20 då
327 1298 25 20 de
367 1298 38 20 allt
420 1298 74 26 riktigt
508 1298 75 24 funnit,
599 1296 28 28 på
641 1297 160 26 förteckningen
816 1296 29 21 el-

96 1332 32 21 ler
143 1332 291 27 inventeringsinstrumentet
449 1330 76 22 sådant
538 1331 106 27 bestyrka.
676 1331 46 20 Och
741 1330 54 21 skall
809 1329 36 22 be-

96 1366 65 21 rörde
180 1366 132 25 instrument,
331 1364 70 23 såsom
416 1365 132 21 verifikation
563 1364 34 21 för
611 1363 155 29 behållningen,
779 1363 67 28 jemte

98 1401 117 27 qvittanser
233 1399 13 22 å
263 1399 132 22 inlevererad
412 1399 109 28 betalning
539 1399 34 21 för
590 1399 56 22 hvad
664 1399 69 21 under
754 1397 92 23 halfåret

96 1435 71 22 blifvit
181 1433 96 28 försåldt,
289 1434 83 28 bifogas
382 1433 240 28 försäljningsmannens
633 1433 141 28 redovisning,
785 1433 63 22 deraf
