1014 1661
191 134 33 16 950
297 137 7 6 j
391 131 71 23 Nädiga
473 132 137 21 Propositionen
621 131 35 18 N:o
669 132 26 16 20.

168 202 51 15 nom
235 195 43 22 blir
296 194 24 22 af
336 194 113 22 enahanda
463 193 146 22 beskaffenhet
623 193 50 22 med
687 193 57 22 hvad
758 193 8 20 i
781 195 27 19 60
817 193 54 27 kap.
886 193 29 21 M.

167 229 24 21 B.
210 229 116 22 benämnes
347 227 98 29 skymflig
463 228 40 21 och
521 227 113 28 förklenlig
653 227 62 22 skrift
733 227 51 21 eller
802 227 116 28 föraktliga

168 263 44 22 ord.
236 263 120 21 Ständerna
367 269 51 14 anse
428 261 161 27 underdänigst,
600 260 30 28 pä
640 261 144 27 nyssberörda
794 261 52 25 skäl,
858 261 60 21 detta

167 298 94 20 moment
275 296 76 22 endast
365 296 49 22 med
429 296 40 22 den
484 295 129 22 förändrade
627 295 87 28 lydelse,
730 295 119 21 Ständerne
863 295 7 21 i
882 294 37 22 det

167 331 95 28 följande
276 330 119 22 framställa
411 330 39 22 och
465 330 34 21 för
514 330 62 21 deras
591 330 34 21 del
641 330 88 28 antagit,
745 330 73 21 kunna
832 329 87 23 komma

168 368 32 20 att
221 368 108 19 motsvara
350 364 59 22 säväl
426 364 114 22 rättvisans
557 364 123 28 fordringar
698 371 46 15 som
762 362 156 24 förhällander-

167 407 39 15 nas
220 400 55 22 kraf.

235 435 47 21 Den
297 435 27 20 36
339 435 11 28 &
366 434 40 21 har
420 433 115 29 undergätt
549 433 52 22 flere
615 433 81 28 vigtiga
710 433 47 27 och,
768 433 8 22 i
787 433 63 22 deras
862 440 57 15 sam-

167 469 108 28 manhang
289 468 133 27 betraktade,
437 469 94 21 särdeles
545 468 133 27 väsendtliga
692 468 158 27 förändringar.
880 466 39 23 Sä-

168 504 43 21 dan
228 504 71 21 denna
317 505 11 26 &
347 505 25 20 är
391 503 91 22 affattad
496 504 8 20 i
518 510 30 14 nu
562 502 99 29 gällande
676 502 180 29 tryckfrihetslag,
870 501 48 28 bju-

168 538 38 21 der
225 539 40 20 den
283 537 149 28 uttryckligen,
452 539 32 19 att
499 537 102 21 domaren
615 536 20 28 ej
651 536 34 22 fär
700 537 68 27 draga
782 536 137 28 godtyckliga

168 571 112 22 slutsatser
294 571 25 22 af
330 571 113 28 uttrycken
459 571 8 21 i
481 570 73 22 åtalad
568 570 63 22 skrift
646 570 40 22 och
701 572 32 20 att
743 571 44 20 han
789 566 11 37 i
816 570 44 26 fall,
872 576 47 15 som

168 613 62 21 synas
253 606 114 28 tvetydiga,
385 605 41 22 bör
443 604 67 22 hellre
524 599 46 39 fria
585 606 30 20 än
633 604 59 22 fälla.
721 604 69 22 Dessa
807 603 58 23 båda
881 603 38 23 be-

168 640 138 27 stämningar,
324 639 73 22 hvilka
414 639 69 22 blifvit
500 638 135 23 utelemnade
649 639 7 21 i
672 639 35 21 det
726 638 119 22 Ständerne
862 638 57 22 före-

167 674 65 28 lagda
249 674 110 28 förslaget,
378 673 35 23 stå
430 674 7 20 i
455 673 119 29 fullkomlig
592 672 218 23 öfverensstämmelse
828 672 49 22 med
892 672 27 22 de

168 708 54 23 härå
242 709 128 28 tillämpliga
391 708 108 22 allmänna
517 708 144 28 grundsatser,
680 715 46 15 som
745 708 24 22 af
785 706 60 23 ålder
862 708 58 21 varit

169 744 94 21 erkända
280 744 8 21 i
306 743 85 22 landets
409 743 82 21 skrifna
507 743 36 27 lag
561 743 40 21 och
619 750 47 14 som
683 742 101 28 slutligen
802 742 70 22 blifvit
889 741 30 29 på

168 778 106 21 särskilda
292 777 76 22 ställen
382 778 8 20 i
404 776 222 29 Rättegångs-Balken
645 777 101 21 domaren
760 776 33 22 till
808 776 111 28 ovilkorlig

169 812 141 21 efterrättelse
323 811 131 28 upprepade.
480 812 11 20 I
506 811 40 21 och
560 811 34 21 för
609 811 32 27 sig
656 813 82 19 ensamt
753 811 68 21 skulle
836 810 83 22 således

169 845 37 22 det
223 845 113 22 anmärkta
353 845 160 21 utelemnandet
530 845 47 21 icke
594 844 73 21 kunna
684 843 70 23 förmå
770 844 101 21 domaren
886 846 33 20 att

168 879 8 21 i
195 879 26 21 de
239 877 50 28 mål,
307 879 88 21 hvarom
413 879 40 20 här
471 880 24 19 är
513 877 68 28 fråga,
598 877 118 22 åsidosätta
732 878 25 21 de
771 878 94 21 nämnda
880 878 39 21 all-

168 915 60 20 mänt
249 913 77 27 giltiga
346 912 174 29 grundsatserna.
553 911 50 22 Men
623 911 28 22 dä
670 912 66 28 jemte
755 912 58 22 detta
830 912 89 22 utelem-

168 948 71 21 nande
257 955 27 14 en
301 947 49 21 med
368 946 121 22 änberörda
507 946 139 28 grundsatser
664 946 105 28 oförenlig
783 946 136 28 bestämning

169 983 26 20 är
212 982 87 28 intagen
316 982 8 20 i
342 981 65 28 sagde
425 982 19 27 &,
463 980 67 22 sädan
549 980 40 22 den
603 980 60 28 lyder
677 980 8 22 i
699 980 109 28 förslaget,
823 980 25 22 af
859 981 60 21 inne-

168 1016 46 22 håll
232 1018 32 20 att
282 1016 101 22 domaren
399 1015 79 28 jemväl
497 1016 54 21 skall
566 1016 51 28 taga
631 1016 8 20 i
654 1014 155 28 öfvervägande
823 1015 8 21 i
846 1014 73 23 åtalad

170 1050 62 22 skrift
250 1050 184 27 ,förekommande
452 1050 150 21 förnärmande
620 1050 165 27 hänsyftningar
802 1048 29 28 pä
845 1056 74 21 perso-

169 1092 39 14 ner
229 1085 41 21 och
291 1084 156 26 förhällanden,
465 1084 91 21 änskönt
574 1083 62 22 dessa
653 1084 47 21 icke
718 1084 38 20 äro
775 1084 144 27 uttryckligen

170 1118 100 26 nämnda,
288 1120 53 19 utan
359 1117 76 22 endast
449 1117 28 28 pä
493 1120 30 19 ett
537 1118 100 25 förtäckt,
652 1118 68 21 ehuru
735 1117 41 22 lätt
790 1118 128 27 igenkänne-

170 1152 40 27 ligt
227 1154 43 19 sätt
288 1152 111 27 antydda,*
419 1151 24 22 sä
460 1151 69 22 måste
547 1151 107 26 domaren,
670 1151 28 22 dä
712 1152 43 21 han
770 1151 149 22 sammanstäl-

170 1187 32 20 ler
223 1187 39 20 allt
284 1186 64 25 detta,
369 1186 100 27 uppfatta
486 1185 164 28 ifrägavarande
668 1186 118 27 stadgande
804 1184 70 23 säsom
893 1192 26 15 en

170 1219 98 21 bestämd
285 1219 109 22 föreskrift
412 1221 33 19 att
461 1219 47 22 icke
525 1219 75 28 längre
614 1219 58 21 fästa
686 1219 100 22 afseende
801 1219 75 22 endast
890 1219 29 27 pä

170 1253 99 22 skriftens
284 1260 26 14 ur
325 1253 148 28 ordalydelsen
487 1251 137 30 framgäende
638 1253 127 28 uppenbara
778 1254 86 27 mening
878 1254 41 21 och

171 1288 160 29 sammanhang,
349 1289 53 20 utan
420 1289 57 20 ännu
496 1287 121 23 derutöfver
632 1288 52 22 söka
698 1287 114 29 utgrunda,
828 1295 35 15 om
878 1288 40 22 och

171 1323 7 22 i
196 1323 56 22 hvad
270 1321 50 24 män
338 1323 123 22 densamma
478 1321 118 24 innehäller
615 1324 65 21 annat
699 1322 51 23 eller
768 1330 60 15 mera
845 1324 29 21 än
893 1323 26 22 de

170 1358 126 28 begagnade
310 1357 66 22 orden
391 1357 131 22 omedelbart
536 1357 106 29 uttrycka.

239 1392 120 22 Ständerna
372 1392 65 22 hafva
450 1392 89 22 härmed
552 1392 155 29 underdånigst
721 1392 89 29 angifvit
824 1392 36 22 det
870 1392 48 22 huf-

170 1427 125 28 vudsakliga
317 1427 25 22 af
362 1427 26 22 de
410 1427 53 26 skäl,
481 1427 99 22 hvarföre
599 1427 25 21 de
642 1428 47 21 icke
706 1427 82 22 kunnat
805 1427 114 28 godkänna

170 1469 46 14 mer
230 1461 141 22 omförmälda
385 1462 12 27 8
408 1461 7 22 i
428 1461 108 28 förslaget,
548 1463 51 20 utan
610 1461 88 22 beslutit
708 1463 32 20 att
750 1461 34 22 för
796 1462 123 21 densamma
