1020 1667
352 96 72 22 Nådiga
435 97 136 22 Propositionen
583 96 34 18 N:o
630 99 27 16 21.
816 99 43 16 1033

137 159 54 27 Kap.
211 160 40 21 och
268 160 8 20 i
294 160 12 21 5
325 160 12 27 $
357 162 26 19 30
402 160 55 28 Kap.
476 161 24 21 R.
518 161 32 26 B.,
570 160 82 23 sådana
670 162 26 21 de
713 162 9 20 i
740 161 41 22 den
797 160 84 29 Nådiga

134 194 160 27 propositionen
305 194 120 27 föreslagits
436 195 40 21 och
488 195 24 21 af
520 195 118 22 Ständerne
651 195 109 28 godkänts,
772 194 29 28 på
812 196 69 27 grund

135 227 25 21 af
176 227 62 22 deras
257 227 99 22 ändamål
375 229 39 20 och
432 228 100 27 innehåll,
550 229 64 21 hafva
631 230 32 20 sin
678 231 58 19 rätta
749 229 57 27 plats
820 230 8 20 i
843 228 38 22 Ut-

135 261 100 28 söknings
256 262 87 21 Balken.
377 262 30 27 Ty
428 263 49 20 med
500 263 62 21 deras
580 263 120 21 änberörda
717 262 93 22 innehåll
827 270 53 20 upp-

136 296 64 20 ställa
216 295 25 22 de
256 295 18 28 ej
290 296 74 27 längre
379 296 65 27 något
458 297 67 21 vilkor
540 296 33 21 för
588 297 129 27 rättigheten
732 299 32 19 att
778 298 52 20 söka
844 298 36 20 än-

135 329 61 28 dring
216 330 39 21 och
273 329 125 23 föreskrifva
417 331 18 27 ej
455 331 67 22 heller
539 330 68 29 några
624 330 29 28 på
672 331 209 28 ändringssökanden

135 364 156 21 ankommande
308 365 137 27 iakttagelser
463 366 7 21 i
486 366 39 21 och
540 365 33 22 för
587 365 143 28 fullföljandet
744 366 24 21 af
780 366 53 21 hans
848 368 32 19 ta-

134 398 43 21 län.
207 398 31 22 De
257 399 86 21 tillhöra
361 398 81 23 således
461 400 47 21 icke
525 399 243 29 rättegångsordningen
786 401 8 20 i
808 401 72 26 egent-

135 433 30 28 lig
180 433 91 28 mening.
301 433 101 22 Deremot
417 434 40 21 och
472 434 88 21 emedan
575 434 152 21 meranämnda
741 434 138 27 stadganden,

130 468 68 27 jemte
216 469 36 20 det
270 469 25 20 de
313 468 34 22 för
365 469 56 20 vissa
439 469 37 20 fall
494 469 106 27 berättiga
617 468 106 22 vinnande
736 470 50 26 part
801 470 32 19 att
848 475 32 14 er-

134 502 58 22 hålla
210 503 159 28 verkställighet
387 502 13 22 å
415 503 71 28 utslag
500 511 45 14 som
561 503 18 28 ej
595 503 74 21 vunnit
683 503 49 27 laga
746 503 63 26 kraft,
824 502 56 22 före-

133 537 81 21 skrifva
231 537 55 22 hvad
305 537 59 22 såväl
382 537 43 21 han
444 545 45 14 som
506 537 159 22 vederbörande
683 538 102 21 exekutor
798 537 8 21 i
821 537 59 22 detta

132 571 122 22 hänseende
271 571 64 22 hafva
353 573 32 20 att
403 572 101 27 iakttaga,
524 570 56 29 angå
597 572 109 21 desamma
720 573 7 20 i
742 572 74 27 sjelfva
833 579 46 14 ver-

133 606 37 22 ket
185 606 225 22 exekutionsväsendet
425 607 39 21 och
479 607 63 21 hafva
556 606 133 28 följaktligen
704 608 32 20 sin
751 608 57 20 rätta
822 607 57 27 plats

134 640 7 21 i
156 640 131 29 Utsöknings
301 641 88 26 Balken,
405 648 44 14 som
464 642 66 21 redan
544 642 8 20 i
567 642 12 20 5
595 641 40 21 och
650 643 11 19 6
677 641 24 27 $$
717 641 24 21 af
754 642 12 20 3
782 641 54 27 Kap.
848 640 31 21 in-

133 674 95 23 nehåller
242 676 150 21 motsvarande
407 676 164 27 bestämningar,
588 676 25 21 de
629 676 36 21 der
681 676 53 21 dock
748 676 46 21 icke
804 675 8 21 i
823 675 56 22 oför-

133 710 93 21 ändradt
240 710 59 21 skick
313 710 73 21 kunna
401 710 33 22 stå
448 710 34 22 väl
496 710 139 22 tillsammans
650 710 48 21 med
712 710 56 21 hvad
783 710 40 21 den
836 709 43 22 Nå-

133 744 50 28 diga
197 745 159 27 propositionen
371 745 7 20 i
393 746 71 20 ämnet
478 744 122 22 innehåller.
625 744 118 22 Ständerne
756 745 64 21 hafva
832 745 47 20 der-

131 779 47 21 före
196 779 86 21 stadnat
299 779 35 21 vid
354 779 35 21 det
407 778 69 22 beslut
494 781 38 24 att,
551 779 48 21 med
617 778 149 28 upphäfvande
785 778 24 22 af
822 778 57 22 stad-

133 813 98 28 gandena
249 814 8 20 i
275 814 12 20 6
307 814 11 27 $
338 814 11 20 3
369 814 55 26 Kap.
442 813 24 21 U.
481 814 31 25 B.,
528 813 69 21 såsom
611 813 47 21 icke
673 820 58 14 mera
745 813 132 27 tillämpliga,

132 848 8 20 i
155 848 12 20 5
183 848 11 27 8
210 847 24 21 af
246 854 81 14 samma
341 847 54 27 Kap.
412 848 39 20 och
466 848 54 20 Balk
530 848 105 27 inrymma
646 848 25 20 de
682 848 139 26 stadganden,
834 855 45 13 som

131 882 8 21 i
158 882 41 22 den
221 881 84 28 Nädiga
327 882 159 27 propositionen
504 882 77 22 införts
598 882 8 21 i
624 883 12 20 2
655 882 10 28 $
686 884 25 19 26
731 882 40 21 och
790 882 11 20 5
820 882 12 28 &
851 883 26 19 30

132 917 55 27 Kap.
207 916 24 21 R.
250 916 24 21 B.
305 916 40 21 Til
362 916 53 28 följd
434 916 64 22 häraf
510 916 66 22 borde
591 916 40 21 ock
645 915 58 23 såväl
717 916 50 22 hela
782 917 26 20 26
823 916 54 28 Kap.

134 958 45 14 som
195 952 11 19 5
223 952 11 26 $
250 952 26 20 30
291 951 55 27 Kap.
361 951 24 21 R.
401 951 24 21 B.
440 951 99 27 upphöra
554 952 31 20 att
600 951 62 27 gälla.

200 985 47 21 Den
268 984 124 28 förändring
411 984 23 22 af
449 984 116 23 innehållet
583 984 23 22 af
623 987 12 19 8
654 985 11 27 $
685 986 26 20 27
730 985 54 27 Kap.
803 985 24 21 R.
845 984 31 27 B.,

133 1026 45 14 som
193 1019 119 27 föreslagits
331 1019 4 21 i
350 1020 39 20 den
404 1018 83 29 Nädiga
501 1020 166 27 propositionen,
681 1019 64 21 hafva
760 1019 118 21 Ständerne

134 1053 47 22 icke
196 1053 67 21 heller
278 1053 70 21 funnit
360 1053 8 20 i
383 1053 44 21 alla
441 1053 59 22 delar
514 1053 201 22 tillfredsställande.
744 1053 133 21 Hufvudsak-

131 1087 57 28 ligen
203 1093 61 22 synes
279 1087 92 21 nämnde
386 1087 90 28 ändring
491 1088 18 27 ej
525 1087 45 22 afse
584 1086 65 29 något
664 1094 59 14 mera
737 1089 28 19 än
781 1089 31 19 att
824 1087 53 21 und-

131 1122 49 21 vika
198 1121 41 22 den
256 1122 126 27 hänvisning
401 1121 31 22 till
452 1122 129 27 Utsöknings
598 1121 87 26 Balken,
701 1128 45 14 som
760 1121 91 21 berörde
866 1121 10 27 $

131 1155 123 21 innehäller.
277 1155 45 21 Och
338 1155 35 22 det
388 1155 83 22 tillfälle
481 1156 33 21 till
525 1155 135 28 tidsutdrägt,
672 1163 45 14 som
729 1155 25 21 de
766 1155 112 21 anmärkta

132 1189 138 28 lagrummen,
286 1190 123 21 förmedelst
425 1190 25 21 de
465 1190 37 21 der
516 1189 108 28 medgifna
639 1189 148 28 omgängarne,
798 1189 79 22 bereda

132 1231 26 14 en
173 1224 128 21 tredskande
316 1226 55 25 part,
387 1225 83 20 komme
482 1224 81 21 således
575 1226 31 19 att
617 1223 92 28 gvarstä.
731 1223 72 28 Enligt
815 1223 61 21 Stän-

132 1258 78 22 dernas
225 1257 55 30 äsigt
294 1258 66 21 borde
376 1259 54 20 dock
445 1259 61 21 dessa
520 1257 117 29 omgängar
648 1259 66 21 redan
725 1257 107 26 bortfalla,
844 1257 33 21 till

131 1293 41 20 den
191 1293 33 20 del
242 1293 26 20 de
286 1293 46 20 icke
350 1293 107 26 verkligen
476 1293 100 26 hbetingas
591 1293 24 20 af
627 1292 144 21 rättsvärdens
785 1291 90 27 uppgift.

132 1326 45 21 Och
200 1325 27 22 dä
249 1325 118 22 Ständerne
389 1326 101 27 derjemte
508 1325 58 22 hälla
583 1325 52 26 före,
654 1327 32 20 att
705 1326 25 20 de
748 1325 129 21 förändrade

131 1359 139 27 föreskrifter,
288 1367 45 14 som
347 1360 7 20 i
368 1359 163 28 ifrägavarande
542 1359 120 22 hänseende
672 1359 93 22 infördes
776 1365 75 22 genom
863 1359 12 20 6

131 1396 11 27 8
160 1395 8 20 i
186 1394 77 28 Kongl.
282 1394 151 28 förordningen
452 1393 110 29 angående
579 1394 146 28 lagsöknings-
744 1393 39 22 och
797 1394 78 20 utmät-

132 1429 106 28 ningsmäl
256 1429 24 22 af
296 1429 41 22 den
355 1430 26 20 28
401 1429 49 22 Juni
470 1431 54 20 1798
542 1436 49 15 men
609 1436 76 21 genom
703 1428 76 28 Kongl.
794 1427 82 22 brefvet
