1025 1664
180 102 33 15 584
380 100 72 22 Nädiga
463 101 136 21 Propositionen
611 100 35 17 N:o
659 101 27 15 13.

226 163 42 21 Det
285 162 35 23 får
337 163 47 21 icke
402 163 106 26 förnekas,
527 164 32 20 att
576 162 128 28 stadgandet
726 163 3 20 i
748 163 13 20 2
780 163 11 27 $
808 163 26 19 17
853 163 55 27 Kap.

158 196 132 28 Rättegängs
304 197 88 26 Balken,
411 197 19 27 ej
451 192 80 36 mindre
550 204 72 20 genom
645 196 35 21 det
694 196 81 22 vitsord
794 196 35 20 det
842 196 67 23 tiller-

158 231 82 21 känner
261 231 145 28 köpmannens
429 231 91 27 ensidigt
542 231 76 27 gjorda
636 230 134 28 anteckning,
789 231 27 19 än
834 237 77 21 genom

160 265 41 21 den
214 266 85 26 honom,
315 272 34 15 om
364 265 40 21 ock
417 265 124 28 vilkorligen
555 264 109 28 medgifna
677 265 130 27 rättigheten
818 267 38 23 att,
867 264 43 22 för-

160 299 89 21 medelst
267 299 165 27 anteckningens
450 299 137 28 beedigande,
607 299 56 27 gifva
686 299 124 21 densamma
827 299 85 21 kraften

161 334 24 20 af
197 333 48 21 fullt
260 333 65 27 bevis,
341 332 44 23 stär
400 334 7 20 i
422 335 70 26 öppen
506 334 53 21 strid
573 334 49 21 med
637 334 26 20 de
678 333 138 28 grundsatser
830 333 81 21 beträf-

161 367 64 21 fande
241 368 138 27 bevisningen
397 376 76 20 genom
491 368 115 26 urkunder,
628 375 46 14 som
696 368 48 21 med
766 367 46 22 skäl
831 369 81 20 ansetts

161 402 133 28 väsendtliga
315 402 34 22 för
371 409 35 19 en,
430 403 40 21 den
492 402 108 22 allmänna
621 402 183 22 rättssäkerheten
825 402 86 28 hbetryg-

162 436 69 28 gande
245 435 216 29 rättegängsordning
476 437 40 21 och
531 444 45 14 som
591 436 84 22 derföre
690 436 67 22 redan
768 436 25 21 af
802 436 59 22 älder
875 443 36 15 va-

162 471 29 21 rit
205 470 95 22 erkända
313 471 8 21 i
335 470 89 28 lagarne
442 470 109 28 angäende
565 469 146 23 rättsvärdens
726 470 164 22 handhafvande
904 470 8 21 i

162 504 47 22 vårt
223 505 57 21 land.
307 504 70 28 Sagde
392 505 118 27 stadgande
523 505 47 21 blef
582 504 65 22 också
661 504 90 22 föremål
765 504 34 22 för
814 504 99 22 anmärk-

162 540 61 26 ning,
238 540 36 21 vid
289 539 36 22 det
338 540 221 28 Lagkommissionens
577 539 82 28 förslag
677 539 33 21 till
724 540 92 20 nämnde
830 539 55 21 Balk
900 538 13 23 å

164 575 55 19 1734
234 573 35 22 års
283 574 94 28 Riksdag
391 574 156 22 underställdes
562 574 131 21 Ständernas
705 574 137 27 granskning.
864 574 50 21 Men

163 608 68 22 ehuru
249 608 168 28 anmärkningen
435 608 93 22 riktades
548 608 75 22 endast
641 610 45 20 mot
708 608 138 28 stadgandets
865 608 48 22 sist-

162 642 93 22 berörda
273 642 34 22 del
325 642 52 22 eller
395 642 25 22 så
437 642 45 22 vidt
500 643 35 21 det
554 642 87 28 medgaf
653 642 135 28 köpmannen
803 641 111 23 förmånen

164 678 32 20 att
210 678 72 20 kunna
295 677 49 21 med
359 678 32 20 sin
406 684 53 20 egen
474 677 26 22 ed
515 677 72 28 styrka
602 678 33 20 sin
650 676 69 22 blotta
730 676 91 28 uppgift,
833 676 80 29 ansågo

165 711 123 25 Ständerne,
303 711 50 21 med
368 710 135 28 åberopande
521 711 24 21 af
562 711 35 21 det
615 711 111 21 rättsbruk
744 705 46 27 som
806 710 27 22 då
846 711 69 22 redan

163 746 56 20 hade
233 746 8 20 i
256 745 59 21 detta
329 747 62 19 ämne
406 745 58 27 gjort
478 746 32 27 sig
525 745 98 28 gällande
639 744 24 22 så
676 745 35 21 väl
725 745 59 21 inom
794 752 46 14 som
854 748 60 19 utom

163 779 79 25 landet,
258 779 167 27 anmärkningen
441 779 53 21 böra
509 779 90 21 förfalla.
630 779 45 21 Och
694 779 46 21 blef
752 778 162 28 ifrågavarande

164 813 118 27 stadgande
304 812 91 22 sålunda
416 815 104 26 upptaget
542 813 39 21 och
603 813 82 21 infördt
702 813 8 21 i
728 813 84 21 landets
833 813 82 22 skrifna

164 848 42 26 lag.
221 860 28 2 —
263 846 76 29 Någon
358 847 81 28 verklig
457 847 124 28 förändring
599 848 40 20 har
659 847 35 21 det
713 847 94 21 nämnda
821 847 94 28 lagrum-

164 883 44 19 met
225 881 122 21 sedermera
364 882 46 20 icke
428 882 67 20 heller
512 880 121 28 undergått.
662 881 42 21 Väl
721 881 134 22 meddelades
879 889 35 20 ge-

165 923 50 13 nom
233 917 12 19 2
265 916 11 26 8
294 916 8 20 i
319 915 77 27 Kongl.
415 915 153 28 förordningen
586 914 110 28 angående
710 916 58 21 vissa
786 916 129 28 omständig-

166 950 60 21 heter
240 950 7 20 i
261 949 146 28 lagsöknings-
423 950 40 21 och
478 949 180 28 utmätningsmål,
677 950 71 28 gifven
767 950 40 21 den
822 952 27 19 28
864 950 51 21 Juni

168 985 61 24 1798,
244 982 69 29 nägra
327 984 124 27 ytterligare
464 984 161 27 bestämningar
639 984 7 20 i
661 985 78 20 ämnet.
762 984 50 21 Men
827 984 89 21 emedan

166 1018 62 21 dessa
241 1018 166 27 bestämningar,
423 1017 68 22 sävidt
506 1018 26 21 de
547 1018 57 28 gälla
618 1018 141 26 köpmannen,
775 1025 87 15 snarare
877 1020 38 20 äro

166 1053 32 20 att
217 1059 60 15 anses
296 1059 46 14 som
360 1051 40 21 råd
418 1052 52 21 eller
488 1052 129 27 önskningar
635 1053 28 19 än
678 1060 45 13 som
738 1052 107 21 bindande
859 1052 56 22 före-

166 1086 92 26 skrifter,
274 1093 76 20 genom
364 1086 82 22 hvilkas
461 1085 158 23 åsidosättande
630 1086 43 21 han
686 1086 67 21 skulle
768 1086 98 21 förverka
879 1086 37 22 be-

166 1119 116 22 viskraften
299 1120 8 20 i
325 1120 32 20 sin
375 1120 137 26 handelsbok,
531 1121 42 20 kan
592 1120 36 21 det
645 1120 49 21 med
717 1122 57 19 rätta
796 1120 120 26 anmärkas,

167 1155 32 20 att
216 1153 160 28 lagstiftningen
394 1154 8 20 i
420 1154 139 21 förevarande
577 1153 62 28 fräga
657 1155 7 20 i
682 1154 76 28 sjelfva
772 1155 73 21 verket
859 1156 58 20 ännu

167 1187 95 22 befinner
283 1188 32 27 sig
337 1187 29 28 pä
388 1195 81 14 samma
494 1187 140 28 ständpunkt,
657 1196 46 14 som
725 1188 28 22 dä
776 1189 141 22 omförmälda

168 1221 117 28 stadgande
299 1223 93 26 upptogs
407 1222 7 20 i
430 1223 55 20 1734
500 1221 35 22 ärs
550 1222 41 27 lag.

237 1255 77 21 Ställer
335 1263 51 14 man
404 1256 32 27 sig
453 1255 29 28 pä
500 1263 26 14 en
547 1255 128 29 fullkomligt
697 1257 126 27 hänsynslös
846 1255 71 23 ständ-

168 1290 73 27 punkt,
257 1289 25 22 sä
297 1290 42 21 kan
354 1297 49 15 man
422 1291 45 26 ock,
482 1291 47 22 icke
546 1292 53 20 utan
618 1298 25 15 en
657 1291 43 22 viss
715 1290 118 29 framgäng,
850 1291 68 22 drifva

169 1324 41 22 den
228 1327 77 24 satsen,
321 1327 32 20 att
371 1332 26 15 en
412 1325 45 28 lag,
473 1332 45 15 som
532 1325 119 28 berättigar
665 1333 41 14 ena
720 1325 52 22 eller
788 1326 67 21 andra
869 1327 49 21 sak-

170 1367 77 20 egaren
261 1360 8 20 i
284 1367 25 14 en
324 1360 51 21 tvist
392 1361 32 20 att
442 1359 32 22 till
492 1360 57 22 bevis
565 1360 35 21 för
613 1359 71 29 nägon
699 1361 53 21 hans
768 1361 24 21 af
804 1361 114 28 vederpar-

169 1396 36 19 ten
219 1393 147 28 ifrägaställda
380 1394 85 28 uppgift
479 1395 98 28 begagna
591 1402 26 15 en
632 1395 134 28 anteckning,
781 1396 64 21 hvars
859 1396 59 22 inne-

169 1428 44 21 häll
231 1428 71 21 berott
323 1429 135 21 uteslutande
476 1429 24 21 af
514 1430 79 21 honom
613 1429 53 28 sjelf,
685 1429 90 22 innebär
793 1432 31 19 ett
840 1431 77 20 under-
