1023 1659
346 94 72 22 Nådiga
430 95 136 21 Propositionen
578 94 35 17 N:o
627 95 26 16 18.
821 93 31 17 861

194 158 12 20 I
220 158 94 27 enlighet
332 158 49 21 med
398 157 57 22 hvad
468 157 8 21 i
491 157 94 27 änsagde
599 156 135 24 betänkande
749 154 129 24 framhållits

124 191 81 29 ansågo
224 192 121 22 Ständerna
364 192 79 27 jemväl
464 191 131 28 nödvändigt
616 193 33 21 att
667 190 121 28 stadgande
809 190 69 23 skulle

121 226 102 23 utfärdas
238 226 80 23 derom'

319 270 43 24 »att
377 268 71 21 under
464 268 60 21 tiden
543 268 223 21 donationsbönderne
783 263 95 25 hvarken

262 301 57 28 finge
333 301 135 22 annorlunda
482 303 28 20 än
523 300 30 29 på
567 301 50 27 laga
631 301 47 21 skäl
692 303 56 20 samt
759 301 54 21 efter
826 300 52 21 dom

262 335 49 22 från
333 335 62 22 deras
417 335 156 22 innehafvande
594 335 99 22 hemman
715 335 89 28 afhysas
824 334 54 22 eller

263 369 109 22 åhvälfvas
390 369 110 28 utskylder
517 369 34 22 till
569 369 150 22 donatarierne
739 369 85 22 utöfver
842 368 36 22 de-

263 411 93 14 sammas
370 404 124 21 nuvarande
508 404 97 27 belopp."

194 447 114 23 Dessutom
323 446 80 28 ansågo
423 447 120 22 Ständerna
558 448 100 26 ,utvägar
673 446 62 23 äfven
749 447 55 21 böra
815 446 64 23 bere-

127 481 38 22 das
183 481 35 22 för
236 481 166 28 genomförande
419 481 25 22 af
460 480 81 23 sådana
559 480 74 29 billiga
655 480 224 24 öfverenskommelser

126 515 91 22 emellan
235 515 151 22 donatarierne
404 515 40 22 och
463 515 227 26 donationsbönderne,
709 522 47 14 som
769 515 69 22 under
852 515 27 21 ti-

127 549 41 22 den
186 549 70 22 kunde
274 550 24 21 af
314 550 103 28 styrelsen
436 551 126 26 uppgöras.*
591 549 11 23 I
619 549 78 22 sådant
715 549 101 22 afseende
829 549 50 22 ville

126 583 122 22 Ständerna
272 577 34 28 till
330 585 115 28 styrelsens
470 583 127 29 förfogande
621 584 64 21 ställa
707 585 31 21 ett
760 584 75 29 anslag
856 583 22 22 af

128 619 90 26 200,000
236 619 62 21 mark
316 626 35 15 om
368 617 47 24 året
432 621 33 20 att
478 618 53 30 utgå
545 617 49 23 från
609 618 192 27 bränvinsskatten,
816 618 62 23 hvar-

125 653 67 27 jemte
206 652 96 29 medgafs

320 698 44 25 »att
376 696 106 29 styrelsen
497 697 53 28 egde
564 696 69 22 under
646 696 133 22 Ständernas
794 696 85 28 garanti

263 731 34 21 till
308 731 105 28 säljarene
423 731 8 21 i
442 731 109 28 betalning
562 731 82 28 utgifva
651 731 148 27 obligationer,
807 730 73 23 hvilka

264 767 118 21 amorteras
405 766 67 21 under
494 765 114 22 enahanda
628 765 94 28 tidrymd
744 772 46 15 som
811 764 70 24 finska

264 800 255 28 hypotheksföreningens
544 799 43 22 fem
608 801 101 26 procents
731 799 149 28 obligationer,

264 835 49 21 med
327 835 173 27 räntekuponger
513 834 113 22 betalbara
637 833 58 23 såväl
709 834 8 21 i
731 833 92 23 Finland
834 840 46 16 som

265 869 7 20 i
291 869 32 22 S:t
340 868 136 28 Petersburg,
496 868 55 22 dock
571 867 25 23 så
618 870 33 21 att
671 867 55 30 årlig
748 868 131 28 amortering

266 904 40 21 och
324 904 63 21 ränta
405 903 18 28 ej
444 903 117 27 öfverstege
578 903 37 21 det
630 902 24 23 af
665 902 123 23 Ständerna
801 903 8 20 i
823 902 57 23 före-

264 937 89 22 stående
370 936 69 23 måtto
457 937 104 28 beviljade
579 937 103 27 anslaget,
700 937 41 21 och
756 937 27 21 de
797 936 82 23 inkom-

264 973 51 24 ster,
330 973 70 19 staten
415 978 76 21 genom
506 970 91 29 godsens
611 971 66 26 inköp
691 971 42 21 kan
748 969 100 24 erhålla."

190 1005 49 32 För
258 1006 66 27 öfrigt
343 1005 115 28 tillstyrkte
476 1005 127 26 Ständerna,
621 1005 8 22 i
646 1005 151 27 hufvudsaklig
811 1004 68 22 öfver-

128 1039 160 23 ensstämmelse
306 1039 48 23 med
372 1039 56 23 hvad
446 1039 60 22 Hans
527 1039 120 29 Kejserliga
669 1039 101 29 Majestät
787 1039 8 22 i
812 1037 68 24 nåder

129 1073 119 29 föreslagit:

324 1109 42 26 vatt
385 1107 26 22 de
430 1107 220 26 donationshemman,
667 1115 48 14 som
733 1107 24 22 af
778 1107 103 28 styrelsen

266 1141 86 26 inlösas,
371 1141 114 22 öfverlåtas
503 1141 34 22 till
553 1141 124 22 nuvarande
695 1140 66 23 åboer
776 1141 50 22 eller
842 1141 39 22 ock

267 1176 54 25 dem,
336 1175 72 22 hvilka
424 1175 97 22 befinnas
539 1175 64 22 hafva
617 1175 72 22 bättre
702 1176 45 21 rätt
761 1175 33 22 till
807 1175 74 28 lägen-

266 1211 96 25 heterna,
377 1210 65 22 likväl
456 1211 7 20 i
477 1210 106 21 hvardera
597 1209 116 22 händelsen
727 1209 69 22 under
806 1209 74 26 vilkor,

267 1246 33 21 att
313 1245 127 21 hemmanen
454 1245 121 27 öfvertagas
589 1244 49 21 med
649 1243 120 28 skyldighet
780 1245 33 20 att
823 1243 59 21 inom

267 1279 42 20 viss
324 1279 97 20 bestämd
433 1279 30 20 tid
474 1286 77 19 genom
562 1277 69 28 årliga
641 1277 159 27 afbetalningar
812 1285 69 14 amor-

267 1315 48 18 tera
333 1312 40 21 den
391 1311 34 23 för
442 1312 82 22 inlösen
543 1311 86 29 erlagde
646 1311 154 28 köpesumman
815 1311 67 27 jemte

268 1345 52 24 derå
341 1345 93 28 löpande
455 1347 84 25 ränta";
561 1352 19 15 o.
600 1352 16 15 s.
635 1353 18 13 v.
672 1345 8 22 i
701 1346 78 21 nästan
800 1351 82 16 samma

268 1380 90 29 ordalag
375 1388 47 15 som
439 1387 63 16 mom.
523 1380 96 22 3:0—5:0
637 1379 8 22 i
663 1379 123 23 ännämnda
802 1378 80 29 nådiga

268 1416 139 28 proposition.
