1017 1664
332 111 72 24 Nådiga
416 113 138 21 Propositionen
566 113 35 17 N:o
615 113 25 16 15.
807 113 33 18 759

112 167 38 22 ska
171 167 56 21 real-
249 170 55 18 samt
323 167 249 28 navigationsskolorna,
591 167 269 28 Riddarhusdirektionen,

110 201 169 22 Direktionerne
292 202 42 28 för
343 201 74 28 finska
431 202 129 26 militärens,
578 203 131 20 civilstatens
724 206 56 17 samt
795 202 66 22 eckle-

110 235 88 22 siastik-
213 235 39 22 och
266 235 127 22 skolstatens
408 235 60 22 enke-
480 236 38 21 och
525 236 156 29 pupillkassor,
692 236 169 22 Direktionerne

109 270 38 27 för
158 269 132 27 dårvården,
302 271 111 20 allmänna
424 269 58 30 sjuk-
494 271 38 20 och
543 270 113 27 kurhusen,
668 271 130 28 spinnhusen
806 275 56 17 samt

110 305 82 20 arbets-
207 304 39 21 och
260 304 323 29 korrektionsinrättningarne.

178 338 86 21 Femte
291 339 185 28 afdelningen:
508 338 107 27 Härads-,
641 339 158 28 Egodelnings-
822 339 38 21 och

110 372 187 27 Kämnersrätter,
316 372 72 22 Polis-
404 373 40 21 och
458 373 204 26 Auktionskamrar,
678 373 114 22 städernas
808 373 52 22 han-

110 407 60 27 dels-,
190 407 140 23 handtverks-
346 408 38 21 och
400 408 70 21 andra
485 407 196 27 sammankomster,
697 408 77 21 dervid
788 407 72 30 Magi-

109 445 147 26 stratsperson
271 443 13 21 å
300 442 101 29 tjenstens
415 443 85 28 vägnar
516 443 27 20 är
557 443 146 26 närvarande,
718 441 141 22 Tullkamrar

110 480 56 18 samt
181 477 45 21 alla
241 478 70 21 andra
325 477 69 21 under
405 477 25 21 de
442 477 66 28 högre
520 477 165 28 afdelmingarne
696 477 46 21 icke
754 477 106 21 särskildt

110 511 126 22 omnämnde
254 511 136 26 embetsverk,
408 512 148 28 myndigheter
576 511 39 21 och
634 511 134 29 tjenstemän,
788 511 72 21 sävidt

109 545 99 29 befrielse
223 546 59 29 frän
303 545 120 29 skyldighet
442 549 32 18 att
493 546 89 21 kartera
602 545 139 29 handlingar,
760 553 45 14 som
824 546 35 21 till

109 580 61 21 dessa
191 581 95 28 ingifvas
308 581 52 21 eller
382 580 26 29 af
422 580 48 21 dem
487 580 109 29 utfärdas,
614 580 46 21 icke
674 581 70 26 finnes
762 581 10 20 i
789 580 70 21 denna

108 613 143 30 Förordning
265 614 146 29 uttryckligen
426 615 126 28 medgifven.

180 648 41 21 Vid
236 649 46 20 alla
298 649 156 28 ofvannämnde
468 648 51 21 verk
535 649 38 20 och
587 648 149 29 myndigheter
751 648 107 29 begagnas

108 683 120 28 stämpladt
242 690 86 21 papper
348 683 51 21 eller
418 683 198 28 kartabeläggning
636 683 24 28 af
676 683 182 28 nedanupptagna

108 717 74 27 värde,
202 717 121 22 beräknadt
335 718 42 28 för
392 717 65 20 hvart
473 717 45 26 ark,
535 717 81 29 hvaraf
630 717 73 28 hvarje
719 717 58 22 skild
792 717 67 28 skrift

108 753 53 21 eller
176 751 105 29 handling
296 753 94 27 utgöres,
406 751 104 22 sälunda:

670 814 146 28 Afdelningar.

685 885 55 30 2:dra.
798 878 16 28 E

798 908 10 8 E

758 876 21 52 "ofp:g

832 883 16 15 S

832 899 14 8 >

832 908 11 15 »

647 876 15 49 "B48:T

637 952 11 14 =

651 951 12 14 =

651 951 58 14 :k.|Msk.|
720 952 24 17 psi.
749 940 6 35 |
760 952 18 17 päi.

120 999 39 22 1:0.
182 999 99 30 Skrifter
293 1000 39 21 och
346 999 139 28 handlingar,
497 1005 45 14 som
553 998 25 29 af
585 999 33 20 sö-

148 1034 68 23 kande
224 1035 52 21 eller
285 1034 105 21 svarande
396 1034 105 21 inlemnas
508 1033 52 21 eller
565 1040 53 21 upp-

148 1073 37 24 tes,
200 1069 61 22 skola
276 1069 104 28 antingen
393 1068 94 29 skrifvas
495 1067 32 29 på
539 1068 79 27 stämp-

148 1105 47 20 ladt
205 1111 87 22 papper
308 1104 52 21 eller
374 1110 55 14 vara
443 1103 47 20 med
506 1101 64 22 karta
585 1101 33 22 be-

148 1139 63 28 lagde
227 1139 35 20 till
271 1138 101 29 följande
388 1137 88 28 belopp:

148 1174 22 27 a)
182 1172 130 26 Deduktion,
325 1171 127 28 ansökning,
461 1171 75 21 besvär
544 1169 39 22 och
591 1170 25 21 li-

177 1207 47 26 bell,
233 1206 202 25 kontradeduktion,
437 1205 138 29 förklaring,
584 1210 34 15 ex-

177 1242 89 27 ception,
278 1241 124 21 bemötande
414 1239 39 21 och
464 1243 67 17 annat
542 1237 76 29 skrift-

177 1277 42 27 ligt
237 1275 126 29 anförande,
383 1274 109 29 äfvensom
504 1271 113 31 fullmakt,

178 1308 142 29 borgesskrift
336 1308 38 21 och
383 1306 206 29 fullgörelsebevis.
612 1321 5 4 .|
650 1306 12 19 21
691 1305 159 20 1|—1[80/60/40

147 1343 24 29 b)
191 1342 76 21 Annat
283 1342 57 21 bevis
355 1341 39 21 och
409 1341 79 28 bilaga,
505 1341 63 28 äfven
584 1346 34 13 om

177 1377 41 22 den
232 1379 114 27 inrymmes
358 1377 14 20 å
383 1383 81 14 samma
476 1375 39 21 ark
527 1374 47 21 med
585 1375 33 20 in-

178 1413 66 28 lagan
315 1428 47 5 n
386 1424 232 7 ses
651 1409 10 20 1

681 1421 27 2 —|
722 1408 129 21 50140130/20

176 1445 121 31 Handling,
320 1453 44 15 som
385 1446 10 21 %
416 1445 93 28 enlighet
528 1443 90 22 härmed
