1025 1661
165 131 33 15 840
363 129 71 23 Nådiga
445 131 137 20 Propositionen
595 130 34 17 N:o
643 130 27 16 17.

210 192 50 22 Med
278 192 99 22 afseende
395 192 29 28 på
442 192 90 22 vilkoret
550 192 34 21 för
603 192 55 21 elevs
672 191 100 22 befrielse
786 189 49 23 från
849 191 43 21 för-

142 226 52 27 höjd
217 226 111 27 skolafgift
349 226 38 21 ber
407 226 37 27 jag
467 228 31 19 att
516 225 22 21 få
556 226 86 20 ansluta
659 226 43 26 mig
720 226 33 20 till
772 225 40 21 den
831 223 62 29 åsigt,

143 267 46 14 som
203 260 7 21 i
226 260 103 21 utskottet
344 260 69 21 blifvit
427 260 84 21 uttalad
526 260 24 20 af
559 259 115 28 höglofliga
686 259 155 26 Ridderskapet
853 259 40 21 och

142 294 80 21 Adelns
244 296 56 19 samt
321 294 132 22 hedervärda
474 293 171 22 Bondeständets
664 293 144 21 medlemmar.
841 293 53 21 Der-

142 330 58 20 emot
215 335 63 14 anser
290 329 39 27 jag
343 328 54 21 barn
413 329 33 20 till
460 329 48 25 den,
524 335 46 14 som
580 328 40 21 har
632 335 25 14 en
668 328 93 21 inkomst
771 326 49 22 från
831 328 63 25 2,500

144 363 33 20 till
196 364 62 25 5,000
277 363 68 26 mark,
363 363 54 21 böra
431 363 8 20 i
454 363 86 27 förhöjd
559 362 62 27 afgift
636 362 32 21 till
680 361 129 22 skolkassan
823 361 72 22 betala

144 398 28 19 50
190 397 67 26 mark,
277 399 56 19 samt
351 397 55 21 barn
424 397 33 20 till
475 397 85 26 enhvar,
576 403 46 14 som
636 397 40 20 har
691 403 27 15 en
731 396 94 21 inkomst
839 396 56 21 utöf-

144 438 37 14 ver
200 432 62 25 5,000
280 431 68 26 mark,
367 431 54 22 böra
439 431 89 27 erlägga
545 431 153 21 meranämnda
713 430 62 28 afgift
789 431 49 21 med
855 432 40 20 100

144 465 68 22 mark.
240 465 72 22 Skulle
327 465 52 22 flere
393 466 78 21 bröder
486 466 79 21 besöka
580 465 81 26 skolan,
676 465 68 22 borde
759 465 88 27 afgiften
862 465 34 22 för

146 498 41 23 den
200 499 68 22 andre
282 500 110 21 nedsättas
407 500 33 21 till
454 499 162 28 trefjerdedelar
631 501 56 20 samt
701 499 34 22 för
747 499 26 22 de
785 499 67 28 öfrige
863 499 34 22 till

144 532 82 23 hälften
241 534 25 21 af
278 534 56 21 hvad
349 541 45 14 som
409 534 96 27 erlägges
520 534 34 21 för
569 534 40 21 den
623 534 72 21 förste.

213 567 34 22 Då
259 568 39 28 jag
312 568 89 21 härmed
416 568 67 21 slutar
499 568 69 21 denna
582 568 44 21 min
640 567 65 28 långa
715 568 132 21 reservation
857 568 40 21 ber

142 602 40 28 jag
196 604 32 19 att
242 604 58 19 ännu
315 601 23 22 få
353 604 52 26 göra
421 602 39 21 den
476 602 101 28 ödmjuka
592 601 101 22 anhållan
707 604 33 19 att
749 602 84 21 landets
844 603 53 27 hög-

145 636 74 28 lofliga
238 636 92 22 Ständer
347 636 49 22 ville
411 637 8 20 i
433 637 38 21 sitt
488 636 148 28 underdåniga
654 644 49 13 svar
719 636 34 21 till
771 636 60 22 Hans
846 637 51 27 Kej-

146 671 79 27 serliga
242 671 102 27 Majestät
362 671 119 21 framställa
495 672 72 26 vigten
582 671 39 21 och
636 670 185 28 nödvändigheten
837 671 63 21 deraf

147 707 32 19 att
196 707 84 19 senaste
298 705 137 21 skolkomités
450 705 88 27 förslag,
552 705 93 21 rörande
660 706 145 26 organisation
820 706 24 21 af
857 706 41 21 ele-

146 739 209 21 mentarläroverken
373 739 8 20 i
398 739 97 26 Finland,
517 738 46 22 icke
581 739 67 21 måtte
666 741 67 20 sättas
751 740 7 20 i
775 740 74 21 verket
866 740 32 21 in-

146 780 44 15 nan
205 773 99 28 samtliga
315 772 152 29 skolstyrelser
482 774 40 21 och
534 773 153 28 skolkollegier
701 774 8 21 i
723 774 74 21 landet
811 773 41 22 fått
867 774 31 21 af-

148 807 57 28 gifva
222 808 100 27 yttrande
336 808 8 20 i
359 807 70 22 denna
443 808 80 27 vigtiga
536 807 69 28 fråga.
636 808 74 21 Under
725 808 41 21 den
780 807 65 29 långa
859 808 38 26 tid,

146 841 122 21 hvarunder
280 842 39 27 jag
334 842 35 21 vid
383 841 119 22 skolverket
516 842 128 27 tjenstgjort,
656 842 40 21 har
707 842 42 21 den
759 842 141 28 öfvertygelse

148 876 39 21 hos
208 876 44 27 mig
274 876 98 21 alltmera
393 876 86 27 stadgat
497 876 31 27 sig
546 878 32 18 att
597 876 166 27 olägenheterna
782 876 62 22 deraf
860 878 39 20 äro

148 910 83 21 mindre
246 916 34 16 om
294 910 83 28 nyttiga
391 910 104 21 reformer
509 910 47 21 icke
570 910 50 21 med
634 912 79 20 största
723 910 88 28 möjliga
822 911 77 27 skynd-

148 944 84 22 samhet
248 944 36 22 vid
302 944 101 22 skolorna
421 945 87 25 införas,
527 946 27 19 än
574 944 62 22 deraf
648 946 32 20 att
695 945 125 21 läroverken
835 946 64 26 göras

148 978 34 21 till
196 978 192 28 experimentalfält
403 978 33 21 för
452 978 85 28 åsigter,
553 986 46 14 som
614 980 57 20 ännu
685 979 47 21 icke
743 979 82 27 lyckats
834 979 66 22 vinna

147 1012 91 22 allmänt
256 1013 143 26 erkännande,
419 1013 61 21 äfven
496 1020 38 14 om
549 1011 29 23 de
595 1013 8 21 i
620 1013 34 27 sig
672 1013 75 27 sjelfva
765 1014 38 21 äro
821 1014 80 27 riktiga

149 1047 41 21 och
204 1054 74 14 sanna.

217 1081 31 21 Af
263 1080 138 22 Kanslirådet
419 1080 59 27 Rein,
496 1088 47 14 som
559 1080 34 22 till
613 1081 43 21 alla
669 1082 62 21 delar
743 1082 87 21 förenat
845 1082 32 27 sig
891 1082 9 21 i

149 1114 135 22 förestående
297 1115 138 21 reservation.

217 1149 30 20 Af
259 1149 97 26 Prosten,
371 1149 82 21 Doktor
468 1149 106 27 Alopsus,
585 1156 47 14 som
639 1149 80 28 jemväl
730 1150 88 21 instämt
828 1150 7 21 i
847 1149 53 22 Pro-

150 1185 47 19 sten
217 1183 110 21 Borenius”
345 1183 106 27 yttrande,
470 1182 70 22 såvidt
556 1182 69 28 angår
642 1183 107 27 beloppen
768 1183 24 21 af
809 1184 26 21 de
853 1183 50 22 utaf

150 1217 78 21 honom
242 1217 123 27 föreslagna
378 1217 301 26 lärareaflönings-förmoner.

218 1251 30 20 Af
262 1250 206 27 Kontraktsprosten
486 1250 68 26 Sirén,
573 1250 84 21 hvilken
676 1250 62 21 äfven
753 1251 81 21 biträdt
847 1251 54 21 Pro-

149 1286 49 21 sten
218 1285 110 21 Borenius”
350 1285 122 28 skiljaktiga
489 1285 86 28 mening
592 1285 8 21 i
619 1285 39 21 allt
677 1285 71 28 öfrigt,
767 1287 59 20 utom
845 1285 56 23 hvad

150 1319 68 29 angår
232 1320 143 27 skolafgiften,
390 1320 91 26 hvilken,
496 1319 90 22 såframt
600 1319 41 22 den
656 1319 18 28 ej
690 1320 43 21 kan
747 1320 46 21 helt
801 1321 43 21 och
855 1320 46 22 hål-

150 1354 31 22 let
198 1354 108 27 afskaffas,
324 1354 67 22 borde
408 1354 35 22 för
461 1353 43 22 alla
520 1353 115 23 betalande
649 1354 70 22 elever
733 1353 118 24 bibehållas
866 1355 35 22 vid

152 1389 48 22 dess
213 1389 136 22 närvarande
362 1388 85 29 belopp.
