1023 1667
352 90 71 23 Nådiga
436 92 136 21 Propositionen
584 92 35 16 N:o
633 93 26 15 13.
824 92 32 17 589

128 153 109 29 verkligen
254 152 36 23 må
307 154 73 22 kunna
397 154 74 22 vinnas
490 162 76 20 genom
584 154 41 22 den
643 154 148 28 ifrågakomna
808 154 72 29 åtgär-

129 188 47 22 den.
206 188 42 22 Det
268 190 26 20 är
316 189 99 28 onekligt,
438 191 33 20 att
491 190 163 28 utborgningen,
677 190 38 21 der
738 190 41 21 den
800 190 80 22 brukas

128 223 49 21 med
199 222 103 27 förstånd,
324 223 89 21 bereder
435 224 153 21 konsumenten
610 230 26 15 en
658 226 45 19 stor
724 224 76 26 fördel,
818 224 8 20 i
845 224 36 22 det

129 256 41 21 den
184 256 82 22 lemnar
281 257 79 21 honom
373 259 65 26 utväg
453 260 38 23 att,
507 258 62 21 äfven
588 264 34 15 om
639 258 43 20 han
697 258 47 20 icke
758 258 34 20 för
806 258 74 21 tillfäl-

128 290 30 21 let
176 290 95 28 förfogar
290 291 58 21 öfver
366 291 71 21 dertill
454 291 79 28 nödiga
550 291 75 27 medel,
644 292 114 21 verkställa
780 292 47 20 sina
848 292 32 21 in-

128 324 42 27 köp
189 324 7 21 i
214 324 50 22 mån
286 325 24 21 af
329 325 104 26 behofvet,
456 326 138 27 hvarigenom
616 325 36 21 det
673 324 47 22 åter
740 326 43 20 blir
800 326 80 21 honom

128 358 84 29 möjligt
230 360 32 21 att
280 359 80 22 inrätta
375 360 32 21 sin
421 359 137 29 hushållning
572 359 56 23 både
642 360 128 28 begvämare
785 360 40 22 och
840 360 40 22 bil-

128 393 68 28 ligare
211 395 27 20 än
253 393 143 23 förhållandet
410 394 75 27 blefve,
502 402 34 14 om
551 395 43 21 han
608 402 50 14 vore
673 394 110 22 nödsakad
798 396 32 20 att
841 394 39 22 all-

128 428 31 21 tid
174 427 58 22 hålla
247 429 119 27 penningar
376 429 7 21 i
394 428 119 28 beredskap
525 429 34 21 för
569 429 130 21 inträffande
710 429 71 27 inköp.
804 429 76 21 Denna

128 462 70 22 fördel
216 464 24 20 är
258 463 25 22 af
298 464 45 27 vigt
361 464 18 27 ej
398 464 83 21 mindre
502 464 34 21 för
554 464 40 21 den
612 463 110 28 förmögne
740 464 28 20 än
786 463 34 22 för
839 463 41 22 den

128 496 84 22 mindre
229 497 131 27 bemedlade,
379 500 23 26 ty
420 498 34 21 för
468 498 106 22 hvardera
592 498 64 21 ställa
670 498 32 28 sig
716 496 164 23 förhållandena

128 531 8 21 i
151 531 117 21 allmänhet
282 531 30 27 så,
328 533 32 20 att
374 532 26 21 de
414 532 122 26 inkomster,
548 539 46 15 som
608 531 114 29 påräknas,
736 532 76 28 inflyta
826 532 54 21 efter

127 565 57 22 vissa
206 566 140 21 mellantider.
376 566 45 22 Och
440 574 35 14 om
493 567 40 21 ock
550 566 100 22 behofvet
668 566 25 22 af
712 566 108 22 kreditens
842 573 37 15 an-

128 600 80 21 litande
226 600 57 22 visar
301 600 33 28 sig
348 608 60 14 mera
426 601 8 21 i
452 602 83 26 ögonen
552 600 94 22 fallande
664 601 8 21 i
690 600 99 22 afseende
807 599 13 23 å
839 600 41 22 den

130 634 96 26 sednare,
246 634 24 22 så
288 636 108 26 uppväges
415 635 58 21 detta
493 635 66 26 deraf,
578 637 33 19 att
629 635 41 21 den
691 635 58 21 förre
767 634 113 28 vanligtvis

128 668 115 22 förbrukar
260 676 60 14 mera
338 669 40 21 och
398 668 90 23 sålunda
505 670 8 20 i
528 669 154 22 vidsträcktare
700 668 50 22 mån
768 670 40 20 har
823 676 57 21 gagn

130 702 24 22 af
170 703 143 28 utborgandet
335 705 27 19 än
385 704 41 21 den
448 704 96 21 sednare.
574 703 46 22 Och
641 704 49 21 med
709 704 99 21 afseende
826 702 54 23 härå

128 737 42 21 kan
186 737 35 22 det
233 738 80 27 jemväl
327 737 79 28 påstås,
422 740 33 20 att
473 739 35 21 det
526 738 52 26 skäl,
594 745 46 14 som
657 738 164 21 konsumentens
836 738 44 21 för-

129 771 34 22 del
182 772 105 28 erbjuder,
308 780 49 20 eger
374 772 80 22 allmän
472 773 103 27 giltighet.
605 773 151 27 Köpmannens
775 772 68 22 fördel
858 772 24 22 af

128 806 145 28 utborgandet
291 808 25 19 är
334 806 34 22 väl
385 807 47 21 icke
450 807 43 21 lika
512 807 144 27 ögonskenlig.
689 807 49 21 Men
757 808 32 20 att
806 806 74 22 utbor-

129 840 79 28 gandet
222 840 114 22 befordrar
349 841 54 21 hans
418 841 130 27 omsättning
562 841 42 21 kan
619 841 48 21 med
678 840 24 22 så
712 841 85 27 mycket
811 842 69 20 större

129 874 47 22 skäl
194 874 80 28 påstås,
294 882 46 14 som
359 875 40 21 den
417 875 99 27 köpman,
536 875 85 21 hvilken
639 875 68 21 skulle
725 874 67 29 aflysa
806 875 74 21 utbor-

128 908 80 28 gandet
222 916 27 14 ur
264 910 32 20 sin
311 910 84 25 handel,
411 909 153 28 otvifvelaktigt
582 909 68 21 skulle
664 916 23 14 se
702 908 36 22 sin
749 909 80 21 rörelse
843 909 37 21 be-

129 943 78 27 tydligt
221 943 98 21 minskad
334 944 32 20 till
380 944 91 20 fromma
485 944 35 21 för
534 944 54 21 hans
603 944 161 20 konkurrenter.
787 943 93 27 Utborg-

128 977 105 27 ningarne
247 978 73 20 kunna
333 978 130 27 visserligen,
479 985 34 14 om
527 978 95 27 köparen
640 978 46 21 icke
700 978 117 27 behörigen
831 977 49 21 full-

130 1013 39 26 gör
184 1012 32 20 sin
231 1012 246 28 betalningsskyldighet,
489 1012 96 21 medföra
599 1012 78 21 förlust
691 1012 33 21 för
738 1012 142 27 köpmannen.

130 1045 50 22 Men
197 1045 27 22 då
239 1046 74 26 denne,
329 1054 75 20 genom
423 1047 189 27 uppmärksamhet
631 1047 39 21 och
686 1046 134 28 försigtighet
835 1053 46 14 som

128 1080 48 22 icke
193 1080 91 22 behöfva
303 1088 52 14 vara
373 1081 134 28 synnerligen
526 1082 64 25 stora,
606 1081 41 21 kan
663 1080 75 28 afböja
753 1080 71 28 dylika
838 1080 43 22 för-

130 1115 73 26 luster,
223 1114 24 22 så
264 1115 104 27 förtjenar
387 1115 70 21 denna
475 1116 157 27 omständighet
650 1116 18 27 ej
687 1114 66 29 något
775 1114 105 22 afseende.

129 1148 75 22 Såsom
220 1156 26 14 en
260 1149 79 21 allmän
354 1149 118 27 olägenhet,
491 1150 132 20 härrörande
638 1150 23 20 af
674 1149 184 27 utborgningarne
872 1149 8 21 i

130 1184 246 25 konsumtionshandeln,
387 1184 41 20 har
438 1191 50 14 man
500 1184 102 28 derjemte
614 1184 104 26 anmärkt,
730 1185 32 19 att
774 1184 25 20 de
811 1184 71 20 lemna

129 1217 85 22 tillfälle
232 1218 32 20 till
282 1218 111 26 lättsinnig
411 1218 157 27 skuldsättning
586 1218 40 21 och
644 1218 83 21 förleda
744 1218 33 20 till
795 1219 31 19 ett
843 1217 39 21 lef-

130 1251 98 21 nadssätt
246 1251 58 21 öfver
325 1250 148 29 tillgångarne.
503 1252 58 21 Utan
580 1254 32 18 att
630 1252 139 21 underkänna
787 1251 41 21 den
846 1258 36 15 en-

131 1286 78 20 skildes
224 1287 44 19 rätt
283 1288 38 23 att,
337 1285 24 21 så
378 1286 63 26 länge
459 1286 43 21 han
520 1286 47 21 icke
586 1285 127 21 åsidosätter
732 1286 52 20 eller
798 1285 84 21 förnär-

131 1326 47 14 mar
194 1319 78 21 andras
287 1320 50 24 rätt,
352 1319 81 21 inrätta
448 1320 32 20 sin
498 1318 136 28 hushållning
649 1320 40 20 och
704 1319 37 21 sitt
755 1318 128 22 lefnadssätt

131 1351 71 23 såsom
219 1353 79 21 honom
316 1353 49 21 bäst
383 1360 68 20 synes,
470 1355 25 19 är
514 1353 36 21 det
568 1353 54 21 dock
640 1353 33 21 för
692 1352 113 22 samhället
822 1352 61 28 långt

130 1386 58 22 ifrån
206 1387 106 28 likgiltigt,
332 1387 84 22 hvilken
434 1388 94 28 rigtning
546 1387 148 22 lefnadssättet
712 1387 40 22 och
768 1386 40 22 den
823 1387 63 22 deraf

132 1421 107 23 beroende
253 1420 164 30 hushållningen
435 1422 8 21 i
462 1422 116 22 allmänhet
595 1424 57 26 taga.
681 1422 31 28 Ty
726 1422 102 28 yppighet
843 1422 40 22 och
