1017 1664
198 138 32 16 788
395 135 71 23 Nådiga
477 136 136 20 Propositionen
625 134 36 17 N:o
673 134 27 16 15.

519 198 13 28 $
546 196 35 23 16.

243 242 55 22 Alla
312 242 71 21 andra
397 242 122 28 eftergifter
529 241 10 20 i
549 240 147 29 skyldigheten
707 242 33 18 att
751 239 98 29 begagna
859 240 67 20 stäm-

172 278 127 28 pelpapper,
314 283 45 15 som
373 276 20 28 ej
408 276 73 29 blifvit
495 282 75 21 genom
581 274 70 22 denna
661 273 142 29 Förordning
808 273 117 30 förnyade,

176 312 84 22 komma
268 312 43 28 för
319 310 125 30 framtiden
459 313 33 19 att
506 309 86 22 alldeles
606 308 107 30 upphöra.

491 390 23 18 5
532 390 81 22 Kap.

194 441 31 22 Om
238 440 92 29 påföljden
344 440 33 22 och
391 441 85 21 ansvaret
489 440 29 22 för
532 439 138 22 öfverträdelser
685 439 21 21 af
718 438 59 22 denna
790 438 114 28 Författning

367 475 46 22 samt
427 474 102 23 kontrollen
543 473 12 23 &
569 474 40 21 dess
624 472 113 23 efterlefnad.

519 527 13 27 $
547 524 35 23 17.

244 569 75 30 Skrift
341 570 52 21 eller
415 569 111 29 handling,
545 576 45 15 som
608 569 68 27 enligt
694 568 70 21 denna
782 567 144 29 Förordning

176 605 64 22 bordt
261 604 95 29 skrifvas
374 604 14 21 &
407 603 65 22 karta
493 604 52 21 eller
567 603 47 22 med
632 602 165 29 stämpelmärke
816 602 109 29 beläggas,

175 640 43 26 mä,
236 639 51 29 ifall
301 638 95 29 påbudet
413 638 74 21 derom
497 638 70 27 finnes
582 637 45 22 icke
643 645 59 13 vara
713 637 118 28 behörigen
844 636 82 21 iaktta-

175 678 42 25 get,
237 673 38 22 vid
289 673 92 21 domstol
396 673 51 20 eller
463 671 128 22 embetsverk
607 672 20 29 ej
642 675 125 25 emottagas.
798 670 40 22 Om
852 671 74 29 skrift,

176 715 44 14 som
231 708 68 28 förut
317 707 59 22 varit
395 706 76 29 belagd
489 707 47 20 med
551 706 65 21 karta
631 707 52 20 eller
698 705 173 29 stämpelmärke,
884 705 41 31 lik-

175 743 38 20 väl
231 742 80 21 saknar
329 741 42 21 slik
390 741 137 28 beläggning,
547 740 56 22 skall
621 740 141 29 karteringen
778 741 53 28 ånyo
841 740 85 29 fullgö-

175 783 45 21 ras,
234 777 69 21 innan
317 776 40 21 den
366 776 43 29 får
424 779 125 25 emottagas.

520 830 13 27 $
548 827 33 22 18.

242 872 39 22 Då
303 871 102 30 sakegare
427 872 82 21 tillätes
531 875 40 23 att,
593 871 68 29 enligt
677 870 13 22 4
709 871 12 29 $
739 871 25 21 14
783 871 48 29 kap.
850 870 76 23 Rätte-

175 907 152 30 gängsbalken,
347 908 37 21 vid
403 907 128 21 embetsverk
550 906 38 22 och
602 906 98 27 domstol,
715 907 10 20 i
740 907 73 20 stället
821 906 43 29 för
880 906 46 29 huf-

175 942 116 29 vudskrift,
301 942 75 28 förete
392 941 111 21 bevittnad
517 941 91 29 afskrift
623 941 25 29 af
661 941 128 26 densamma,
801 941 39 21 bör
853 940 73 22 tillika

176 976 84 29 styrkas
276 980 32 17 att
324 976 173 29 hufvudskriften
511 978 28 19 är
555 976 34 21 till
604 976 104 28 stadgadt
719 976 76 28 belopp
801 976 34 28 pä
846 977 81 27 stämp-

176 1011 47 22 ladt
233 1017 86 22 papper
335 1010 96 29 skrifven
446 1012 52 20 eller
513 1010 38 22 ock
567 1010 46 21 med
628 1010 76 22 dervid
713 1010 79 28 fästad
804 1010 65 22 karta
874 1010 52 29 för-

175 1045 51 22 sedd
244 1046 10 20 i
272 1045 41 21 den
332 1045 93 28 ordning
444 1046 13 27 $
471 1045 23 21 11
502 1044 155 30 föreskrifver.
687 1044 74 22 Skulle
777 1045 59 21 detta
850 1044 76 22 uraki-

176 1080 56 21 lätas
251 1080 52 20 eller
321 1079 72 28 någon
403 1080 150 28 försummelse
563 1079 123 29 förefinnas
701 1080 10 19 i
725 1078 89 29 hänsigt
829 1079 35 21 till
879 1078 47 29 huf-

174 1114 147 28 vudskriftens
343 1113 105 29 behöriga
463 1114 119 28 kartering,
601 1114 37 20 mä
656 1113 117 29 afskriften
785 1114 75 28 förses
878 1112 48 22 med

175 1148 36 22 det
225 1147 148 29 kartabelopp,
388 1155 45 14 som
448 1148 13 21 &
477 1148 173 29 hufvudskriften
665 1147 86 22 brister.

242 1181 65 29 Intyg
322 1183 10 20 i
347 1182 140 29 omförmäldt
502 1182 97 29 afseende
615 1182 38 21 bör
669 1182 54 21 helst
738 1182 106 21 meddelas
855 1182 10 20 i
876 1182 49 21 stad

176 1216 26 29 af
215 1215 155 29 Ordföranden
384 1216 9 21 i
408 1216 147 28 Magistraten
570 1217 52 19 eller
637 1216 76 21 dervid
729 1216 96 21 anställd
840 1216 86 28 tjenste-

174 1257 51 13 man
248 1250 39 20 och
301 1250 34 27 pä
353 1250 72 20 landet
443 1250 25 28 af
484 1250 93 26 domare,
592 1250 141 28 presterskap
752 1250 52 21 eller
823 1249 103 21 kronobe-

176 1285 60 28 tjent,
258 1284 101 21 skolande
381 1284 68 21 andre
469 1284 54 28 gode
541 1285 57 25 män,
617 1291 45 14 som
679 1284 194 29 sannfärdigheten
892 1284 33 21 be-

175 1318 81 31 styrka,
272 1320 65 28 jemte
355 1323 86 18 namnet
459 1320 83 21 utsätta
560 1320 34 21 sin
612 1319 123 29 befattning
753 1319 52 22 eller
820 1320 40 21 sitt
872 1318 52 30 yrke

176 1355 39 21 och
230 1354 95 21 hemvist.

518 1391 13 28 $
545 1389 34 22 19.

242 1434 96 21 Domare
354 1435 38 20 och
407 1442 72 13 annan
495 1435 131 28 tjensteman,
643 1441 44 14 som
701 1434 69 22 under
785 1435 101 28 utöfning
902 1435 24 28 af

173 1471 35 20 sin
227 1469 122 29 befattning
367 1472 118 25 emottager
504 1468 105 22 enskildes
624 1467 91 30 skrifter
730 1469 39 20 och
784 1468 138 29 handlingar,
