1014 1661
310 129 72 24 Nådiga
394 131 136 22 Propositionen
541 130 35 19 N:o
590 131 26 16 15.
783 131 32 17 789

89 201 91 25 ansvare
189 194 43 29 för
246 194 64 23 deras
325 194 120 29 kartering,
461 194 38 22 der
514 194 69 22 sådan.
597 195 68 28 enligt
675 202 31 14 nu
715 194 124 23 meddelade

83 228 145 31 föreskrifter
251 229 65 22 bordt
338 236 39 22 ega
399 237 55 14 rum.
486 229 37 21 Då
543 224 64 39 slike-
618 224 91 39 skrifter
727 230 112 26 inlemnas,

89 264 87 28 åligger
194 264 36 20 det
247 263 87 29 derföre
352 263 41 21 den
412 263 148 28 emottagande
576 264 166 28 tjenstemannen
757 267 34 17 att
804 271 36 21 ge-

89 301 50 17 nast
154 297 170 29 tillkännagifva
339 297 108 21 huruvida
461 298 72 27 någon
545 297 55 21 brist
610 298 10 20 i
631 296 140 30 karteringen
775 298 64 28 före-

85 332 78 27 finnes,
183 332 80 21 hvilket
280 332 135 21 inlemnaren
433 331 55 22 skall
506 332 66 21 ställa
590 332 33 28 sig
639 332 35 20 till
688 332 151 28 efterrättelse,

89 366 54 22 dock
157 366 49 21 med
221 366 77 21 honom
312 366 84 21 lemnad
410 367 49 20 rätt
474 370 38 23 att,
528 366 51 30 ifall
593 366 43 21 kan
650 373 63 15 anser
728 366 40 21 den
777 366 62 29 före-

90 401 87 28 skrifna
198 401 141 29 karteringen
359 400 55 22 vara
433 401 88 28 oriktig,
540 401 101 29 deröfver
660 401 65 28 klaga
744 401 37 21 hos
799 401 41 22 den

89 435 131 30 myndighet,
238 435 70 22 under
326 435 86 22 hvilken
426 436 168 28 tjenstemannen
610 435 64 29 lyder.
703 435 137 29 Ansökning,

90 477 45 15 som
149 471 11 20 i
174 470 48 21 stöd
241 470 26 29 af
284 469 57 22 hvad
350 469 192 30 författningarne
556 471 10 21 i
580 471 58 20 vissa
646 470 47 29 fall
708 471 79 26 tillåta,
802 478 38 14 wn-

90 504 39 22 der
152 505 81 28 omslag
251 505 108 26 insändes,
378 505 40 21 bör
432 505 10 20 i
456 505 75 28 vanlig
550 505 95 28 ordning
657 505 131 28 föreläggas
806 511 34 15 ve-

92 539 135 22 derbörande
241 539 131 28 myndighet,
388 546 50 18 som,
454 540 10 20 i
478 539 100 21 händelse
592 539 67 28 något
673 540 10 19 i
698 539 142 28 handlingar-

90 576 37 18 nes.
150 572 113 29 kartering
286 572 90 28 befinnes
395 573 111 27 åsidosatt,
521 573 96 29 pröfvar
638 572 55 22 hvad
711 573 96 29 afseende
827 573 14 21 &

93 607 148 29 ansökningen
256 607 76 29 hafvas
346 607 43 21 mä.

159 646 67 23 Hvad
240 648 94 21 sålunda
348 655 34 14 om
397 648 137 28 tjenstemäns
550 648 139 28 ansvarighet
700 648 27 20 är
739 648 102 28 stadgadt

92 682 37 22 mä
147 682 53 22 dock
218 683 20 28 ej
253 682 111 29 tillämpas
379 682 15 22 &
403 685 70 26 prest,
488 682 29 22 dä
532 681 207 31 äktenskapsförord
747 682 43 29 för
805 682 37 22 ho-

91 724 52 15 nom
155 720 82 26 upptes.

435 772 13 28 $
462 770 39 23 20.

163 814 41 22 Om
221 815 119 29 stämpling
358 815 26 29 af
400 815 82 22 sådana
502 816 71 28 öppna
587 815 50 29 bref
650 815 13 21 å
677 814 100 28 embeten,
791 816 52 20 vär-

95 850 99 28 digheter
209 850 38 21 och
262 850 80 30 afsked,
358 857 44 14 som
414 850 26 25 af
448 849 63 22 Hans
522 850 124 30 Kejserliga
656 849 105 31 Majestät
771 849 72 29 Egen-

95 885 94 29 händigt
202 884 161 27 undertecknas,
379 884 95 30 besörjer
489 884 41 22 den
545 884 133 27 embetsman,
693 892 45 14 som
754 884 89 22 ärendet

93 920 11 20 i
121 918 94 22 Senaten
227 919 138 29 föredragit.
394 919 51 21 Men
456 919 43 29 för
518 919 112 29 kartering
650 919 25 29 af
687 919 24 21 de
727 920 116 28 expeditio-

94 961 46 19 ner,
156 961 45 15 som
216 955 104 27 antingen
334 954 26 28 af
372 953 94 22 Senaten
481 954 51 21 eller
548 954 70 21 andra
633 953 127 22 embetsverk
771 954 72 28 utfär-

95 989 46 26 das,
162 996 60 14 svare
241 989 41 21 den
297 989 133 28 tjensteman,
445 996 45 13 som
504 988 148 30 expeditionen
666 988 177 28 kontrasignerat

95 1024 59 26 eller,
170 1023 39 22 der
224 1023 190 29 kontrasignation
428 1023 20 29 ej
463 1026 35 26 egt
512 1030 54 20 rum,
581 1023 123 21 densamma
717 1022 108 30 utfärdat.

163 1057 48 22 För
226 1058 70 30 öfrigt
309 1058 36 20 mä
360 1058 20 28 ej
393 1058 73 28 någon
480 1058 10 20 i
504 1058 65 28 tjenst
582 1058 93 20 insättas
691 1058 52 20 eller
758 1056 86 22 dermed

90 1092 109 29 förenade
221 1092 159 29 löneförmäner
399 1092 39 21 och
455 1092 130 27 rättigheter
604 1092 154 28 tillgodonjuta
775 1092 69 20 innan

97 1127 44 21 han
153 1127 106 29 fullmakt
277 1127 53 21 eller
342 1126 154 29 förordnande
512 1127 14 20 &
545 1126 101 28 behörigt
660 1125 117 29 stämpladt
787 1133 57 20 pap-

94 1169 42 21 per
153 1162 68 21 utlöst
239 1161 40 21 och
296 1162 107 27 uppvisat,
422 1160 116 29 hvaröfver
556 1159 158 22 vederbörande
734 1159 49 29 chef
794 1166 49 22 eger

97 1196 68 29 hafva
179 1196 80 28 tillsyn.

442 1249 13 28 $
469 1248 33 22 21.

167 1292 51 21 Har
236 1294 76 26 inlaga
330 1293 53 20 eller
401 1292 75 28 bilaga
494 1293 36 19 vid
548 1291 127 21 embetsverk
693 1291 74 29 blifvit
782 1294 63 17 emot-

100 1330 70 24 tagen,
186 1327 51 20 eller
252 1326 128 28 expedition,
396 1333 45 14 som
452 1326 27 20 är
492 1326 115 27 behörigen
615 1324 171 29 underskrifven,
797 1324 48 20 der-

98 1360 63 29 ifrån
181 1360 107 28 utgifvits,
310 1360 36 21 må
362 1360 41 28 för
422 1360 110 21 bristande
552 1360 51 20 eller
616 1358 96 29 felaktig
731 1357 114 29 kartering

99 1395 73 29 någon
186 1395 89 28 påföljd
293 1395 20 28 ej
331 1393 84 22 drabba
433 1393 40 22 den
491 1393 100 26 enskilde,
607 1400 44 14 som
665 1392 92 29 skriften
771 1393 74 20 inlem-

99 1433 40 18 nat
157 1429 52 22 eller
226 1429 74 29 utfått,
320 1429 52 21 eller
392 1429 78 21 sådane
489 1428 91 29 skrifter
597 1427 39 22 och
650 1427 133 28 handlingar
797 1427 48 20 der-

95 1464 53 29 före
167 1464 79 22 lemnas
264 1467 53 18 utan
337 1463 104 30 afseende,
458 1466 53 19 utan
528 1469 51 14 vare
598 1462 74 21 endast
686 1461 159 22 vederbörande
