1020 1670
179 118 45 31 1064
373 121 72 23 Nådiga
456 123 136 21 Propositionen
604 122 34 18 N:o
651 123 27 15 22.

347 186 99 20 Finlands
464 186 98 20 Ständers
579 184 142 27 underdåniga
738 190 55 20 svar,
807 185 10 20 i
832 184 73 21 anled-

291 220 54 27 ning
364 220 25 28 af
401 218 63 22 Hans
482 219 124 28 Kejserliga
624 218 115 29 Majestäts
758 219 83 28 nådiga
853 225 53 21 pro-

287 254 105 27 position,
409 260 33 14 om
450 253 131 29 förklaring
597 254 25 28 af
635 254 73 28 lagens
723 253 133 29 stadganden
868 260 37 13 an-

291 286 81 30 gående
388 288 58 21 tiden
456 288 42 29 för
507 288 143 29 fullföljande
666 288 25 28 af
703 288 93 28 vädjade
810 288 45 21 mål
866 287 39 21 och

293 323 75 20 tvister
383 324 9 20 i
406 324 155 28 revisionsväg.

443 377 21 21 S.
480 377 25 21 A.
520 377 26 21 K.
564 384 18 14 0.
599 376 20 22 8.

224 419 37 22 Uti
280 427 26 14 en
323 419 34 22 till
371 419 101 22 Finlands
487 420 91 21 Ständer
591 419 36 22 vid
646 419 69 22 denna
732 419 104 28 landtdag
853 418 52 23 aflä-

156 457 36 19 ten
210 455 133 27 proposition
361 455 40 22 har
419 455 23 22 E.
458 456 26 21 K.
500 455 38 22 M:t
556 456 8 21 i
581 455 67 22 näder
665 455 110 28 föreslagit
794 462 25 15 en
837 454 68 23 sädan

156 489 117 28 förklaring
292 490 24 21 af
333 491 10 20 1
363 490 11 27 $
394 491 26 20 27
438 490 90 27 kapitlet
544 490 41 24 och
605 491 26 20 10
650 491 57 27 8.30
726 490 89 27 kapitlet
832 489 73 22 Rätte-

156 523 146 29 gängsbalken
316 526 33 19 att
364 525 35 20 det
413 525 8 20 i
435 525 87 28 vädjadt
539 525 44 21 mål
601 525 51 21 eller
669 525 8 20 i
695 525 45 26 sak,
755 532 46 14 som
816 525 90 21 medelst

156 559 197 21 revisionssökande
367 559 140 21 underkastas
522 560 24 20 E.
562 560 26 20 K.
603 559 50 21 M:ts
671 558 78 29 nädiga
768 560 137 28 granskning,

156 593 19 28 ej
191 592 36 22 mä
240 601 52 13 vara
306 595 50 26 part
370 594 86 27 betaget
471 596 32 19 att
518 594 62 21 äfven
593 594 48 21 före
651 594 186 28 inställelsedagen
851 594 8 21 i
873 594 32 22 af-

156 628 77 21 seende
252 627 12 21 å
282 628 70 21 talans
371 628 91 28 fullföljd
481 628 80 28 ingifva
579 629 83 27 inlagor
680 629 40 21 och
742 629 128 27 handlingar
892 628 13 22 &

157 662 36 22 det
208 662 61 22 ställe
285 662 37 22 der
337 662 62 22 vadet
413 663 100 28 fullföljes
529 663 51 21 eller
594 662 168 22 revisionsmälet
776 663 99 22 bevakas.

224 697 42 21 Vid
282 698 35 20 det
332 697 120 21 Ständerna
466 698 32 20 till
510 698 129 28 granskning
651 697 93 22 förehaft
756 698 69 21 denna
836 698 69 28 fräga,

143 748 2 2 -
156 732 40 21 har
210 731 39 22 hos
264 731 142 22 Ständerna
395 727 14 38 i
425 732 154 28 öfvervägande
597 732 88 21 kommit
704 734 31 20 att
754 732 40 22 den
812 732 93 28 tillämp-

155 766 53 27 ning
226 766 24 21 af
266 766 140 21 förenämnda
423 766 80 28 lagbud
521 767 7 21 i
546 766 73 28 landet
637 766 90 22 allmänt
744 767 74 21 vunnit
836 768 70 27 insteg

156 801 33 20 att
206 800 66 27 laglig
289 800 119 27 bevakning
427 800 23 21 af
466 800 60 22 talan
544 801 7 21 i
569 801 87 27 vädjadt
678 801 51 21 eller
750 801 157 22 revisions-mäl

155 834 82 21 kunnat
255 833 94 28 försiggä
367 834 75 21 endast
459 834 29 27 pä
507 834 40 22 den
565 835 7 20 i
591 834 95 22 erhällen
704 835 151 28 undervisning
872 835 34 22 till

156 868 205 27 ändringssökandet
375 869 141 27 uttryckligen
530 871 111 25 upptagna
653 869 74 28 dagen,
739 877 49 14 men
802 870 46 21 icke
860 870 46 21 före

156 902 130 21 densamma.
315 902 34 21 En
366 902 127 28 förklaring,
509 902 67 22 sådan
595 903 40 21 den
653 903 78 28 nådiga
745 904 161 27 propositionen

155 938 107 25 upptager
281 937 40 20 och
338 936 137 27 hvarigenom
493 937 65 28 sagde
576 937 96 28 tolkning
691 937 71 22 fördes
784 938 22 21 in
828 937 29 28 på
878 945 27 14 en

155 972 51 26 väg,
222 978 46 14 som
285 978 60 14 mera
363 971 178 21 öfverensstämde
558 971 49 21 med
625 971 135 27 billighetens
775 972 130 28 fordringar,

155 1011 52 15 anse
223 1004 125 27 Ständerna,
365 1004 26 22 dä
406 1004 76 22 sådant
498 1005 18 27 ej
532 1006 67 20 heller
613 1006 82 21 komme
711 1008 31 19 att
758 1006 100 22 störande
873 1007 32 21 in-

155 1039 65 21 verka
238 1038 29 28 på
285 1039 41 21 den
345 1039 60 27 eljest
419 1039 127 21 föreskrifna
561 1039 247 29 rättegångsordningen,
824 1041 81 27 högeli-

156 1080 41 20 gen
215 1073 111 21 önskvärd.
364 1072 120 23 Ständerna
502 1073 22 23 få
543 1074 90 26 derföre,
652 1074 7 21 i
677 1075 55 21 hvad
750 1074 29 28 pä
798 1076 48 20 dem
868 1082 37 14 an-

154 1107 102 26 kommer,
272 1108 113 26 godkänna
404 1108 40 20 den
458 1108 122 28 föreslagna
594 1108 181 28 lagförklaringen
790 1109 40 21 och
844 1110 8 20 i
866 1117 39 13 un-

156 1140 140 29 derdånighet
314 1140 95 23 anhålla:
429 1142 35 21 det
478 1142 48 22 ville
544 1142 25 22 E.
585 1143 25 20 K.
626 1142 39 22 M:t
679 1142 86 28 nådigst
779 1142 45 22 låta
838 1144 8 20 i
860 1145 45 20 äm-

155 1177 37 19 net
209 1175 87 22 utfärda
314 1176 79 21 allmän
410 1176 127 28 författning
554 1176 31 22 uti
604 1177 36 21 det
657 1177 7 21 i
682 1178 160 27 propositionen
861 1185 44 14 om-

156 1210 93 21 nämnda
263 1210 61 27 syfte.

232 1254 2 2 |
450 1254 90 19 Finlands
553 1254 80 19 Ständer
645 1254 109 20 framhärda
766 1256 36 19 ete.

223 1311 140 29 Helsingfors,
379 1312 40 22 den
434 1313 28 21 24
476 1312 43 29 Maj
537 1314 61 20 1867.
