1014 1661
172 106 34 17 974
369 103 72 23 Nådiga
452 105 138 21 Propositionen
601 104 35 17 N:o
650 104 27 17 21.

143 169 37 26 tig
194 169 33 20 att
244 167 44 22 han
306 167 18 28 ej
344 166 81 22 förmår
439 167 146 27 vadepenning
600 166 99 27 erbjuda;
714 165 36 22 må
764 166 77 22 honom
855 166 43 21 till-

149 201 55 23 låtas
212 203 32 20 att
251 203 53 19 utan
312 200 67 22 sådan
387 201 62 27 afgift
460 201 67 27 draga
538 201 66 21 saken
609 196 45 37 till
654 200 126 22 Hofrättens
791 201 107 28 pröfning.

217 237 13 19 2
272 235 55 21 skall
342 233 82 22 erhålla
437 234 95 29 följande
547 234 89 28 lydelse:

217 269 43 21 Vill
276 269 46 25 den,
338 275 46 15 som
398 268 69 21 under
480 268 88 22 Hofrätt
581 268 79 27 vädjat,
676 268 37 22 sitt
726 268 43 22 vad
786 269 67 21 sedan
868 269 31 21 öf-

149 303 103 28 vergifva;
268 303 96 27 kungöre
378 302 37 21 det
429 302 32 21 sin
475 302 163 22 vederdeloman
652 302 58 22 inom
724 302 82 21 hälften
821 302 25 22 af
858 302 42 22 den

139 337 48 26 -tid,
206 344 46 14 som
269 337 44 21 han
331 336 61 27 eljest
410 336 68 22 skulle
495 336 32 21 till
545 336 114 21 Hofrätten
676 336 91 22 komma.
798 336 44 22 Gör
856 337 45 21 han

150 372 36 22 det
200 371 27 28 ej,
242 371 41 21 och
297 370 96 22 kommer
411 370 118 22 svaranden
544 370 40 26 dit;
603 370 60 27 njute
680 371 44 21 han
741 370 110 28 betalning
865 370 36 22 för

149 405 92 22 kostnad
256 405 39 22 sin.

219 441 11 20 3
247 440 11 27 &
274 438 78 22 ändras
367 438 34 21 till
415 438 94 29 följande
524 438 89 29 lydelse:

218 473 10 22 I
242 473 44 22 mål
300 472 111 29 angående
425 473 103 28 landsköp
543 472 36 22 må
594 473 47 26 den,
657 480 45 15 som
713 473 49 22 med
772 473 129 22 Underrätts

140 508 81 27 -utslag
235 508 48 21 icke
296 507 67 28 nöjes,
379 507 97 22 deröfver
489 507 91 22 besvära
594 507 32 28 sig
641 507 7 21 i
662 507 94 27 Hofrätt,
770 507 30 29 på
811 509 43 20 sätt
865 516 36 14 om

139 549 4 12 :
150 541 114 23 brottmåls
278 541 135 27 fullföljande
426 543 8 20 i
448 541 87 21 Hofrätt
549 543 56 26 sägs.

217 576 77 22 Första
308 576 96 27 punkten
419 576 23 21 af
456 577 12 20 5
483 576 12 28 $
511 576 78 21 ändras
604 575 99 22 sålunda:

219 610 11 22 I
244 609 108 27 brottmål,
372 610 68 22 ehvad
459 610 26 22 de
503 611 38 21 äro
560 609 86 23 svårare
664 610 52 22 eller
734 610 89 27 mindre,
837 611 65 22 hafve

142 645 27 28 'ej
188 644 71 28 någon
277 644 32 22 lof
328 646 33 20 att
381 644 71 28 vädja,
470 644 102 28 antingen
593 645 57 21 emot
671 644 146 28 värjemälsed,
839 644 62 23 böter

150 680 52 22 eller
223 678 92 22 kostnad
337 678 40 22 och
399 679 73 26 skada,
491 686 46 14 som
558 678 118 22 Underrätt
693 679 8 21 i
719 679 39 27 thy
775 679 38 21 fall
831 678 70 30 ålagt;

140 715 64 20 -utan
222 712 35 23 må
275 713 47 26 den,
337 720 46 14 som
402 713 18 27 ej
439 713 60 28 nöjes
517 712 23 22 åt
558 713 47 21 dess
624 713 56 26 dom,
694 713 92 22 besvära
803 714 32 28 sig
854 714 47 22 der-

141 748 69 22 -öfver
223 748 7 21 i
245 747 121 26 Hofrätten,
380 747 59 21 inom
453 747 81 22 hälften
549 747 24 22 af
586 747 40 22 den
640 747 38 27 tid,
690 755 46 15 som
746 748 107 28 lagvadda
867 756 34 15 sa-

140 783 49 21 sker
204 782 38 22 der
256 782 104 27 fullföljas
374 782 60 21 böra.

220 816 57 22 Sista
290 816 96 27 punkten
401 815 126 28 sålydande:
543 817 52 26 ,Om
608 816 84 21 mindre
708 817 60 21 brott
785 824 46 15 som
848 818 54 27 följa

150 849 67 30 något
230 849 106 23 tvistemål
352 849 28 27 åt,
396 851 48 26 sägs
459 851 7 20 i
482 852 11 19 3
509 850 49 27 kap.
574 852 13 19 4
602 851 22 26 8*
639 851 125 27 upphäfves.

220 886 12 20 6
248 885 40 20 och
303 886 12 20 7
331 885 24 27 $$
370 885 99 26 upphöra
484 886 33 20 att
530 892 52 14 vara
597 885 105 27 gällande.

218 919 77 21 Första
309 918 96 28 punkten
420 918 23 22 af
457 920 12 19 8
489 919 11 28 &
514 919 77 21 ändras
607 917 99 23 sålunda:

219 953 47 22 Den
284 953 105 26 Kronans,
408 951 71 29 någon
497 953 58 21 stads
574 952 52 22 eller
646 953 119 28 menighets
782 954 60 22 talan
859 955 44 22 fört

140 987 53 23 "och
207 987 67 28 högre
288 987 51 22 Rätt
354 987 52 21 söka
420 987 43 26 vill,
477 994 52 15 vare
542 987 34 22 för
591 987 172 28 vadepenningar
777 988 34 22 fri.

220 1023 12 20 9
248 1023 12 27 &
275 1021 79 22 ändras
370 1020 99 22 sålunda:

219 1056 10 21 I
244 1056 26 21 de
288 1056 68 26 saker,
373 1062 46 15 som
437 1063 75 19 genom
530 1055 50 28 laga
593 1056 42 21 vad
654 1055 28 28 gå
698 1055 57 23 ifrån
772 1057 131 23 Häradsrätt

150 1091 34 21 till
201 1090 93 25 Hofrätt,
312 1089 80 28 ingifve
409 1089 110 21 käranden
537 1090 32 20 sin
587 1089 73 28 inlaga
677 1091 65 21 innan
757 1091 91 22 klockan
862 1093 43 21 tolf

151 1123 29 29 på
195 1124 41 21 den
250 1124 110 21 sextionde
375 1123 75 27 dagen,
466 1123 40 21 den
521 1124 95 20 oräknad
631 1123 28 21 då
669 1124 168 22 Häradsrättens
852 1126 50 21 dom

151 1158 45 26 föll,
215 1158 51 22 eller
284 1158 62 21 hafve
364 1157 37 21 sitt
418 1157 41 21 vad
477 1158 97 21 förlorat.
602 1158 11 20 I
628 1158 68 22 vexel-
716 1159 40 21 och
775 1160 127 27 sjörättssak

151 1200 50 14 vare
215 1192 32 21 tid
261 1191 82 22 hälften
358 1191 86 21 kortare
459 1193 32 19 att
505 1191 92 27 fullfölja
607 1192 41 21 vad
662 1192 48 21 frän
724 1193 130 21 Häradsrätt
868 1194 34 21 til

151 1226 93 20 Hofrätt.

221 1260 31 25 10,
271 1260 32 24 11,
320 1260 33 24 12,
370 1260 26 19 13
412 1258 40 21 och
469 1260 26 19 14
509 1259 24 27 88
548 1258 67 22 varda
633 1258 33 22 till
684 1260 30 20 all
728 1260 59 22 kraft
801 1261 40 21 och
855 1268 47 15 ver-

152 1293 44 21 kan
210 1292 114 28 upphäfne.

221 1328 25 20 15
262 1328 11 27 &
289 1327 79 22 ändras
383 1326 100 23 sälunda:

218 1362 46 22 Mot
277 1361 174 23 Rädstufvurätts
467 1362 48 22 dom
529 1362 74 27 vädjas
621 1362 69 22 under
703 1364 88 21 Hofrätt
806 1364 48 21 med
868 1366 35 21 tre

152 1397 65 27 daler,
232 1396 66 22 innan
315 1396 92 23 klockan
424 1397 41 21 tolf
481 1395 29 30 pä
524 1395 87 24 ättonde
626 1397 76 28 dagen,
718 1399 40 21 den
774 1399 42 28 dag
830 1399 72 22 inräk-

151 1431 42 22 nad
208 1430 28 23 dä
250 1431 78 22 domen
341 1431 45 22 föll.
416 1431 61 22 Huru
492 1431 131 22 vittnesbörd
643 1433 73 22 derom
734 1433 25 22 af
770 1433 78 23 Rätten
862 1434 40 28 gif-
