<?xml version="1.0" encoding="UTF-8"?>
<alto xmlns="http://www.loc.gov/standards/alto/ns-v3#" xmlns:xlink="http://www.w3.org/1999/xlink" xmlns:xsi="http://www.w3.org/2001/XMLSchema-instance" xsi:schemaLocation="http://www.loc.gov/standards/alto/ns-v3# http://www.loc.gov/alto/v3/alto-3-0.xsd">
	<Description>
		<MeasurementUnit>pixel</MeasurementUnit>
		<sourceImageInformation>
			<fileName>/tmp/tess_ili8hk00_input.PNG</fileName>
		</sourceImageInformation>
		<OCRProcessing ID="OCR_0">
			<ocrProcessingStep>
				<processingSoftware>
					<softwareName>tesseract 5.3.4</softwareName>
				</processingSoftware>
			</ocrProcessingStep>
		</OCRProcessing>
	</Description>
	<Layout>
		<Page WIDTH="1023" HEIGHT="1664" PHYSICAL_IMG_NR="0" ID="page_0">
			<PrintSpace HPOS="0" VPOS="0" WIDTH="1023" HEIGHT="1664">
				<ComposedBlock ID="cblock_0" HPOS="338" VPOS="103" WIDTH="505" HEIGHT="23">
					<TextBlock ID="block_0" HPOS="338" VPOS="103" WIDTH="505" HEIGHT="23">
						<TextLine ID="line_0" HPOS="338" VPOS="103" WIDTH="505" HEIGHT="23">
							<String ID="string_0" HPOS="338" VPOS="103" WIDTH="71" HEIGHT="23" WC="0.91" CONTENT="Nädiga"/><SP WIDTH="12" VPOS="103" HPOS="409"/>
							<String ID="string_1" HPOS="421" VPOS="104" WIDTH="137" HEIGHT="22" WC="0.96" CONTENT="Propositionen"/><SP WIDTH="11" VPOS="104" HPOS="558"/>
							<String ID="string_2" HPOS="569" VPOS="104" WIDTH="35" HEIGHT="17" WC="0.96" CONTENT="N:o"/><SP WIDTH="12" VPOS="104" HPOS="604"/>
							<String ID="string_3" HPOS="616" VPOS="105" WIDTH="28" HEIGHT="16" WC="0.96" CONTENT="24."/><SP WIDTH="154" VPOS="105" HPOS="644"/>
							<String ID="string_4" HPOS="798" VPOS="105" WIDTH="45" HEIGHT="18" WC="0.95" CONTENT="1095"/>
						</TextLine>
					</TextBlock>
				</ComposedBlock>
				<ComposedBlock ID="cblock_1" HPOS="173" VPOS="168" WIDTH="697" HEIGHT="513">
					<TextBlock ID="block_1" HPOS="173" VPOS="168" WIDTH="694" HEIGHT="166">
						<TextLine ID="line_1" HPOS="183" VPOS="168" WIDTH="682" HEIGHT="30">
							<String ID="string_5" HPOS="183" VPOS="168" WIDTH="94" HEIGHT="26" WC="0.79" CONTENT="inträdt,"/><SP WIDTH="15" VPOS="168" HPOS="277"/>
							<String ID="string_6" HPOS="292" VPOS="168" WIDTH="47" HEIGHT="21" WC="0.93" CONTENT="med"/><SP WIDTH="19" VPOS="168" HPOS="339"/>
							<String ID="string_7" HPOS="358" VPOS="168" WIDTH="222" HEIGHT="30" WC="0.92" CONTENT="bränvinsberedning"/><SP WIDTH="18" VPOS="168" HPOS="580"/>
							<String ID="string_8" HPOS="598" VPOS="169" WIDTH="10" HEIGHT="21" WC="0.93" CONTENT="i"/><SP WIDTH="18" VPOS="169" HPOS="608"/>
							<String ID="string_9" HPOS="626" VPOS="168" WIDTH="126" HEIGHT="22" WC="0.91" CONTENT="bränneriet"/><SP WIDTH="17" VPOS="168" HPOS="752"/>
							<String ID="string_10" HPOS="769" VPOS="168" WIDTH="96" HEIGHT="29" WC="0.95" CONTENT="vidtaga,"/>
						</TextLine>
						<TextLine ID="line_2" HPOS="185" VPOS="202" WIDTH="682" HEIGHT="30">
							<String ID="string_11" HPOS="185" VPOS="202" WIDTH="57" HEIGHT="22" WC="0.96" CONTENT="skall"/><SP WIDTH="15" VPOS="202" HPOS="242"/>
							<String ID="string_12" HPOS="257" VPOS="210" WIDTH="25" HEIGHT="14" WC="0.93" CONTENT="en"/><SP WIDTH="14" VPOS="210" HPOS="282"/>
							<String ID="string_13" HPOS="296" VPOS="203" WIDTH="97" HEIGHT="29" WC="0.91" CONTENT="sjettedel"/><SP WIDTH="15" VPOS="203" HPOS="393"/>
							<String ID="string_14" HPOS="408" VPOS="204" WIDTH="25" HEIGHT="28" WC="0.96" CONTENT="af"/><SP WIDTH="13" VPOS="204" HPOS="433"/>
							<String ID="string_15" HPOS="446" VPOS="203" WIDTH="53" HEIGHT="22" WC="0.96" CONTENT="hans"/><SP WIDTH="8" VPOS="203" HPOS="499"/>
							<String ID="string_16" HPOS="507" VPOS="204" WIDTH="43" HEIGHT="28" WC="0.96" CONTENT="för"/><SP WIDTH="15" VPOS="204" HPOS="550"/>
							<String ID="string_17" HPOS="565" VPOS="204" WIDTH="48" HEIGHT="21" WC="0.93" CONTENT="året"/><SP WIDTH="14" VPOS="204" HPOS="613"/>
							<String ID="string_18" HPOS="627" VPOS="204" WIDTH="84" HEIGHT="28" WC="0.92" CONTENT="utfästa"/><SP WIDTH="15" VPOS="204" HPOS="711"/>
							<String ID="string_19" HPOS="726" VPOS="204" WIDTH="67" HEIGHT="28" WC="0.92" CONTENT="afgift"/><SP WIDTH="14" VPOS="204" HPOS="793"/>
							<String ID="string_20" HPOS="807" VPOS="204" WIDTH="60" HEIGHT="28" WC="0.61" CONTENT="oför-"/>
						</TextLine>
						<TextLine ID="line_3" HPOS="173" VPOS="236" WIDTH="694" HEIGHT="30">
							<String ID="string_21" HPOS="173" VPOS="244" WIDTH="2" HEIGHT="2" WC="0.79" CONTENT="*"/><SP WIDTH="8" VPOS="244" HPOS="175"/>
							<String ID="string_22" HPOS="183" VPOS="236" WIDTH="111" HEIGHT="30" WC="0.84" CONTENT="dröjligen"/><SP WIDTH="10" VPOS="236" HPOS="294"/>
							<String ID="string_23" HPOS="304" VPOS="244" WIDTH="75" HEIGHT="22" WC="0.93" CONTENT="genom"/><SP WIDTH="11" VPOS="244" HPOS="379"/>
							<String ID="string_24" HPOS="390" VPOS="238" WIDTH="174" HEIGHT="28" WC="0.92" CONTENT="Länestyrelsens"/><SP WIDTH="9" VPOS="238" HPOS="564"/>
							<String ID="string_25" HPOS="573" VPOS="238" WIDTH="94" HEIGHT="28" WC="0.93" CONTENT="försorg"/><SP WIDTH="14" VPOS="238" HPOS="667"/>
							<String ID="string_26" HPOS="681" VPOS="238" WIDTH="117" HEIGHT="28" WC="0.92" CONTENT="indrifvas,"/><SP WIDTH="15" VPOS="238" HPOS="798"/>
							<String ID="string_27" HPOS="813" VPOS="241" WIDTH="54" HEIGHT="18" WC="0.97" CONTENT="utan"/>
						</TextLine>
						<TextLine ID="line_4" HPOS="184" VPOS="271" WIDTH="683" HEIGHT="30">
							<String ID="string_28" HPOS="184" VPOS="274" WIDTH="34" HEIGHT="18" WC="0.96" CONTENT="att"/><SP WIDTH="14" VPOS="274" HPOS="218"/>
							<String ID="string_29" HPOS="232" VPOS="271" WIDTH="62" HEIGHT="21" WC="0.96" CONTENT="dessa"/><SP WIDTH="17" VPOS="271" HPOS="294"/>
							<String ID="string_30" HPOS="311" VPOS="272" WIDTH="68" HEIGHT="21" WC="0.93" CONTENT="medel"/><SP WIDTH="10" VPOS="272" HPOS="379"/>
							<String ID="string_31" HPOS="389" VPOS="272" WIDTH="31" HEIGHT="28" WC="0.92" CONTENT="fä"/><SP WIDTH="15" VPOS="272" HPOS="420"/>
							<String ID="string_32" HPOS="435" VPOS="272" WIDTH="106" HEIGHT="22" WC="0.96" CONTENT="beräknas"/><SP WIDTH="13" VPOS="272" HPOS="541"/>
							<String ID="string_33" HPOS="554" VPOS="272" WIDTH="42" HEIGHT="29" WC="0.93" CONTENT="för"/><SP WIDTH="15" VPOS="272" HPOS="596"/>
							<String ID="string_34" HPOS="611" VPOS="272" WIDTH="94" HEIGHT="28" WC="0.92" CONTENT="derefter"/><SP WIDTH="15" VPOS="272" HPOS="705"/>
							<String ID="string_35" HPOS="720" VPOS="271" WIDTH="87" HEIGHT="22" WC="0.92" CONTENT="skeende"/><SP WIDTH="16" VPOS="271" HPOS="807"/>
							<String ID="string_36" HPOS="823" VPOS="272" WIDTH="44" HEIGHT="22" WC="0.90" CONTENT="till-"/>
						</TextLine>
						<TextLine ID="line_5" HPOS="185" VPOS="305" WIDTH="113" HEIGHT="29">
							<String ID="string_37" HPOS="185" VPOS="305" WIDTH="113" HEIGHT="29" WC="0.89" CONTENT="verkning."/>
						</TextLine>
					</TextBlock>
					<TextBlock ID="block_2" HPOS="495" VPOS="335" WIDTH="61" HEIGHT="27">
						<TextLine ID="line_6" HPOS="495" VPOS="335" WIDTH="61" HEIGHT="27">
							<String ID="string_38" HPOS="495" VPOS="335" WIDTH="12" HEIGHT="27" WC="0.72" CONTENT="8"/><SP WIDTH="17" VPOS="335" HPOS="507"/>
							<String ID="string_39" HPOS="524" VPOS="336" WIDTH="32" HEIGHT="20" WC="0.95" CONTENT="16."/>
						</TextLine>
					</TextBlock>
					<TextBlock ID="block_3" HPOS="185" VPOS="376" WIDTH="685" HEIGHT="305">
						<TextLine ID="line_7" HPOS="245" VPOS="376" WIDTH="623" HEIGHT="31">
							<String ID="string_40" HPOS="245" VPOS="376" WIDTH="129" HEIGHT="22" WC="0.91" CONTENT="Uraktläter"/><SP WIDTH="15" VPOS="376" HPOS="374"/>
							<String ID="string_41" HPOS="389" VPOS="378" WIDTH="46" HEIGHT="26" WC="0.96" CONTENT="den,"/><SP WIDTH="17" VPOS="378" HPOS="435"/>
							<String ID="string_42" HPOS="452" VPOS="384" WIDTH="44" HEIGHT="14" WC="0.93" CONTENT="som"/><SP WIDTH="19" VPOS="384" HPOS="496"/>
							<String ID="string_43" HPOS="515" VPOS="378" WIDTH="306" HEIGHT="28" WC="0.80" CONTENT="bränvinstillverkningsrätt"/><SP WIDTH="15" VPOS="378" HPOS="821"/>
							<String ID="string_44" HPOS="836" VPOS="378" WIDTH="32" HEIGHT="29" WC="0.92" CONTENT="öf-"/>
						</TextLine>
						<TextLine ID="line_8" HPOS="185" VPOS="412" WIDTH="683" HEIGHT="29">
							<String ID="string_45" HPOS="185" VPOS="412" WIDTH="102" HEIGHT="28" WC="0.92" CONTENT="vertagit,"/><SP WIDTH="17" VPOS="412" HPOS="287"/>
							<String ID="string_46" HPOS="304" VPOS="414" WIDTH="32" HEIGHT="18" WC="0.94" CONTENT="att"/><SP WIDTH="12" VPOS="414" HPOS="336"/>
							<String ID="string_47" HPOS="348" VPOS="412" WIDTH="53" HEIGHT="28" WC="0.93" CONTENT="före"/><SP WIDTH="14" VPOS="412" HPOS="401"/>
							<String ID="string_48" HPOS="415" VPOS="412" WIDTH="110" HEIGHT="28" WC="0.96" CONTENT="utgången"/><SP WIDTH="18" VPOS="412" HPOS="525"/>
							<String ID="string_49" HPOS="543" VPOS="412" WIDTH="25" HEIGHT="29" WC="0.93" CONTENT="af"/><SP WIDTH="10" VPOS="412" HPOS="568"/>
							<String ID="string_50" HPOS="578" VPOS="412" WIDTH="150" HEIGHT="28" WC="0.91" CONTENT="förenämnda"/><SP WIDTH="15" VPOS="412" HPOS="728"/>
							<String ID="string_51" HPOS="743" VPOS="413" WIDTH="37" HEIGHT="21" WC="0.93" CONTENT="två"/><SP WIDTH="13" VPOS="413" HPOS="780"/>
							<String ID="string_52" HPOS="793" VPOS="412" WIDTH="75" HEIGHT="21" WC="0.79" CONTENT="mäna-"/>
						</TextLine>
						<TextLine ID="line_9" HPOS="185" VPOS="446" WIDTH="684" HEIGHT="29">
							<String ID="string_53" HPOS="185" VPOS="446" WIDTH="46" HEIGHT="26" WC="0.93" CONTENT="der,"/><SP WIDTH="16" VPOS="446" HPOS="231"/>
							<String ID="string_54" HPOS="247" VPOS="446" WIDTH="74" HEIGHT="28" WC="0.92" CONTENT="hvarje"/><SP WIDTH="19" VPOS="446" HPOS="321"/>
							<String ID="string_55" HPOS="340" VPOS="446" WIDTH="147" HEIGHT="29" WC="0.91" CONTENT="innefattande"/><SP WIDTH="20" VPOS="446" HPOS="487"/>
							<String ID="string_56" HPOS="507" VPOS="448" WIDTH="74" HEIGHT="20" WC="0.92" CONTENT="trettio"/><SP WIDTH="20" VPOS="448" HPOS="581"/>
							<String ID="string_57" HPOS="601" VPOS="446" WIDTH="77" HEIGHT="29" WC="0.93" CONTENT="dagar,"/><SP WIDTH="18" VPOS="446" HPOS="678"/>
							<String ID="string_58" HPOS="696" VPOS="447" WIDTH="173" HEIGHT="28" WC="0.92" CONTENT="iordningställa"/>
						</TextLine>
						<TextLine ID="line_10" HPOS="187" VPOS="480" WIDTH="682" HEIGHT="30">
							<String ID="string_59" HPOS="187" VPOS="480" WIDTH="128" HEIGHT="21" WC="0.90" CONTENT="bränneriet"/><SP WIDTH="17" VPOS="480" HPOS="315"/>
							<String ID="string_60" HPOS="332" VPOS="480" WIDTH="38" HEIGHT="21" WC="0.93" CONTENT="och"/><SP WIDTH="15" VPOS="480" HPOS="370"/>
							<String ID="string_61" HPOS="385" VPOS="482" WIDTH="87" HEIGHT="20" WC="0.94" CONTENT="anmäla"/><SP WIDTH="18" VPOS="482" HPOS="472"/>
							<String ID="string_62" HPOS="490" VPOS="481" WIDTH="117" HEIGHT="21" WC="0.95" CONTENT="detsamma"/><SP WIDTH="16" VPOS="481" HPOS="607"/>
							<String ID="string_63" HPOS="623" VPOS="482" WIDTH="35" HEIGHT="20" WC="0.93" CONTENT="till"/><SP WIDTH="15" VPOS="482" HPOS="658"/>
							<String ID="string_64" HPOS="673" VPOS="481" WIDTH="122" HEIGHT="29" WC="0.91" CONTENT="besigtning"/><SP WIDTH="15" VPOS="481" HPOS="795"/>
							<String ID="string_65" HPOS="810" VPOS="482" WIDTH="10" HEIGHT="20" WC="0.93" CONTENT="i"/><SP WIDTH="14" VPOS="482" HPOS="820"/>
							<String ID="string_66" HPOS="834" VPOS="488" WIDTH="35" HEIGHT="14" WC="0.92" CONTENT="en-"/>
						</TextLine>
						<TextLine ID="line_11" HPOS="188" VPOS="514" WIDTH="681" HEIGHT="30">
							<String ID="string_67" HPOS="188" VPOS="514" WIDTH="69" HEIGHT="29" WC="0.96" CONTENT="lighet"/><SP WIDTH="17" VPOS="514" HPOS="257"/>
							<String ID="string_68" HPOS="274" VPOS="515" WIDTH="47" HEIGHT="21" WC="0.93" CONTENT="med"/><SP WIDTH="12" VPOS="515" HPOS="321"/>
							<String ID="string_69" HPOS="333" VPOS="514" WIDTH="148" HEIGHT="30" WC="0.96" CONTENT="föreskriften"/><SP WIDTH="14" VPOS="514" HPOS="481"/>
							<String ID="string_70" HPOS="495" VPOS="516" WIDTH="10" HEIGHT="20" WC="0.92" CONTENT="i"/><SP WIDTH="14" VPOS="516" HPOS="505"/>
							<String ID="string_71" HPOS="519" VPOS="516" WIDTH="12" HEIGHT="27" WC="0.93" CONTENT="$"/><SP WIDTH="15" VPOS="516" HPOS="531"/>
							<String ID="string_72" HPOS="546" VPOS="514" WIDTH="34" HEIGHT="27" WC="0.93" CONTENT="10,"/><SP WIDTH="19" VPOS="514" HPOS="580"/>
							<String ID="string_73" HPOS="599" VPOS="515" WIDTH="73" HEIGHT="27" WC="0.95" CONTENT="varde,"/><SP WIDTH="13" VPOS="515" HPOS="672"/>
							<String ID="string_74" HPOS="685" VPOS="516" WIDTH="102" HEIGHT="28" WC="0.96" CONTENT="förutom"/><SP WIDTH="17" VPOS="516" HPOS="787"/>
							<String ID="string_75" HPOS="804" VPOS="515" WIDTH="41" HEIGHT="21" WC="0.96" CONTENT="den"/><SP WIDTH="14" VPOS="515" HPOS="845"/>
							<String ID="string_76" HPOS="859" VPOS="516" WIDTH="10" HEIGHT="20" WC="0.94" CONTENT="i"/>
						</TextLine>
						<TextLine ID="line_12" HPOS="187" VPOS="549" WIDTH="682" HEIGHT="29">
							<String ID="string_77" HPOS="187" VPOS="549" WIDTH="180" HEIGHT="29" WC="0.90" CONTENT="nästföregäende"/><SP WIDTH="15" VPOS="549" HPOS="367"/>
							<String ID="string_78" HPOS="382" VPOS="550" WIDTH="13" HEIGHT="27" WC="0.91" CONTENT="$"/><SP WIDTH="16" VPOS="550" HPOS="395"/>
							<String ID="string_79" HPOS="411" VPOS="549" WIDTH="109" HEIGHT="22" WC="0.96" CONTENT="bestämda"/><SP WIDTH="11" VPOS="549" HPOS="520"/>
							<String ID="string_80" HPOS="531" VPOS="550" WIDTH="96" HEIGHT="28" WC="0.96" CONTENT="påföljd,"/><SP WIDTH="16" VPOS="550" HPOS="627"/>
							<String ID="string_81" HPOS="643" VPOS="549" WIDTH="124" HEIGHT="21" WC="0.93" CONTENT="kontraktet"/><SP WIDTH="12" VPOS="549" HPOS="767"/>
							<String ID="string_82" HPOS="779" VPOS="550" WIDTH="90" HEIGHT="28" WC="0.93" CONTENT="förver-"/>
						</TextLine>
						<TextLine ID="line_13" HPOS="187" VPOS="582" WIDTH="682" HEIGHT="31">
							<String ID="string_83" HPOS="187" VPOS="582" WIDTH="59" HEIGHT="22" WC="0.92" CONTENT="kadt."/><SP WIDTH="23" VPOS="582" HPOS="246"/>
							<String ID="string_84" HPOS="269" VPOS="583" WIDTH="164" HEIGHT="29" WC="0.92" CONTENT="Länestyrelsen"/><SP WIDTH="15" VPOS="583" HPOS="433"/>
							<String ID="string_85" HPOS="448" VPOS="591" WIDTH="49" HEIGHT="21" WC="0.89" CONTENT="eger"/><SP WIDTH="15" VPOS="591" HPOS="497"/>
							<String ID="string_86" HPOS="512" VPOS="584" WIDTH="29" HEIGHT="21" WC="0.93" CONTENT="dä"/><SP WIDTH="16" VPOS="584" HPOS="541"/>
							<String ID="string_87" HPOS="557" VPOS="584" WIDTH="160" HEIGHT="29" WC="0.92" CONTENT="ofördröjligen"/><SP WIDTH="15" VPOS="584" HPOS="717"/>
							<String ID="string_88" HPOS="732" VPOS="584" WIDTH="95" HEIGHT="21" WC="0.92" CONTENT="anställa"/><SP WIDTH="13" VPOS="584" HPOS="827"/>
							<String ID="string_89" HPOS="840" VPOS="591" WIDTH="29" HEIGHT="21" WC="0.96" CONTENT="ny"/>
						</TextLine>
						<TextLine ID="line_14" HPOS="185" VPOS="617" WIDTH="685" HEIGHT="30">
							<String ID="string_90" HPOS="185" VPOS="617" WIDTH="91" HEIGHT="21" WC="0.93" CONTENT="auktion"/><SP WIDTH="15" VPOS="617" HPOS="276"/>
							<String ID="string_91" HPOS="291" VPOS="618" WIDTH="14" HEIGHT="20" WC="0.87" CONTENT="&amp;"/><SP WIDTH="14" VPOS="618" HPOS="305"/>
							<String ID="string_92" HPOS="319" VPOS="618" WIDTH="41" HEIGHT="20" WC="0.93" CONTENT="den"/><SP WIDTH="9" VPOS="618" HPOS="360"/>
							<String ID="string_93" HPOS="369" VPOS="618" WIDTH="115" HEIGHT="28" WC="0.90" CONTENT="försuttna"/><SP WIDTH="15" VPOS="618" HPOS="484"/>
							<String ID="string_94" HPOS="499" VPOS="618" WIDTH="291" HEIGHT="29" WC="0.89" CONTENT="tillverkningsrättigheten,"/><SP WIDTH="15" VPOS="618" HPOS="790"/>
							<String ID="string_95" HPOS="805" VPOS="618" WIDTH="65" HEIGHT="21" WC="0.92" CONTENT="hvar-"/>
						</TextLine>
						<TextLine ID="line_15" HPOS="186" VPOS="650" WIDTH="470" HEIGHT="31">
							<String ID="string_96" HPOS="186" VPOS="652" WIDTH="57" HEIGHT="28" WC="0.92" CONTENT="efter"/><SP WIDTH="8" VPOS="652" HPOS="243"/>
							<String ID="string_97" HPOS="251" VPOS="652" WIDTH="101" HEIGHT="29" WC="0.88" CONTENT="förfares"/><SP WIDTH="11" VPOS="652" HPOS="352"/>
							<String ID="string_98" HPOS="363" VPOS="653" WIDTH="33" HEIGHT="27" WC="0.96" CONTENT="pä"/><SP WIDTH="15" VPOS="653" HPOS="396"/>
							<String ID="string_99" HPOS="411" VPOS="654" WIDTH="45" HEIGHT="19" WC="0.93" CONTENT="sätt"/><SP WIDTH="14" VPOS="654" HPOS="456"/>
							<String ID="string_100" HPOS="470" VPOS="653" WIDTH="13" HEIGHT="28" WC="0.92" CONTENT="$"/><SP WIDTH="18" VPOS="653" HPOS="483"/>
							<String ID="string_101" HPOS="501" VPOS="650" WIDTH="13" HEIGHT="23" WC="0.93" CONTENT="7"/><SP WIDTH="14" VPOS="650" HPOS="514"/>
							<String ID="string_102" HPOS="528" VPOS="652" WIDTH="128" HEIGHT="22" WC="0.95" CONTENT="innehåller."/>
						</TextLine>
					</TextBlock>
				</ComposedBlock>
				<ComposedBlock ID="cblock_2" HPOS="245" VPOS="688" WIDTH="361" HEIGHT="186">
					<TextBlock ID="block_4" HPOS="245" VPOS="688" WIDTH="361" HEIGHT="186">
						<TextLine ID="line_16" HPOS="245" VPOS="688" WIDTH="91" HEIGHT="20">
							<String ID="string_103" HPOS="245" VPOS="688" WIDTH="13" HEIGHT="20" WC="0.96" CONTENT="3"/><SP WIDTH="15" VPOS="688" HPOS="258"/>
							<String ID="string_104" HPOS="273" VPOS="694" WIDTH="63" HEIGHT="14" WC="0.96" CONTENT="mom."/>
						</TextLine>
						<TextLine ID="line_17" HPOS="285" VPOS="720" WIDTH="151" HEIGHT="23">
							<String ID="string_105" HPOS="285" VPOS="720" WIDTH="151" HEIGHT="23" WC="0.90" CONTENT="Oförändradt."/>
						</TextLine>
						<TextLine ID="line_18" HPOS="465" VPOS="760" WIDTH="131" HEIGHT="27">
							<String ID="string_106" HPOS="465" VPOS="760" WIDTH="24" HEIGHT="27" WC="0.82" CONTENT="88"/><SP WIDTH="17" VPOS="760" HPOS="489"/>
							<String ID="string_107" HPOS="506" VPOS="760" WIDTH="90" HEIGHT="21" WC="0.86" CONTENT="17—22."/>
						</TextLine>
						<TextLine ID="line_19" HPOS="451" VPOS="793" WIDTH="155" HEIGHT="23">
							<String ID="string_108" HPOS="451" VPOS="793" WIDTH="155" HEIGHT="23" WC="0.85" CONTENT="Oförändrade."/>
						</TextLine>
						<TextLine ID="line_20" HPOS="432" VPOS="856" WIDTH="119" HEIGHT="18">
							<String ID="string_109" HPOS="432" VPOS="856" WIDTH="68" HEIGHT="18" WC="0.95" CONTENT="Art."/><SP WIDTH="18" VPOS="856" HPOS="500"/>
							<String ID="string_110" HPOS="518" VPOS="857" WIDTH="33" HEIGHT="17" WC="0.96" CONTENT="2."/>
						</TextLine>
					</TextBlock>
				</ComposedBlock>
				<ComposedBlock ID="cblock_3" HPOS="221" VPOS="902" WIDTH="546" HEIGHT="30">
					<TextBlock ID="block_5" HPOS="221" VPOS="902" WIDTH="546" HEIGHT="30">
						<TextLine ID="line_21" HPOS="221" VPOS="902" WIDTH="546" HEIGHT="30">
							<String ID="string_111" HPOS="221" VPOS="904" WIDTH="32" HEIGHT="21" WC="0.92" CONTENT="Om"/><SP WIDTH="14" VPOS="904" HPOS="253"/>
							<String ID="string_112" HPOS="267" VPOS="904" WIDTH="63" HEIGHT="28" WC="0.96" CONTENT="tillsyn"/><SP WIDTH="13" VPOS="904" HPOS="330"/>
							<String ID="string_113" HPOS="343" VPOS="903" WIDTH="31" HEIGHT="21" WC="0.93" CONTENT="vid"/><SP WIDTH="14" VPOS="903" HPOS="374"/>
							<String ID="string_114" HPOS="388" VPOS="903" WIDTH="203" HEIGHT="27" WC="0.88" CONTENT="bränvinstillyerkning"/><SP WIDTH="14" VPOS="903" HPOS="591"/>
							<String ID="string_115" HPOS="605" VPOS="902" WIDTH="34" HEIGHT="22" WC="0.93" CONTENT="och"/><SP WIDTH="14" VPOS="902" HPOS="639"/>
							<String ID="string_116" HPOS="653" VPOS="902" WIDTH="114" HEIGHT="28" WC="0.80" CONTENT="distillering."/>
						</TextLine>
					</TextBlock>
				</ComposedBlock>
				<ComposedBlock ID="cblock_4" HPOS="119" VPOS="948" WIDTH="752" HEIGHT="340">
					<TextBlock ID="block_6" HPOS="119" VPOS="948" WIDTH="752" HEIGHT="237">
						<TextLine ID="line_22" HPOS="187" VPOS="948" WIDTH="682" HEIGHT="29">
							<String ID="string_117" HPOS="187" VPOS="950" WIDTH="138" HEIGHT="21" WC="0.96" CONTENT="Beträffande"/><SP WIDTH="22" VPOS="950" HPOS="325"/>
							<String ID="string_118" HPOS="347" VPOS="949" WIDTH="26" HEIGHT="21" WC="0.93" CONTENT="de"/><SP WIDTH="18" VPOS="949" HPOS="373"/>
							<String ID="string_119" HPOS="391" VPOS="950" WIDTH="8" HEIGHT="20" WC="0.93" CONTENT="i"/><SP WIDTH="18" VPOS="950" HPOS="399"/>
							<String ID="string_120" HPOS="417" VPOS="949" WIDTH="70" HEIGHT="21" WC="0.95" CONTENT="denna"/><SP WIDTH="20" VPOS="949" HPOS="487"/>
							<String ID="string_121" HPOS="507" VPOS="948" WIDTH="84" HEIGHT="27" WC="0.95" CONTENT="artikel,"/><SP WIDTH="19" VPOS="948" HPOS="591"/>
							<String ID="string_122" HPOS="610" VPOS="949" WIDTH="24" HEIGHT="27" WC="0.78" CONTENT="88"/><SP WIDTH="19" VPOS="949" HPOS="634"/>
							<String ID="string_123" HPOS="653" VPOS="950" WIDTH="90" HEIGHT="25" WC="0.90" CONTENT="23—44,"/><SP WIDTH="22" VPOS="950" HPOS="743"/>
							<String ID="string_124" HPOS="765" VPOS="948" WIDTH="104" HEIGHT="29" WC="0.96" CONTENT="ingående"/>
						</TextLine>
						<TextLine ID="line_23" HPOS="120" VPOS="982" WIDTH="749" HEIGHT="30">
							<String ID="string_125" HPOS="120" VPOS="984" WIDTH="133" HEIGHT="28" WC="0.92" CONTENT="stadganden"/><SP WIDTH="18" VPOS="984" HPOS="253"/>
							<String ID="string_126" HPOS="271" VPOS="983" WIDTH="34" HEIGHT="22" WC="0.92" CONTENT="fär"/><SP WIDTH="14" VPOS="983" HPOS="305"/>
							<String ID="string_127" HPOS="319" VPOS="984" WIDTH="108" HEIGHT="25" WC="0.93" CONTENT="utskottet,"/><SP WIDTH="16" VPOS="984" HPOS="427"/>
							<String ID="string_128" HPOS="443" VPOS="984" WIDTH="7" HEIGHT="20" WC="0.93" CONTENT="i"/><SP WIDTH="14" VPOS="984" HPOS="450"/>
							<String ID="string_129" HPOS="464" VPOS="983" WIDTH="141" HEIGHT="22" WC="0.93" CONTENT="betraktande"/><SP WIDTH="16" VPOS="983" HPOS="605"/>
							<String ID="string_130" HPOS="621" VPOS="983" WIDTH="65" HEIGHT="26" WC="0.93" CONTENT="deraf,"/><SP WIDTH="15" VPOS="983" HPOS="686"/>
							<String ID="string_131" HPOS="701" VPOS="985" WIDTH="33" HEIGHT="19" WC="0.96" CONTENT="att"/><SP WIDTH="13" VPOS="985" HPOS="734"/>
							<String ID="string_132" HPOS="747" VPOS="991" WIDTH="30" HEIGHT="13" WC="0.93" CONTENT="nu"/><SP WIDTH="14" VPOS="991" HPOS="777"/>
							<String ID="string_133" HPOS="791" VPOS="982" WIDTH="78" HEIGHT="28" WC="0.92" CONTENT="ifräga-"/>
						</TextLine>
						<TextLine ID="line_24" HPOS="120" VPOS="1017" WIDTH="751" HEIGHT="29">
							<String ID="string_134" HPOS="120" VPOS="1019" WIDTH="79" HEIGHT="21" WC="0.96" CONTENT="komna"/><SP WIDTH="14" VPOS="1019" HPOS="199"/>
							<String ID="string_135" HPOS="213" VPOS="1018" WIDTH="116" HEIGHT="28" WC="0.96" CONTENT="ändringar"/><SP WIDTH="15" VPOS="1018" HPOS="329"/>
							<String ID="string_136" HPOS="344" VPOS="1018" WIDTH="23" HEIGHT="21" WC="0.96" CONTENT="af"/><SP WIDTH="17" VPOS="1018" HPOS="367"/>
							<String ID="string_137" HPOS="384" VPOS="1020" WIDTH="39" HEIGHT="19" WC="0.95" CONTENT="art."/><SP WIDTH="18" VPOS="1020" HPOS="423"/>
							<String ID="string_138" HPOS="441" VPOS="1019" WIDTH="9" HEIGHT="19" WC="0.87" CONTENT="1"/><SP WIDTH="17" VPOS="1019" HPOS="450"/>
							<String ID="string_139" HPOS="467" VPOS="1018" WIDTH="8" HEIGHT="20" WC="0.87" CONTENT="i"/><SP WIDTH="15" VPOS="1018" HPOS="475"/>
							<String ID="string_140" HPOS="490" VPOS="1017" WIDTH="99" HEIGHT="29" WC="0.92" CONTENT="gällande"/><SP WIDTH="18" VPOS="1017" HPOS="589"/>
							<String ID="string_141" HPOS="607" VPOS="1017" WIDTH="125" HEIGHT="28" WC="0.96" CONTENT="förordning"/><SP WIDTH="14" VPOS="1017" HPOS="732"/>
							<String ID="string_142" HPOS="746" VPOS="1017" WIDTH="35" HEIGHT="22" WC="0.95" CONTENT="väl"/><SP WIDTH="17" VPOS="1017" HPOS="781"/>
							<String ID="string_143" HPOS="798" VPOS="1018" WIDTH="73" HEIGHT="21" WC="0.96" CONTENT="kunna"/>
						</TextLine>
						<TextLine ID="line_25" HPOS="119" VPOS="1051" WIDTH="752" HEIGHT="31">
							<String ID="string_144" HPOS="119" VPOS="1052" WIDTH="88" HEIGHT="30" WC="0.92" CONTENT="päkalla"/><SP WIDTH="14" VPOS="1052" HPOS="207"/>
							<String ID="string_145" HPOS="221" VPOS="1052" WIDTH="169" HEIGHT="23" WC="0.93" CONTENT="modifikationer"/><SP WIDTH="19" VPOS="1052" HPOS="390"/>
							<String ID="string_146" HPOS="409" VPOS="1052" WIDTH="24" HEIGHT="21" WC="0.96" CONTENT="af"/><SP WIDTH="16" VPOS="1052" HPOS="433"/>
							<String ID="string_147" HPOS="449" VPOS="1052" WIDTH="60" HEIGHT="21" WC="0.93" CONTENT="dessa"/><SP WIDTH="19" VPOS="1052" HPOS="509"/>
							<String ID="string_148" HPOS="528" VPOS="1052" WIDTH="138" HEIGHT="27" WC="0.92" CONTENT="stadganden,"/><SP WIDTH="19" VPOS="1052" HPOS="666"/>
							<String ID="string_149" HPOS="685" VPOS="1059" WIDTH="48" HEIGHT="14" WC="0.92" CONTENT="men"/><SP WIDTH="18" VPOS="1059" HPOS="733"/>
							<String ID="string_150" HPOS="751" VPOS="1051" WIDTH="120" HEIGHT="22" WC="0.92" CONTENT="ordnandet"/>
						</TextLine>
						<TextLine ID="line_26" HPOS="120" VPOS="1086" WIDTH="750" HEIGHT="26">
							<String ID="string_151" HPOS="120" VPOS="1088" WIDTH="24" HEIGHT="22" WC="0.93" CONTENT="af"/><SP WIDTH="16" VPOS="1088" HPOS="144"/>
							<String ID="string_152" HPOS="160" VPOS="1087" WIDTH="121" HEIGHT="22" WC="0.91" CONTENT="kontrollen"/><SP WIDTH="19" VPOS="1087" HPOS="281"/>
							<String ID="string_153" HPOS="300" VPOS="1087" WIDTH="58" HEIGHT="21" WC="0.93" CONTENT="öfver"/><SP WIDTH="17" VPOS="1087" HPOS="358"/>
							<String ID="string_154" HPOS="375" VPOS="1086" WIDTH="264" HEIGHT="26" WC="0.90" CONTENT="bränvinsfabrikationen,"/><SP WIDTH="16" VPOS="1086" HPOS="639"/>
							<String ID="string_155" HPOS="655" VPOS="1086" WIDTH="40" HEIGHT="22" WC="0.93" CONTENT="och"/><SP WIDTH="17" VPOS="1086" HPOS="695"/>
							<String ID="string_156" HPOS="712" VPOS="1086" WIDTH="56" HEIGHT="22" WC="0.92" CONTENT="hvad"/><SP WIDTH="16" VPOS="1086" HPOS="768"/>
							<String ID="string_157" HPOS="784" VPOS="1086" WIDTH="86" HEIGHT="22" WC="0.91" CONTENT="dermed"/>
						</TextLine>
						<TextLine ID="line_27" HPOS="120" VPOS="1120" WIDTH="751" HEIGHT="29">
							<String ID="string_158" HPOS="120" VPOS="1122" WIDTH="154" HEIGHT="27" WC="0.90" CONTENT="sammanhang"/><SP WIDTH="22" VPOS="1122" HPOS="274"/>
							<String ID="string_159" HPOS="296" VPOS="1128" WIDTH="55" HEIGHT="21" WC="0.91" CONTENT="eger,"/><SP WIDTH="19" VPOS="1128" HPOS="351"/>
							<String ID="string_160" HPOS="370" VPOS="1121" WIDTH="113" HEIGHT="27" WC="0.91" CONTENT="rätteligen"/><SP WIDTH="21" VPOS="1121" HPOS="483"/>
							<String ID="string_161" HPOS="504" VPOS="1121" WIDTH="64" HEIGHT="21" WC="0.93" CONTENT="hörer"/><SP WIDTH="23" VPOS="1121" HPOS="568"/>
							<String ID="string_162" HPOS="591" VPOS="1120" WIDTH="32" HEIGHT="22" WC="0.96" CONTENT="till"/><SP WIDTH="22" VPOS="1120" HPOS="623"/>
							<String ID="string_163" HPOS="645" VPOS="1120" WIDTH="35" HEIGHT="22" WC="0.93" CONTENT="det"/><SP WIDTH="21" VPOS="1120" HPOS="680"/>
							<String ID="string_164" HPOS="701" VPOS="1120" WIDTH="170" HEIGHT="22" WC="0.92" CONTENT="administrativa"/>
						</TextLine>
						<TextLine ID="line_28" HPOS="120" VPOS="1155" WIDTH="678" HEIGHT="30">
							<String ID="string_165" HPOS="120" VPOS="1157" WIDTH="87" HEIGHT="28" WC="0.91" CONTENT="gebitet,"/><SP WIDTH="14" VPOS="1157" HPOS="207"/>
							<String ID="string_166" HPOS="221" VPOS="1156" WIDTH="110" HEIGHT="22" WC="0.93" CONTENT="vördsamt"/><SP WIDTH="13" VPOS="1156" HPOS="331"/>
							<String ID="string_167" HPOS="344" VPOS="1156" WIDTH="106" HEIGHT="27" WC="0.92" CONTENT="tillstyrka"/><SP WIDTH="15" VPOS="1156" HPOS="450"/>
							<String ID="string_168" HPOS="465" VPOS="1158" WIDTH="32" HEIGHT="19" WC="0.93" CONTENT="att"/><SP WIDTH="14" VPOS="1158" HPOS="497"/>
							<String ID="string_169" HPOS="511" VPOS="1155" WIDTH="120" HEIGHT="22" WC="0.93" CONTENT="Ständerna"/><SP WIDTH="15" VPOS="1155" HPOS="631"/>
							<String ID="string_170" HPOS="646" VPOS="1155" WIDTH="48" HEIGHT="22" WC="0.93" CONTENT="ville"/><SP WIDTH="14" VPOS="1155" HPOS="694"/>
							<String ID="string_171" HPOS="708" VPOS="1155" WIDTH="90" HEIGHT="26" WC="0.92" CONTENT="besluta,"/>
						</TextLine>
					</TextBlock>
					<TextBlock ID="block_7" HPOS="189" VPOS="1189" WIDTH="682" HEIGHT="30">
						<TextLine ID="line_29" HPOS="189" VPOS="1189" WIDTH="682" HEIGHT="30">
							<String ID="string_172" HPOS="189" VPOS="1191" WIDTH="35" HEIGHT="21" WC="0.93" CONTENT="det"/><SP WIDTH="15" VPOS="1191" HPOS="224"/>
							<String ID="string_173" HPOS="239" VPOS="1191" WIDTH="51" HEIGHT="28" WC="0.91" CONTENT="egde"/><SP WIDTH="15" VPOS="1191" HPOS="290"/>
							<String ID="string_174" HPOS="305" VPOS="1189" WIDTH="110" HEIGHT="30" WC="0.95" CONTENT="Styrelsen"/><SP WIDTH="15" VPOS="1189" HPOS="415"/>
							<String ID="string_175" HPOS="430" VPOS="1191" WIDTH="9" HEIGHT="20" WC="0.93" CONTENT="i"/><SP WIDTH="16" VPOS="1191" HPOS="439"/>
							<String ID="string_176" HPOS="455" VPOS="1190" WIDTH="95" HEIGHT="29" WC="0.93" CONTENT="afseende"/><SP WIDTH="16" VPOS="1190" HPOS="550"/>
							<String ID="string_177" HPOS="566" VPOS="1190" WIDTH="14" HEIGHT="21" WC="0.87" CONTENT="å"/><SP WIDTH="9" VPOS="1190" HPOS="580"/>
							<String ID="string_178" HPOS="589" VPOS="1189" WIDTH="174" HEIGHT="29" WC="0.96" CONTENT="föreskrifterna"/><SP WIDTH="13" VPOS="1189" HPOS="763"/>
							<String ID="string_179" HPOS="776" VPOS="1191" WIDTH="11" HEIGHT="19" WC="0.96" CONTENT="i"/><SP WIDTH="14" VPOS="1191" HPOS="787"/>
							<String ID="string_180" HPOS="801" VPOS="1193" WIDTH="43" HEIGHT="18" WC="0.93" CONTENT="art."/><SP WIDTH="11" VPOS="1193" HPOS="844"/>
							<String ID="string_181" HPOS="855" VPOS="1189" WIDTH="16" HEIGHT="21" WC="0.93" CONTENT="2"/>
						</TextLine>
					</TextBlock>
					<TextBlock ID="block_8" HPOS="188" VPOS="1224" WIDTH="683" HEIGHT="29">
						<TextLine ID="line_30" HPOS="188" VPOS="1224" WIDTH="683" HEIGHT="29">
							<String ID="string_182" HPOS="188" VPOS="1225" WIDTH="91" HEIGHT="28" WC="0.92" CONTENT="vidtaga"/><SP WIDTH="26" VPOS="1225" HPOS="279"/>
							<String ID="string_183" HPOS="305" VPOS="1225" WIDTH="24" HEIGHT="21" WC="0.95" CONTENT="de"/><SP WIDTH="20" VPOS="1225" HPOS="329"/>
							<String ID="string_184" HPOS="349" VPOS="1225" WIDTH="173" HEIGHT="28" WC="0.93" CONTENT="förändringar,"/><SP WIDTH="23" VPOS="1225" HPOS="522"/>
							<String ID="string_185" HPOS="545" VPOS="1224" WIDTH="92" HEIGHT="21" WC="0.90" CONTENT="hvartill"/><SP WIDTH="22" VPOS="1224" HPOS="637"/>
							<String ID="string_186" HPOS="659" VPOS="1224" WIDTH="212" HEIGHT="28" WC="0.90" CONTENT="omständigheterna"/>
						</TextLine>
					</TextBlock>
					<TextBlock ID="block_9" HPOS="190" VPOS="1259" WIDTH="207" HEIGHT="29">
						<TextLine ID="line_31" HPOS="190" VPOS="1259" WIDTH="207" HEIGHT="29">
							<String ID="string_187" HPOS="190" VPOS="1259" WIDTH="71" HEIGHT="22" WC="0.93" CONTENT="kunna"/><SP WIDTH="8" VPOS="1259" HPOS="261"/>
							<String ID="string_188" HPOS="269" VPOS="1259" WIDTH="128" HEIGHT="29" WC="0.92" CONTENT="föranleda."/>
						</TextLine>
					</TextBlock>
				</ComposedBlock>
				<ComposedBlock ID="cblock_5" HPOS="212" VPOS="1309" WIDTH="569" HEIGHT="74">
					<TextBlock ID="block_10" HPOS="212" VPOS="1309" WIDTH="569" HEIGHT="74">
						<TextLine ID="line_32" HPOS="437" VPOS="1309" WIDTH="119" HEIGHT="17">
							<String ID="string_189" HPOS="437" VPOS="1309" WIDTH="69" HEIGHT="17" WC="0.95" CONTENT="Art."/><SP WIDTH="18" VPOS="1309" HPOS="506"/>
							<String ID="string_190" HPOS="524" VPOS="1309" WIDTH="32" HEIGHT="17" WC="0.89" CONTENT="3."/>
						</TextLine>
						<TextLine ID="line_33" HPOS="212" VPOS="1354" WIDTH="569" HEIGHT="29">
							<String ID="string_191" HPOS="212" VPOS="1356" WIDTH="30" HEIGHT="21" WC="0.92" CONTENT="Om"/><SP WIDTH="15" VPOS="1356" HPOS="242"/>
							<String ID="string_192" HPOS="257" VPOS="1355" WIDTH="107" HEIGHT="28" WC="0.95" CONTENT="försäljning"/><SP WIDTH="15" VPOS="1355" HPOS="364"/>
							<String ID="string_193" HPOS="379" VPOS="1355" WIDTH="21" HEIGHT="21" WC="0.93" CONTENT="af"/><SP WIDTH="11" VPOS="1355" HPOS="400"/>
							<String ID="string_194" HPOS="411" VPOS="1355" WIDTH="76" HEIGHT="22" WC="0.96" CONTENT="bränvin"/><SP WIDTH="15" VPOS="1355" HPOS="487"/>
							<String ID="string_195" HPOS="502" VPOS="1355" WIDTH="33" HEIGHT="21" WC="0.96" CONTENT="och"/><SP WIDTH="15" VPOS="1355" HPOS="535"/>
							<String ID="string_196" HPOS="550" VPOS="1354" WIDTH="57" HEIGHT="22" WC="0.96" CONTENT="andra"/><SP WIDTH="14" VPOS="1354" HPOS="607"/>
							<String ID="string_197" HPOS="621" VPOS="1355" WIDTH="64" HEIGHT="21" WC="0.93" CONTENT="starka"/><SP WIDTH="14" VPOS="1355" HPOS="685"/>
							<String ID="string_198" HPOS="699" VPOS="1354" WIDTH="82" HEIGHT="28" WC="0.96" CONTENT="drycker."/>
						</TextLine>
					</TextBlock>
				</ComposedBlock>
				<ComposedBlock ID="cblock_6" HPOS="122" VPOS="1400" WIDTH="751" HEIGHT="63">
					<TextBlock ID="block_11" HPOS="122" VPOS="1400" WIDTH="751" HEIGHT="63">
						<TextLine ID="line_34" HPOS="190" VPOS="1400" WIDTH="683" HEIGHT="29">
							<String ID="string_199" HPOS="190" VPOS="1402" WIDTH="10" HEIGHT="21" WC="0.89" CONTENT="I"/><SP WIDTH="15" VPOS="1402" HPOS="200"/>
							<String ID="string_200" HPOS="215" VPOS="1402" WIDTH="40" HEIGHT="22" WC="0.93" CONTENT="den"/><SP WIDTH="15" VPOS="1402" HPOS="255"/>
							<String ID="string_201" HPOS="270" VPOS="1400" WIDTH="79" HEIGHT="29" WC="0.91" CONTENT="nädiga"/><SP WIDTH="18" VPOS="1400" HPOS="349"/>
							<String ID="string_202" HPOS="367" VPOS="1401" WIDTH="159" HEIGHT="28" WC="0.93" CONTENT="propositionen"/><SP WIDTH="19" VPOS="1401" HPOS="526"/>
							<String ID="string_203" HPOS="545" VPOS="1400" WIDTH="118" HEIGHT="27" WC="0.91" CONTENT="anmärkes,"/><SP WIDTH="16" VPOS="1400" HPOS="663"/>
							<String ID="string_204" HPOS="679" VPOS="1402" WIDTH="32" HEIGHT="20" WC="0.93" CONTENT="att"/><SP WIDTH="14" VPOS="1402" HPOS="711"/>
							<String ID="string_205" HPOS="725" VPOS="1400" WIDTH="109" HEIGHT="22" WC="0.92" CONTENT="saknaden"/><SP WIDTH="14" VPOS="1400" HPOS="834"/>
							<String ID="string_206" HPOS="848" VPOS="1400" WIDTH="25" HEIGHT="22" WC="0.96" CONTENT="af"/>
						</TextLine>
						<TextLine ID="line_35" HPOS="122" VPOS="1435" WIDTH="749" HEIGHT="28">
							<String ID="string_207" HPOS="122" VPOS="1437" WIDTH="29" HEIGHT="23" WC="0.93" CONTENT="all"/><SP WIDTH="17" VPOS="1437" HPOS="151"/>
							<String ID="string_208" HPOS="168" VPOS="1436" WIDTH="93" HEIGHT="23" WC="0.90" CONTENT="kontroll"/><SP WIDTH="18" VPOS="1436" HPOS="261"/>
							<String ID="string_209" HPOS="279" VPOS="1436" WIDTH="59" HEIGHT="22" WC="0.96" CONTENT="öfver"/><SP WIDTH="19" VPOS="1436" HPOS="338"/>
							<String ID="string_210" HPOS="357" VPOS="1436" WIDTH="35" HEIGHT="22" WC="0.93" CONTENT="det"/><SP WIDTH="20" VPOS="1436" HPOS="392"/>
							<String ID="string_211" HPOS="412" VPOS="1436" WIDTH="101" HEIGHT="21" WC="0.88" CONTENT="bränvins"/><SP WIDTH="21" VPOS="1436" HPOS="513"/>
							<String ID="string_212" HPOS="534" VPOS="1435" WIDTH="81" HEIGHT="28" WC="0.92" CONTENT="lagliga"/><SP WIDTH="21" VPOS="1435" HPOS="615"/>
							<String ID="string_213" HPOS="636" VPOS="1435" WIDTH="144" HEIGHT="28" WC="0.91" CONTENT="tillverkning,"/><SP WIDTH="19" VPOS="1435" HPOS="780"/>
							<String ID="string_214" HPOS="799" VPOS="1442" WIDTH="46" HEIGHT="15" WC="0.96" CONTENT="som"/><SP WIDTH="18" VPOS="1442" HPOS="845"/>
							<String ID="string_215" HPOS="863" VPOS="1435" WIDTH="8" HEIGHT="21" WC="0.96" CONTENT="i"/>
						</TextLine>
					</TextBlock>
				</ComposedBlock>
				<GraphicalElement ID="cblock_7" HPOS="1011" VPOS="490" WIDTH="11" HEIGHT="654"></GraphicalElement >
			</PrintSpace>
		</Page>
	</Layout>
</alto>
