1045 1661
499 338 43 32 16.

336 412 67 23 Hans
418 412 155 29 Kejserliga
587 413 140 28 Majestäts
745 412 84 29 Nådiga
842 413 51 22 Pro-

281 447 93 28 position
391 446 36 23 till
445 447 101 22 Finlands
565 447 100 28 Ständer,
684 446 113 29 angående
819 447 74 22 förän-

279 481 68 22 drade
365 480 99 29 grunder
481 480 36 23 för
538 481 325 29 räntepersedleomsättningen:
883 481 10 22 i

280 515 81 22 landet.

211 568 61 22 Efter
290 568 36 22 det
343 568 61 22 Hans
421 568 120 28 Kejserliga
558 569 101 28 Majestät
676 568 33 22 till
726 568 102 22 Finlands
845 568 48 28 sed-

143 604 49 21 nast
210 603 128 21 församlade
361 603 91 22 Ständer
474 602 69 23 aflätit
563 602 70 28 Nädig
655 602 135 28 Proposition
812 603 80 27 derom,

143 637 106 22 huruvida
263 645 27 14 en
304 637 125 29 förändring
444 637 24 22 af
480 637 27 22 de
520 638 32 21 uti
570 636 85 29 Nådiga
671 637 123 22 Manifestet
809 637 41 22 den
865 638 27 21 28

143 672 59 21 Mars
223 672 22 28 (9
264 672 71 28 April)
355 673 53 20 1840
431 672 103 28 stadgade
556 672 93 28 grunder
669 671 35 22 för
725 672 168 28 räntepersedle-

144 706 157 28 omsättningen
319 704 36 23 må
372 706 66 22 blifva
455 706 65 28 nödig
538 706 46 26 och,
603 706 8 21 i
629 705 76 22 sådant
726 706 45 26 fall,
790 714 35 14 om
846 706 47 22 icke

144 740 59 22 detta
221 740 79 22 ärende
315 740 67 28 jemte
400 740 41 22 den
459 740 63 22 deraf
537 740 106 22 beroende
661 739 63 29 fråga
740 740 7 21 i
765 740 57 22 hvad
842 739 51 23 mån

143 775 130 28 stadgandet
293 775 7 21 i
322 773 84 29 Nådiga
424 774 147 28 Kungörelsen
589 774 41 22 den
652 776 25 19 31
697 774 59 22 Mars
776 776 61 24 1840,
855 782 38 14 an-

144 808 82 29 gående
244 809 210 27 räntepersedlarnes
475 808 119 28 utgörande
616 808 54 22 efter
687 808 206 29 medelmarkegång,

144 843 125 22 erfordrade
290 842 68 29 några
376 843 24 21 af
415 843 153 27 förändringen
589 842 127 22 föranledda
736 843 100 21 närmare
857 841 36 29 be-

144 877 154 26 stämmanden,
316 877 72 22 kunde
405 877 33 21 till
455 877 130 28 behandling
599 877 141 22 öfverlemnas
754 876 23 22 åt
790 875 67 30 någre
872 876 24 22 af

144 912 106 28 Regering
269 912 39 21 och
328 911 97 27 Ständer,
443 911 33 22 till
494 911 44 22 lika
556 911 59 22 antal
633 911 24 22 af
671 911 112 26 hvardera,
805 911 89 22 utsedde

144 946 133 28 sakkunnige
291 947 56 26 män,
363 946 72 22 hvilka
448 945 54 23 efter
517 945 85 22 samråd
616 945 49 22 med
680 945 62 22 valde
753 945 78 22 ombud
845 944 49 23 från

144 980 75 29 hvarje
236 980 43 27 län,
295 981 39 21 och
352 981 66 21 sedan
436 980 77 28 nödige
530 980 154 28 upplysningar
701 980 121 27 inhemtats,
841 980 53 28 egde

145 1017 32 19 att
191 1015 8 21 i
214 1015 141 22 omförmälda
370 1016 77 20 ämnen
460 1013 30 29 på
505 1022 26 14 en
546 1014 55 29 gång
616 1014 80 28 afgifva
706 1014 135 29 fullständigt
851 1015 43 20 för-

145 1049 53 28 slag,
213 1056 45 15 som
275 1049 36 21 vid
328 1048 172 29 nästpåföljande
518 1049 102 27 landtdag
639 1048 67 22 skulle
725 1048 120 23 Ständerna
862 1049 33 21 till

145 1083 101 28 pröfning
264 1083 127 27 föreläggas,
410 1085 56 19 samt
484 1082 119 22 Ständerna
621 1082 32 21 uti
672 1081 132 29 underdånig
826 1089 69 15 svars-

145 1116 111 22 skrifvelse
273 1117 25 21 af
314 1116 42 22 den
375 1118 25 19 26
419 1116 104 22 Februari
542 1118 55 20 1864
619 1118 70 20 ansett
711 1123 27 15 en
759 1117 92 21 revision
873 1116 25 22 af

146 1151 316 27 räntepersedleomsättningen
483 1158 52 14 vara
556 1150 25 22 af
599 1150 100 22 behofvet
720 1149 112 28 påkallad,
855 1151 39 21 och

146 1186 63 27 förty,
227 1185 49 22 med
293 1184 61 22 bifall
371 1185 33 21 till
422 1185 41 21 den
480 1184 85 28 Nådiga
582 1184 168 28 Propositionen,
765 1183 71 23 såsom
850 1185 46 21 sine

146 1219 174 22 förtroendemän
334 1219 7 21 i
358 1219 41 21 den
412 1218 86 27 komité,
514 1226 45 14 som
576 1218 33 22 till
624 1218 51 28 följe
688 1218 65 22 häraf
765 1218 84 22 komme
863 1220 33 20 att

147 1254 116 26 nedsättas,
277 1253 67 22 invalt
361 1253 48 28 fyra
425 1260 108 21 personer,
548 1260 27 15 en
593 1253 34 21 för
641 1252 74 28 hvarje
729 1252 73 28 stånd;
817 1252 24 22 så
855 1254 41 21 har

147 1288 60 20 Hans
222 1288 120 27 Kejserliga
355 1288 101 26 Majestät
473 1288 8 20 i
499 1287 72 21 Näder
589 1287 103 21 anbefallt
709 1288 54 20 Dess
783 1287 64 21 Senat
861 1287 35 21 för

147 1321 90 21 Finland
255 1323 33 19 att
304 1322 8 20 i
330 1321 88 21 ärendet
432 1321 87 27 vidtaga
536 1320 27 22 de
580 1320 106 28 åtgärder,
701 1327 46 15 som
765 1320 24 21 af
803 1322 91 20 omstän-

148 1355 126 27 digheterna
291 1354 40 22 och
349 1354 76 22 sakens
443 1354 147 22 beskaffenhet
606 1353 124 29 påkallades
744 1354 9 21 i
767 1354 100 22 afseende
881 1353 14 23 å

148 1389 166 28 genomförande
332 1388 24 22 af
372 1395 26 14 en
416 1388 53 22 efter
486 1387 215 23 tidsförhållanderne
718 1388 87 28 lämpad
823 1388 71 22 förän-

148 1423 55 22 drad
225 1423 297 28 räntepersedleomsättning;
544 1423 40 21 och
607 1423 75 26 sedan,
704 1423 33 21 till
761 1421 133 30 underdånig

148 1458 53 27 följd
218 1457 69 27 häraf,
306 1457 102 22 Senatens
426 1457 277 28 Ekonomie-Departement
725 1457 19 28 ej
763 1457 82 22 mindre
862 1456 33 23 till
