1070 1661
368 99 71 23 Nädiga
451 101 136 20 Propositionen
599 100 34 17 N:o
646 101 27 16 16.
838 101 31 15 811

195 162 111 25 +<Men:-dä
321 169 26 17 en
362 162 51 23 eller
428 170 70 14 annan
516 163 150 28 undervisning
680 163 82 21 kunnat
774 163 37 21 vid
825 163 69 22 denna

145 197 118 28 beräkning
277 197 73 24 utöfva
365 198 69 21 större
447 197 117 28 inflytande
577 197 30 28 pä
620 197 144 22 medelvärdet
778 198 28 20 än
820 197 73 22 veder-

144 231 72 26 bordt,
234 231 144 28 gjordes,
347 227 36 36 för
395 232 106 21 vinnande
519 231 24 22 af
555 232 102 21 exaktare
670 231 96 26 resultat,
782 239 26 14 en
823 239 71 14 annan

144 265 116 27 uträkning
278 265 90 23 sälunda
385 267 33 19 att
435 265 33 21 för
486 265 122 21 häraderna
624 266 58 20 inom
699 265 74 27 hvarje
790 265 36 21 län
845 273 48 19 per-

143 299 110 22 sedlarnes
275 299 86 21 värden.
372 298 133 23 uträknades
528 299 40 21 och
590 299 173 27 sammanslogos,
786 299 107 21 hvarefter

146 340 98 14 summan
259 332 132 22 dividerades
409 332 49 22 med
475 332 68 22 länets
558 332 162 27 hela:rubeltal,
735 332 28 22 dä
777 332 37 22 för
822 333 72 27 jorde-

145 367 130 23 boksrubeln
290 367 91 25 erhöllos
396 367 94 28 följande
504 367 89 22 värden:

270 418 11 22 I
296 418 95 28 Nylands
405 419 36 21 län
474 435 5 5 .
502 435 5 5 .
530 435 6 5 .
559 435 5 5 .
587 434 5 6 .
614 435 6 6 .
643 435 5 5 .
669 420 94 27 1:28.

271 462 11 11 »
294 447 47 28 Åbo
357 453 39 29 och
411 453 143 28 Björneborgs
565 453 37 22 län
613 469 5 5 .
641 469 5 5 .
667 455 17 19 1:
701 452 69 25 13!/16.

270 496 11 11 »
294 487 129 22 Tavastehus
438 487 36 22 län
503 503 5 6 .
531 504 5 5 .
560 504 5 5 .
588 503 5 6 .
615 504 6 5 .
644 504 5 4 .
670 489 94 26 1216

271 529 11 12 »
295 521 32 22 S:t
341 521 88 22 Michels
444 521 36 22 län
502 537 5 6 .
531 538 4 5 .
558 538 6 5 .
586 538 6 5 .
615 538 33 5 ...
669 523 17 20 1:
703 523 60 26 2124.

271 564 11 10 »
295 556 86 26 Kuopio
395 555 53 21 län.
471 571 5 5 .
499 572 5 5 .
531 572 3 6 .
556 572 6 5 .
584 572 6 5 .
613 572 5 4 .
641 572 5 4 .
667 558 18 19 1:
701 556 70 27 287.

271 599 11 11 »
294 590 66 21 Wasa
374 590 36 21 län
443 605 6 7 .
474 606 2 4 .
500 606 6 6 .
528 606 6 6 .
557 606 5 6 .
588 606 3 6 «
613 606 6 6 »
642 606 6 6 «
668 592 17 19 1:
703 592 69 26 191/5.

270 632 11 11 »
293 623 119 29 Uleåborgs
426 624 54 22 län
475 619 12 38 .
502 641 6 5 .
531 641 6 6 .
560 640 5 6 .
587 640 6 5 .
616 640 5 6 .
645 641 4 5 .
670 626 18 19 1:
705 626 59 26 2216.

214 676 68 21 Dessa
296 676 155 26 medelvärden,
462 676 72 21 hvilka
547 676 93 22 komitén
656 675 66 29 ansåg
736 683 52 15 vara
803 676 25 22 de
843 684 52 20 nog-

147 712 121 26 grannaste,
281 710 116 28 jemfördes
412 710 48 21 med
477 712 53 19 1862
546 710 35 22 års
596 709 206 29 medelmarkegång,
818 710 28 22 då
861 710 35 22 det

145 742 74 24 visade
234 744 33 28 sig
284 746 33 19 att
331 744 205 28 jordeboksräntans
551 744 176 28 penningevärde,
743 745 83 21 utöfver
840 744 56 22 hvad

147 779 124 21 densamma
288 779 8 20 i
315 778 54 28 följd
387 778 24 21 af
423 779 156 21 varuvärdenas
594 778 108 22 allmänna
717 779 97 27 stigande
828 779 68 21 skulle

146 812 91 28 förhöjts
256 820 36 17 om
308 814 78 19 räntan
403 812 71 28 utgätt
492 812 53 21 efter
560 812 26 22 de
601 812 72 28 gamla
685 812 210 28 undervisningarne,

147 846 105 22 förökats:

256 898 10 20 I
281 897 95 28 Nylands
387 897 36 21 län
440 913 1 5 .
464 913 4 5 .
495 913 29 5 «2
548 913 89 5 0.00.
658 898 26 20 14
699 900 95 24 procent.

259 940 11 11 »
282 926 47 26 Åbo
345 932 40 21 och
399 931 143 28 Björneborgs
557 932 37 21 län
608 947 2 5 .
633 947 6 5 .
658 932 53 27 2134
742 940 11 10 »

259 975 10 11 »
282 966 130 21 Tavastehus
427 966 37 20 län
490 982 4 4 .
518 982 4 4 .
547 982 4 4 .
574 982 5 4 .
602 982 6 4 .
631 982 5 4 «
657 967 25 19 15
742 974 11 11 »”

258 1009 11 11 »
282 1000 31 22 S:t
328 1000 88 22 Michels
431 1000 36 21 län
492 1016 5 5 .
521 1016 5 4 .
549 1016 5 5 .
577 1016 61 5 ....
659 1000 53 27 1434
742 1009 11 11 »

259 1043 11 11 »
282 1035 84 27 Kuopio
381 1034 36 21 län
436 1050 6 6 .
465 1050 4 5 .
492 1050 146 5 0.0.
659 1035 52 27 1234
742 1043 11 11 »

258 1078 11 11 »
282 1070 65 20 Wasa
357 1069 36 21 län
407 1084 3 5 .
433 1084 6 5 .
462 1084 5 5 .
490 1084 5 5 .
518 1084 5 5 «
546 1084 33 6 208
602 1084 34 5 sve
657 1070 25 20 lö
742 1077 11 11 LJ

259 1112 11 11 »
282 1102 119 28 Uleåborgs
415 1103 37 20 län
464 1118 4 5 .
492 1118 5 5 .
520 1119 6 4 .
548 1118 6 5 .
577 1119 5 4 «
605 1119 5 4 «
633 1119 5 4 «
660 1104 52 27 1534
743 1112 10 11 »

215 1153 34 22 Då
267 1154 66 27 enligt
350 1154 104 21 komitöns
473 1153 55 28 äsigt
546 1154 167 27 stegringen
685 1149 30 36 af
730 1154 166 27 jordeboksrän-

149 1190 48 20 tans
212 1187 171 29 penningevärde
397 1187 68 21 måste
480 1188 122 21 tillskrifvas
617 1188 36 21 det
667 1187 140 27 förhållande,
822 1189 8 20 i
844 1189 52 21 hvil-

148 1223 36 21 ket
201 1222 137 27 persedlarne
357 1223 57 20 smör
432 1222 40 21 och
491 1222 44 27 talg
554 1221 33 22 stä
605 1222 32 21 till
656 1221 103 28 spanmäl,
779 1222 63 21 hafra
857 1223 40 21 och

148 1257 104 21 kontanta
266 1257 124 27 penningar,
405 1257 37 26 tog
457 1256 93 21 komitön
568 1256 32 21 till
617 1257 87 27 uppgift
721 1259 32 19 att
771 1256 79 22 föreslå
864 1256 34 22 sä-

149 1292 41 20 dan
203 1292 110 26 jemkning
327 1292 8 19 i
349 1290 99 27 gällande
462 1290 176 27 undervisningar
652 1291 34 20 för
697 1291 200 27 jordeboksrubeln,

149 1327 32 19 att
200 1325 47 21 dess
266 1324 171 28 penningevärde
455 1324 7 20 i
481 1324 35 21 det
533 1326 108 20 närmaste
659 1325 67 21 skulle
740 1327 108 19 motsvara
863 1326 35 20 det

148 1360 78 27 belopp
242 1366 45 14 som
301 1358 35 22 vid
355 1358 154 22 ofvananförda
526 1358 142 28 beräkningar
683 1359 33 21 för
734 1359 63 21 länen
812 1359 86 27 utfallit,

149 1395 107 21 äfvensom
276 1395 31 19 att
325 1393 52 21 söka
395 1392 33 21 för
446 1391 113 22 framtiden
577 1393 116 28 förebyggå
712 1395 31 20 ett
764 1394 134 27 oproportio-

149 1428 79 28 nerligt
242 1427 97 28 stigande
353 1427 25 22 af
387 1426 200 29 jordeboksräntan.
