1025 1661
346 105 72 24 Nådiga
429 107 139 22 Propositionen
579 107 36 18 N:o
627 109 28 15 21.
814 107 44 17 1005

512 171 47 28 28.

252 213 39 28 (Af
307 220 83 15 samma
407 214 80 27 lydelse
505 213 49 22 med
568 213 151 22 motsvarande
733 214 12 27 $
760 213 8 22 i
782 214 98 27 proposi-

195 247 90 28 tionen.)

513 277 46 27 38.

254 318 155 28 (Likalydande
423 318 49 21 med
487 319 14 19 4
515 318 12 28 $
542 319 8 21 i
564 318 178 28 propositionen.)

512 365 13 20 4
541 365 18 27 8.

253 401 39 28 (Af
305 408 82 15 samma
400 401 81 28 lydelse
496 408 45 15 som
557 403 11 19 5
584 402 12 27 $
611 401 8 21 i
632 401 178 29 propositionen.)

360 464 22 17 9
394 464 48 17 till
454 465 58 16 och
523 464 70 17 med
604 464 28 17 11
643 464 73 22 kap.

255 501 40 28 (Af
308 501 114 22 enahanda
435 501 81 28 lydelse
530 501 48 22 med
592 501 176 28 propositionen.)

476 547 38 16 12
525 547 73 21 kap.

252 577 16 21 2
283 578 12 28 $
311 577 82 21 ändras
408 577 104 22 sålunda:

252 607 36 25 Är
302 612 73 28 någon
384 612 131 29 förfallolös
530 612 69 26 borta,
615 612 30 22 dä
659 612 43 21 han
712 619 66 21 ropas
790 612 25 29 af
823 612 56 21 Rät-

197 650 35 18 ten
241 647 64 29 fram
319 649 33 18 att
364 646 55 21 kära
431 646 52 21 eller
495 654 71 18 svara,
579 646 47 22 böte
637 648 10 19 i
658 646 100 22 Härads-
770 647 39 21 och
820 646 60 22 Räd-

197 682 119 28 stufvurätt
335 681 37 21 två
390 681 68 25 daler,
476 682 10 20 i
504 681 74 28 hvarje
594 681 107 21 särskildt
714 682 56 25 mål;
786 681 94 21 kommer

197 716 43 20 han
258 716 20 28 ej
298 715 113 26 tillstädes,
430 716 76 20 medan
523 716 66 20 målet
601 716 53 29 före
673 717 34 31 är,
723 716 48 21 böte
786 716 93 21 dubbelt.

196 750 106 21 Inställer
321 751 33 27 sig
373 750 121 21 svaranden
513 750 14 21 å
540 750 76 28 första
632 751 47 27 ting
695 750 39 21 och
748 750 78 29 blifver
842 750 38 21 kä-

197 785 84 21 randen
298 788 41 23 ute,
360 784 46 21 böte
424 791 46 14 som
488 784 64 28 sagdt
571 785 34 25 är,
625 784 38 21 och
681 785 65 27 gälde
761 785 47 21 dess
823 784 57 22 kost-

197 819 50 26 nad,
267 819 38 21 der
324 818 44 21 han
386 818 19 28 ej
424 819 37 20 vid
479 820 64 19 nästa
562 819 48 28 ting
629 819 14 20 å
658 818 80 27 landet,
754 819 53 21 eller
821 819 60 21 inom

197 860 26 14 en
241 853 80 21 månad
339 853 10 21 i
367 852 81 26 staden,
468 854 67 27 gitter
555 854 53 24 visa,
627 852 35 21 det
677 852 43 22 han
736 854 51 27 laga
796 853 85 29 förfall

199 888 53 28 haft,
268 888 39 20 och
322 890 33 18 att
367 886 42 22 han
420 888 20 28 ej
452 887 81 21 kunnat
543 886 82 22 Rätten
636 887 36 21 det
683 886 106 30 kungöra.
811 886 70 22 Stem-

197 929 45 13 mer
265 922 19 28 ej
303 922 113 21 käranden
434 921 66 21 saken
517 922 30 26 in,
567 922 38 20 och
623 922 41 21 den
676 922 114 29 fullföljer
809 922 13 20 &
840 922 41 21 den

199 956 39 27 tid,
257 964 45 14 som
319 964 30 14 nu
364 957 26 20 är
406 956 74 29 sagdt;
494 962 51 16 vare
561 956 122 22 svaranden
692 956 42 29 för
749 956 53 21 hans
817 956 65 22 käro-

198 991 45 21 mål
251 991 45 29 fri.

343 1028 37 17 13
392 1028 48 18 till
452 1028 58 17 och
521 1028 70 18 med
603 1028 48 17 22
663 1028 73 22 kap.

255 1066 40 28 (Af
307 1066 44 21 lika
364 1064 95 23 innehåll
473 1065 50 22 med
536 1065 176 29 propositionen.)

472 1119 48 18 23
535 1120 72 21 kap.

516 1160 45 27 18

255 1189 22 30 Å
296 1197 138 28 häradsting,
453 1197 25 20 så
496 1196 37 22 ock
551 1197 38 20 vid
607 1197 52 28 laga
677 1204 39 21 syn
734 1197 10 20 i
755 1196 128 29 jordatvist,

200 1233 36 21 må
255 1233 20 28 ej
293 1232 102 26 dömmas,
411 1231 39 21 der
465 1231 19 28 ej
494 1231 47 30 fem
556 1232 9 19 i
580 1231 108 21 nämnden
704 1232 46 20 äro.
780 1231 104 28 Rådstuf-

200 1269 75 20 vurätt
290 1273 51 15 vare
357 1266 92 29 domför,
466 1266 38 21 der
520 1269 32 18 tre
567 1266 10 20 i
589 1265 82 22 Rätten
682 1266 60 21 sitta.
764 1265 16 21 I
788 1265 96 29 Hofrätt

200 1302 78 27 utgöre
294 1300 48 29 fem
365 1301 117 21 ledamöter
501 1300 97 28 domfört
617 1301 71 24 antal;
707 1299 53 21 dock
778 1300 37 20 må
827 1300 57 28 fyra

201 1336 64 20 döma
280 1335 9 20 i
303 1334 51 26 mål,
370 1341 45 14 som
430 1334 20 28 ej
464 1334 30 27 gå
509 1334 14 20 å
538 1334 33 25 lif,
587 1333 38 21 der
640 1334 66 20 minst
722 1336 33 18 tre
771 1340 34 14 om
820 1334 64 20 slutet

202 1371 39 19 äro
257 1376 54 14 ense.

517 1396 46 28 28.

258 1434 157 29 (Likalydande
429 1433 49 22 med
492 1432 176 29 propositionen.)
