1020 1661
351 116 73 24 Nådiga
435 119 138 21 Propositionen
584 119 35 17 N:o
632 120 27 16 24.
815 120 44 16 1109

201 181 214 30 verkningsbeloppet
426 183 108 28 femtusen
552 182 84 21 kannor
651 182 117 28 behörigen
785 183 95 27 utgöres.

200 214 83 23 Finnör
301 215 165 29 Länestyrelsen
484 216 78 21 hinder
574 216 43 28 för
635 216 168 28 handteringens
824 216 57 29 utöf-

199 250 54 28 ning
271 250 47 21 icke
335 252 65 24 möta,
423 250 87 29 utfärde
532 251 101 28 deröfver
652 250 62 26 bevis,
732 250 149 29 innefattande

202 283 74 22 tillika
293 285 88 27 uppgift
396 284 13 21 å
425 284 96 28 beloppet
535 285 26 28 af
576 284 41 22 den
635 284 73 29 afgift,
724 292 44 13 som
780 285 43 28 för
839 285 43 21 till-

201 317 133 30 verkningen
348 318 53 28 utgå
416 317 47 22 bör.

517 364 12 27 $
545 365 19 20 8.

263 406 43 21 Vill
323 407 73 28 någon
414 407 84 28 utöfver
514 407 40 20 den
570 406 32 22 tid
617 407 39 20 och
670 407 36 21 det
720 407 81 28 belopp,
817 407 64 20 hvar-

201 441 36 20 till
253 440 43 21 han
310 441 9 21 i
334 441 95 28 enlighet
442 441 48 21 med
505 441 12 28 $
535 439 13 22 7
559 442 34 27 sig
608 442 88 25 anmält,
712 441 68 20 under
796 441 86 21 tillåten

201 475 155 28 bränningstid
377 475 179 28 omedelbarligen
571 475 112 28 fortsätta
704 475 178 28 tillverkningen,

201 510 53 28 göre
277 509 73 22 derom
372 509 102 22 likaledes
492 510 66 21 minst
575 509 24 21 14
617 509 71 28 dagar
704 509 53 30 före
779 510 40 21 den
842 509 39 27 tid,

195 544 177 28 fortsättningen
390 545 51 19 eller
456 544 127 28 utöfningen
602 543 64 29 afser,
685 551 28 21 ny
727 545 102 19 anmälan
845 544 37 20 hos

201 577 170 29 Länestyrelsen,
384 585 44 14 som
438 578 100 29 deröfver
552 578 88 28 utfärde
656 578 63 26 bevis,
734 578 148 28 innefattande

202 612 73 22 tillika
289 613 88 28 uppgift
392 613 14 20 &
419 612 42 21 den
472 612 90 29 fyllnad
580 613 9 20 i
607 612 216 28 tillverkningsskatt,
839 619 44 14 som

203 647 101 28 erläggas
320 646 46 22 bör.

484 684 24 28 88
524 684 75 21 9—10.

259 725 155 27 Oförändrade,
428 729 58 18 utom
502 727 54 20 sista
570 726 112 28 meningen
695 727 11 19 i
720 726 13 28 $
746 724 35 28 10,
793 726 39 21 der
848 733 35 13 or-

203 759 40 22 den
259 760 22 28 ,$
296 759 28 22 12
338 760 49 21 och"
401 761 60 28 utgå.

747 783 4 8 i

512 803 12 28 &
541 804 31 20 11.

261 845 79 29 Enligt
350 845 112 22 utskottets
470 846 68 21 under
544 846 70 28 förra
627 846 138 21 alternativet
771 849 113 25 upptagna

204 880 73 27 beslut,
292 884 58 17 utom
366 884 32 17 att
413 880 66 21 orden
494 880 126 29 ,faststäldt
636 880 112 20 kontrakt"
762 880 60 28 utgå.

476 935 24 27 86
518 935 89 20 12—13.

510 976 64 29 Utgå.

512 1032 12 27 8
541 1033 32 19 14.

261 1074 84 23 Varder
361 1074 104 22 bränneri
476 1081 76 22 genom
563 1073 77 22 vådeld
655 1074 52 21 eller
723 1076 67 18 annat
803 1072 81 29 olycks-

197 1109 48 29 fall
257 1109 122 28 förstördt,
394 1109 36 20 mä
449 1109 9 20 i
470 1108 143 29 förhällande
633 1109 36 20 till
688 1107 58 22 tiden
761 1107 122 21 hvarunder

205 1143 244 28 bränvinstillverkning
464 1144 57 20 måst
536 1143 35 21 till
579 1143 62 28 följd
656 1142 64 29 deraf
732 1142 108 25 inställas,
853 1141 32 29 af-

205 1178 103 29 kortning
323 1178 52 21 eller
390 1178 97 28 befrielse
497 1178 58 28 från
570 1175 315 30 bränvinstillverkningsskat-

205 1216 35 17 ten
248 1212 96 29 beviljas.
368 1211 40 22 Om
418 1212 68 21 sådan
498 1212 127 29 afkortning
636 1211 52 21 eller
696 1211 97 29 befrielse
804 1211 35 20 må
847 1217 38 14 an-

205 1246 97 29 sökning,
316 1246 79 29 åtföljd
407 1246 26 29 af
440 1245 305 29 undersökningshandlingar
757 1252 34 17 om
806 1244 79 28 olycks-

205 1281 126 20 händelsens
347 1280 103 21 tillkomst
465 1281 39 20 och
513 1281 114 27 förloppet
642 1279 82 26 dervid,
739 1279 95 28 ingifvas
850 1278 35 20 till

204 1313 171 29 Länestyrelsen,
396 1313 85 21 hvilken
504 1313 149 28 ansökningen
667 1313 96 28 pröfvar
786 1312 38 21 och
846 1312 39 20 sitt

206 1348 67 21 beslut
288 1346 103 22 Senatens
406 1346 280 28 Ekonomie-Departement
700 1346 152 21 underställer.

515 1402 11 27 g
544 1402 32 20 15.

264 1445 140 22 Försummar
423 1445 77 29 någon,
520 1451 43 14 som
582 1445 35 20 till
640 1443 245 28 bränvinstillverkning
