1020 1664
179 113 32 16 832

375 111 71 23 Nådiga
457 113 136 20 Propositionen
604 113 35 16 N:o
653 113 26 16 17.

223 175 46 22 mål
290 175 55 22 böra
366 175 79 22 lemnas
466 175 102 21 beroende
587 175 35 21 till
640 174 174 23 nästkommande.
833 175 71 21 landt-

223 209 51 29 dag,
289 209 47 21 med
350 208 141 29 uttryckande
507 209 25 28 af
545 209 40 21 den
600 208 82 21 önskan
697 213 33 17 att
743 208 64 22 Hans
818 208 87 29 Kejser-

224 244 47 27 liga
289 243 109 28 Majestät,
417 243 9 20 i
444 242 40 21 den
502 250 49 18 mon
569 242 137 29 statsverkets
726 243 121 28 tillgångar
865 251 41 13 un

224 277 39 22 der
282 277 58 21 tiden
356 277 115 28 medgifva,
492 278 4 20 i
509 277 69 21 nåder
596 277 107 28 behagade
722 277 76 21 skrida
817 278 36 20 till
870 284 35 14 re-

226 312 186 28 organisationens
430 311 173 29 genomförande,
622 312 10 20 i
650 311 34 22 det
704 312 53 28 syfte
773 315 34 17 att
822 311 83 23 landets

225 346 64 29 behof
305 345 25 30 af
339 345 132 29 förbättrad
490 345 269 29 elementarundervisning
778 346 54 29 efter
847 346 58 21 hand

226 380 175 29 tillfredsställes,
416 383 53 18 utan
484 384 33 17 att
532 380 94 21 hvarken
640 380 75 29 derför
731 381 52 22 eller
791 381 43 29 för
849 380 56 22 skol-

225 415 122 28 styrelsens"
362 415 123 20 inrättande
506 415 110 29 uppofras
639 416 70 20 större
731 415 122 26 kostnader,
876 416 29 21 än

226 457 45 14 som
283 449 41 29 för
344 449 139 21 ändamälens
500 449 106 24 vinnande
620 449 72 28 finnas
711 457 55 14 vara
781 450 125 28 oundgäng-

227 485 53 27 lige;
301 484 108 28 äfvensom
428 484 36 21 hos
483 483 62 23 Hans
564 484 124 28 Kejserliga
705 483 104 29 Majestät
826 484 79 21 under

226 519 88 27 dänigst
332 518 89 23 anhålla
439 522 32 17 att
490 519 40 20 den
549 518 72 28 afgift,
641 525 44 14 som
697 519 42 27 för
757 519 94 21 eleverne
871 519 35 20 till

227 552 112 23 skolornas
353 552 116 23 underhåll
484 553 103 27 erlägges,
597 553 120 27 framdeles
731 553 66 21 måtte
811 553 54 27 utgå
876 553 30 29 ef-

227 589 34 19 ter
278 587 25 23 de
322 586 121 22 betalandes
452 587 238 28 förmögenhetsvilkor
705 587 91 21 sålunda
811 590 33 17 att
858 587 48 26 den,

226 627 45 15 som
288 621 66 28 utgör
372 621 117 28 bevillning
505 621 25 28 af
542 628 45 15 mer
602 622 29 19 än
646 619 70 28 5,000
730 621 73 21 marks
818 628 40 14 ren
872 621 34 21 in-

227 654 74 27 komst,
321 655 101 28 erlägger
441 655 34 22 hel
493 655 113 29 skolafgift
624 655 47 22 med
685 653 28 23 48
727 655 62 21 mark
804 655 39 21 och
858 655 48 27 den,

226 689 86 24 hvilken
331 690 89 28 päföres
439 689 117 29 bevilining
574 690 54 28 efter
645 689 94 22 inkomst
758 690 59 28 öfver
836 688 70 28 2,500

228 724 35 22 till
281 723 38 22 och
336 724 48 21 med
401 723 70 27 5,000
489 723 62 22 mark
571 724 82 21 betalar
672 724 49 29 half
735 724 67 29 afgift
815 724 50 21 med
877 723 29 22 24

225 758 70 26 mark,
311 765 34 14 om
359 759 48 20 äret
415 758 42 28 för
469 758 74 29 hvarje
555 759 48 25 elev,
614 765 48 14 men
674 762 32 17 att
717 759 46 26 den,
776 758 65 21 hvars
853 765 53 14 rena

226 792 94 21 inkomst
331 793 86 28 uppgår
432 793 75 20 endast
521 793 36 21 till
571 791 69 28 2,500
654 793 63 20 mark
732 793 53 21 eller
799 793 107 21 derunder

227 827 29 20 är
264 827 58 28 från
337 827 102 28 afgiftens
455 827 131 28 erläggande
603 827 96 28 befriad;

534 862 64 20 eller:

284 899 33 17 att
336 895 82 22 landets
436 894 96 23 Ständer
550 896 72 25 mätte,
640 896 68 21 under
727 895 137 22 erkännande
883 896 25 29 af

227 929 187 29 nödvändigheten
435 930 24 28 af
478 930 247 21 elementarläroverkets
745 930 133 28 ombildning
897 931 10 20 i

228 964 35 21 det
278 965 52 28 syfte
346 967 32 19 att
394 964 81 21 landets
491 964 98 29 verkliga
603 964 64 29 behof
680 965 25 28 af
714 965 192 20 elementarunder-

227 999 86 28 visning
329 999 174 28 tillfredsställes,
517 1002 54 18 utan
586 1002 32 17 att
633 999 53 21 derä
701 999 52 21 eller
768 999 13 21 &
797 999 41 21 den
843 999 63 29 före-

229 1033 77 28 slagna
317 1032 158 29 skolstyrelsens
487 1034 149 27 organisation
647 1034 109 28 uppofras
769 1035 70 19 större
851 1033 56 22 kost-

228 1067 74 26 nader,
318 1068 30 20 än
356 1067 42 29 för
414 1067 137 22 ändamälens
565 1067 106 22 vinnande
687 1069 39 19 äro
738 1068 167 28 oundgänglige,

228 1101 25 28 af
270 1101 24 21 de
310 1101 35 21 till
356 1101 208 28 folkskoleväsendet
579 1102 102 27 anslagne
697 1102 153 27 odisponerade
865 1109 41 14 me-

227 1135 35 24 del
284 1136 66 20 ställa
368 1136 35 20 till
420 1135 63 21 Hans
501 1136 124 28 Kejserliga
643 1136 114 28 Majestäts
770 1136 135 28 förfogande

228 1169 84 28 årligen
330 1169 176 22 etthundratusen
524 1169 68 26 mark,
605 1170 42 28 för
666 1173 39 23 att,
720 1171 9 21 i
737 1170 107 28 förening
859 1170 47 21 med

228 1203 24 20 de
269 1204 42 27 för
333 1203 118 20 skolverket
469 1212 29 12 nu
515 1205 105 26 utgående
639 1205 75 26 anslag
733 1205 38 19 och
789 1205 116 26 inflytande

228 1236 142 29 skolafgifter,
386 1244 44 13 som
442 1237 64 21 borde
519 1238 35 19 till
566 1237 94 27 beloppet
665 1237 76 28 förbli
752 1237 154 28 oförändrade,

228 1271 110 21 användas
355 1271 35 21 till
404 1270 247 21 elementarläroverkets
664 1271 186 28 ändamälsenliga
855 1272 51 28 för-

229 1305 121 26 bättrande,
372 1305 108 29 äfvensom
502 1309 32 18 att
553 1304 63 22 Hans
634 1305 123 29 Kejserliga
775 1305 103 30 Majestät
897 1307 10 20 i

203 1358 2 2 :
228 1340 68 21 nåder
318 1339 107 29 behagade
447 1340 37 21 vid
502 1340 193 21 nästinstundande
715 1341 103 28 landtdag
838 1341 68 21 lemna

229 1373 125 24 Ständerna
375 1375 87 28 tillfälle
481 1378 32 17 att
531 1378 59 25 yttra
608 1375 34 28 sig
660 1382 34 14 om
712 1376 10 20 i
740 1375 57 21 hvad
813 1383 50 13 mon
881 1376 25 21 de

229 1415 51 16 vore
298 1408 94 29 benägne
410 1412 33 19 att
461 1409 79 29 bevilja
557 1409 25 22 de
600 1410 82 28 anslag,
701 1417 44 14 som
757 1410 42 28 för
818 1417 88 22 reorga-
