1020 1661
329 100 71 23 Nådiga
412 101 137 22 Propositionen
561 101 34 17 N:o
609 102 25 15 18.
800 101 33 16 875

107 165 49 22 sion
174 163 67 23 måtte
258 163 109 22 nedsättas
385 171 46 14 som
449 163 14 22 &
480 166 61 20 orten
559 164 53 27 egde
630 163 126 22 införskaffa
770 163 86 28 upplys-

109 199 77 27 ningar
204 205 35 15 om
257 198 96 27 grunden
371 199 34 21 för
420 197 59 23 såväl
497 199 159 21 donatariernes
674 205 46 14 som
735 197 121 22 donations-

108 233 120 22 böndernes
242 234 51 25 rätt,
307 234 52 20 utan
378 233 105 21 förklarat
501 234 32 20 att
551 232 69 21 denna
634 233 44 20 rätt
693 232 110 21 allaredan
817 231 39 22 fin-

109 274 38 14 nes
160 266 98 22 bestämd
273 273 76 20 genom
366 266 79 27 nådiga
462 266 152 27 förordningen
632 266 24 20 af
669 265 41 22 den
726 267 25 19 25
767 266 90 21 Novem-

108 300 40 22 ber
167 302 54 20 1826
240 302 55 20 samt
313 302 32 20 att
363 301 67 27 enligt
448 300 69 21 denna
535 300 44 22 alla
594 299 74 28 frågor
685 300 93 21 rörande
795 300 62 22 dessa

109 334 181 28 omständigheter
304 334 62 22 äfven
380 335 34 21 för
429 334 114 22 framtiden
558 334 54 21 böra
625 334 129 22 bedömmas.

177 368 41 22 Vid
240 368 77 22 sådant
338 368 133 22 förhållande
492 369 40 21 har
549 368 109 26 utskottet,
677 368 7 21 i
703 368 154 28 öfvervägande

110 402 24 22 af
146 402 185 28 nödvändigheten
345 403 49 21 utaf
407 402 199 28 donationsfrågans
622 410 64 14 snara
699 402 91 28 lösning,
805 402 52 22 nöd-

110 439 47 26 gats
172 437 8 21 i
196 432 122 38 hufvudsak.
324 432 110 38 tillstyrka
449 437 130 28 antagandet
594 436 23 22 af
630 437 41 21 den
685 436 80 29 nådiga
778 444 79 21 propo-

110 472 98 21 sitionen.

177 506 73 28 Enligt
267 506 145 22 betänkandet
430 506 82 22 komme
530 505 63 23 alltså
615 504 189 30 donationsfrågan
825 508 33 20 att

109 540 57 22 lösas
181 539 96 28 sålunda,
293 543 31 19 att
342 540 149 22 donatarierne
505 541 89 27 försälja
608 540 153 28 lägenheterna
774 540 33 21 till
823 540 35 21 de-

110 582 35 14 ras
168 574 64 22 åboer
254 575 48 21 med
324 575 41 21 den
387 575 126 27 eganderätt
530 575 33 21 till
581 575 62 21 dessa
664 575 129 28 lägenheter,
812 582 46 14 som

111 610 54 19 1826
182 608 34 22 års
231 609 126 27 författning
372 609 138 21 tillerkänner
522 609 154 22 donatarierne.
699 610 159 27 Köpesumman

109 643 96 22 kommer
222 643 74 22 dervid
314 645 32 20 att
362 643 129 22 bestämmas
510 643 53 22 efter
578 644 36 21 det
627 643 65 22 värde
710 644 62 21 dessa
786 643 72 28 lägen-

109 678 61 21 heter
188 678 113 21 innehafva
317 678 8 21 i
343 677 160 22 donatariernes
521 678 58 21 hand
596 678 48 21 med
663 678 99 21 afseende
785 677 14 22 å
818 678 41 21 den

111 712 47 21 dem
173 719 76 21 genom
264 713 11 27 $
292 714 10 19 1
318 712 24 21 af
358 712 66 27 sagde
441 712 124 27 förordning
580 711 129 22 tillerkända
723 712 134 21 frälsenatur.

109 746 76 22 Denna
199 747 138 27 köpesumma
350 746 108 21 utbetalas
469 746 34 22 väl
517 745 33 22 till
565 746 149 21 donatarierne
729 753 76 21 genom
815 748 43 19 sta-

110 815 95 21 kommer
223 817 32 19 att
273 815 24 21 af
312 817 70 20 staten
400 816 69 26 göras,
488 817 23 26 ty
525 815 105 27 allmogen
649 814 122 28 återgäldar
790 815 70 21 denna

110 849 138 27 köpesumma
266 848 24 22 så
308 849 33 21 till
359 849 81 27 kapital
458 856 45 14 som
520 850 70 20 ränta.
619 849 74 21 Under
711 848 82 23 sådana
815 856 44 14 om-

110 884 146 27 ständigheter
274 891 62 14 anser
351 884 39 27 jag
407 884 104 21 rättvisan
529 883 137 28 ovilkorligen
681 884 76 21 kräfva
771 886 32 19 att
818 884 41 21 den

110 925 52 15 vara
180 918 88 21 hvarom
285 918 40 21 här
343 918 140 21 kontraheras
501 917 34 22 får
552 918 7 20 i
577 918 106 27 köparens
702 918 57 21 hand
774 916 86 23 behälla

111 952 41 22 den
170 955 64 18 natur
254 953 121 20 densamma
392 952 97 21 innehaft
506 953 7 20 i
531 952 103 27 säljarens
650 952 39 22 och
704 959 46 14 som
764 952 97 27 betingat

112 986 41 22 den
168 986 72 22 derför
255 986 87 27 erlagda
356 986 159 27 köpesumman.

179 1020 41 28 Jag
235 1020 66 28 vågar
316 1020 84 21 derföre
413 1020 110 22 vördsamt
536 1019 79 23 föreslå
627 1020 35 21 det
674 1020 125 26 Ständerna,
811 1019 49 21 med

111 1054 131 29 frångående
256 1056 9 20 i
280 1055 68 21 denna
364 1055 33 21 del
412 1054 24 22 af
448 1055 113 22 utskottets
576 1055 134 21 betänkande
722 1055 49 21 ville
782 1055 34 21 för
827 1054 33 22 sin

113 1089 35 22 del
162 1089 96 26 besluta,
268 1091 33 19 att

305 1123 240 21 donationshemmanen
571 1123 65 21 sedan
661 1123 25 21 de
709 1123 26 29 af
754 1123 107 28 allmogen

250 1157 72 29 blifvit
340 1158 82 20 inlösta
438 1157 144 29 fortfarande
601 1157 84 21 behålla
703 1158 34 20 sin
755 1165 29 13 nu
801 1158 60 20 inne-

250 1191 106 29 hafvande
365 1191 146 29 frälsenatur.

180 1225 11 22 I
206 1225 70 22 denna
289 1226 131 21 reservation
434 1226 87 20 förenar
535 1226 33 27 sig
650 1226 25 20 A.
690 1225 103 21 Walleen.

215 1285 29 20 Af
256 1284 137 22 Kanslirädet
408 1285 88 21 Gabriel
510 1286 63 20 Rein:

181 1328 64 20 Emot
263 1329 62 18 stats-
341 1326 39 21 och
398 1326 242 27 Bevillningsutskottets
658 1326 81 27 förslag
757 1327 32 19 att
807 1327 54 20 stor-

114 1360 72 22 skiftet
205 1360 39 22 och
263 1360 190 28 skattläggningen,
473 1367 46 15 som
539 1360 95 22 kommer
656 1362 32 19 att
706 1359 125 23 verkställas
850 1358 13 23 &

115 1394 237 23 donationshemmanen
368 1394 52 22 efter
436 1395 61 21 deras
512 1394 88 27 inlösen,
611 1394 67 22 borde
693 1394 24 22 af
729 1395 82 22 kronan
826 1394 37 22 be-

114 1430 79 26 kostas,
212 1428 96 23 anhäller
323 1429 39 29 jag
380 1431 34 20 att
431 1428 22 23 fä
470 1430 86 27 inlägga
574 1429 136 22 reservation.
739 1429 45 22 Min
798 1429 64 22 tanke
