1078 1692
208 142 12 17 4
379 141 23 19 U.
414 141 23 19 B.
449 152 21 3 —
483 141 61 25 Prop.
558 142 56 19 N:ris
625 141 24 20 16
661 141 40 20 och
712 141 29 19 87.

253 198 193 22 Bondeståndet
462 199 40 21 har
520 199 95 27 godkänt
632 199 145 22 betänkandet
792 200 141 22 oförändradt.

253 233 59 22 Enär
325 233 156 28 Ridderskapet
496 234 40 21 och
551 234 78 24 Adelns
644 234 70 22 beslut
729 240 35 15 om
778 233 102 23 äverkans
895 234 39 22 lik-

187 267 103 22 ställande
304 268 48 21 med
367 268 56 21 stöld
440 268 47 22 icke
501 268 93 22 biträdts
608 268 23 22 af
644 268 66 27 nägot
724 270 65 20 annat
803 268 69 27 ständ,
886 274 48 16 men

186 298 97 31 samtliga
304 302 96 27 ständen,
425 302 49 22 med
495 302 110 28 undantag
625 302 24 22 af
667 302 165 28 Bondeständet,
854 302 81 28 antagit

186 336 141 27 nyssnämnda
340 336 136 27 reservation,
491 336 25 22 sä
529 336 121 23 hemställer
664 336 115 22 utskottet:

424 380 33 21 att
474 377 172 31 Ridderskapet
654 376 46 34 |och
712 377 76 25 Adeln
800 380 59 22 samt
869 377 65 25 Bon-

390 418 120 24 deständet
529 418 70 24 mätte
615 418 52 24 med
687 418 29 24 de
738 417 77 31 öfriga
833 417 102 25 Ständen

388 456 83 31 förena
493 458 36 30 sig
551 458 86 30 derom,
661 460 35 22 att
716 465 82 17 senare
819 459 117 23 momentet

390 497 30 30 af
433 498 19 31 $
470 498 34 24 40
522 498 9 23 i
551 498 150 24 betänkandet
718 497 115 25 uteslutes.

255 537 35 20 4:o
304 536 16 28 $
335 537 27 20 41
378 536 25 28 ($
418 537 31 20 42
463 536 9 22 i
486 536 152 28 betänkandet).

254 570 191 28 Ridderskapet
468 571 39 21 och
529 571 82 21 Adeln
633 570 45 28 har,
700 570 28 28 pä
750 572 43 20 sätt
814 570 56 22 förut
891 576 43 16 om-

186 606 91 25 nämnts,
299 604 33 22 till
348 604 106 22 utskottet
473 605 163 22 äterremitterat
650 605 49 21 hela
714 605 36 21 det
764 605 61 27 sjette
839 604 94 28 kapitlet,

186 639 59 21 hvari
260 639 69 21 denna
344 639 11 27 $
371 639 41 21 ock
426 639 66 27 ingår.

253 673 101 22 Preste-
376 674 40 21 och
439 673 200 23 Bondeständen
660 673 64 22 hafva
746 673 93 27 godkänt
860 673 74 22 betän-

185 707 86 22 kandet.

253 741 223 27 Borgareständet
497 742 40 22 har
558 738 164 26 äterremitterat
737 741 46 28 $:en
797 741 33 22 för
844 743 31 20 att
890 748 43 15 om-

185 775 126 22 formuleras
332 776 7 20 i
362 776 92 27 enlighet
474 777 49 21 med
545 776 12 28 &
575 777 28 21 44
617 776 8 21 i
639 776 37 22 det
690 776 78 26 förslag
782 776 33 21 till
829 775 103 27 skogslag,

185 816 46 16 som
252 810 60 28 ingår
333 810 8 21 i
362 810 37 22 det
420 812 125 21 ständernas
567 810 92 28 delgifna
679 810 181 27 komiteförslaget
874 810 22 21 af
909 809 24 22 är

187 843 62 22 1883.

252 878 164 27 Ifrägavarande
427 879 12 28 $
449 881 24 19 är
483 879 7 21 i
501 879 144 22 betänkandet
655 878 45 22 lika
714 878 90 27 lydande
817 878 48 21 med
878 879 54 20 mot-

185 913 103 21 svarande
302 913 12 28 $
328 925 28 4 —
371 913 52 22 eller
443 913 6 28 $
463 914 27 21 41
506 925 28 4 —
548 914 8 20 i
570 913 164 28 propositionen.
759 912 109 22 Utskottet
877 912 55 21 hade

185 948 105 26 nemiigen
308 947 104 27 förbisett,
431 950 32 21 att
477 947 58 23 förra
549 949 115 22 momentet
678 947 24 22 af
714 947 70 21 denna
794 942 10 37 $
825 948 24 19 är
862 946 24 21 sä
900 946 33 21 till

184 982 50 21 vida
255 981 153 28 ofullständigt,
430 984 33 19 att
479 982 42 27 det,
544 982 8 21 i
570 983 88 26 motsats
676 981 34 22 till
724 981 119 27 åberopade
857 980 11 28 $
882 980 29 22 44
925 980 7 21 i

184 1015 188 28 komiteförslaget,
397 1016 48 22 icke
465 1016 116 22 innehåller
602 1016 66 27 några
690 1015 242 22 ansvarsbestämmelser

184 1050 34 21 för
235 1049 150 23 öfverträdelse
404 1051 22 21 af
438 1051 147 27 stadgandena
598 1051 8 20 i
620 1050 25 28 $$
659 1050 29 22 26
703 1049 40 22 och
757 1050 27 21 27
799 1051 55 20 samt
866 1049 66 21 första

184 1086 116 20 momentet
314 1084 24 22 af
350 1084 12 28 $
377 1085 27 21 28
420 1085 8 21 i
441 1085 158 27 propositionen
614 1084 34 28 ($$
662 1084 29 22 28
706 1083 40 22 och
761 1083 28 22 29
803 1085 54 20 samt
866 1082 67 22 första

184 1121 116 20 momentet
314 1119 51 27 af
346 1113 23 37 -&
383 1119 29 22 30
426 1119 7 21 i
448 1119 152 26 betänkandet)
613 1118 111 27 angående
738 1118 45 21 elds
797 1117 135 28 uppgörande

184 1153 8 20 i
206 1153 53 27 skog
274 1153 40 22 och
328 1153 13 21 &
355 1153 67 22 mark.
451 1153 34 24 Då
499 1153 106 22 utskottet
617 1153 83 22 således
714 1157 88 16 numera
810 1151 70 22 funnit
886 1151 46 28 $:en

184 1187 53 22 böra
258 1187 181 28 förfullständigas
460 1188 28 27 pä
505 1189 44 20 sätt
562 1187 180 27 Borgareståndet
755 1187 34 21 för
803 1186 32 21 sin
849 1185 34 22 del
896 1185 36 22 be-

184 1221 66 27 slutit,
266 1221 55 22 dock
335 1222 49 21 med
398 1222 149 22 bibehällande
561 1221 23 22 af
597 1222 36 21 det
647 1221 110 22 derstädes
770 1221 87 25 utsatta,
866 1219 24 22 af
896 1219 37 22 tvä

183 1255 63 22 ständ
261 1256 66 22 redan
341 1256 115 27 godkända
465 1257 78 21 minsta
551 1256 169 27 bötesbeloppet,
728 1254 88 22 föreslär
823 1254 109 22 utskottet.

422 1299 35 22 att
477 1297 107 30 samtliga
603 1296 99 25 ständen
722 1295 53 24 ville
794 1295 82 30 förena
898 1295 35 30 sig

388 1344 36 16 om
438 1337 105 30 följande
558 1336 146 31 förändrade
721 1335 85 31 lydelse
820 1335 41 29 för

621 1383 20 31 $
658 1383 43 23 41.

423 1429 77 30 Hvar,
526 1437 48 16 som
599 1429 79 30 bryter
700 1429 58 22 emot
778 1426 157 31 stadgandena

250 1474 72 21 Bihang
333 1473 27 17 til
372 1473 46 22 Lag-
431 1474 29 17 och
472 1474 165 17 Ekonomiutskottets
648 1471 106 18 betänkande
765 1471 34 17 N:o
811 1471 18 17 3.
