1078 1692
390 146 24 18 U.
426 146 23 18 B.
462 156 23 3 —
496 145 62 24 Prop:
570 146 38 18 N:o
621 145 18 19 9.
855 146 11 18 3

137 205 93 27 antydan
244 205 80 25 derom,
340 205 33 20 att
384 203 175 28 jordafsöndring
573 203 47 21 frän
631 203 168 27 kronolägenhet
809 204 80 20 ansetts

135 239 48 21 icke
203 239 73 21 kunna
288 235 63 25 utan
373 238 112 27 olägenhet
507 238 117 26 medgifvas
639 238 7 21 i
661 239 66 20 annat
748 238 38 21 fall
807 239 28 19 än
853 237 37 21 det

137 273 148 26 omförmälda;
308 279 48 15 men
379 278 50 16 man
451 272 62 21 torde
528 272 21 21 fä
564 273 85 26 antaga,
666 273 32 20 att
713 272 42 21 den
770 272 118 26 olägenhet,

136 313 46 15 som
200 307 100 26 befarats,
320 307 44 21 stär
381 306 8 22 i
407 306 153 27 sammanhang
583 306 87 22 dermed
692 307 32 20 att
738 306 41 21 den
794 305 95 22 enskilde

135 341 157 27 parcellegaren
311 341 67 21 borde
395 341 115 27 inrymmas
525 340 6 21 i
547 340 106 27 parcellen
673 340 39 22 och
730 342 41 25 äga
792 342 43 20 rätt
857 341 32 20 att

136 375 128 27 skatteköpa
286 375 130 26 densamma,
439 374 86 22 hvilken
547 376 44 20 rätt
605 374 72 22 kunde
700 374 49 22 leda
770 374 71 22 dertill
857 375 31 21 att

135 410 105 26 parcellen
254 409 71 22 blefve
340 409 23 21 af
376 415 70 15 annan
461 410 64 20 natur
539 410 28 20 än
582 408 190 27 stomlägenheten.
794 408 33 22 De
841 408 47 22 svä-

135 444 99 26 righeter,
250 450 46 15 som
311 443 28 27 pä
354 450 29 14 nu
397 443 79 21 berörd
490 443 51 21 eller
564 449 71 15 annan
656 443 69 27 grund
747 442 141 28 tilläfventyrs

134 478 69 22 skulle
221 478 77 28 uppstä
316 484 76 20 genom
407 477 124 27 afsöndring
544 477 48 21 frän
607 477 122 27 kronojord,
744 477 67 21 borde
826 477 61 26 dock,

134 512 69 21 sävidt
210 512 106 21 utskottet
323 511 43 22 kan
374 512 51 26 inse,
434 512 18 25 ej
461 517 52 15 vara
521 511 197 27 oöfvervinnerliga,
727 511 44 21 lika
778 511 47 21 litet
841 517 47 15 som

135 546 26 21 de
175 546 81 27 utgjort
263 546 67 26 nägot
336 546 76 21 hinder
424 546 32 20 för
471 546 161 26 lagstiftningen
646 546 7 20 i
669 546 92 26 Sverige,
778 546 37 21 der
829 545 59 27 dylik

134 580 122 27 afsöndring
272 582 23 19 är
310 580 89 21 tillåten.
429 580 50 21 Men
494 580 67 21 ehuru
576 580 107 21 utskottet
698 580 90 22 sålunda
801 580 34 21 för
854 580 33 21 sin

134 614 34 22 del
182 614 70 22 funnit
267 615 36 21 det
318 614 122 26 önskvärdt,
456 615 33 20 att
500 614 163 27 ifrägavarande
670 614 154 27 inskränkning
832 614 55 21 hade

133 648 41 22 fätt
191 649 55 21 ifrän
263 649 138 27 lagförslaget
419 648 58 27 utgä,
492 648 40 22 har
546 648 107 22 utskottet
667 649 65 21 likväl
754 648 47 22 icke
817 649 70 20 ansett

134 683 32 27 sig
187 683 53 21 böra
260 682 108 28 tillstyrka
390 689 26 15 en
438 683 23 21 sä
483 683 118 27 väsendtlig
630 683 124 27 förändring
782 683 32 21 uti
843 682 42 22 den

134 718 77 26 nädiga
229 718 166 26 propositionen,
414 718 139 26 hvarigenom
573 717 71 21 kunde
659 718 120 26 äfventyras
794 716 93 22 tillkom-

134 753 48 20 sten
199 752 23 21 af
238 758 26 15 en
282 752 42 26 lag,
340 758 45 15 som
400 752 61 26 dock,
478 752 61 20 äfven
554 752 8 20 i
577 752 41 20 den
633 752 54 20 form
703 752 41 21 den
758 758 29 14 nu
801 751 85 27 förelig-

134 792 43 20 ger,
200 786 7 20 i
229 786 72 27 hvarje
323 786 38 21 fall
375 786 89 21 innebär
487 787 31 20 ett
535 786 102 26 framsteg
651 786 8 21 i
674 792 26 15 en
714 786 64 21 friare
793 785 94 27 riktning

135 822 55 19 samt
204 820 107 21 dessutom
328 820 61 21 äfven
405 826 76 21 genom
496 820 41 21 den
555 820 46 21 deri
615 820 107 26 medgifna
738 820 148 25 afsöndringen

134 853 33 22 för
181 854 93 21 kronans
289 853 92 28 räkning
396 856 24 19 är
435 854 23 21 af
472 854 115 27 betydelse,
603 854 66 21 bland
684 855 66 20 annat
764 854 71 21 säsom
849 859 38 15 un-

135 888 133 21 derlättande
282 888 110 21 bildandet
400 888 22 21 af
428 888 181 27 ändamälsenliga
616 888 152 27 kronoparker.
786 888 102 21 Deremot

134 924 46 19 tror
194 922 106 21 utskottet
317 922 40 21 den
373 922 142 27 förhoppning
529 923 54 21 böra
597 923 85 25 uttalas,
706 924 31 19 att
752 923 35 20 vid
801 921 86 22 utarbe-

134 956 75 21 tandet
230 956 24 21 af
274 956 41 21 den
337 956 78 27 nädiga
437 957 133 26 proposition
593 957 109 27 angäende
716 962 122 21 gemensam
852 956 35 27 lag

135 997 34 14 om
185 990 101 27 klyfning,
302 991 118 27 styckning,
437 991 124 27 afsöndring
576 991 40 22 och
631 991 47 27 lega
693 991 23 21 af
727 991 55 27 jord,
799 991 87 21 hvarom

133 1025 106 21 utskottet
263 1025 39 20 här
327 1025 70 21 nedan
422 1025 96 22 kommer
543 1027 33 20 att
600 1025 78 22 föreslä
698 1032 27 15 en
754 1025 132 26 underdänig

133 1059 161 26 framställning,
308 1059 79 27 jemväl
396 1065 30 15 nu
437 1059 116 22 omordade
561 1059 159 28 önskningsmä]l
728 1059 66 22 måtte
801 1059 86 21 komma

134 1093 68 21 under
216 1093 74 26 nädigt
306 1093 160 27 öfvervägande.

202 1127 61 21 Hvad
278 1127 66 22 sedan
360 1128 66 27 angär
440 1127 102 27 förslaget
557 1134 35 15 om
607 1128 143 27 uppgifvande
764 1127 23 22 af
799 1127 88 22 fordran

134 1161 13 21 å
161 1161 135 22 besuttenhet
311 1161 51 22 eller
377 1162 138 27 sjelfbeständ
530 1162 39 21 hos
583 1162 102 21 utbruten
699 1161 144 28 lägenhetsdel
858 1161 29 22 el-

133 1196 32 21 ler
183 1196 39 21 hos
240 1196 156 27 stomlägenhet
413 1196 8 21 i
439 1196 26 21 de
477 1195 53 27 fall,
553 1196 34 26 dä,
610 1197 36 20 vid
664 1197 150 26 egostyckning
837 1196 50 21 eller

131 1229 179 28 jordafsöndring,
326 1230 83 21 kronan
428 1230 51 21 eller
497 1230 128 22 kommunen
645 1231 41 21 blir
700 1231 98 26 ansvarig
813 1230 32 21 för
860 1230 27 21 de

133 1264 47 21 frän
195 1264 170 26 lägenhetsdelen
381 1264 51 21 eller
447 1266 104 19 stommen
567 1265 105 27 utgäende
682 1265 120 26 prestanda,
814 1264 24 21 sä
847 1264 40 21 har

133 1298 105 21 utskottet
255 1298 71 21 funnit
344 1299 58 20 detta
421 1298 79 27 förslag
518 1305 51 14 vara
588 1299 7 20 i
614 1299 40 21 den
668 1299 77 27 nädiga
760 1298 127 29 propositio-

133 1338 41 15 nen
199 1332 93 27 tillfylles
317 1333 134 21 motiveradt.
480 1333 190 26 Bestämningarna
696 1339 34 16 om
751 1333 136 22 hbesuttenhet

133 1366 61 21 torde
209 1372 87 15 numera
310 1372 40 21 ega
364 1366 108 27 betydelse
488 1367 39 21 och
542 1367 147 27 berättigande
699 1367 56 22 blott
764 1367 7 21 i
781 1367 106 21 finansielt

134 1400 39 22 och
188 1400 166 21 kameralistiskt
368 1401 127 20 hänseende.
525 1401 46 21 Och
589 1401 7 21 i
615 1401 26 21 de
659 1401 117 26 händelser,
796 1401 28 21 dä
838 1401 48 21 kro-

203 1440 43 21 Lag-
260 1441 29 16 och
302 1441 177 17 Ekonomieutskottets
491 1441 104 17 betänkande
607 1442 34 16 N:o
655 1443 15 16 1.
