1078 1692
463 138 54 22 N:o
534 139 47 22 11.

415 454 64 22 Hans
500 455 145 27 Kejserliga
664 456 142 27 Majestäts
821 456 73 28 nådiga

348 489 125 27 proposition
493 489 29 21 till
544 490 93 22 Finlands
656 490 94 28 Ständer,
767 491 5 21 i
788 491 105 27 anledning

346 524 21 20 af
382 523 126 22 Ständernas
525 524 84 27 petition
625 530 31 16 om
672 525 71 21 förbud
760 525 41 21 mot
816 525 76 27 hingst-

345 558 40 21 föls
401 558 135 28 utsläppande
552 558 25 28 på
593 564 117 22 gemensam
727 560 122 21 betesmark.

209 616 61 20 Efter
290 615 36 21 det
342 615 119 21 Ständerna
477 616 35 20 vid
529 619 86 19 senaste
631 617 103 26 landtdag
750 617 32 21 till
799 617 92 21 behand-

139 651 44 26 ling
206 650 94 21 förehaft
322 652 31 18 ett
368 650 57 20 inom
441 650 163 21 Bondeståndet
620 651 62 21 väckt
698 651 192 27 petitionsförslag,

136 685 60 21 hvari
219 684 135 26 framhållits,
375 685 100 20 hurusom
496 685 123 21 ändamålet
634 686 48 20 med
698 686 25 20 de
740 686 101 26 åtgärder
857 686 32 20 till

135 719 149 21 förbättrande
305 719 21 21 af
341 719 119 21 hästafveln
477 719 6 20 i
500 719 79 26 landet,
597 726 45 14 som
658 720 6 20 i
681 726 77 15 senare
773 720 30 21 tid
820 720 68 20 vidta-

136 754 43 26 gits
203 754 22 20 af
246 754 59 20 såväl
329 754 125 26 regeringen
471 759 45 15 som
533 754 99 20 enskilda
648 754 123 26 föreningar
787 754 38 21 och
841 760 48 20 per-

136 794 69 19 soner,
220 788 7 20 i
244 788 95 26 betydlig
362 788 47 20 mån
426 788 123 25 förfelades,
570 788 24 20 så
610 788 61 26 länge
687 788 78 22 förbud
782 788 105 22 saknades

135 822 33 21 för
192 828 62 20 egare
278 822 32 20 till
334 822 92 25 ettåriga
449 822 38 20 och
511 822 60 21 äldre
587 823 109 25 hingstföl,
720 830 46 14 som
782 824 18 25 ej
817 823 71 20 blifvit

134 856 113 27 godkända
271 857 32 20 till
320 856 122 27 afvelsdjur,
459 858 32 19 att
507 857 102 26 utsläppa
625 857 80 20 sådana
720 857 29 21 föl
766 857 27 26 på
808 857 78 21 allmän

136 891 128 25 betesmark,
289 891 38 20 och
344 893 32 18 att
392 893 31 18 ett
438 891 157 26 lagstadgande
611 892 6 19 i
634 891 138 21 omförmäldt
787 891 100 21 afseende

133 925 57 26 förty
206 931 51 15 vore
272 925 23 21 af
309 925 100 21 behofvet
424 925 118 26 påkalladt,
559 925 64 21 hafva
639 925 121 22 Ständerna
775 926 29 20 uti
822 925 63 21 skrif-

134 959 59 21 velse
209 959 21 21 af
245 960 39 20 den
302 961 26 20 30
344 959 42 28 Maj
405 961 53 19 1882
475 960 6 20 i
497 959 173 27 underdånighet
686 960 90 21 anhållit
792 966 33 15 om
841 960 45 21 vid-

132 994 93 26 tagande
248 994 22 21 af
285 994 107 26 åtgärder,
412 995 82 25 egnade
510 996 33 18 att
558 994 28 27 på
602 994 98 27 lämpligt
716 996 44 19 sätt
775 995 111 20 förhindra

133 1029 36 20 det
192 1028 32 21 för
244 1028 119 21 hästafveln
380 1029 91 26 menliga
488 1029 154 26 utsläppandet
657 1029 23 20 af
694 1029 74 20 alltför
784 1035 56 19 unga
856 1029 29 20 el-

133 1063 31 20 ler
179 1063 103 26 felaktiga
298 1063 98 26 hingstar
412 1063 27 26 på
455 1063 77 20 allmän
551 1063 129 21 betesmark.

202 1097 10 20 I
228 1097 114 26 anledning
358 1097 22 21 af
394 1097 69 21 denna
478 1097 92 26 petition
587 1097 63 21 hafva
665 1098 115 26 yttranden
795 1097 5 20 i
812 1099 72 19 ämnet

131 1131 97 27 afgifvits
245 1131 23 21 af
277 1132 253 25 hästvänsföreningarne
542 1132 5 20 i
561 1132 73 20 lindet
649 1132 109 21 äfvensom
775 1131 108 27 djurläka-

130 1172 37 15 ren
183 1166 7 20 i
206 1166 95 26 Nylands
318 1166 41 27 län,
376 1166 71 21 hvilka
463 1166 140 26 enstämmigt
619 1167 79 20 uttalat
708 1167 33 26 sig
752 1166 87 25 derhän,
852 1168 32 19 att

129 1200 37 21 det
181 1201 6 20 i
204 1201 116 26 petitionen
342 1201 141 20 omförmälda
498 1200 135 21 förfarandet
648 1200 73 25 borde,
738 1201 70 20 säsom
825 1206 58 15 men-

129 1235 40 26 ligt
185 1235 33 20 för
234 1235 126 26 hästafveln,
376 1235 81 26 stätjas,
473 1235 39 20 och
528 1235 6 20 i
552 1235 79 20 sådant
646 1235 100 20 afseende
762 1235 119 26 föreslagit,

128 1271 33 18 att
177 1275 63 20 egare
256 1269 31 21 till
305 1269 73 21 alltför
393 1275 56 20 unga
466 1269 52 21 eller
534 1269 105 26 felaktiga
655 1269 96 26 hingstar
763 1269 69 21 skulle
846 1269 34 21 vid

127 1303 44 21 vite
193 1303 111 27 förbjudas
327 1305 33 19 att
382 1303 57 21 hålla
462 1303 73 27 dylika
558 1303 49 27 djur
627 1303 27 27 pä
672 1310 123 20 gemensam
811 1303 70 21 betes-

126 1337 67 22 mark.

199 1371 161 22 Godkännande
376 1372 65 27 syftet
458 1373 5 20 i
480 1372 40 21 den
537 1372 149 26 underdäniga
697 1373 125 26 petitionen,
833 1378 48 15 men

125 1406 6 20 i
149 1406 142 21 betraktande
314 1406 62 21 deraf
390 1408 38 23 att,
444 1407 6 20 i
467 1407 108 20 anseende
592 1407 32 20 till
641 1407 57 20 olika
713 1407 73 20 lokala
801 1405 79 22 förhäl-

125 1440 82 24 landen,
231 1442 31 19 ett
286 1440 33 21 för
335 1441 48 20 hela
399 1441 73 20 landet
487 1441 102 25 gällande
605 1441 118 26 likformigt
738 1441 78 21 förbud
833 1440 46 21 icke
