1078 1692
198 147 25 20 12
370 147 79 23 Ständ.
465 148 37 22 Sv.
521 160 23 4 —
561 149 72 27 Prop.
650 149 41 21 N:o
706 150 21 20 6.

236 208 36 23 På
294 209 79 27 grund
396 210 24 22 af
440 211 39 22 det
492 211 97 23 anförda
604 212 44 22 och
663 212 75 22 under
753 212 167 28 förutsättning

167 245 34 19 att
222 242 45 23 den
291 243 25 23 af
329 244 131 23 Ständerna
476 246 40 22 vid
531 246 79 22 denna
625 245 115 29 landtdag
756 248 104 26 antagna
874 246 45 22 för-

165 276 139 31 ordningen,
328 279 121 27 angående
468 280 126 22 förändrad
617 280 172 28 undervisning
805 281 33 22 för
853 280 65 23 skat-

170 311 115 30 terubeln,
308 313 85 22 vinner
414 313 90 23 Eders
526 314 167 30 Kejserliga
708 315 153 29 Majestäts
876 315 42 22 nå-

170 345 55 27 diga
241 345 154 32 stadfästelse,
407 348 23 22 få
444 348 132 23 Ständerna
591 348 171 29 underdånigst
778 349 103 23 anmäla:

370 398 30 18 att
421 396 35 20 den
478 397 71 25 nådiga
560 398 146 24 propositionen
721 398 39 19 icke
774 398 73 20 kunnat
864 399 52 23 oför-

302 430 76 20 ändrad
399 431 108 24 godkännes
529 432 26 24 af
574 432 116 23 Ständerna,
714 432 64 20 hvilka
796 433 33 24 för
845 433 29 19 sin
890 433 30 19 del

302 466 74 24 antagit
398 466 33 20 två
452 466 63 19 skilda
537 466 149 24 författningar,
711 466 35 20 den
768 473 35 13 ena
823 467 97 25 angående

302 500 92 24 reglering
417 500 26 24 af
461 500 115 20 vusthällens
599 501 91 24 ställning
712 501 33 19 och
760 501 35 20 den
810 501 62 20 andra
888 508 31 14 om

302 534 147 20 rotevakansens
465 535 144 25 eftergifvande,
627 535 59 19 likväl
700 535 43 19 med
758 535 30 19 det
803 536 113 24 uttryckliga

301 568 62 20 vilkor
396 570 29 18 att
445 569 153 24 ifrågavarande
627 569 143 25 författningar
799 570 119 24 beträffande

302 602 56 20 deras
374 603 95 19 trädande
483 604 8 18 i
503 604 90 24 gällande
607 604 57 23 kraft
678 605 35 18 äro
729 604 26 24 af
760 604 112 20 hvarandra
884 605 28 19 be-

300 637 76 23 roende;
398 638 32 18 och
453 639 35 18 äro
511 638 61 24 sagda
591 638 143 24 författningar
749 638 25 24 af
786 639 85 24 följande
887 640 27 24 ly-

303 671 59 19 delse:

302 723 138 33 Förordning
467 732 36 15 om
526 723 144 32 upphörande
692 724 29 24 af
734 724 28 24 de
780 724 51 24 från
850 728 65 20 rust-

341 764 74 24 hållen
433 765 111 32 utgående
562 764 182 33 vakansafgifter
761 765 117 25 äfvensom

365 806 132 32 indragning
515 806 29 24 af
557 806 27 24 de
603 806 126 24 rusthållen
748 806 105 24 anvisade

417 850 132 29 augments-
567 847 42 24 och
627 847 74 32 öfriga
719 851 86 20 räntor.

372 905 46 20 Med
433 905 82 25 ändring
529 906 26 23 af
567 907 16 23 $
598 906 26 19 18
639 906 8 19 i
659 905 180 25 Regeringsformen
850 906 26 23 af
883 906 35 19 den

302 940 26 18 21
343 938 87 26 Augusti
443 941 60 22 1772,
521 940 6 19 i
536 939 51 20 hvad
602 940 34 19 den
652 940 63 24 angår
729 940 185 19 rusthållsindelnin-

301 979 41 18 gen,
358 974 79 25 stadgas
453 980 40 13 som
509 974 69 25 följer:

590 1021 17 24 $
622 1021 17 18 1

371 1060 62 19 Jemte
448 1060 31 19 det
493 1060 35 19 den
543 1060 227 25 rusthållslägenheterna
784 1060 9 19 i
807 1060 68 23 landet,
889 1060 29 25 på

300 1094 64 25 grund
386 1095 25 23 af
430 1094 175 25 indelningsverket,
622 1094 100 25 åliggande
736 1094 180 25 rustningsskyldig-

301 1129 52 19 heten
368 1129 112 24 upphäfves,
496 1129 76 19 komma
588 1128 23 19 de
625 1128 48 25 från
688 1128 90 25 samtliga
792 1128 88 23 rusthåll,
888 1129 30 24 på

302 1163 63 24 grund
388 1163 25 24 af
430 1163 70 24 nådiga
522 1163 111 24 manifestet
654 1163 26 24 af
692 1162 36 20 den
742 1163 11 19 1
768 1163 83 24 Augusti
864 1163 52 18 1810

302 1197 33 20 och
356 1197 124 24 kungörelsen
499 1197 35 20 den
547 1197 30 19 20
592 1197 106 20 December
712 1197 49 19 1811
776 1197 91 24 utgående
884 1203 32 13 va-

301 1231 57 20 kans-
374 1231 32 20 och
418 1231 211 25 passevolansafgifter
639 1233 29 18 att
678 1231 93 25 upphöra,
782 1231 9 19 i
799 1231 50 24 följd
859 1231 57 19 hvar-

302 1265 27 24 af
336 1272 78 18 egarene
429 1265 32 20 och
476 1265 148 24 innehafvarene
639 1265 26 24 af
677 1265 90 25 samtliga
784 1265 82 20 rusthåll
879 1266 35 18 äro

303 1299 47 24 frän
373 1299 33 20 och
428 1299 34 24 för
477 1299 24 20 är
515 1300 53 19 1889
583 1299 106 24 frikallade
704 1299 48 24 frän
766 1299 113 25 erläggande
894 1299 26 24 af

304 1333 122 25 ofvansagda
441 1332 88 27 afgifter.

587 1380 17 23 $
619 1380 20 19 2.

373 1418 57 19 Frän
452 1424 74 13 samma
547 1418 28 19 tid
589 1418 95 25 indragas
700 1418 30 19 till
742 1417 74 20 kronan
832 1417 22 20 de
868 1419 55 18 rust-

304 1453 62 20 hållen
389 1452 93 25 anslagna
506 1458 46 19 egna
567 1452 32 20 och
616 1453 173 24 augmentsräntor,
807 1452 29 19 till
850 1451 74 21 sådant
