1078 1692
285 148 74 22 Ständ
375 148 36 22 Sv.
430 160 22 3 —
470 148 103 27 Prop.
569 148 50 21 N:ris
637 147 27 22 16
680 148 44 21 och
739 147 34 21 37.
853 146 26 22 27

565 212 17 23 $
597 210 36 20 42.

348 255 52 21 Har
414 255 73 27 någon
499 262 77 20 genom
590 254 131 22 vårdslöshet
735 254 51 22 eller
801 254 109 22 oaktsam-

291 290 35 21 het
340 289 68 21 vållat
422 289 70 21 brand
503 289 28 27 af
538 296 91 14 annams
640 289 54 27 skog,
706 296 64 14 mosse
780 288 51 22 eller
841 288 67 26 kärr;

292 323 86 27 straffes
393 324 46 20 med
454 323 56 21 böter
525 323 54 27 från
595 323 37 21 och
641 323 46 21 med
698 323 62 27 tjugu
772 322 33 22 till
815 322 38 22 och
862 321 47 21 med

292 358 84 20 ettusen
392 357 62 21 mark
469 357 50 21 eller
534 357 96 27 fängelse
645 357 54 27 från
714 357 37 21 och
766 357 46 21 med
827 356 83 28 fjorton

292 391 70 28 dagar
378 390 33 22 till
427 390 36 21 och
478 390 47 22 med
540 392 30 20 ett
584 391 32 20 år.

568 449 14 25 $
598 447 36 21 43.

350 487 46 22 För
418 487 106 28 obehörigt
543 487 147 28 nedläggande
705 487 28 27 af
744 486 105 27 budkafle,
866 492 44 15 som

295 522 100 22 utsändts
416 522 35 27 för
471 523 34 20 att
525 522 128 27 ihopbringa
668 521 106 27 manskap
791 521 32 21 till
839 520 68 22 släck-

294 556 55 28 ning
371 556 28 27 af
417 556 99 28 skogseld,
533 556 50 21 eller
598 556 145 27 försummelse
758 557 34 20 att
805 555 42 21 slik
862 554 46 22 kal-

295 591 47 21 lelse
357 591 24 21 sä
396 590 45 28 fort
455 598 44 13 som
517 590 83 28 möjligt
621 590 145 28 efterkomma,
782 590 51 21 eller
848 588 61 22 ohör-

294 625 82 21 samhet
391 626 54 20 emot
455 625 70 21 ledare
536 624 27 28 af
573 624 209 28 släckningsarbetet,
794 624 51 21 eller
855 629 54 21 upp-

294 659 96 21 hörande
412 659 84 21 dermed
518 659 75 21 innan
615 658 33 28 lof
665 658 81 28 gifvits,
766 658 87 27 straffes
868 657 42 21 den

294 693 96 28 skyldige
406 693 46 21 med
467 693 57 21 böter
539 693 61 27 högst
615 693 72 27 femtio
702 692 68 22 mark.

569 751 15 26 $
601 750 38 21 44.

359 790 160 28 Kronobetjent
540 792 56 19 samt
617 790 36 21 vid
675 790 126 26 forststaten
823 787 89 23 anstäld

291 831 87 20 person,
395 831 43 14 som
453 824 19 27 ej
487 824 98 27 skyndar
601 824 33 21 till
648 824 100 27 skogseld,
764 824 90 20 säsnart
867 822 47 21 han

295 858 37 27 får
347 858 121 21 kännedom
483 859 34 20 att
531 858 60 27 dylik
605 858 94 21 utbrutit
708 858 60 21 inom
778 857 51 21 eller
839 857 8 20 i
858 857 53 20 när-

295 893 63 21 heten
372 893 29 27 af
412 893 95 21 området
521 893 36 27 för
571 893 57 22 hans
648 892 214 29 tjensteverksamhet,
882 890 28 21 el-

296 927 30 20 ler
348 934 44 14 som
414 927 59 28 eljest
494 927 122 22 uraktläter
639 929 33 19 att
688 927 95 27 fullgöra
801 925 57 22 hvad
874 925 38 20 ho-

296 967 50 15 nom
360 961 68 28 enligt
441 961 76 22 denna
533 961 34 28 lag
582 961 86 28 åligger,
684 957 86 60 straffes
786 961 73 26 derför
878 959 33 21 sä-

298 1002 43 14 som
357 995 35 27 för
408 997 72 20 annat
496 995 111 28 tjenstefel.

545 1065 58 27 Kap.
620 1064 52 22 VII

478 1110 106 21 Särskilda
601 1109 135 27 stadganden.

574 1155 15 27 S
604 1155 37 20 45.

355 1194 34 21 De
404 1194 10 21 i
428 1195 30 26 $$
470 1194 32 26 13,
513 1194 36 26 14,
560 1194 27 21 21
601 1195 38 20 och
648 1194 29 21 26
686 1193 100 28 stadgade
794 1191 121 23 inskränk-

300 1228 114 28 ningarna
436 1228 9 21 i
467 1228 99 27 afseende
589 1229 14 20 &
623 1228 115 28 nyttjande
757 1227 28 28 af
797 1227 48 28 skog
859 1226 57 28 gälle

300 1262 66 27 äfven
388 1262 84 21 sådana
490 1262 152 27 skogsmarker,
658 1262 87 21 hvarom
761 1261 8 21 i
784 1261 47 27 kap
849 1260 17 21 I
878 1259 38 22 och

300 1296 33 21 IT
344 1296 107 27 förmäles.

575 1331 16 27 $
605 1330 36 21 46.

357 1370 70 27 Hvar,
443 1377 44 14 som
500 1377 77 21 genom
593 1371 149 26 öfverträdelse
757 1370 28 27 af
797 1371 74 20 denna
882 1369 35 27 lag

300 1405 124 26 förorsakat
439 1411 81 15 annan
535 1405 74 26 skada,
625 1411 50 15 vare
686 1404 123 28 förbunden
819 1405 34 20 att
863 1403 51 21 den-

301 1446 83 15 samma
398 1441 88 20 ersätta.
