<?xml version="1.0" encoding="UTF-8"?>
<alto xmlns="http://www.loc.gov/standards/alto/ns-v3#" xmlns:xlink="http://www.w3.org/1999/xlink" xmlns:xsi="http://www.w3.org/2001/XMLSchema-instance" xsi:schemaLocation="http://www.loc.gov/standards/alto/ns-v3# http://www.loc.gov/alto/v3/alto-3-0.xsd">
	<Description>
		<MeasurementUnit>pixel</MeasurementUnit>
		<sourceImageInformation>
			<fileName>/tmp/tess_mdj57kbr_input.PNG</fileName>
		</sourceImageInformation>
		<OCRProcessing ID="OCR_0">
			<ocrProcessingStep>
				<processingSoftware>
					<softwareName>tesseract 5.3.4</softwareName>
				</processingSoftware>
			</ocrProcessingStep>
		</OCRProcessing>
	</Description>
	<Layout>
		<Page WIDTH="1078" HEIGHT="1692" PHYSICAL_IMG_NR="0" ID="page_0">
			<PrintSpace HPOS="0" VPOS="0" WIDTH="1078" HEIGHT="1692">
				<ComposedBlock ID="cblock_0" HPOS="389" VPOS="131" WIDTH="482" HEIGHT="23">
					<TextBlock ID="block_0" HPOS="389" VPOS="131" WIDTH="482" HEIGHT="23">
						<TextLine ID="line_0" HPOS="389" VPOS="131" WIDTH="482" HEIGHT="23">
							<String ID="string_0" HPOS="389" VPOS="131" WIDTH="22" HEIGHT="19" WC="0.88" CONTENT="U."/><SP WIDTH="13" VPOS="131" HPOS="411"/>
							<String ID="string_1" HPOS="424" VPOS="131" WIDTH="23" HEIGHT="19" WC="0.87" CONTENT="B."/><SP WIDTH="12" VPOS="131" HPOS="447"/>
							<String ID="string_2" HPOS="459" VPOS="141" WIDTH="22" HEIGHT="3" WC="0.92" CONTENT="—"/><SP WIDTH="12" VPOS="141" HPOS="481"/>
							<String ID="string_3" HPOS="493" VPOS="131" WIDTH="62" HEIGHT="23" WC="0.94" CONTENT="Prop."/><SP WIDTH="18" VPOS="131" HPOS="555"/>
							<String ID="string_4" HPOS="573" VPOS="131" WIDTH="37" HEIGHT="19" WC="0.94" CONTENT="N:o"/><SP WIDTH="12" VPOS="131" HPOS="610"/>
							<String ID="string_5" HPOS="622" VPOS="132" WIDTH="17" HEIGHT="18" WC="0.93" CONTENT="7."/><SP WIDTH="221" VPOS="132" HPOS="639"/>
							<String ID="string_6" HPOS="860" VPOS="133" WIDTH="11" HEIGHT="17" WC="0.96" CONTENT="3"/>
						</TextLine>
					</TextBlock>
				</ComposedBlock>
				<ComposedBlock ID="cblock_1" HPOS="135" VPOS="189" WIDTH="761" HEIGHT="779">
					<TextBlock ID="block_1" HPOS="135" VPOS="189" WIDTH="759" HEIGHT="334">
						<TextLine ID="line_1" HPOS="135" VPOS="189" WIDTH="758" HEIGHT="27">
							<String ID="string_7" HPOS="135" VPOS="190" WIDTH="33" HEIGHT="22" WC="0.93" CONTENT="för"/><SP WIDTH="23" VPOS="190" HPOS="168"/>
							<String ID="string_8" HPOS="191" VPOS="190" WIDTH="146" HEIGHT="21" WC="0.91" CONTENT="skatterubeln"/><SP WIDTH="19" VPOS="190" HPOS="337"/>
							<String ID="string_9" HPOS="356" VPOS="189" WIDTH="70" HEIGHT="21" WC="0.96" CONTENT="blifvit"/><SP WIDTH="17" VPOS="189" HPOS="426"/>
							<String ID="string_10" HPOS="443" VPOS="189" WIDTH="126" HEIGHT="27" WC="0.96" CONTENT="uppgjorda,"/><SP WIDTH="20" VPOS="189" HPOS="569"/>
							<String ID="string_11" HPOS="589" VPOS="191" WIDTH="53" HEIGHT="19" WC="0.95" CONTENT="utan"/><SP WIDTH="18" VPOS="191" HPOS="642"/>
							<String ID="string_12" HPOS="660" VPOS="190" WIDTH="33" HEIGHT="20" WC="0.96" CONTENT="att"/><SP WIDTH="18" VPOS="190" HPOS="693"/>
							<String ID="string_13" HPOS="711" VPOS="189" WIDTH="65" HEIGHT="22" WC="0.96" CONTENT="likväl"/><SP WIDTH="20" VPOS="189" HPOS="776"/>
							<String ID="string_14" HPOS="796" VPOS="190" WIDTH="97" HEIGHT="26" WC="0.96" CONTENT="regering"/>
						</TextLine>
						<TextLine ID="line_2" HPOS="136" VPOS="223" WIDTH="756" HEIGHT="27">
							<String ID="string_15" HPOS="136" VPOS="224" WIDTH="40" HEIGHT="21" WC="0.96" CONTENT="och"/><SP WIDTH="15" VPOS="224" HPOS="176"/>
							<String ID="string_16" HPOS="191" VPOS="224" WIDTH="87" HEIGHT="21" WC="0.96" CONTENT="ständer"/><SP WIDTH="13" VPOS="224" HPOS="278"/>
							<String ID="string_17" HPOS="291" VPOS="223" WIDTH="77" HEIGHT="21" WC="0.96" CONTENT="hittills"/><SP WIDTH="14" VPOS="223" HPOS="368"/>
							<String ID="string_18" HPOS="382" VPOS="223" WIDTH="82" HEIGHT="21" WC="0.96" CONTENT="kunnat"/><SP WIDTH="14" VPOS="223" HPOS="464"/>
							<String ID="string_19" HPOS="478" VPOS="223" WIDTH="75" HEIGHT="21" WC="0.96" CONTENT="förena"/><SP WIDTH="16" VPOS="223" HPOS="553"/>
							<String ID="string_20" HPOS="569" VPOS="223" WIDTH="32" HEIGHT="26" WC="0.96" CONTENT="sig"/><SP WIDTH="16" VPOS="223" HPOS="601"/>
							<String ID="string_21" HPOS="617" VPOS="229" WIDTH="34" HEIGHT="15" WC="0.96" CONTENT="om"/><SP WIDTH="15" VPOS="229" HPOS="651"/>
							<String ID="string_22" HPOS="666" VPOS="224" WIDTH="66" HEIGHT="26" WC="0.96" CONTENT="något"/><SP WIDTH="13" VPOS="224" HPOS="732"/>
							<String ID="string_23" HPOS="745" VPOS="224" WIDTH="23" HEIGHT="21" WC="0.97" CONTENT="af"/><SP WIDTH="9" VPOS="224" HPOS="768"/>
							<String ID="string_24" HPOS="777" VPOS="224" WIDTH="62" HEIGHT="21" WC="0.93" CONTENT="dessa"/><SP WIDTH="10" VPOS="224" HPOS="839"/>
							<String ID="string_25" HPOS="849" VPOS="223" WIDTH="43" HEIGHT="22" WC="0.92" CONTENT="fär-"/>
						</TextLine>
						<TextLine ID="line_3" HPOS="135" VPOS="257" WIDTH="757" HEIGHT="27">
							<String ID="string_26" HPOS="135" VPOS="259" WIDTH="52" HEIGHT="25" WC="0.93" CONTENT="slag."/><SP WIDTH="29" VPOS="259" HPOS="187"/>
							<String ID="string_27" HPOS="216" VPOS="258" WIDTH="48" HEIGHT="21" WC="0.94" CONTENT="Den"/><SP WIDTH="14" VPOS="258" HPOS="264"/>
							<String ID="string_28" HPOS="278" VPOS="258" WIDTH="145" HEIGHT="26" WC="0.96" CONTENT="föreliggande"/><SP WIDTH="14" VPOS="258" HPOS="423"/>
							<String ID="string_29" HPOS="437" VPOS="257" WIDTH="78" HEIGHT="27" WC="0.96" CONTENT="nådiga"/><SP WIDTH="12" VPOS="257" HPOS="515"/>
							<String ID="string_30" HPOS="527" VPOS="258" WIDTH="161" HEIGHT="26" WC="0.92" CONTENT="propositionen"/><SP WIDTH="16" VPOS="258" HPOS="688"/>
							<String ID="string_31" HPOS="704" VPOS="258" WIDTH="56" HEIGHT="21" WC="0.92" CONTENT="afser"/><SP WIDTH="15" VPOS="258" HPOS="760"/>
							<String ID="string_32" HPOS="775" VPOS="258" WIDTH="62" HEIGHT="20" WC="0.96" CONTENT="äfven"/><SP WIDTH="16" VPOS="258" HPOS="837"/>
							<String ID="string_33" HPOS="853" VPOS="259" WIDTH="39" HEIGHT="24" WC="0.96" CONTENT="att,"/>
						</TextLine>
						<TextLine ID="line_4" HPOS="136" VPOS="292" WIDTH="756" HEIGHT="26">
							<String ID="string_34" HPOS="136" VPOS="292" WIDTH="84" HEIGHT="21" WC="0.91" CONTENT="utöfver"/><SP WIDTH="15" VPOS="292" HPOS="220"/>
							<String ID="string_35" HPOS="235" VPOS="298" WIDTH="26" HEIGHT="14" WC="0.96" CONTENT="en"/><SP WIDTH="15" VPOS="298" HPOS="261"/>
							<String ID="string_36" HPOS="276" VPOS="292" WIDTH="130" HEIGHT="26" WC="0.96" CONTENT="omsättning"/><SP WIDTH="15" VPOS="292" HPOS="406"/>
							<String ID="string_37" HPOS="421" VPOS="292" WIDTH="22" HEIGHT="20" WC="0.93" CONTENT="af"/><SP WIDTH="13" VPOS="292" HPOS="443"/>
							<String ID="string_38" HPOS="456" VPOS="292" WIDTH="199" HEIGHT="26" WC="0.92" CONTENT="räntepersedlarne"/><SP WIDTH="15" VPOS="292" HPOS="655"/>
							<String ID="string_39" HPOS="670" VPOS="292" WIDTH="34" HEIGHT="20" WC="0.95" CONTENT="till"/><SP WIDTH="14" VPOS="292" HPOS="704"/>
							<String ID="string_40" HPOS="718" VPOS="292" WIDTH="99" HEIGHT="22" WC="0.96" CONTENT="metriskt"/><SP WIDTH="14" VPOS="292" HPOS="817"/>
							<String ID="string_41" HPOS="831" VPOS="292" WIDTH="61" HEIGHT="25" WC="0.96" CONTENT="mått,"/>
						</TextLine>
						<TextLine ID="line_5" HPOS="137" VPOS="325" WIDTH="757" HEIGHT="27">
							<String ID="string_42" HPOS="137" VPOS="326" WIDTH="46" HEIGHT="21" WC="0.96" CONTENT="lösa"/><SP WIDTH="16" VPOS="326" HPOS="183"/>
							<String ID="string_43" HPOS="199" VPOS="326" WIDTH="59" HEIGHT="21" WC="0.96" CONTENT="detta"/><SP WIDTH="14" VPOS="326" HPOS="258"/>
							<String ID="string_44" HPOS="272" VPOS="326" WIDTH="62" HEIGHT="21" WC="0.95" CONTENT="svåra"/><SP WIDTH="14" VPOS="326" HPOS="334"/>
							<String ID="string_45" HPOS="348" VPOS="325" WIDTH="103" HEIGHT="27" WC="0.96" CONTENT="spörsmål"/><SP WIDTH="15" VPOS="325" HPOS="451"/>
							<String ID="string_46" HPOS="466" VPOS="326" WIDTH="23" HEIGHT="20" WC="0.96" CONTENT="af"/><SP WIDTH="14" VPOS="326" HPOS="489"/>
							<String ID="string_47" HPOS="503" VPOS="332" WIDTH="25" HEIGHT="14" WC="0.96" CONTENT="en"/><SP WIDTH="16" VPOS="332" HPOS="528"/>
							<String ID="string_48" HPOS="544" VPOS="326" WIDTH="27" HEIGHT="26" WC="0.97" CONTENT="på"/><SP WIDTH="16" VPOS="326" HPOS="571"/>
							<String ID="string_49" HPOS="587" VPOS="326" WIDTH="82" HEIGHT="26" WC="0.96" CONTENT="engång"/><SP WIDTH="11" VPOS="326" HPOS="669"/>
							<String ID="string_50" HPOS="680" VPOS="326" WIDTH="61" HEIGHT="21" WC="0.96" CONTENT="enkel"/><SP WIDTH="11" VPOS="326" HPOS="741"/>
							<String ID="string_51" HPOS="752" VPOS="326" WIDTH="40" HEIGHT="21" WC="0.96" CONTENT="och"/><SP WIDTH="10" VPOS="326" HPOS="792"/>
							<String ID="string_52" HPOS="802" VPOS="326" WIDTH="33" HEIGHT="22" WC="0.96" CONTENT="för"/><SP WIDTH="10" VPOS="326" HPOS="835"/>
							<String ID="string_53" HPOS="845" VPOS="326" WIDTH="49" HEIGHT="21" WC="0.96" CONTENT="hela"/>
						</TextLine>
						<TextLine ID="line_6" HPOS="136" VPOS="360" WIDTH="755" HEIGHT="27">
							<String ID="string_54" HPOS="136" VPOS="360" WIDTH="73" HEIGHT="21" WC="0.95" CONTENT="landet"/><SP WIDTH="13" VPOS="360" HPOS="209"/>
							<String ID="string_55" HPOS="222" VPOS="366" WIDTH="122" HEIGHT="21" WC="0.96" CONTENT="gemensam"/><SP WIDTH="15" VPOS="366" HPOS="344"/>
							<String ID="string_56" HPOS="359" VPOS="360" WIDTH="156" HEIGHT="26" WC="0.96" CONTENT="undervisning,"/><SP WIDTH="17" VPOS="360" HPOS="515"/>
							<String ID="string_57" HPOS="532" VPOS="360" WIDTH="87" HEIGHT="21" WC="0.96" CONTENT="hvilken"/><SP WIDTH="16" VPOS="360" HPOS="619"/>
							<String ID="string_58" HPOS="635" VPOS="360" WIDTH="107" HEIGHT="21" WC="0.93" CONTENT="återförde"/><SP WIDTH="13" VPOS="360" HPOS="742"/>
							<String ID="string_59" HPOS="755" VPOS="360" WIDTH="136" HEIGHT="27" WC="0.91" CONTENT="jordskatten"/>
						</TextLine>
						<TextLine ID="line_7" HPOS="136" VPOS="394" WIDTH="757" HEIGHT="27">
							<String ID="string_60" HPOS="136" VPOS="395" WIDTH="33" HEIGHT="21" WC="0.96" CONTENT="till"/><SP WIDTH="16" VPOS="395" HPOS="169"/>
							<String ID="string_61" HPOS="185" VPOS="394" WIDTH="35" HEIGHT="21" WC="0.96" CONTENT="det"/><SP WIDTH="14" VPOS="394" HPOS="220"/>
							<String ID="string_62" HPOS="234" VPOS="394" WIDTH="78" HEIGHT="27" WC="0.96" CONTENT="belopp"/><SP WIDTH="15" VPOS="394" HPOS="312"/>
							<String ID="string_63" HPOS="327" VPOS="394" WIDTH="122" HEIGHT="21" WC="0.96" CONTENT="densamma"/><SP WIDTH="15" VPOS="394" HPOS="449"/>
							<String ID="string_64" HPOS="464" VPOS="394" WIDTH="69" HEIGHT="21" WC="0.96" CONTENT="skulle"/><SP WIDTH="15" VPOS="394" HPOS="533"/>
							<String ID="string_65" HPOS="548" VPOS="396" WIDTH="83" HEIGHT="24" WC="0.96" CONTENT="utgöra,"/><SP WIDTH="15" VPOS="396" HPOS="631"/>
							<String ID="string_66" HPOS="646" VPOS="394" WIDTH="7" HEIGHT="20" WC="0.96" CONTENT="i"/><SP WIDTH="15" VPOS="394" HPOS="653"/>
							<String ID="string_67" HPOS="668" VPOS="394" WIDTH="102" HEIGHT="22" WC="0.96" CONTENT="händelse"/><SP WIDTH="16" VPOS="394" HPOS="770"/>
							<String ID="string_68" HPOS="786" VPOS="395" WIDTH="25" HEIGHT="21" WC="0.96" CONTENT="de"/><SP WIDTH="10" VPOS="395" HPOS="811"/>
							<String ID="string_69" HPOS="821" VPOS="394" WIDTH="72" HEIGHT="27" WC="0.96" CONTENT="gamla"/>
						</TextLine>
						<TextLine ID="line_8" HPOS="137" VPOS="428" WIDTH="756" HEIGHT="30">
							<String ID="string_70" HPOS="137" VPOS="428" WIDTH="135" HEIGHT="28" WC="0.92" CONTENT="persedlarne"/><SP WIDTH="14" VPOS="428" HPOS="272"/>
							<String ID="string_71" HPOS="286" VPOS="428" WIDTH="132" HEIGHT="30" WC="0.92" CONTENT="fortfarande"/><SP WIDTH="18" VPOS="428" HPOS="418"/>
							<String ID="string_72" HPOS="436" VPOS="428" WIDTH="93" HEIGHT="26" WC="0.91" CONTENT="utginge,"/><SP WIDTH="19" VPOS="428" HPOS="529"/>
							<String ID="string_73" HPOS="548" VPOS="434" WIDTH="49" HEIGHT="15" WC="0.96" CONTENT="men"/><SP WIDTH="19" VPOS="434" HPOS="597"/>
							<String ID="string_74" HPOS="616" VPOS="434" WIDTH="46" HEIGHT="16" WC="0.92" CONTENT="som"/><SP WIDTH="16" VPOS="434" HPOS="662"/>
							<String ID="string_75" HPOS="678" VPOS="429" WIDTH="102" HEIGHT="26" WC="0.92" CONTENT="derjemte"/><SP WIDTH="16" VPOS="429" HPOS="780"/>
							<String ID="string_76" HPOS="796" VPOS="428" WIDTH="97" HEIGHT="22" WC="0.91" CONTENT="lemnade"/>
						</TextLine>
						<TextLine ID="line_9" HPOS="137" VPOS="462" WIDTH="757" HEIGHT="28">
							<String ID="string_77" HPOS="137" VPOS="463" WIDTH="66" HEIGHT="26" WC="0.90" CONTENT="utsigt"/><SP WIDTH="18" VPOS="463" HPOS="203"/>
							<String ID="string_78" HPOS="221" VPOS="463" WIDTH="33" HEIGHT="21" WC="0.96" CONTENT="till"/><SP WIDTH="18" VPOS="463" HPOS="254"/>
							<String ID="string_79" HPOS="272" VPOS="464" WIDTH="32" HEIGHT="19" WC="0.96" CONTENT="att"/><SP WIDTH="18" VPOS="464" HPOS="304"/>
							<String ID="string_80" HPOS="322" VPOS="462" WIDTH="60" HEIGHT="21" WC="0.96" CONTENT="detta"/><SP WIDTH="17" VPOS="462" HPOS="382"/>
							<String ID="string_81" HPOS="399" VPOS="462" WIDTH="134" HEIGHT="21" WC="0.96" CONTENT="förhållande"/><SP WIDTH="19" VPOS="462" HPOS="533"/>
							<String ID="string_82" HPOS="552" VPOS="463" WIDTH="18" HEIGHT="27" WC="0.96" CONTENT="ej"/><SP WIDTH="21" VPOS="463" HPOS="570"/>
							<String ID="string_83" HPOS="591" VPOS="463" WIDTH="67" HEIGHT="21" WC="0.93" CONTENT="heller"/><SP WIDTH="14" VPOS="463" HPOS="658"/>
							<String ID="string_84" HPOS="672" VPOS="463" WIDTH="115" HEIGHT="21" WC="0.91" CONTENT="framdeles"/><SP WIDTH="15" VPOS="463" HPOS="787"/>
							<String ID="string_85" HPOS="802" VPOS="463" WIDTH="92" HEIGHT="21" WC="0.90" CONTENT="blefve"/><SP WIDTH="-12" VPOS="463" HPOS="894"/>
							<String ID="string_86" HPOS="882" VPOS="458" WIDTH="15" HEIGHT="37" WC="0.96" CONTENT="i"/>
						</TextLine>
						<TextLine ID="line_10" HPOS="137" VPOS="496" WIDTH="334" HEIGHT="27">
							<String ID="string_87" HPOS="137" VPOS="497" WIDTH="70" HEIGHT="26" WC="0.95" CONTENT="någon"/><SP WIDTH="15" VPOS="497" HPOS="207"/>
							<String ID="string_88" HPOS="222" VPOS="497" WIDTH="66" HEIGHT="26" WC="0.96" CONTENT="högre"/><SP WIDTH="15" VPOS="497" HPOS="288"/>
							<String ID="string_89" HPOS="303" VPOS="496" WIDTH="53" HEIGHT="26" WC="0.93" CONTENT="grad"/><SP WIDTH="15" VPOS="496" HPOS="356"/>
							<String ID="string_90" HPOS="371" VPOS="496" WIDTH="100" HEIGHT="21" WC="0.91" CONTENT="rubbadt."/>
						</TextLine>
					</TextBlock>
					<TextBlock ID="block_2" HPOS="136" VPOS="526" WIDTH="760" HEIGHT="442">
						<TextLine ID="line_11" HPOS="206" VPOS="526" WIDTH="687" HEIGHT="32">
							<String ID="string_91" HPOS="206" VPOS="526" WIDTH="68" HEIGHT="26" WC="0.96" CONTENT="Äfven"/><SP WIDTH="19" VPOS="526" HPOS="274"/>
							<String ID="string_92" HPOS="293" VPOS="530" WIDTH="60" HEIGHT="21" WC="0.96" CONTENT="detta"/><SP WIDTH="17" VPOS="530" HPOS="353"/>
							<String ID="string_93" HPOS="370" VPOS="530" WIDTH="80" HEIGHT="27" WC="0.96" CONTENT="förslag"/><SP WIDTH="18" VPOS="530" HPOS="450"/>
							<String ID="string_94" HPOS="468" VPOS="531" WIDTH="73" HEIGHT="21" WC="0.96" CONTENT="stöder"/><SP WIDTH="23" VPOS="531" HPOS="541"/>
							<String ID="string_95" HPOS="564" VPOS="532" WIDTH="32" HEIGHT="26" WC="0.96" CONTENT="sig"/><SP WIDTH="22" VPOS="532" HPOS="596"/>
							<String ID="string_96" HPOS="618" VPOS="531" WIDTH="28" HEIGHT="27" WC="0.92" CONTENT="på"/><SP WIDTH="22" VPOS="531" HPOS="646"/>
							<String ID="string_97" HPOS="668" VPOS="531" WIDTH="225" HEIGHT="27" WC="0.91" CONTENT="medelmarkegången"/>
						</TextLine>
						<TextLine ID="line_12" HPOS="137" VPOS="564" WIDTH="757" HEIGHT="28">
							<String ID="string_98" HPOS="137" VPOS="566" WIDTH="33" HEIGHT="20" WC="0.96" CONTENT="för"/><SP WIDTH="15" VPOS="566" HPOS="170"/>
							<String ID="string_99" HPOS="185" VPOS="565" WIDTH="51" HEIGHT="21" WC="0.93" CONTENT="åren"/><SP WIDTH="16" VPOS="565" HPOS="236"/>
							<String ID="string_100" HPOS="252" VPOS="564" WIDTH="148" HEIGHT="27" WC="0.91" CONTENT="1825—1839,"/><SP WIDTH="16" VPOS="564" HPOS="400"/>
							<String ID="string_101" HPOS="416" VPOS="571" WIDTH="47" HEIGHT="15" WC="0.96" CONTENT="men"/><SP WIDTH="16" VPOS="571" HPOS="463"/>
							<String ID="string_102" HPOS="479" VPOS="565" WIDTH="28" HEIGHT="21" WC="0.96" CONTENT="dä"/><SP WIDTH="14" VPOS="565" HPOS="507"/>
							<String ID="string_103" HPOS="521" VPOS="566" WIDTH="49" HEIGHT="20" WC="0.96" CONTENT="med"/><SP WIDTH="15" VPOS="566" HPOS="570"/>
							<String ID="string_104" HPOS="585" VPOS="565" WIDTH="24" HEIGHT="21" WC="0.96" CONTENT="är"/><SP WIDTH="17" VPOS="565" HPOS="609"/>
							<String ID="string_105" HPOS="626" VPOS="566" WIDTH="54" HEIGHT="20" WC="0.96" CONTENT="1878"/><SP WIDTH="16" VPOS="566" HPOS="680"/>
							<String ID="string_106" HPOS="696" VPOS="566" WIDTH="35" HEIGHT="20" WC="0.93" CONTENT="vid"/><SP WIDTH="13" VPOS="566" HPOS="731"/>
							<String ID="string_107" HPOS="744" VPOS="565" WIDTH="150" HEIGHT="27" WC="0.92" CONTENT="markegängs-"/>
						</TextLine>
						<TextLine ID="line_13" HPOS="138" VPOS="598" WIDTH="756" HEIGHT="28">
							<String ID="string_108" HPOS="138" VPOS="600" WIDTH="146" HEIGHT="26" WC="0.91" CONTENT="sättningarne"/><SP WIDTH="18" VPOS="600" HPOS="284"/>
							<String ID="string_109" HPOS="302" VPOS="599" WIDTH="71" HEIGHT="27" WC="0.93" CONTENT="prisen"/><SP WIDTH="19" VPOS="599" HPOS="373"/>
							<String ID="string_110" HPOS="392" VPOS="598" WIDTH="12" HEIGHT="21" WC="0.91" CONTENT="å"/><SP WIDTH="19" VPOS="598" HPOS="404"/>
							<String ID="string_111" HPOS="423" VPOS="599" WIDTH="96" HEIGHT="26" WC="0.91" CONTENT="samtlige"/><SP WIDTH="19" VPOS="599" HPOS="519"/>
							<String ID="string_112" HPOS="538" VPOS="599" WIDTH="7" HEIGHT="21" WC="0.96" CONTENT="i"/><SP WIDTH="23" VPOS="599" HPOS="545"/>
							<String ID="string_113" HPOS="568" VPOS="599" WIDTH="27" HEIGHT="21" WC="0.96" CONTENT="de"/><SP WIDTH="19" VPOS="599" HPOS="595"/>
							<String ID="string_114" HPOS="614" VPOS="599" WIDTH="58" HEIGHT="21" WC="0.93" CONTENT="äldre"/><SP WIDTH="19" VPOS="599" HPOS="672"/>
							<String ID="string_115" HPOS="691" VPOS="600" WIDTH="203" HEIGHT="26" WC="0.91" CONTENT="undervisningarne"/>
						</TextLine>
						<TextLine ID="line_14" HPOS="137" VPOS="633" WIDTH="757" HEIGHT="27">
							<String ID="string_116" HPOS="137" VPOS="633" WIDTH="104" HEIGHT="27" WC="0.93" CONTENT="ingående"/><SP WIDTH="15" VPOS="633" HPOS="241"/>
							<String ID="string_117" HPOS="256" VPOS="633" WIDTH="109" HEIGHT="27" WC="0.90" CONTENT="persedlar"/><SP WIDTH="9" VPOS="633" HPOS="365"/>
							<String ID="string_118" HPOS="374" VPOS="633" WIDTH="80" HEIGHT="26" WC="0.92" CONTENT="jemväl"/><SP WIDTH="15" VPOS="633" HPOS="454"/>
							<String ID="string_119" HPOS="469" VPOS="633" WIDTH="116" HEIGHT="26" WC="0.96" CONTENT="upptagits,"/><SP WIDTH="16" VPOS="633" HPOS="585"/>
							<String ID="string_120" HPOS="601" VPOS="634" WIDTH="64" HEIGHT="20" WC="0.96" CONTENT="hafva"/><SP WIDTH="15" VPOS="634" HPOS="665"/>
							<String ID="string_121" HPOS="680" VPOS="634" WIDTH="105" HEIGHT="26" WC="0.96" CONTENT="beloppen"/><SP WIDTH="12" VPOS="634" HPOS="785"/>
							<String ID="string_122" HPOS="797" VPOS="634" WIDTH="22" HEIGHT="21" WC="0.92" CONTENT="af"/><SP WIDTH="9" VPOS="634" HPOS="819"/>
							<String ID="string_123" HPOS="828" VPOS="633" WIDTH="66" HEIGHT="21" WC="0.91" CONTENT="artik-"/>
						</TextLine>
						<TextLine ID="line_15" HPOS="138" VPOS="666" WIDTH="756" HEIGHT="28">
							<String ID="string_124" HPOS="138" VPOS="668" WIDTH="59" HEIGHT="20" WC="0.91" CONTENT="larne"/><SP WIDTH="18" VPOS="668" HPOS="197"/>
							<String ID="string_125" HPOS="215" VPOS="667" WIDTH="96" HEIGHT="27" WC="0.91" CONTENT="spanmål"/><SP WIDTH="19" VPOS="667" HPOS="311"/>
							<String ID="string_126" HPOS="330" VPOS="666" WIDTH="40" HEIGHT="22" WC="0.91" CONTENT="och"/><SP WIDTH="19" VPOS="666" HPOS="370"/>
							<String ID="string_127" HPOS="389" VPOS="667" WIDTH="60" HEIGHT="21" WC="0.90" CONTENT="hafre"/><SP WIDTH="18" VPOS="667" HPOS="449"/>
							<String ID="string_128" HPOS="467" VPOS="668" WIDTH="56" HEIGHT="20" WC="0.96" CONTENT="samt"/><SP WIDTH="18" VPOS="668" HPOS="523"/>
							<String ID="string_129" HPOS="541" VPOS="667" WIDTH="26" HEIGHT="21" WC="0.96" CONTENT="de"/><SP WIDTH="19" VPOS="667" HPOS="567"/>
							<String ID="string_130" HPOS="586" VPOS="667" WIDTH="105" HEIGHT="21" WC="0.93" CONTENT="kontanta"/><SP WIDTH="18" VPOS="667" HPOS="691"/>
							<String ID="string_131" HPOS="709" VPOS="668" WIDTH="145" HEIGHT="26" WC="0.92" CONTENT="penningarne"/><SP WIDTH="17" VPOS="668" HPOS="854"/>
							<String ID="string_132" HPOS="871" VPOS="667" WIDTH="23" HEIGHT="21" WC="0.96" CONTENT="så"/>
						</TextLine>
						<TextLine ID="line_16" HPOS="138" VPOS="701" WIDTH="756" HEIGHT="27">
							<String ID="string_133" HPOS="138" VPOS="702" WIDTH="45" HEIGHT="20" WC="0.96" CONTENT="vidt"/><SP WIDTH="18" VPOS="702" HPOS="183"/>
							<String ID="string_134" HPOS="201" VPOS="702" WIDTH="83" HEIGHT="26" WC="0.96" CONTENT="möjligt"/><SP WIDTH="18" VPOS="702" HPOS="284"/>
							<String ID="string_135" HPOS="302" VPOS="701" WIDTH="24" HEIGHT="21" WC="0.93" CONTENT="så"/><SP WIDTH="18" VPOS="701" HPOS="326"/>
							<String ID="string_136" HPOS="344" VPOS="701" WIDTH="103" HEIGHT="21" WC="0.92" CONTENT="fördelats"/><SP WIDTH="19" VPOS="701" HPOS="447"/>
							<String ID="string_137" HPOS="466" VPOS="702" WIDTH="31" HEIGHT="20" WC="0.96" CONTENT="uti"/><SP WIDTH="20" VPOS="702" HPOS="497"/>
							<String ID="string_138" HPOS="517" VPOS="701" WIDTH="41" HEIGHT="21" WC="0.96" CONTENT="den"/><SP WIDTH="15" VPOS="701" HPOS="558"/>
							<String ID="string_139" HPOS="573" VPOS="702" WIDTH="122" HEIGHT="26" WC="0.96" CONTENT="föreslagna"/><SP WIDTH="15" VPOS="702" HPOS="695"/>
							<String ID="string_140" HPOS="710" VPOS="702" WIDTH="184" HEIGHT="26" WC="0.96" CONTENT="undervisningen,"/>
						</TextLine>
						<TextLine ID="line_17" HPOS="139" VPOS="735" WIDTH="756" HEIGHT="26">
							<String ID="string_141" HPOS="139" VPOS="737" WIDTH="32" HEIGHT="20" WC="0.93" CONTENT="att"/><SP WIDTH="18" VPOS="737" HPOS="171"/>
							<String ID="string_142" HPOS="189" VPOS="735" WIDTH="147" HEIGHT="21" WC="0.92" CONTENT="skatterubeln"/><SP WIDTH="19" VPOS="735" HPOS="336"/>
							<String ID="string_143" HPOS="355" VPOS="735" WIDTH="66" HEIGHT="26" WC="0.96" CONTENT="enligt"/><SP WIDTH="14" VPOS="735" HPOS="421"/>
							<String ID="string_144" HPOS="435" VPOS="736" WIDTH="124" HEIGHT="20" WC="0.96" CONTENT="densamma"/><SP WIDTH="14" VPOS="736" HPOS="559"/>
							<String ID="string_145" HPOS="573" VPOS="736" WIDTH="85" HEIGHT="20" WC="0.94" CONTENT="komme"/><SP WIDTH="21" VPOS="736" HPOS="658"/>
							<String ID="string_146" HPOS="679" VPOS="738" WIDTH="32" HEIGHT="19" WC="0.94" CONTENT="att"/><SP WIDTH="15" VPOS="738" HPOS="711"/>
							<String ID="string_147" HPOS="726" VPOS="736" WIDTH="6" HEIGHT="20" WC="0.96" CONTENT="i"/><SP WIDTH="16" VPOS="736" HPOS="732"/>
							<String ID="string_148" HPOS="748" VPOS="736" WIDTH="26" HEIGHT="21" WC="0.96" CONTENT="de"/><SP WIDTH="16" VPOS="736" HPOS="774"/>
							<String ID="string_149" HPOS="790" VPOS="736" WIDTH="105" HEIGHT="21" WC="0.96" CONTENT="särskilda"/>
						</TextLine>
						<TextLine ID="line_18" HPOS="139" VPOS="770" WIDTH="756" HEIGHT="26">
							<String ID="string_150" HPOS="139" VPOS="770" WIDTH="63" HEIGHT="21" WC="0.96" CONTENT="länen"/><SP WIDTH="14" VPOS="770" HPOS="202"/>
							<String ID="string_151" HPOS="216" VPOS="770" WIDTH="34" HEIGHT="20" WC="0.96" CONTENT="för"/><SP WIDTH="10" VPOS="770" HPOS="250"/>
							<String ID="string_152" HPOS="260" VPOS="770" WIDTH="52" HEIGHT="20" WC="0.93" CONTENT="åren"/><SP WIDTH="16" VPOS="770" HPOS="312"/>
							<String ID="string_153" HPOS="328" VPOS="770" WIDTH="139" HEIGHT="21" WC="0.90" CONTENT="1878—1881"/><SP WIDTH="18" VPOS="770" HPOS="467"/>
							<String ID="string_154" HPOS="485" VPOS="776" WIDTH="38" HEIGHT="20" WC="0.91" CONTENT="ega"/><SP WIDTH="15" VPOS="776" HPOS="523"/>
							<String ID="string_155" HPOS="538" VPOS="770" WIDTH="7" HEIGHT="20" WC="0.97" CONTENT="i"/><SP WIDTH="16" VPOS="770" HPOS="545"/>
							<String ID="string_156" HPOS="561" VPOS="770" WIDTH="36" HEIGHT="21" WC="0.96" CONTENT="det"/><SP WIDTH="14" VPOS="770" HPOS="597"/>
							<String ID="string_157" HPOS="611" VPOS="772" WIDTH="108" HEIGHT="19" WC="0.96" CONTENT="närmaste"/><SP WIDTH="15" VPOS="772" HPOS="719"/>
							<String ID="string_158" HPOS="734" VPOS="777" WIDTH="80" HEIGHT="15" WC="0.96" CONTENT="samma"/><SP WIDTH="15" VPOS="777" HPOS="814"/>
							<String ID="string_159" HPOS="829" VPOS="770" WIDTH="66" HEIGHT="21" WC="0.96" CONTENT="värde"/>
						</TextLine>
						<TextLine ID="line_19" HPOS="139" VPOS="804" WIDTH="756" HEIGHT="27">
							<String ID="string_160" HPOS="139" VPOS="804" WIDTH="41" HEIGHT="20" WC="0.96" CONTENT="den"/><SP WIDTH="15" VPOS="804" HPOS="180"/>
							<String ID="string_161" HPOS="195" VPOS="804" WIDTH="68" HEIGHT="21" WC="0.96" CONTENT="skulle"/><SP WIDTH="15" VPOS="804" HPOS="263"/>
							<String ID="string_162" HPOS="278" VPOS="804" WIDTH="86" HEIGHT="25" WC="0.96" CONTENT="erhålla,"/><SP WIDTH="14" VPOS="804" HPOS="364"/>
							<String ID="string_163" HPOS="378" VPOS="810" WIDTH="34" HEIGHT="14" WC="0.96" CONTENT="om"/><SP WIDTH="15" VPOS="810" HPOS="412"/>
							<String ID="string_164" HPOS="427" VPOS="804" WIDTH="41" HEIGHT="21" WC="0.93" CONTENT="den"/><SP WIDTH="15" VPOS="804" HPOS="468"/>
							<String ID="string_165" HPOS="483" VPOS="804" WIDTH="131" HEIGHT="21" WC="0.91" CONTENT="uträknades"/><SP WIDTH="17" VPOS="804" HPOS="614"/>
							<String ID="string_166" HPOS="631" VPOS="804" WIDTH="53" HEIGHT="21" WC="0.96" CONTENT="efter"/><SP WIDTH="15" VPOS="804" HPOS="684"/>
							<String ID="string_167" HPOS="699" VPOS="805" WIDTH="26" HEIGHT="21" WC="0.96" CONTENT="de"/><SP WIDTH="15" VPOS="805" HPOS="725"/>
							<String ID="string_168" HPOS="740" VPOS="805" WIDTH="59" HEIGHT="21" WC="0.93" CONTENT="äldre"/><SP WIDTH="11" VPOS="805" HPOS="799"/>
							<String ID="string_169" HPOS="810" VPOS="804" WIDTH="85" HEIGHT="27" WC="0.91" CONTENT="persed-"/>
						</TextLine>
						<TextLine ID="line_20" HPOS="138" VPOS="838" WIDTH="758" HEIGHT="26">
							<String ID="string_170" HPOS="138" VPOS="838" WIDTH="65" HEIGHT="21" WC="0.91" CONTENT="larne."/><SP WIDTH="19" VPOS="838" HPOS="203"/>
							<String ID="string_171" HPOS="222" VPOS="838" WIDTH="74" HEIGHT="26" WC="0.96" CONTENT="Enligt"/><SP WIDTH="16" VPOS="838" HPOS="296"/>
							<String ID="string_172" HPOS="312" VPOS="844" WIDTH="25" HEIGHT="14" WC="0.96" CONTENT="en"/><SP WIDTH="20" VPOS="844" HPOS="337"/>
							<String ID="string_173" HPOS="357" VPOS="838" WIDTH="112" HEIGHT="21" WC="0.93" CONTENT="Utskottet"/><SP WIDTH="19" VPOS="838" HPOS="469"/>
							<String ID="string_174" HPOS="488" VPOS="838" WIDTH="106" HEIGHT="26" WC="0.92" CONTENT="delgifven"/><SP WIDTH="22" VPOS="838" HPOS="594"/>
							<String ID="string_175" HPOS="616" VPOS="839" WIDTH="67" HEIGHT="20" WC="0.96" CONTENT="tabell"/><SP WIDTH="19" VPOS="839" HPOS="683"/>
							<String ID="string_176" HPOS="702" VPOS="839" WIDTH="68" HEIGHT="20" WC="0.96" CONTENT="skulle"/><SP WIDTH="19" VPOS="839" HPOS="770"/>
							<String ID="string_177" HPOS="789" VPOS="838" WIDTH="107" HEIGHT="26" WC="0.96" CONTENT="nämligen"/>
						</TextLine>
						<TextLine ID="line_21" HPOS="136" VPOS="871" WIDTH="760" HEIGHT="28">
							<String ID="string_178" HPOS="136" VPOS="871" WIDTH="194" HEIGHT="28" WC="0.92" CONTENT="jordeboksräntan"/><SP WIDTH="15" VPOS="871" HPOS="330"/>
							<String ID="string_179" HPOS="345" VPOS="871" WIDTH="34" HEIGHT="22" WC="0.96" CONTENT="för"/><SP WIDTH="15" VPOS="871" HPOS="379"/>
							<String ID="string_180" HPOS="394" VPOS="872" WIDTH="58" HEIGHT="21" WC="0.93" CONTENT="tiden"/><SP WIDTH="13" VPOS="872" HPOS="452"/>
							<String ID="string_181" HPOS="465" VPOS="872" WIDTH="164" HEIGHT="27" WC="0.85" CONTENT="1840—1882,i"/><SP WIDTH="11" VPOS="872" HPOS="629"/>
							<String ID="string_182" HPOS="640" VPOS="873" WIDTH="54" HEIGHT="26" WC="0.96" CONTENT="följd"/><SP WIDTH="12" VPOS="873" HPOS="694"/>
							<String ID="string_183" HPOS="706" VPOS="873" WIDTH="22" HEIGHT="21" WC="0.93" CONTENT="af"/><SP WIDTH="10" VPOS="873" HPOS="728"/>
							<String ID="string_184" HPOS="738" VPOS="873" WIDTH="158" HEIGHT="21" WC="0.91" CONTENT="varuvärdenas"/>
						</TextLine>
						<TextLine ID="line_22" HPOS="139" VPOS="906" WIDTH="757" HEIGHT="27">
							<String ID="string_185" HPOS="139" VPOS="906" WIDTH="94" HEIGHT="26" WC="0.91" CONTENT="stegring"/><SP WIDTH="17" VPOS="906" HPOS="233"/>
							<String ID="string_186" HPOS="250" VPOS="906" WIDTH="64" HEIGHT="21" WC="0.92" CONTENT="hafva"/><SP WIDTH="18" VPOS="906" HPOS="314"/>
							<String ID="string_187" HPOS="332" VPOS="906" WIDTH="90" HEIGHT="27" WC="0.92" CONTENT="förhöjts"/><SP WIDTH="23" VPOS="906" HPOS="422"/>
							<String ID="string_188" HPOS="445" VPOS="907" WIDTH="49" HEIGHT="20" WC="0.96" CONTENT="med"/><SP WIDTH="22" VPOS="907" HPOS="494"/>
							<String ID="string_189" HPOS="516" VPOS="907" WIDTH="95" HEIGHT="26" WC="0.96" CONTENT="följande"/><SP WIDTH="19" VPOS="907" HPOS="611"/>
							<String ID="string_190" HPOS="630" VPOS="909" WIDTH="94" HEIGHT="24" WC="0.93" CONTENT="procent,"/><SP WIDTH="19" VPOS="909" HPOS="724"/>
							<String ID="string_191" HPOS="743" VPOS="907" WIDTH="46" HEIGHT="22" WC="0.92" CONTENT="ifall"/><SP WIDTH="19" VPOS="907" HPOS="789"/>
							<String ID="string_192" HPOS="808" VPOS="907" WIDTH="41" HEIGHT="20" WC="0.96" CONTENT="den"/><SP WIDTH="18" VPOS="907" HPOS="849"/>
							<String ID="string_193" HPOS="867" VPOS="913" WIDTH="29" HEIGHT="14" WC="0.96" CONTENT="nu"/>
						</TextLine>
						<TextLine ID="line_23" HPOS="137" VPOS="941" WIDTH="716" HEIGHT="27">
							<String ID="string_194" HPOS="137" VPOS="941" WIDTH="121" HEIGHT="26" WC="0.96" CONTENT="föreslagna"/><SP WIDTH="17" VPOS="941" HPOS="258"/>
							<String ID="string_195" HPOS="275" VPOS="941" WIDTH="51" HEIGHT="21" WC="0.96" CONTENT="eller"/><SP WIDTH="14" VPOS="941" HPOS="326"/>
							<String ID="string_196" HPOS="340" VPOS="941" WIDTH="26" HEIGHT="21" WC="0.93" CONTENT="de"/><SP WIDTH="14" VPOS="941" HPOS="366"/>
							<String ID="string_197" HPOS="380" VPOS="941" WIDTH="60" HEIGHT="21" WC="0.92" CONTENT="äldre"/><SP WIDTH="13" VPOS="941" HPOS="440"/>
							<String ID="string_198" HPOS="453" VPOS="941" WIDTH="205" HEIGHT="27" WC="0.92" CONTENT="undervisningarne"/><SP WIDTH="16" VPOS="941" HPOS="658"/>
							<String ID="string_199" HPOS="674" VPOS="942" WIDTH="55" HEIGHT="21" WC="0.96" CONTENT="varit"/><SP WIDTH="15" VPOS="942" HPOS="729"/>
							<String ID="string_200" HPOS="744" VPOS="941" WIDTH="109" HEIGHT="27" WC="0.96" CONTENT="gällande:"/>
						</TextLine>
					</TextBlock>
				</ComposedBlock>
				<GraphicalElement ID="cblock_2" HPOS="149" VPOS="1148" WIDTH="739" HEIGHT="10"></GraphicalElement >
				<GraphicalElement ID="cblock_3" HPOS="138" VPOS="1064" WIDTH="5" HEIGHT="370"></GraphicalElement >
				<GraphicalElement ID="cblock_4" HPOS="893" VPOS="978" WIDTH="3" HEIGHT="477"></GraphicalElement >
				<GraphicalElement ID="cblock_5" HPOS="459" VPOS="982" WIDTH="5" HEIGHT="476"></GraphicalElement >
				<GraphicalElement ID="cblock_6" HPOS="749" VPOS="982" WIDTH="3" HEIGHT="476"></GraphicalElement >
				<GraphicalElement ID="cblock_7" HPOS="605" VPOS="998" WIDTH="4" HEIGHT="461"></GraphicalElement >
				<ComposedBlock ID="cblock_8" HPOS="140" VPOS="983" WIDTH="750" HEIGHT="473">
					<TextBlock ID="block_3" HPOS="140" VPOS="983" WIDTH="750" HEIGHT="473">
						<TextLine ID="line_24" HPOS="605" VPOS="983" WIDTH="1" HEIGHT="14">
							<String ID="string_201" HPOS="605" VPOS="983" WIDTH="1" HEIGHT="14" WC="0.32" CONTENT="T"/>
						</TextLine>
						<TextLine ID="line_25" HPOS="475" VPOS="998" WIDTH="413" HEIGHT="18">
							<String ID="string_202" HPOS="475" VPOS="999" WIDTH="30" HEIGHT="16" WC="0.93" CONTENT="En"/><SP WIDTH="12" VPOS="999" HPOS="505"/>
							<String ID="string_203" HPOS="517" VPOS="998" WIDTH="71" HEIGHT="18" WC="0.91" CONTENT="Rubels"/><SP WIDTH="55" VPOS="998" HPOS="588"/>
							<String ID="string_204" HPOS="643" VPOS="1010" WIDTH="67" HEIGHT="5" WC="0.39" CONTENT="passa"/><SP WIDTH="65" VPOS="1010" HPOS="710"/>
							<String ID="string_205" HPOS="775" VPOS="1010" WIDTH="46" HEIGHT="5" WC="0.0" CONTENT="Tokea"/><SP WIDTH="18" VPOS="1010" HPOS="821"/>
							<String ID="string_206" HPOS="839" VPOS="1009" WIDTH="4" HEIGHT="4" WC="0.8" CONTENT="ms"/><SP WIDTH="41" VPOS="1009" HPOS="843"/>
							<String ID="string_207" HPOS="884" VPOS="1009" WIDTH="4" HEIGHT="3" WC="0.21" CONTENT="ja"/>
						</TextLine>
						<TextLine ID="line_26" HPOS="620" VPOS="1010" WIDTH="270" HEIGHT="17">
							<String ID="string_208" HPOS="620" VPOS="1010" WIDTH="104" HEIGHT="17" WC="0.92" CONTENT="Förhöjning"/><SP WIDTH="24" VPOS="1010" HPOS="724"/>
							<String ID="string_209" HPOS="748" VPOS="1010" WIDTH="110" HEIGHT="17" WC="0.26" CONTENT=";Förhöjning"/><SP WIDTH="24" VPOS="1010" HPOS="858"/>
							<String ID="string_210" HPOS="882" VPOS="1013" WIDTH="8" HEIGHT="13" WC="0.96" CONTENT="i"/>
						</TextLine>
						<TextLine ID="line_27" HPOS="140" VPOS="1010" WIDTH="744" HEIGHT="56">
							<String ID="string_211" HPOS="140" VPOS="1048" WIDTH="2" HEIGHT="13" WC="0.89" CONTENT="i"/><SP WIDTH="321" VPOS="1048" HPOS="142"/>
							<String ID="string_212" HPOS="463" VPOS="1017" WIDTH="61" HEIGHT="49" WC="0.0" CONTENT="soc"/><SP WIDTH="29" VPOS="1017" HPOS="524"/>
							<String ID="string_213" HPOS="553" VPOS="1021" WIDTH="38" HEIGHT="40" WC="0.0" CONTENT="ier"/><SP WIDTH="10" VPOS="1021" HPOS="591"/>
							<String ID="string_214" HPOS="601" VPOS="1033" WIDTH="20" HEIGHT="24" WC="0.27" CONTENT="jj"/><SP WIDTH="14" VPOS="1033" HPOS="621"/>
							<String ID="string_215" HPOS="635" VPOS="1038" WIDTH="23" HEIGHT="12" WC="0.93" CONTENT="en"/><SP WIDTH="12" VPOS="1038" HPOS="658"/>
							<String ID="string_216" HPOS="670" VPOS="1015" WIDTH="71" HEIGHT="35" WC="0.5" CONTENT="Fubels|"/><SP WIDTH="20" VPOS="1015" HPOS="741"/>
							<String ID="string_217" HPOS="761" VPOS="1015" WIDTH="74" HEIGHT="35" WC="0.96" CONTENT="skatten"/><SP WIDTH="13" VPOS="1015" HPOS="835"/>
							<String ID="string_218" HPOS="848" VPOS="1010" WIDTH="36" HEIGHT="48" WC="0.60" CONTENT="enl."/>
						</TextLine>
						<TextLine ID="line_28" HPOS="276" VPOS="1051" WIDTH="614" HEIGHT="34">
							<String ID="string_219" HPOS="276" VPOS="1051" WIDTH="52" HEIGHT="33" WC="0.93" CONTENT="Län."/><SP WIDTH="141" VPOS="1051" HPOS="328"/>
							<String ID="string_220" HPOS="469" VPOS="1067" WIDTH="61" HEIGHT="18" WC="0.91" CONTENT="kegång,"/><SP WIDTH="31" VPOS="1067" HPOS="530"/>
							<String ID="string_221" HPOS="561" VPOS="1067" WIDTH="32" HEIGHT="18" WC="0.59" CONTENT="enl"/><SP WIDTH="11" VPOS="1067" HPOS="593"/>
							<String ID="string_222" HPOS="604" VPOS="1060" WIDTH="1" HEIGHT="16" WC="0.59" CONTENT="|"/><SP WIDTH="12" VPOS="1060" HPOS="605"/>
							<String ID="string_223" HPOS="617" VPOS="1055" WIDTH="51" HEIGHT="18" WC="0.52" CONTENT="&quot;Katt"/><SP WIDTH="12" VPOS="1055" HPOS="668"/>
							<String ID="string_224" HPOS="680" VPOS="1055" WIDTH="60" HEIGHT="22" WC="0.93" CONTENT="enligt"/><SP WIDTH="14" VPOS="1055" HPOS="740"/>
							<String ID="string_225" HPOS="754" VPOS="1055" WIDTH="24" HEIGHT="18" WC="0.91" CONTENT="|de"/><SP WIDTH="9" VPOS="1055" HPOS="778"/>
							<String ID="string_226" HPOS="787" VPOS="1055" WIDTH="52" HEIGHT="18" WC="0.93" CONTENT="äldre"/><SP WIDTH="9" VPOS="1055" HPOS="839"/>
							<String ID="string_227" HPOS="848" VPOS="1059" WIDTH="42" HEIGHT="18" WC="0.91" CONTENT="per-"/>
						</TextLine>
						<TextLine ID="line_29" HPOS="480" VPOS="1072" WIDTH="394" HEIGHT="35">
							<String ID="string_228" HPOS="480" VPOS="1072" WIDTH="71" HEIGHT="35" WC="0.40" CONTENT="RR"/><SP WIDTH="13" VPOS="1072" HPOS="551"/>
							<String ID="string_229" HPOS="564" VPOS="1081" WIDTH="33" HEIGHT="26" WC="0.92" CONTENT="en"/><SP WIDTH="3" VPOS="1081" HPOS="597"/>
							<String ID="string_230" HPOS="600" VPOS="1073" WIDTH="10" HEIGHT="38" WC="0.91" CONTENT="|"/><SP WIDTH="16" VPOS="1073" HPOS="610"/>
							<String ID="string_231" HPOS="626" VPOS="1078" WIDTH="107" HEIGHT="23" WC="0.96" CONTENT="föreslagen"/><SP WIDTH="12" VPOS="1078" HPOS="733"/>
							<String ID="string_232" HPOS="745" VPOS="1073" WIDTH="13" HEIGHT="38" WC="0.93" CONTENT="|"/><SP WIDTH="20" VPOS="1073" HPOS="758"/>
							<String ID="string_233" HPOS="778" VPOS="1077" WIDTH="96" HEIGHT="27" WC="0.91" CONTENT="sedlarnas"/>
						</TextLine>
						<TextLine ID="line_30" HPOS="468" VPOS="1091" WIDTH="376" HEIGHT="43">
							<String ID="string_234" HPOS="468" VPOS="1117" WIDTH="25" HEIGHT="12" WC="0.89" CONTENT="än"/><SP WIDTH="2" VPOS="1117" HPOS="493"/>
							<String ID="string_235" HPOS="495" VPOS="1091" WIDTH="86" HEIGHT="43" WC="0.14" CONTENT="devissin"/><SP WIDTH="23" VPOS="1091" HPOS="581"/>
							<String ID="string_236" HPOS="604" VPOS="1101" WIDTH="143" HEIGHT="22" WC="0.84" CONTENT="lundervisning.|"/><SP WIDTH="25" VPOS="1101" HPOS="747"/>
							<String ID="string_237" HPOS="772" VPOS="1092" WIDTH="12" HEIGHT="35" WC="0.81" CONTENT="—"/><SP WIDTH="15" VPOS="1092" HPOS="784"/>
							<String ID="string_238" HPOS="799" VPOS="1105" WIDTH="45" HEIGHT="18" WC="0.96" CONTENT="pris."/>
						</TextLine>
						<TextLine ID="line_31" HPOS="149" VPOS="1189" WIDTH="713" HEIGHT="43">
							<String ID="string_239" HPOS="149" VPOS="1191" WIDTH="95" HEIGHT="26" WC="0.92" CONTENT="Nylands"/><SP WIDTH="25" VPOS="1191" HPOS="244"/>
							<String ID="string_240" HPOS="269" VPOS="1206" WIDTH="5" HEIGHT="5" WC="0.81" CONTENT="."/><SP WIDTH="24" VPOS="1206" HPOS="274"/>
							<String ID="string_241" HPOS="298" VPOS="1207" WIDTH="4" HEIGHT="4" WC="0.50" CONTENT="."/><SP WIDTH="24" VPOS="1207" HPOS="302"/>
							<String ID="string_242" HPOS="326" VPOS="1207" WIDTH="34" HEIGHT="4" WC="0.50" CONTENT=".."/><SP WIDTH="24" VPOS="1207" HPOS="360"/>
							<String ID="string_243" HPOS="384" VPOS="1186" WIDTH="62" HEIGHT="36" WC="0.13" CONTENT="co..."/><SP WIDTH="14" VPOS="1186" HPOS="446"/>
							<String ID="string_244" HPOS="460" VPOS="1212" WIDTH="2" HEIGHT="20" WC="0.85" CONTENT="|"/><SP WIDTH="31" VPOS="1212" HPOS="462"/>
							<String ID="string_245" HPOS="493" VPOS="1193" WIDTH="20" HEIGHT="20" WC="0.92" CONTENT="5:"/><SP WIDTH="16" VPOS="1193" HPOS="513"/>
							<String ID="string_246" HPOS="529" VPOS="1193" WIDTH="64" HEIGHT="26" WC="0.35" CONTENT="423&#39;/0"/><SP WIDTH="13" VPOS="1193" HPOS="593"/>
							<String ID="string_247" HPOS="606" VPOS="1187" WIDTH="9" HEIGHT="36" WC="0.94" CONTENT="|"/><SP WIDTH="23" VPOS="1187" HPOS="615"/>
							<String ID="string_248" HPOS="638" VPOS="1193" WIDTH="46" HEIGHT="26" WC="0.32" CONTENT="36,6"/><SP WIDTH="8" VPOS="1193" HPOS="684"/>
							<String ID="string_249" HPOS="692" VPOS="1192" WIDTH="26" HEIGHT="25" WC="0.32" CONTENT="%o"/><SP WIDTH="64" VPOS="1192" HPOS="718"/>
							<String ID="string_250" HPOS="782" VPOS="1192" WIDTH="46" HEIGHT="25" WC="0.87" CONTENT="30,9"/><SP WIDTH="8" VPOS="1192" HPOS="828"/>
							<String ID="string_251" HPOS="836" VPOS="1189" WIDTH="26" HEIGHT="26" WC="0.85" CONTENT="%"/>
						</TextLine>
						<TextLine ID="line_32" HPOS="150" VPOS="1219" WIDTH="712" HEIGHT="34">
							<String ID="string_252" HPOS="150" VPOS="1219" WIDTH="47" HEIGHT="26" WC="0.96" CONTENT="Åbo"/><SP WIDTH="16" VPOS="1219" HPOS="197"/>
							<String ID="string_253" HPOS="213" VPOS="1225" WIDTH="39" HEIGHT="21" WC="0.93" CONTENT="och"/><SP WIDTH="14" VPOS="1225" HPOS="252"/>
							<String ID="string_254" HPOS="266" VPOS="1225" WIDTH="144" HEIGHT="28" WC="0.91" CONTENT="Björneborgs"/><SP WIDTH="31" VPOS="1225" HPOS="410"/>
							<String ID="string_255" HPOS="441" VPOS="1234" WIDTH="21" HEIGHT="12" WC="0.78" CONTENT=".!"/><SP WIDTH="31" VPOS="1234" HPOS="462"/>
							<String ID="string_256" HPOS="493" VPOS="1226" WIDTH="63" HEIGHT="22" WC="0.87" CONTENT="5:18"/><SP WIDTH="82" VPOS="1226" HPOS="556"/>
							<String ID="string_257" HPOS="638" VPOS="1227" WIDTH="46" HEIGHT="26" WC="0.81" CONTENT="29,5"/><SP WIDTH="8" VPOS="1227" HPOS="684"/>
							<String ID="string_258" HPOS="692" VPOS="1224" WIDTH="26" HEIGHT="26" WC="0.81" CONTENT="%"/><SP WIDTH="19" VPOS="1224" HPOS="718"/>
							<String ID="string_259" HPOS="737" VPOS="1218" WIDTH="24" HEIGHT="40" WC="0.87" CONTENT="|"/><SP WIDTH="21" VPOS="1218" HPOS="761"/>
							<String ID="string_260" HPOS="782" VPOS="1225" WIDTH="80" HEIGHT="27" WC="0.83" CONTENT="31,4%"/>
						</TextLine>
						<TextLine ID="line_33" HPOS="150" VPOS="1257" WIDTH="712" HEIGHT="30">
							<String ID="string_261" HPOS="150" VPOS="1259" WIDTH="131" HEIGHT="21" WC="0.92" CONTENT="Tavastehus"/><SP WIDTH="17" VPOS="1259" HPOS="281"/>
							<String ID="string_262" HPOS="298" VPOS="1275" WIDTH="4" HEIGHT="4" WC="0.79" CONTENT="."/><SP WIDTH="24" VPOS="1275" HPOS="302"/>
							<String ID="string_263" HPOS="326" VPOS="1275" WIDTH="4" HEIGHT="5" WC="0.82" CONTENT="."/><SP WIDTH="25" VPOS="1275" HPOS="330"/>
							<String ID="string_264" HPOS="355" VPOS="1275" WIDTH="5" HEIGHT="5" WC="0.78" CONTENT="."/><SP WIDTH="24" VPOS="1275" HPOS="360"/>
							<String ID="string_265" HPOS="384" VPOS="1275" WIDTH="4" HEIGHT="4" WC="0.78" CONTENT="."/><SP WIDTH="24" VPOS="1275" HPOS="388"/>
							<String ID="string_266" HPOS="412" VPOS="1275" WIDTH="5" HEIGHT="5" WC="0.77" CONTENT="."/><SP WIDTH="24" VPOS="1275" HPOS="417"/>
							<String ID="string_267" HPOS="441" VPOS="1275" WIDTH="4" HEIGHT="5" WC="0.77" CONTENT="."/><SP WIDTH="48" VPOS="1275" HPOS="445"/>
							<String ID="string_268" HPOS="493" VPOS="1261" WIDTH="20" HEIGHT="21" WC="0.96" CONTENT="5:"/><SP WIDTH="16" VPOS="1261" HPOS="513"/>
							<String ID="string_269" HPOS="529" VPOS="1261" WIDTH="63" HEIGHT="26" WC="0.65" CONTENT="3614"/><SP WIDTH="11" VPOS="1261" HPOS="592"/>
							<String ID="string_270" HPOS="603" VPOS="1254" WIDTH="13" HEIGHT="39" WC="0.89" CONTENT="|"/><SP WIDTH="23" VPOS="1254" HPOS="616"/>
							<String ID="string_271" HPOS="639" VPOS="1259" WIDTH="61" HEIGHT="25" WC="0.88" CONTENT="34%"/><SP WIDTH="82" VPOS="1259" HPOS="700"/>
							<String ID="string_272" HPOS="782" VPOS="1261" WIDTH="47" HEIGHT="25" WC="0.95" CONTENT="39,4"/><SP WIDTH="8" VPOS="1261" HPOS="829"/>
							<String ID="string_273" HPOS="837" VPOS="1257" WIDTH="25" HEIGHT="26" WC="0.57" CONTENT="9/0"/>
						</TextLine>
						<TextLine ID="line_34" HPOS="149" VPOS="1293" WIDTH="690" HEIGHT="28">
							<String ID="string_274" HPOS="149" VPOS="1293" WIDTH="99" HEIGHT="26" WC="0.89" CONTENT="Wiborgs"/><SP WIDTH="21" VPOS="1293" HPOS="248"/>
							<String ID="string_275" HPOS="269" VPOS="1309" WIDTH="5" HEIGHT="4" WC="0.86" CONTENT="."/><SP WIDTH="26" VPOS="1309" HPOS="274"/>
							<String ID="string_276" HPOS="300" VPOS="1309" WIDTH="3" HEIGHT="4" WC="0.35" CONTENT="."/><SP WIDTH="24" VPOS="1309" HPOS="303"/>
							<String ID="string_277" HPOS="327" VPOS="1309" WIDTH="118" HEIGHT="6" WC="0.35" CONTENT="....."/><SP WIDTH="48" VPOS="1309" HPOS="445"/>
							<String ID="string_278" HPOS="493" VPOS="1295" WIDTH="20" HEIGHT="21" WC="0.96" CONTENT="5:"/><SP WIDTH="16" VPOS="1295" HPOS="513"/>
							<String ID="string_279" HPOS="529" VPOS="1295" WIDTH="27" HEIGHT="20" WC="0.96" CONTENT="28"/><SP WIDTH="82" VPOS="1295" HPOS="556"/>
							<String ID="string_280" HPOS="638" VPOS="1295" WIDTH="28" HEIGHT="21" WC="0.90" CONTENT="32"/><SP WIDTH="8" VPOS="1295" HPOS="666"/>
							<String ID="string_281" HPOS="674" VPOS="1294" WIDTH="26" HEIGHT="27" WC="0.51" CONTENT="Yo"/><SP WIDTH="110" VPOS="1294" HPOS="700"/>
							<String ID="string_282" HPOS="810" VPOS="1306" WIDTH="29" HEIGHT="3" WC="0.88" CONTENT="—"/>
						</TextLine>
						<TextLine ID="line_35" HPOS="150" VPOS="1326" WIDTH="712" HEIGHT="29">
							<String ID="string_283" HPOS="150" VPOS="1327" WIDTH="31" HEIGHT="21" WC="0.95" CONTENT="S:t"/><SP WIDTH="16" VPOS="1327" HPOS="181"/>
							<String ID="string_284" HPOS="197" VPOS="1327" WIDTH="88" HEIGHT="21" WC="0.84" CONTENT="Michels"/><SP WIDTH="18" VPOS="1327" HPOS="285"/>
							<String ID="string_285" HPOS="303" VPOS="1335" WIDTH="1" HEIGHT="4" WC="0.84" CONTENT="*"/><SP WIDTH="23" VPOS="1335" HPOS="304"/>
							<String ID="string_286" HPOS="327" VPOS="1343" WIDTH="3" HEIGHT="4" WC="0.68" CONTENT="."/><SP WIDTH="25" VPOS="1343" HPOS="330"/>
							<String ID="string_287" HPOS="355" VPOS="1343" WIDTH="4" HEIGHT="4" WC="0.81" CONTENT="."/><SP WIDTH="25" VPOS="1343" HPOS="359"/>
							<String ID="string_288" HPOS="384" VPOS="1343" WIDTH="4" HEIGHT="5" WC="0.15" CONTENT="."/><SP WIDTH="24" VPOS="1343" HPOS="388"/>
							<String ID="string_289" HPOS="412" VPOS="1345" WIDTH="5" HEIGHT="4" WC="0.30" CONTENT="."/><SP WIDTH="23" VPOS="1345" HPOS="417"/>
							<String ID="string_290" HPOS="440" VPOS="1343" WIDTH="4" HEIGHT="4" WC="0.30" CONTENT="."/><SP WIDTH="49" VPOS="1343" HPOS="444"/>
							<String ID="string_291" HPOS="493" VPOS="1329" WIDTH="20" HEIGHT="21" WC="0.96" CONTENT="5:"/><SP WIDTH="16" VPOS="1329" HPOS="513"/>
							<String ID="string_292" HPOS="529" VPOS="1329" WIDTH="28" HEIGHT="21" WC="0.96" CONTENT="22"/><SP WIDTH="82" VPOS="1329" HPOS="557"/>
							<String ID="string_293" HPOS="639" VPOS="1330" WIDTH="45" HEIGHT="25" WC="0.93" CONTENT="30,5"/><SP WIDTH="8" VPOS="1330" HPOS="684"/>
							<String ID="string_294" HPOS="692" VPOS="1327" WIDTH="26" HEIGHT="25" WC="0.92" CONTENT="%"/><SP WIDTH="64" VPOS="1327" HPOS="718"/>
							<String ID="string_295" HPOS="782" VPOS="1329" WIDTH="47" HEIGHT="25" WC="0.93" CONTENT="38,4"/><SP WIDTH="8" VPOS="1329" HPOS="829"/>
							<String ID="string_296" HPOS="837" VPOS="1326" WIDTH="25" HEIGHT="25" WC="0.86" CONTENT="%"/>
						</TextLine>
						<TextLine ID="line_36" HPOS="149" VPOS="1360" WIDTH="713" HEIGHT="29">
							<String ID="string_297" HPOS="149" VPOS="1361" WIDTH="84" HEIGHT="26" WC="0.90" CONTENT="Kuopio"/><SP WIDTH="35" VPOS="1361" HPOS="233"/>
							<String ID="string_298" HPOS="268" VPOS="1377" WIDTH="4" HEIGHT="4" WC="0.69" CONTENT="."/><SP WIDTH="24" VPOS="1377" HPOS="272"/>
							<String ID="string_299" HPOS="296" VPOS="1377" WIDTH="149" HEIGHT="5" WC="0.41" CONTENT="......"/><SP WIDTH="47" VPOS="1377" HPOS="445"/>
							<String ID="string_300" HPOS="492" VPOS="1363" WIDTH="20" HEIGHT="21" WC="0.95" CONTENT="5:"/><SP WIDTH="16" VPOS="1363" HPOS="512"/>
							<String ID="string_301" HPOS="528" VPOS="1363" WIDTH="29" HEIGHT="20" WC="0.96" CONTENT="40"/><SP WIDTH="82" VPOS="1363" HPOS="557"/>
							<String ID="string_302" HPOS="639" VPOS="1363" WIDTH="27" HEIGHT="21" WC="0.92" CONTENT="35"/><SP WIDTH="8" VPOS="1363" HPOS="666"/>
							<String ID="string_303" HPOS="674" VPOS="1363" WIDTH="26" HEIGHT="24" WC="0.91" CONTENT="%"/><SP WIDTH="82" VPOS="1363" HPOS="700"/>
							<String ID="string_304" HPOS="782" VPOS="1363" WIDTH="46" HEIGHT="26" WC="0.96" CONTENT="42,8"/><SP WIDTH="9" VPOS="1363" HPOS="828"/>
							<String ID="string_305" HPOS="837" VPOS="1360" WIDTH="25" HEIGHT="25" WC="0.17" CONTENT="Yo"/>
						</TextLine>
						<TextLine ID="line_37" HPOS="150" VPOS="1394" WIDTH="692" HEIGHT="29">
							<String ID="string_306" HPOS="150" VPOS="1395" WIDTH="64" HEIGHT="21" WC="0.91" CONTENT="Wasa"/><SP WIDTH="25" VPOS="1395" HPOS="214"/>
							<String ID="string_307" HPOS="239" VPOS="1410" WIDTH="206" HEIGHT="6" WC="0.68" CONTENT="........"/><SP WIDTH="47" VPOS="1410" HPOS="445"/>
							<String ID="string_308" HPOS="492" VPOS="1397" WIDTH="20" HEIGHT="21" WC="0.96" CONTENT="5:"/><SP WIDTH="17" VPOS="1397" HPOS="512"/>
							<String ID="string_309" HPOS="529" VPOS="1397" WIDTH="27" HEIGHT="20" WC="0.96" CONTENT="18"/><SP WIDTH="82" VPOS="1397" HPOS="556"/>
							<String ID="string_310" HPOS="638" VPOS="1397" WIDTH="46" HEIGHT="26" WC="0.95" CONTENT="29,5"/><SP WIDTH="8" VPOS="1397" HPOS="684"/>
							<String ID="string_311" HPOS="692" VPOS="1394" WIDTH="26" HEIGHT="26" WC="0.77" CONTENT="%/a"/><SP WIDTH="64" VPOS="1394" HPOS="718"/>
							<String ID="string_312" HPOS="782" VPOS="1397" WIDTH="27" HEIGHT="20" WC="0.92" CONTENT="32"/><SP WIDTH="7" VPOS="1397" HPOS="809"/>
							<String ID="string_313" HPOS="816" VPOS="1394" WIDTH="26" HEIGHT="25" WC="0.37" CONTENT="9/0"/>
						</TextLine>
						<TextLine ID="line_38" HPOS="148" VPOS="1429" WIDTH="714" HEIGHT="27">
							<String ID="string_314" HPOS="148" VPOS="1429" WIDTH="118" HEIGHT="26" WC="0.88" CONTENT="Uleåborgs"/><SP WIDTH="30" VPOS="1429" HPOS="266"/>
							<String ID="string_315" HPOS="296" VPOS="1444" WIDTH="4" HEIGHT="5" WC="0.61" CONTENT="."/><SP WIDTH="25" VPOS="1444" HPOS="300"/>
							<String ID="string_316" HPOS="325" VPOS="1445" WIDTH="4" HEIGHT="4" WC="0.38" CONTENT="."/><SP WIDTH="27" VPOS="1445" HPOS="329"/>
							<String ID="string_317" HPOS="356" VPOS="1425" WIDTH="39" HEIGHT="34" WC="0.35" CONTENT="sc."/><SP WIDTH="16" VPOS="1425" HPOS="395"/>
							<String ID="string_318" HPOS="411" VPOS="1445" WIDTH="34" HEIGHT="4" WC="0.35" CONTENT="cc"/><SP WIDTH="46" VPOS="1445" HPOS="445"/>
							<String ID="string_319" HPOS="491" VPOS="1431" WIDTH="20" HEIGHT="21" WC="0.96" CONTENT="5:"/><SP WIDTH="17" VPOS="1431" HPOS="511"/>
							<String ID="string_320" HPOS="528" VPOS="1431" WIDTH="28" HEIGHT="21" WC="0.96" CONTENT="24"/><SP WIDTH="82" VPOS="1431" HPOS="556"/>
							<String ID="string_321" HPOS="638" VPOS="1431" WIDTH="27" HEIGHT="21" WC="0.91" CONTENT="31"/><SP WIDTH="9" VPOS="1431" HPOS="665"/>
							<String ID="string_322" HPOS="674" VPOS="1431" WIDTH="26" HEIGHT="24" WC="0.91" CONTENT="%"/><SP WIDTH="82" VPOS="1431" HPOS="700"/>
							<String ID="string_323" HPOS="782" VPOS="1430" WIDTH="45" HEIGHT="26" WC="0.89" CONTENT="38,1"/><SP WIDTH="10" VPOS="1430" HPOS="827"/>
							<String ID="string_324" HPOS="837" VPOS="1429" WIDTH="25" HEIGHT="27" WC="0.89" CONTENT="%"/>
						</TextLine>
					</TextBlock>
				</ComposedBlock>
				<ComposedBlock ID="cblock_9" HPOS="205" VPOS="1463" WIDTH="326" HEIGHT="18">
					<TextBlock ID="block_4" HPOS="205" VPOS="1463" WIDTH="326" HEIGHT="18">
						<TextLine ID="line_39" HPOS="205" VPOS="1463" WIDTH="326" HEIGHT="18">
							<String ID="string_325" HPOS="205" VPOS="1463" WIDTH="133" HEIGHT="17" WC="0.90" CONTENT="Statsutskottets"/><SP WIDTH="12" VPOS="1463" HPOS="338"/>
							<String ID="string_326" HPOS="350" VPOS="1464" WIDTH="105" HEIGHT="17" WC="0.90" CONTENT="betänkande"/><SP WIDTH="13" VPOS="1464" HPOS="455"/>
							<String ID="string_327" HPOS="468" VPOS="1465" WIDTH="35" HEIGHT="16" WC="0.96" CONTENT="N:o"/><SP WIDTH="12" VPOS="1465" HPOS="503"/>
							<String ID="string_328" HPOS="515" VPOS="1465" WIDTH="16" HEIGHT="16" WC="0.96" CONTENT="4."/>
						</TextLine>
					</TextBlock>
				</ComposedBlock>
				<GraphicalElement ID="cblock_10" HPOS="1072" VPOS="325" WIDTH="6" HEIGHT="689"></GraphicalElement >
			</PrintSpace>
		</Page>
	</Layout>
</alto>
