1078 1692
372 150 24 22 U.
412 150 23 22 B.
452 162 24 3 —
494 150 65 28 Prop.
575 149 38 23 N:o
629 148 19 23 5.

390 462 2 2 *
408 457 206 29 Lagutskottets
632 457 172 23 betänkande
824 458 37 22 N:o
877 456 13 23 2

339 493 8 21 i
361 492 120 29 anledning
491 492 26 23 af
524 493 59 22 Hans
595 492 125 30 Kejserliga
731 492 114 30 Majestäts
853 491 37 23 nä-

341 527 53 29 diga
401 528 143 28 proposition,
551 528 114 29 angående
673 528 127 28 krigsmans
808 527 82 28 bysätt-

339 562 55 28 ning
410 562 40 22 och
465 562 142 23 förrättande
623 562 25 23 af
660 562 89 22 ådömdt
764 562 77 22 arbete
855 561 36 23 för

340 596 127 30 aftjenande
483 597 26 23 af
522 597 61 29 gäld.

202 667 48 22 Den
265 666 157 22 förberedande
436 666 193 28 handläggningen
642 666 25 22 af
678 666 71 22 denna
758 665 132 29 proposition

135 702 40 22 har
197 701 24 22 af
241 701 103 28 samtliga
366 701 66 22 stånd
451 701 154 23 öfverlemmats
620 700 35 22 till
669 701 162 28 Lagutskottet,
847 706 43 16 som

135 736 127 28 sedermera,
278 736 29 28 på
322 736 72 22 derom
404 736 63 28 gjord
478 736 109 28 anhållan,
596 735 50 22 från
656 736 123 28 Kejserliga
786 735 105 23 Senatens

136 770 107 22 allmänna
257 770 72 22 kansli
343 770 44 22 fått
398 772 110 26 emottaga
519 772 33 21 ett
561 770 26 22 af
594 770 101 22 Komitén
705 770 34 22 för
748 770 143 22 utarbetande

136 805 25 22 af
173 805 83 28 förslag
270 805 35 22 till
320 805 86 27 allmän,
421 806 151 27 systematiskt
587 805 82 22 ordnad
679 804 213 28 militärförfattning

135 840 8 21 i
158 840 94 22 Finland
264 840 118 28 uppgjordt
391 840 83 28 förslag
484 840 34 21 till
528 840 127 27 förordning
664 840 9 21 i
683 842 78 26 ämnet,
772 840 120 27 hvarjemte

136 875 107 22 utskottet
258 875 124 28 meddelats,
398 876 34 21 att
446 875 73 28 någon
535 874 135 28 omröstning
680 875 38 22 vid
728 874 101 23 ärendets
839 874 54 22 före-

137 909 107 28 dragning
259 909 8 22 i
281 909 123 28 Kejserliga
419 909 94 23 Senaten
529 910 19 27 ej
566 909 110 23 förefallit.

205 1008 131 28 Ändamålet
350 1014 48 22 med
414 1014 144 28 arbetstvång
573 1014 39 22 och
627 1013 128 29 bysättning
770 1016 26 20 är
808 1015 34 21 att
851 1013 43 22 för-

136 1048 71 23 skaffa
228 1055 26 16 en
276 1049 175 28 fordringsegare
473 1051 46 20 rätt
541 1049 26 22 af
587 1049 54 22 hans
664 1049 111 28 gäldenär.
804 1049 35 22 De
855 1051 38 20 äro

137 1083 201 29 exekutionsmedel,
354 1084 74 22 hvilka
442 1084 62 22 skola
514 1083 24 22 af
546 1090 27 15 en
581 1084 132 22 tredskande
721 1084 52 23 eller
780 1083 114 28 bedräglig

137 1118 104 28 gäldenär
268 1118 133 28 framtvinga
423 1119 114 27 betalning
561 1119 52 22 eller
633 1119 105 22 förskaffa
760 1119 134 28 borgenären

137 1153 137 28 godtgörelse
295 1153 35 22 för
351 1154 55 22 hans
430 1153 88 22 fordran
533 1160 77 21 genom
626 1154 144 22 användande
785 1153 25 23 af
822 1153 72 28 gälde-

137 1190 78 21 närens
237 1189 135 22 arbetskraft
390 1188 9 23 i
418 1189 147 28 borgenärens
583 1189 74 27 tjenst.
687 1189 48 22 Den
749 1190 47 21 rätt
810 1190 35 21 att
859 1195 35 15 an-

137 1223 40 22 lita
191 1223 93 22 nämnda
298 1223 204 28 exekutionsmedel,
512 1229 46 16 som
568 1223 124 22 tillerkänts
702 1223 107 28 borgenär
818 1229 77 22 genom

137 1257 123 29 Kejserliga
278 1258 164 27 Förordningen
461 1258 42 22 den
518 1260 28 23 23
562 1258 45 22 Juli
623 1260 55 20 1868
694 1258 114 28 angående
823 1258 73 28 gälde.

137 1295 51 20 närs
203 1292 126 28 skyldighet
343 1294 40 27 att,
399 1293 38 22 vid
451 1293 114 22 bristande
575 1293 225 28 betalningstillgäng,
811 1292 84 29 aftjena

137 1327 34 22 sin
189 1327 63 22 skuld
266 1327 49 22 med
330 1327 75 22 arbete
420 1327 53 22 eller
488 1327 87 23 derföre
589 1327 99 28 undergä
703 1327 133 28 bysättning,
851 1327 44 22 kan

137 1362 55 22 dock
211 1363 72 27 nägon
302 1363 61 27 gäng
381 1363 56 22 räka
455 1363 9 21 i
481 1362 57 23 strid
556 1363 49 22 med
625 1363 27 22 de
667 1363 101 28 anspräk,
784 1368 45 16 som
842 1368 54 15 sam-

136 1397 69 22 hället
218 1397 76 22 ställer
308 1397 30 27 pä
352 1397 139 28 gäldenären.

205 1431 83 22 Genom
308 1431 200 28 värnepligtslagen
528 1432 25 22 af
567 1432 42 22 den
624 1433 27 20 27
667 1431 119 22 December
801 1433 56 20 1878
871 1434 25 19 är

137 1466 107 28 nämligen
270 1467 76 27 hvarje
368 1467 141 27 medborgare
532 1466 120 29 förpligtad
674 1467 41 26 att,
731 1465 56 24 efter
801 1466 94 28 uppbåd,

206 1506 140 23 Lagutskottets
359 1507 118 17 betänkande
489 1507 36 18 N:o
537 1508 18 18 2.
