1078 1692
204 148 11 18 2
436 148 23 18 U.
473 148 21 18 B.
507 158 23 4 —
543 148 62 24 Prop.
619 149 37 18 N:o
669 148 17 18 7.

181 206 39 21 rad
235 206 7 21 i
257 206 119 27 Uleåborgs
391 207 42 26 län,
452 206 119 28 hvarjemte
589 206 37 22 det
640 206 124 22 faststäldes
782 207 33 20 att
832 206 104 21 skatteru-

181 240 50 22 beln
246 240 68 22 skulle
329 242 89 25 utgöras
437 241 23 21 af
477 241 14 21 3
509 240 83 28 kappar
610 240 103 28 spanmål,
733 241 11 21 1
760 240 70 27 kappe
844 240 66 25 hafre,
924 240 12 21 3

181 274 106 27 skålpund
302 276 64 25 smör,
385 276 13 20 2
419 275 106 27 skålpund
540 275 45 26 talg
601 275 39 21 och
656 276 102 20 contanta
772 275 118 26 penningar
904 274 34 21 till

181 308 77 28 belopp
274 309 102 21 vexlande
391 310 8 20 i
414 310 25 20 de
455 309 58 21 olika
527 309 64 21 länen
601 310 79 20 mellan
690 309 14 21 5
716 309 40 21 och
767 310 29 20 24
805 309 77 27 kopek.
897 308 40 22 Be-

181 342 64 21 rörda
260 344 61 20 ränte
336 343 238 27 persedle-omsättning
588 343 133 21 verkstäldes
736 343 27 27 på
778 344 69 26 grund
858 343 23 21 af
893 349 43 15 me-

181 376 192 27 delmarkegången
391 377 33 21 för
442 377 51 21 åren
513 377 142 22 1825—1839
674 377 40 21 och
733 377 67 21 ehuru
819 378 28 20 all
865 377 71 21 anled-

181 410 51 27 ning
246 410 68 22 finnes
329 411 33 21 för
377 412 136 26 antagandet,
529 413 33 19 att
573 411 148 21 skatterubeln
731 411 74 21 dervid
816 418 56 20 noga
883 413 53 19 mot-

181 444 89 22 svarade
286 450 27 15 en
328 444 61 22 rubel
404 446 77 25 silfver,
497 445 71 21 såsom
583 445 41 22 ock
639 447 33 20 att
686 445 36 21 vid
741 445 160 27 förvandlingen
916 445 23 21 af

181 478 27 21 de
223 478 59 22 äldre
297 479 136 27 persedlarne
452 480 33 20 till
504 480 27 21 de
549 480 28 26 få,
596 486 46 15 som
661 480 85 26 ingingo
765 480 7 20 i
787 480 41 21 den
843 486 41 20 nya
899 486 37 14 un-

181 512 155 28 dervisningen,
360 514 124 26 erforderlig
509 514 135 26 noggranhet
669 514 71 21 blifvit
761 514 115 26 iakttagen,
898 514 39 20 har

181 547 119 21 emellertid
314 547 48 21 från
377 548 24 20 år
417 548 62 26 1850,
499 548 27 21 då
545 548 41 21 den
601 554 42 21 nya
659 548 118 27 ordningen
792 548 53 21 först
860 548 76 21 tilläm-

181 581 71 27 pades,
269 588 26 14 en
311 582 113 21 oafbruten
435 582 40 22 och
486 582 63 27 högst
560 582 94 27 betyglig
665 582 95 27 stegring
770 582 32 21 uti
811 582 125 27 jordeboks-

180 617 88 19 räntans
282 616 211 27 förvandlingsvärde
508 618 35 25 egt
558 623 53 15 rum.

250 650 95 21 Orsaken
367 650 73 22 härtill
462 651 39 21 bör
520 651 63 21 sökas
605 651 47 21 icke
672 650 90 22 allenast
784 650 31 22 uti
837 652 99 19 varuvär-

180 684 66 22 denas
272 685 108 21 allmänna
406 685 128 27 förhöjning,
561 686 52 20 utan
637 685 80 27 jemväl
741 685 7 21 i
774 685 41 21 den
843 686 93 20 omstän-

181 718 107 26 digheten,
304 720 32 20 att
351 719 41 21 den
407 725 42 21 nya
463 720 185 26 undervisningen,
664 719 7 21 i
687 720 69 20 större
770 719 124 27 proportion
909 720 27 20 än

180 753 27 21 de
222 753 76 26 gamla,
314 754 82 26 upptog
411 754 115 26 persedlar,
542 754 73 21 hvilka
629 753 102 21 särskildt
741 753 55 21 varit
805 753 88 21 föremål
904 752 33 22 för

180 786 122 28 betydande
317 787 220 27 värdeförändringar,
553 788 86 21 hvarför
650 788 63 20 äfven
723 787 144 27 grundräntan
876 787 60 21 kom-

180 821 40 21 mit
234 823 33 19 att
282 822 55 26 stiga
352 828 46 14 mer
413 824 27 19 än
455 822 122 26 antagligen
592 822 56 21 varit
662 822 67 25 fallet,
746 828 34 14 om
795 822 40 20 den
845 821 91 26 utgjorts

181 855 66 26 enligt
265 855 27 21 de
314 855 59 22 äldre
392 856 211 26 undervisningarne.
633 856 33 21 En
685 855 34 21 för
736 855 85 27 frågans
839 857 98 19 närmare

181 889 118 27 beredning
320 889 24 21 år
368 890 56 21 1864
441 890 86 21 nedsatt
546 889 80 22 komité
644 889 123 22 beräknade
785 889 63 22 äfven
866 889 70 21 seder-

181 929 59 16 mera
255 924 150 27 procenttalen
420 924 33 21 för
468 924 71 21 denna
552 924 133 21 sistnämnda
697 923 102 27 stegring:

284 958 8 20 i
306 958 97 26 Nylands
418 959 35 20 län
478 958 50 21 till.
555 973 2 5 .
580 974 5 5 .
609 973 5 5 .
637 973 6 6 .
667 973 33 5 ..
724 958 46 21 .14
807 955 24 26 %

285 1009 9 10 »
307 986 47 27 Åbo
372 992 40 21 och
427 992 143 27 Björneborgs
585 993 36 20 län
636 992 33 21 till
696 1007 5 5 .
724 1007 6 4 -
742 991 61 27 2134
819 1009 8 9 ,

285 1043 9 10 »
306 1026 132 21 Tavastehus
453 1027 35 20 län
503 1026 33 21 til
555 1041 2 5 .
580 1041 5 4 .
613 1042 2 5 .
637 1041 6 5 .
666 1041 6 5 .
696 1041 34 5 ..
743 1026 27 21 15

284 1078 10 9 »
306 1061 33 20 S:t
354 1061 88 21 Michels
457 1061 35 20 län
507 1061 50 21 till.
580 1075 5 6 .
613 1076 2 5 .
640 1075 3 5 .
666 1075 6 5 .
696 1075 5 6 .
744 1058 58 25 1434

284 1111 10 10 »
306 1095 85 26 Kuopio
407 1095 35 20 län
457 1095 33 20 till
523 1109 62 6 ...
609 1110 5 4 .
638 1109 5 6 .
666 1109 6 5 .
696 1109 4 5 .
743 1092 59 26 1234

284 1145 10 10 »
305 1129 166 26 Wasa
382 1125 40 34 län
430 1125 50 34 till
496 1143 5 5 .
525 1144 5 5 .
553 1144 5 4 .
581 1144 6 5 .
610 1143 5 6 .
639 1143 5 5 .
668 1143 6 5 .
697 1143 5 5 .
726 1125 11 34 .-
745 1129 27 20 16

286 1180 8 9 »
306 1163 120 26 Uleåborgs
441 1163 35 21 län
491 1163 33 21 till
553 1179 6 4 .
582 1178 5 5 .
611 1177 4 5 .
640 1179 5 4 .
669 1178 5 4 -
697 1178 6 5 .
726 1177 6 4 «
745 1163 27 20 15

179 1197 53 21 eller
243 1197 8 21 i
261 1197 101 21 medeltal
373 1197 33 21 till
419 1197 27 22 15
456 1196 24 24 '/2
489 1197 26 26 %%
525 1197 85 21 utöfver
621 1197 43 25 det,
676 1203 45 14 som
732 1196 87 21 skatten
829 1195 68 22 skulle
904 1197 34 19 ut-

180 1231 57 27 gjort
251 1231 8 20 i
274 1231 102 21 händelse
392 1232 26 20 de
433 1232 70 26 gamla
518 1231 206 26 undervisningarne
738 1230 130 21 fortfarande
883 1230 55 21 varit

180 1265 109 27 gällande;
309 1278 29 2 —
360 1267 32 20 ett
413 1265 139 26 förhällande,
575 1271 46 15 som
643 1265 8 21 i
673 1265 133 21 närvarande
824 1264 31 21 tid
873 1264 7 20 i
902 1264 37 21 det

181 1301 109 20 närmaste
312 1300 141 21 oförändradt
475 1299 121 26 fortbestär,
620 1299 71 21 säsom
710 1305 26 14 en
754 1298 118 27 beräkning
890 1298 48 21 med

180 1334 88 27 ledning
283 1334 23 21 af
319 1334 160 21 nedanstående
494 1334 66 21 tabell
575 1333 68 27 gifver
657 1333 37 21 vid
708 1333 90 21 handen.

250 1368 44 21 För
309 1369 32 20 att
356 1368 34 21 för
405 1368 114 21 framtiden
539 1367 94 22 undvika
648 1373 27 15 en
690 1367 67 21 sädan
770 1367 88 26 jordens
872 1366 66 27 högre

180 1401 145 28 beskattning,
342 1408 45 15 som
404 1402 41 21 den
461 1402 23 21 är
496 1403 55 20 1840
561 1401 110 28 påbjudna
680 1401 258 27 räntepersedle-omsätt-

179 1436 80 26 ningen
274 1436 110 26 innebure,
400 1436 64 21 hafva
481 1436 106 21 särskilda
605 1436 79 25 förslag
699 1435 33 21 till
747 1441 28 20 ny
790 1434 149 27 undervisning

250 1468 136 19 Statsutskottets
397 1471 104 16 betänkande
514 1471 34 16 N:o
561 1471 15 15 4.

819 1179 8 10 v
818 1043 9 112 ss
808 1074 28 17 a
808 1039 28 16 8
