1078 1692
213 143 13 21 4
445 143 19 23 U.
481 142 19 23 B.
516 154 28 5 —
561 142 54 28 Prop.
632 142 33 23 N:o
681 141 19 23 6.

451 206 46 20 Till
513 205 165 21 Statsutskottet.

670 256 54 17 Från
736 255 137 23 Lagutskottet.

254 295 31 17 Då
302 296 56 17 Hans
375 296 110 23 Kejserliga
502 296 101 23 Majestäts
621 296 71 22 nådiga
710 295 120 23 proposition
843 294 99 24 angående

185 324 248 23 rustningsskyldighetens
445 324 138 24 upphäfvande
595 324 35 18 och
644 324 118 23 indragning
773 323 22 18 af
805 324 24 17 de
836 323 106 18 rusthållen

186 352 92 18 anvisade
290 354 110 22 augments-
413 353 35 17 och
461 353 64 23 öfriga
536 355 67 16 räntor
615 354 50 17 samt
677 352 142 24 eftergifvande
832 352 22 17 af
864 352 22 18 de
899 352 43 17 från

185 381 112 22 rusthällen,
316 382 88 18 roterade
421 382 90 17 hemman
531 382 35 17 och
581 381 139 18 båtsmanshåll
732 381 96 23 utgående
840 380 102 18 vakansaf-

185 409 59 23 gifter
262 409 36 18 hos
315 410 75 18 landets
408 410 106 24 höglofliga
527 410 82 18 Ständer
620 410 121 23 föredragits,
754 409 59 18 hafva
825 409 116 18 Riddarska-

185 440 34 22 pet
233 438 37 18 och
285 438 62 18 Adeln
360 441 50 15 samt
422 440 74 17 Preste-
509 439 36 17 och
558 438 174 24 Borgarestånden,
743 438 60 23 jemte
815 438 33 18 det
860 438 23 17 de
895 438 7 17 i
914 437 27 18 öf-

185 467 40 23 rigt
236 467 91 18 hänvisat
340 468 143 22 propositionen
495 468 30 17 till
537 468 158 17 Statsutskottets
707 466 139 18 förberedande
859 466 82 18 behand-

185 496 47 22 ling,
244 496 20 17 åt
276 496 138 23 Lagutskottet
427 496 127 18 öfverlemnat
566 498 28 16 att
607 502 30 12 om
650 502 74 12 samma
735 495 120 24 proposition
867 494 75 24 afgifva

185 524 91 24 yttrande
291 524 31 18 för
337 525 21 17 så
372 525 42 17 vidt
429 526 37 17 den
479 526 55 17 berör
546 525 83 23 ändring
641 524 21 18 af
672 526 22 17 18
706 524 13 24 8
732 524 6 18 i
751 524 189 23 Regeringsformen,

185 552 103 18 hvaremot
299 553 144 19 Bondeståndet
453 554 31 18 för
495 554 30 18 sin
537 554 31 18 del
581 555 46 16 utan
640 556 87 15 närmare
740 552 130 24 begränsning
878 552 63 18 remit-

185 582 50 17 terat
247 582 145 22 propositionen
404 582 29 18 till
445 582 54 18 såväl
512 583 50 23 Lag-
575 588 42 12 som
629 582 152 18 Statsutskottet.

254 610 10 17 I
280 610 104 24 anledning
401 611 57 17 häraf
473 611 35 17 har
525 611 137 23 Lagutskottet
680 610 29 18 till
728 610 117 23 behandling
857 610 85 18 förehaft

185 638 54 18 detta
257 639 77 21 ärende,
354 639 65 17 dervid
437 640 100 17 Utskottet
552 640 6 17 i
575 640 85 22 enlighet
678 640 45 17 med
740 639 123 17 föreskriften
876 639 6 17 i
894 639 23 17 34
929 638 12 24 $

185 666 222 24 Landtdagsordningen
422 670 63 16 ansett
500 668 30 23 sig
543 668 46 18 böra
601 669 6 17 i
619 668 105 18 allmänhet
735 669 53 22 yttra
800 668 31 22 sig
843 673 31 12 om
888 667 35 17 och
936 666 6 18 i

185 695 53 18 hvad
255 696 45 17 mån
318 696 23 17 de
356 696 6 17 i
382 696 142 18 ofvannämnda
539 697 72 23 nådiga
623 696 120 24 proposition
755 696 94 23 ingående
861 696 80 17 alterna-

185 724 41 18 tiva
238 724 107 23 lagförslag
357 725 94 17 innefatta
463 726 81 22 ändring
556 725 21 18 af
588 726 89 22 gällande
690 725 101 23 grundlag.

254 756 10 17 I
276 753 68 17 sådant
357 753 90 18 afseende
459 754 35 17 har
506 754 100 18 Utskottet
615 754 42 18 med
666 754 170 22 bestämningarna
844 753 7 17 i
859 752 83 18 nämnda

185 780 74 24 förslag
276 782 80 22 jemfört
374 782 43 18 icke
435 783 81 17 allenast
529 784 9 21 $
551 784 22 16 18
585 783 7 17 i
604 782 186 24 Regeringsformen
802 783 46 16 utan
860 781 57 19 äfven
929 780 13 26 &

185 811 12 16 2
209 810 7 17 i
228 810 181 24 Värnepligtslagen
422 811 21 17 af
453 812 35 17 den
502 812 30 22 */js
545 811 105 18 December
663 811 50 22 1978,
726 811 24 17 de
762 810 49 18 enda
823 810 119 23 stadganden

184 837 24 18 af
223 839 170 22 grundlagsnatur,
412 845 41 12 som
472 840 59 22 enligt
550 840 109 17 Utskottets
672 839 126 24 uppfattning
810 839 64 17 kunna
886 844 56 12 anses

184 871 48 13 vara
250 866 22 18 af
289 867 224 24 författningsförslagen
528 868 86 22 berörda,
627 867 99 18 hvarefter
739 867 99 18 Utskottet
850 867 92 23 enhälligt

184 894 78 18 förenat
277 896 31 22 sig
321 901 31 12 om
364 897 33 21 att,
410 897 7 16 i
429 898 96 16 närmaste
538 896 202 18 öfverensstämmelse
752 896 44 17 med
807 895 52 18 hvad
872 895 70 23 Lagut-

183 923 74 18 skottet
274 924 32 18 vid
322 925 44 17 1882
382 925 31 17 års
430 925 93 23 landtdag
534 925 7 17 i
553 927 65 15 ämnet
630 926 66 22 yttrat,
709 925 60 17 uttala
781 925 30 22 sig
824 930 41 12 som
878 923 64 24 följer:

254 952 10 17 I
278 953 22 16 18
311 951 13 26 $
337 953 185 23 Regeringsformen
534 954 85 22 stadgas,
633 955 27 16 att
673 953 133 23 krigsmakten
815 953 30 17 till
855 953 44 17 häst
906 955 37 15 och

184 979 35 23 fot,
232 980 22 17 så
266 981 33 17 väl
311 987 42 11 som
368 981 162 23 båtsmanshållet,
543 982 55 17 skola
610 981 91 18 förblifva
713 981 34 18 vid
759 982 29 17 sin
799 981 100 23 indelning
907 981 36 18 och

184 1008 25 18 de
226 1009 45 17 med
286 1009 97 23 allmogen
398 1011 50 16 samt
460 1010 89 18 städerna
562 1011 114 22 upprättade
688 1010 118 22 kontrakter,
819 1010 66 17 hvilka
897 1009 46 18 böra

184 1042 53 18 noga
249 1037 114 18 efterlefvas
375 1038 36 17 och
423 1039 7 16 i
443 1039 33 17 akt
487 1040 62 21 tagas,
562 1039 50 17 intill
625 1039 43 18 dess
680 1040 70 22 regent
761 1039 36 17 och
805 1039 78 17 ständer
890 1038 53 17 finna

184 1065 69 23 nödigt
265 1067 29 16 att
306 1066 90 18 samfäldt
408 1067 41 18 deri
461 1069 48 21 göra
520 1067 87 24 ändring.

254 1094 76 18 Genom
342 1095 10 22 $
365 1096 11 17 2
388 1095 8 18 i
409 1095 180 24 Värnepligtslagen
601 1098 22 15 är
636 1095 66 18 vidare
711 1095 96 18 bestämdt
815 1097 34 21 att,
858 1096 22 17 sä
886 1095 58 24 länge

184 1122 76 17 landets
278 1123 122 18 härväsende
418 1126 21 15 är
451 1124 81 17 ordnadt
544 1125 25 22 pä
580 1125 121 22 grundvalen
714 1124 22 17 af
746 1124 71 18 allmän
829 1124 114 23 värnepligt,

184 1150 92 23 samtliga
288 1151 82 18 rusthäll
384 1152 37 17 och
432 1154 53 16 rotar
497 1155 32 15 äro
543 1152 102 19 frikallade
656 1153 44 17 frän
713 1153 136 23 skyldigheten
860 1154 29 16 att
897 1158 46 18 upp-

183 1179 57 18 ställa
252 1179 98 23 krigsfolk
362 1181 61 22 enligt
433 1181 185 24 indelningsverket.

252 1207 103 19 Jemförda
367 1209 44 18 med
423 1209 108 18 hvarandra
543 1210 92 17 innebära
647 1210 57 17 dessa
716 1209 120 23 stadganden
848 1211 28 16 att
884 1209 60 18 indel-

183 1236 134 23 ningsverket,
336 1237 68 18 sädant
422 1238 33 17 det
470 1239 32 16 vid
518 1238 198 23 Regeringsformens
727 1237 115 19 utfärdande
853 1238 90 22 förefans,

182 1266 54 16 ännu
254 1267 23 15 är
289 1265 6 17 i
307 1265 65 18 landet
387 1266 89 23 gällande
491 1267 37 17 och
541 1267 85 23 åtnjuter
637 1266 172 24 grandlagshelgd,
822 1267 61 17 ehuru
894 1269 50 15 rust-

183 1293 76 18 hällens
272 1293 37 18 och
321 1295 88 17 rotarnes
422 1295 111 24 skyldighet
545 1297 28 16 att
585 1295 97 24 uppställa
694 1295 97 23 krigsfolk
801 1295 44 18 icke
857 1295 48 18 skall
914 1295 30 18 sä-

183 1327 43 12 som
244 1322 61 17 sådan
323 1323 57 22 tagas
392 1323 7 17 i
412 1324 88 23 anspråk,
513 1324 21 17 sä
545 1324 58 23 länge
615 1324 24 17 de
650 1324 64 17 finska
726 1325 106 22 trupperna
843 1325 101 22 uppsättas

182 1350 38 18 och
232 1350 139 24 kompletteras
384 1352 61 23 enligt
457 1353 219 22 värnepligtssystemet.

252 1379 54 18 Enär
324 1379 63 24 bägge
403 1380 23 18 de
441 1381 114 18 alternativa
571 1380 113 24 lagförslag,
697 1386 43 12 som
751 1381 7 17 i
770 1380 37 18 den
819 1381 71 22 nädiga
901 1386 43 17 pro-

181 1407 112 22 Positionen
306 1407 64 19 blifvit
382 1408 107 19 Ständerna
501 1409 104 24 förelagda,
618 1409 98 18 innehålla
728 1409 118 24 uttryckliga
854 1409 90 23 stadgan-

181 1435 39 18 den
238 1435 73 23 derom,
330 1438 28 15 att
378 1437 37 18 den
430 1437 45 18 länk
490 1438 29 17 uti
533 1438 185 23 indelningsverket,
731 1443 43 12 som
786 1437 59 18 afsett
856 1438 89 23 rytteriet

181 1463 49 18 eller
247 1465 244 24 rustningsskyldigheten,
509 1467 77 17 komme
601 1469 28 15 att
642 1465 116 25 upphäfvas,
771 1467 22 16 så
805 1468 22 16 är
839 1466 32 18 det
883 1467 61 23 enligt

253 1499 250 19 Statsutskottsbetänkande
515 1506 32 13 n:o
559 1501 17 18 6.
