1078 1692
220 148 26 20 12
524 148 35 22 N:o
575 148 29 22 10.

259 212 75 32 Öfriga
357 218 146 26 expeditioner
525 217 49 21 från
592 216 198 28 postsparbankens
805 216 89 27 styrelse
910 222 38 14 un-

191 251 131 21 derskrifvas
338 251 29 27 på
382 252 49 21 dess
446 254 82 25 vägnar
544 252 24 21 af
582 252 145 21 ordföranden
743 251 39 21 och
798 250 149 28 kontrasigne-

192 292 36 15 ras
243 286 105 21 likaledes
364 286 23 21 af
400 286 145 22 kamreraren.

261 320 125 28 Anordning
408 321 33 21 till
463 320 138 28 utbetalning
623 321 23 21 af
666 320 70 22 medel
753 320 157 21 undertecknas
927 320 24 21 af

193 354 144 22 ordföranden
353 355 40 21 och
408 355 174 27 kontrasigneras
599 355 23 21 af
635 356 146 20 kamreraren.

539 412 11 28 8
566 413 34 21 22.

259 451 47 22 Den
329 452 68 22 under
419 452 115 22 kassörens
557 452 53 22 värd
633 452 89 22 stäende
737 452 141 21 handkassan
893 452 55 21 skall

191 485 65 21 minst
280 492 27 15 en
328 486 57 28 gäng
407 487 74 27 hvarje
500 487 80 21 mänad
595 487 120 21 inventeras
731 486 23 22 af
768 486 114 28 styrelsens
899 487 48 21 ord-

191 520 97 26 förande,
306 521 74 21 dervid
395 521 86 21 biträdd
497 521 24 21 af
534 522 150 21 Kamreraren.

261 554 151 23 Ordföranden
428 556 80 27 åligger
524 556 102 27 derjemte
642 558 32 19 att
689 556 106 26 dagligen,
809 556 53 21 efter
873 556 74 21 slutad

191 589 150 27 tjenstgöring,
358 596 75 21 genom
447 590 134 27 jemförande
598 591 23 21 af
629 591 114 21 kassörens
755 590 79 22 böcker
844 590 48 22 med
904 591 40 21 den

191 624 211 27 kassakontrollbok,
426 631 45 15 som
492 625 23 21 af
529 625 138 21 kamreraren
684 625 55 21 skall
755 625 65 26 föras,
837 625 110 27 öfvertyga

191 658 33 26 sig
247 664 34 16 om
302 660 32 20 att
350 659 35 21 det
400 660 7 20 i
423 660 80 21 kassan
519 660 138 21 innestäende
672 660 100 26 beloppet
788 660 47 21 icke
851 660 95 21 öfversti-

191 698 37 21 ger
244 693 36 21 det
296 693 24 21 af
334 694 103 26 styrelsen
452 694 65 27 högst
531 694 116 27 medgifna.

538 751 11 27 8
565 752 34 20 23.

261 789 202 27 Postsparbankens
485 791 129 27 tjenstemän
634 793 90 25 antagas
740 791 39 21 och
794 792 115 20 utnämnas
926 792 24 21 af

191 824 48 21 dess
262 825 96 26 styrelse,
382 825 86 21 hvilken
483 826 7 19 i
505 825 80 21 sådant
600 826 100 20 afseende
716 825 60 25 låter,
793 825 36 20 vid
843 825 104 22 inträffad

189 857 95 28 ledighet
307 859 23 20 af
351 859 109 22 ordinarie
483 859 66 27 tjenst
572 859 12 21 å
607 859 196 27 postsparbankens
819 861 49 24 stat,
885 860 61 21 anslå

190 892 40 21 och
253 893 99 27 kungöra
375 894 125 21 densamma
518 894 33 21 till
571 894 121 26 ansökning
707 893 59 22 inom
782 893 73 22 trettio
871 894 75 27 dagar.

258 927 106 22 Biträden
379 929 28 25 på
423 930 60 19 extra
499 929 42 20 stat
558 928 109 21 äfvensom
683 928 110 27 betjening
803 929 92 26 antagas
906 929 41 20 och

189 961 120 27 entledigas
326 962 22 21 af
363 962 152 21 ordföranden.

537 1008 12 27 8
565 1009 34 20 24.

258 1047 33 21 En
314 1047 54 22 hvar
388 1048 24 21 af
426 1048 26 21 de
467 1048 36 21 vid
519 1047 198 27 postsparbankens
732 1048 90 26 styrelse
838 1048 109 21 äfvensom

189 1081 36 21 vid
240 1084 121 24 poststaten
380 1083 98 21 anstälde
494 1082 91 21 embets-
597 1083 40 20 och
647 1082 129 27 tjenstemän
787 1084 56 19 samt
853 1083 95 26 betjente

189 1117 25 19 är
234 1116 36 21 det
289 1117 36 20 vid
340 1117 159 26 tjensteansvar
513 1116 116 28 förbjudet,
645 1118 33 19 att
693 1116 34 21 för
742 1122 102 21 personer
859 1117 89 21 stäende

188 1151 61 20 utom
271 1151 199 26 postsparbankens
492 1151 65 27 tjenst
580 1151 126 26 uppenbara
722 1150 66 27 nägot
803 1151 93 21 rörande
912 1157 36 15 en-

187 1183 69 22 skilde
272 1185 116 22 insättares
404 1192 65 14 namn
485 1186 40 21 och
541 1185 23 21 af
578 1185 48 21 dem
641 1185 7 21 i
664 1184 187 27 postsparbanken
866 1185 81 22 insatta

188 1218 85 27 belopp.
303 1219 67 22 Detta
392 1219 78 22 förbud
493 1221 64 25 utgör
580 1219 55 22 dock
654 1219 47 21 icke
721 1218 77 21 hinder
813 1219 34 20 för
862 1219 85 22 medde-

188 1252 64 22 lande
268 1253 32 21 till
316 1253 94 22 domstol
426 1254 23 21 af
463 1254 160 27 upplysningar,
640 1259 46 15 som
700 1253 94 21 rörande
810 1253 82 21 sädana
903 1253 43 22 för-

188 1286 116 23 hällanden
322 1288 74 21 kunna
411 1289 31 20 dit
457 1288 114 21 infordras.

257 1321 43 22 För
315 1324 133 25 poststatens
463 1323 130 26 tjenstemän
612 1322 40 21 och
668 1322 94 26 betjente
778 1321 59 26 gälla
852 1321 7 20 i
875 1321 73 28 öfrigt,

187 1355 8 20 i
218 1356 64 21 deras
304 1357 110 26 egenskap
437 1357 24 21 af
476 1357 163 26 tjenstgörande
654 1356 37 21 vid
706 1355 195 27 postsparbanken,
917 1356 32 21 uti

187 1389 130 28 tillämpliga
332 1391 61 21 delar
409 1391 26 21 de
451 1391 166 26 bestämningar,
635 1396 45 15 som
695 1390 7 21 i
718 1389 168 28 postordningen
897 1390 52 21 eller

187 1424 70 21 andra
272 1425 154 26 postväsendet
441 1425 92 21 rörande
553 1425 155 26 författningar
723 1424 71 21 finnas
809 1423 52 22 eller
876 1424 74 21 kunna

188 1459 69 20 varda
273 1458 123 22 faststälda.
