1078 1692
368 138 23 22 U.
407 138 22 22 B.
445 151 30 3 —
490 138 61 29 Prop.
567 138 38 22 N:o
623 137 33 23 13.
829 138 29 22 33

276 204 66 27 piais,
368 204 106 22 .eventuelt
499 203 99 22 Kouvola
623 203 89 28 station,
735 202 100 22 beroende
858 203 30 27 pä

280 239 140 22 hvilkendera
435 239 195 29 utgångspunkten
641 238 55 28 efter
705 245 131 22 noggranna
844 238 44 22 eko-

280 275 98 21 nomiska
402 275 36 22 och
462 275 100 22 tekniska
584 274 192 29 undersökningar
798 274 45 22 kan
859 274 29 22 De-

275 310 80 28 finnas
376 310 133 29 lämpligare,
529 310 38 22 och
589 310 58 22 ledas
662 310 60 28 öfver
738 310 79 28 Kieppi
832 310 58 22 sund

279 346 9 21 i
303 346 147 28 Mäntyharju
465 346 76 22 socken
551 346 62 28 förbi
629 346 70 22 Otava
714 346 34 22 till
762 346 34 22 S:t
809 345 80 23 Michel

280 382 37 21 och
340 382 101 27 derifrän
461 382 75 22 vidare
549 389 77 21 genom
641 382 145 26 Haukivuori,
801 381 88 23 Pieksä-

280 418 59 21 mäki
362 417 37 22 och
422 417 135 28 Suonenjoki
579 418 34 21 till
629 417 85 29 Kuopio
730 418 54 27 stad,
799 418 47 22 med
862 417 28 22 bi-

280 453 68 22 banor
363 453 33 21 till
411 453 78 22 Tisvesi
503 454 33 27 sjö
551 453 38 22 och
603 453 87 27 Kuopio
706 454 72 26 hamn,
792 461 49 15 men
857 455 32 20 att

279 489 50 27 1fall
345 489 34 21 det
394 489 36 21 vid
445 491 103 19 närmare
563 489 165 28 undersökning
743 489 68 22 skulle
826 489 63 27 befin-

280 532 42 14 nas
343 531 154 21 gynsammare
520 527 32 19 att
573 525 47 21 med
641 524 158 28 hufvudbanan
818 525 71 21 direkt

280 560 76 22 beröra
376 560 84 27 Tisvesi,
482 560 140 29 hvarigenom
638 561 41 22 den
688 561 131 27 föreslagna
834 560 55 22 biba-

281 603 45 15 nan
350 596 34 21 till
407 596 73 22 denna
503 596 32 28 sjö
558 596 70 23 skulle
648 596 108 28 bortfalla,
777 603 27 15 en
819 596 70 22 sådan

280 631 128 28 sträckning
424 631 29 27 af
465 631 74 23 banan
555 632 63 22 borde
634 632 83 22 erhålla
726 632 124 27 företräde;

315 673 36 21 3:o
375 674 33 20 att
428 673 36 21 vid
484 674 69 27 sagda
563 673 207 29 jernvägsbyggnad
786 673 55 22 skall
857 673 33 21 til-

281 708 82 28 lämpas
379 715 81 15 samma
475 708 197 29 byggnadssystem,
683 716 43 14 som
737 708 29 28 af
772 708 118 22 ständerna

274 744 114 27 faststälts
404 746 31 20 att
447 744 62 27 gälla
518 744 42 27 för
580 744 63 22 Wasa
655 745 37 21 och
706 743 115 29 Uleåborgs
827 744 62 28 jern-

279 779 188 29 vägstygynader;

316 821 36 21 4:o
373 823 31 19 att
425 822 8 20 i
449 821 219 26 öfverensstämmelse
682 821 46 22 med
744 820 146 22 1877—1878

281 857 36 21 års
343 857 98 21 ständers
464 857 9 21 i
493 857 68 22 saken
571 857 91 27 fattade
678 856 66 22 beslut
760 856 130 22 bestämnin-

278 899 43 20 gen
344 899 33 14 om
399 899 26 15 en
441 892 75 28 högsta
531 892 175 28 medelhastighet
721 891 28 28 af
760 893 36 20 två
811 891 37 22 och
863 898 27 15 en

281 927 52 27 half
347 927 39 22 mil
401 928 9 21 i
426 928 79 27 timma,
521 928 129 27 uppehällen
665 928 14 21 &
694 928 135 21 stationerna
845 927 46 21 deri

281 963 45 21 icke
340 963 135 28 inbegripna,
491 963 56 22 skall
563 963 123 28 bibehållas,
702 965 61 25 samt,
775 965 30 20 att
812 964 79 20 största

281 998 97 29 verkliga
402 999 134 28 hastigheten
559 1000 14 21 &
593 999 67 28 ingen
676 999 34 22 del
725 999 29 27 af
767 999 72 22 vanan
849 998 42 27 fär

281 1033 137 28 öfverskrida
433 1036 32 20 tre
480 1035 39 21 mil
534 1035 9 21 i
559 1035 96 27 timmen;

315 1076 33 21 5:o
371 1077 32 21 att
423 1076 174 28 ifrågavarande
613 1075 206 30 jernvägsbyggnad
834 1075 56 22 skall

278 1111 100 28 påbörjas
395 1112 25 21 år
437 1112 66 28 1887,
520 1112 163 28 hvarförinnan
694 1112 100 22 arbetena
804 1111 14 22 ä
830 1110 61 23 Uleä-

280 1146 61 29 borgs
358 1147 207 28 jernvägsbyggnad
581 1149 93 27 antagas
690 1147 66 28 blifva
772 1147 119 28 afslutade;

281 1182 95 23 sålunda
406 1183 71 28 likväl,
505 1185 33 20 att
563 1184 82 27 nödiga
669 1183 160 28 förberedande
855 1189 35 15 ar-

280 1218 64 27 beten,
360 1219 10 21 i
386 1218 101 22 händelse
502 1219 81 22 sådant
598 1219 94 28 befinnes
709 1219 102 28 lämpligt,
822 1217 69 22 redan

280 1254 71 22 under
366 1255 27 20 är
408 1254 61 22 1886
484 1255 78 22 kunna
577 1255 107 28 vidtagas,
699 1257 56 20 samt

317 1290 33 21 6:0
366 1291 32 20 att
413 1289 128 23 Ständerna
551 1290 42 27 för
607 1291 73 21 denna
686 1289 206 30 jernvägsbyggnad

280 1325 64 22 anslä
360 1333 28 14 en
403 1333 84 15 summa
503 1326 28 27 af
544 1327 140 26 16,400,000
699 1325 67 23 mark.

211 1378 179 29 Helsingfors,
406 1379 41 22 den
463 1379 31 22 23
509 1379 64 22 Mars
590 1379 64 22 1885.

212 1449 10 21 I
238 1450 62 21 detta
315 1451 91 21 ärendes
423 1451 135 27 behandling
568 1451 65 22 hafva
645 1451 91 27 deltagit
747 1449 145 24 ordföranden

139 1485 26 20 N.
190 1484 129 29 Grotenfelt,
340 1486 150 21 ledamöterne
513 1486 20 21 J.
555 1487 26 21 A.
601 1487 19 21 J.
637 1486 172 27 Pippingskiöld,
825 1485 25 21 A.
867 1485 24 20 L.

216 1522 198 42 Jernväysutskottets
430 1528 117 20 betänkande
563 1529 38 19 N:o
617 1529 17 19 1.
827 1531 12 18 3
