1078 1692
832 136 25 20 19

476 202 13 24 8
506 203 33 19 16.

198 246 78 28 Vigter
291 247 35 21 må
341 246 132 28 förfärdigas
489 246 25 22 af
524 247 55 27 jern,
597 246 99 28 messing,
713 246 89 27 platina,
813 245 74 28 nysilf-

129 288 38 15 ver
182 282 52 21 eller
248 288 72 14 annan
334 281 35 21 för
384 282 125 21 ändamålet
523 281 79 28 tjenlig
617 281 79 27 metall,
713 287 48 15 men
771 280 72 28 vigter
857 280 29 27 på

131 315 83 22 mindre
236 318 27 19 än
283 317 41 20 200
341 322 61 20 gram
418 315 110 23 äfvensom
543 315 190 27 precisionsvigter
749 315 34 21 må
799 315 17 27 ej
833 320 54 16 vara

133 350 24 21 af
167 350 56 27 jern.

476 396 13 26 8
506 397 33 19 17.

200 441 78 27 Vigter
301 441 25 21 af
344 442 49 27 jern
413 442 61 21 skola
489 441 67 23 hafva
571 441 118 28 cylindrisk
704 441 53 22 eller
772 443 65 26 svagt
852 442 37 20 ko-

131 476 49 22 nisk
195 476 61 27 form,
273 476 75 21 dervid
363 476 79 27 höjden
458 476 39 21 bör
512 482 54 16 vara
581 476 91 27 ungefär
687 476 45 22 lika
748 476 48 22 med
811 476 77 21 basens

132 510 110 26 diameter;
258 510 103 22 skolande
374 510 152 28 jernvigterna
541 511 30 27 pä
586 513 12 19 5
614 510 108 28 kilogram
737 511 39 21 och
792 510 98 22 deröfver

132 551 54 15 vara
209 544 101 23 försedda
331 544 49 22 med
399 545 101 27 ingjutna
515 545 98 27 handtag
629 545 24 21 af
666 545 66 22 smidt
744 546 50 26 jern
809 545 39 21 och
864 544 26 22 de

132 580 83 21 mindre
230 579 103 27 antingen
348 579 49 21 med
412 580 97 26 handtag
525 580 52 21 eller
592 580 48 21 med
655 580 44 21 fast
714 580 73 27 knapp
803 579 24 22 af
833 580 56 26 jern.

201 614 79 27 Vigter
298 614 24 21 af
336 620 72 15 annan
423 614 74 21 metall
513 616 27 19 än
553 614 49 28 jern
618 615 29 26 pä
663 616 11 19 1
691 621 61 21 gram
768 614 38 22 och
822 614 68 21 deröf-

133 655 38 15 ver
186 649 61 21 skola
263 648 65 22 hafva
344 648 118 27 cylindrisk
477 648 55 22 form
547 649 39 21 och
601 655 54 15 vara
671 648 103 22 försedda
789 648 47 22 med
847 648 43 22 fast

132 684 79 26 knapp.
243 682 77 28 Vigter
338 683 28 26 pä
386 684 42 20 500
443 689 62 21 gram
521 683 38 21 och
575 682 100 23 deröfver
690 683 62 21 skola
766 682 66 23 hafva
847 682 44 28 höj-

134 717 40 21 den
193 717 92 28 ungefär
304 717 45 21 lika
364 717 53 21 eller
431 718 68 26 nägot
514 719 70 19 större
599 719 25 19 är
639 717 125 27 diametern,
779 718 111 21 hvaremot

134 752 26 21 de
175 752 83 21 mindre
272 752 102 26 vigterna
388 758 59 15 mera
462 752 35 21 mä
512 754 75 19 närma
603 752 34 27 sig
651 752 35 21 till
698 752 82 22 formen
793 752 24 21 af
822 751 69 22 runda

134 786 88 27 skifvor,
246 786 86 22 hvilkas
350 786 95 28 tjocklek
465 786 48 22 icke
529 786 131 28 öfverstiger
674 786 76 22 halfva
766 786 124 22 diametern.

201 820 78 27 Vigter
294 821 29 26 på
338 820 82 21 mindre
435 822 28 19 än
481 822 10 19 1
508 827 61 20 gram
585 821 61 21 skola
660 822 91 26 utgöras
766 820 24 21 af
795 820 95 22 rätvink-

133 854 46 27 liga
193 854 83 22 skifvor
292 854 24 21 af
328 855 128 27 metallplåt,
473 855 48 21 med
536 855 93 27 uppvikt
643 855 54 22 kant
712 855 53 22 eller
778 855 61 21 hörn.

204 889 50 21 Alla
276 888 73 27 vigter
368 889 62 21 skola
444 895 55 16 vara
513 889 125 27 kompakta,
654 889 55 22 dock
724 891 35 20 att
774 890 14 21 å
803 889 26 22 de
844 888 46 27 vig-

134 925 39 25 ter,
190 929 45 16 som
250 924 54 21 böra
318 923 68 22 förses
402 923 48 22 med
465 925 25 20 så
506 925 85 20 kalladt
604 924 164 28 justeringsbly,
784 924 55 21 skall
854 923 37 22 fin-

134 964 39 15 nas
188 957 98 28 hålighet
300 957 35 22 för
349 958 140 27 upptagande
505 959 25 21 af
543 959 80 21 sådant
638 959 42 27 bly.

203 992 92 27 Vigtens
313 994 39 25 yta
367 993 39 20 bör
420 999 54 16 vara
489 993 74 22 såvidt
578 993 85 28 möjligt
675 993 65 28 jemn,
756 993 49 21 med
820 965 71 60 ain.

134 1027 56 21 dade
204 1027 84 27 kanter,
302 1027 39 21 och
356 1027 36 21 mä
407 1027 124 22 densamma
545 1034 55 15 vara
609 1027 88 22 försedd
707 1027 49 22 med
765 1027 127 28 skyddande

135 1060 116 28 öfverdrag
271 1061 24 22 af
308 1061 71 22 nickel
395 1062 52 21 eller
462 1064 69 19 annat
546 1063 88 27 tjenligt
649 1065 67 24 ämne,
733 1063 25 21 sä
774 1061 65 22 framt
855 1061 36 22 det

134 1095 73 22 blifvit
222 1095 94 28 anbragt
330 1095 48 22 före
391 1096 87 27 vigtens
491 1096 116 27 justering.

203 1129 33 22 Pä
253 1129 123 28 jernvigter
395 1130 56 21 skall
466 1137 75 20 genom
558 1131 151 21 tillverkarens
726 1131 39 21 och
779 1130 28 27 pä
823 1129 69 22 andra

134 1163 72 27 vigter
228 1170 76 21 genom
324 1164 135 27 justerarens
482 1164 86 28 försorg
590 1165 86 27 vigtens
696 1165 62 21 valör
775 1164 117 21 betecknas

134 1204 76 21 genom
225 1198 85 27 tydliga
325 1198 71 22 siffror
410 1199 39 22 och
461 1199 134 27 bokstäfver,
609 1199 75 22 dervid
698 1199 96 28 följande
801 1198 92 22 förkort-

134 1232 78 27 ningar
227 1231 24 22 få
265 1231 93 29 nyttjas:
374 1233 28 28 kg
417 1233 34 21 för
465 1233 114 27 kilogram,
596 1234 15 21 It
623 1233 34 22 för
669 1233 71 28 nylod,
749 1241 27 20 gr
783 1233 34 22 för
825 1239 67 21 gram,

135 1266 28 27 dg
178 1266 33 21 för
226 1266 109 27 decigram
351 1267 39 21 och
404 1275 35 20 mg
454 1267 35 22 för
503 1267 122 28 milligram.

481 1326 14 25 8
512 1326 33 20 18.

205 1370 151 27 Insatsvigter,
380 1370 39 22 der
437 1371 164 27 sammanlagda
622 1371 96 27 tyngden
734 1370 26 22 af
772 1370 49 21 hela
836 1369 58 27 vigt-

134 1406 74 19 satsen
226 1405 85 26 uppgär
325 1404 34 21 till
374 1404 105 27 antingen
494 1406 33 20 ett
543 1405 53 21 eller
611 1406 32 20 ett
657 1405 57 21 halft
728 1404 113 28 kilogram,
858 1403 36 21 mä

131 1438 82 27 jemväl
235 1438 8 21 i
263 1438 108 21 allmänna
390 1439 95 21 rörelsen
500 1439 119 27 begagnas,
636 1440 23 21 sä
676 1439 66 22 framt
759 1439 26 21 de
800 1441 37 19 äro
853 1437 41 22 till-
