1078 1692
384 174 22 19 U.
418 174 23 18 B.
454 184 21 5 —
488 174 61 23 Prop.
565 174 38 19 N:o
616 174 28 18 10.
855 174 11 18 3

137 233 89 26 tagning
248 232 22 22 af
290 232 138 22 innestående
450 232 68 22 medel
538 232 46 22 ske:
599 232 119 21 oberoende
733 232 23 21 af
770 233 66 24 orten,
852 231 38 21 der

137 267 143 26 insättningen
303 268 34 25 egt
359 272 53 21 rum,
435 267 39 21 och
497 268 51 20 utan
567 267 32 21 att
613 266 70 26 någon
698 266 156 27 öfverflyttning
868 265 24 21 af

137 300 89 22 motbok
248 300 46 22 från
317 301 35 21 det
371 307 40 15 ena
425 300 220 28 sparbankskontoret
660 300 31 21 till
707 300 36 21 det
758 300 65 21 andra
837 300 53 21 först

137 334 92 22 behöfde
247 335 79 26 föregå.
364 334 106 23 Särskildt
488 335 33 21 för
536 335 41 21 den
593 335 34 21 del
641 334 23 22 af
677 334 83 22 landets
775 334 115 22 arbetande

138 368 128 28 befolkning,
283 375 45 15 som
343 369 65 21 vistas
424 370 27 27 på
466 369 171 27 arbetsförtjenst
651 370 59 20 utom
726 368 109 22 hemorten
851 368 39 22 och

138 409 44 15 som
205 403 45 22 ofta
271 404 67 21 under
360 404 71 27 loppet
453 404 23 21 af
492 404 52 21 flera
559 404 24 21 år
597 403 72 27 flyttar
684 403 46 21 från
746 403 41 21 den
802 409 40 15 ena
856 408 33 16 ar-

138 437 130 27 betsplatsen
291 438 32 21 till
345 438 41 21 den
408 438 73 26 andra,
497 440 52 19 utan
565 440 31 19 att
611 437 141 27 någonstädes
768 443 38 21 ega
821 437 69 26 stadig

138 471 83 27 bostad,
236 478 51 15 vore
303 472 69 21 denna
388 472 102 27 rättighet
505 472 22 21 af
541 474 45 20 stor
601 472 115 26 betydelse.
746 472 32 21 De
789 472 6 20 i
806 471 84 21 banken

137 506 79 21 insatta
232 506 165 27 besparingarna
412 506 69 22 blefve
496 506 47 22 icke
557 512 46 16 mer
618 506 87 21 bundna
719 506 36 21 vid
770 506 69 26 någon
854 505 36 21 be-

138 540 69 21 stämd
230 542 39 24 ort,
292 540 27 21 de
341 541 70 21 kunde
433 541 51 27 följa
506 541 112 21 arbetaren
636 540 31 22 till
686 540 53 21 hans
755 546 41 21 nya
810 540 80 21 arbets-

137 574 56 26 plats
209 574 40 22 och
264 574 97 22 öfverallt
375 581 51 15 vara
445 575 78 21 honom
538 575 44 21 lika
597 575 39 21 lätt
650 574 138 27 tillgängliga,
803 576 31 19 ett
848 574 42 21 för-

138 608 105 27 hållande,
259 614 45 16 som
323 609 111 21 Utskottet
450 615 62 15 anser
527 608 125 28 oafvisligen
666 608 86 22 komma
767 610 31 20 att
813 608 77 21 fördel-

138 642 69 28 aktigt
227 643 89 21 inverka
334 643 28 27 på
376 644 70 20 denna
461 643 78 27 rörliga
554 643 134 27 befolknings
702 643 95 27 förmåga
811 644 32 20 att
857 643 33 20 ut-

139 676 47 22 öfva
201 677 138 27 sparsamhet.

206 712 34 20 En
254 712 107 26 synnerlig
375 712 188 26 uppmärksamhet
578 718 62 16 anser
652 712 111 22 Utskottet
774 712 74 26 frågan
856 717 34 15 om

137 745 90 21 minimi-
243 746 39 21 och
297 746 244 22 maximibestämmelser
556 746 33 22 för
604 747 140 26 insättningar
762 746 6 21 i
783 747 107 27 postspar-

138 779 84 21 banken
236 779 98 28 förtjena.
365 780 36 22 Uti
417 781 40 21 den
472 781 78 26 nådiga
565 781 160 27 propositionen
740 780 57 22 afses
812 781 32 20 att
855 785 35 21 ge-

138 820 49 14 nom
209 814 111 22 införande
343 814 23 22 af
387 815 138 26 sparmärken
547 815 33 21 till
602 822 26 14 en
650 815 59 21 valör
731 814 23 22 af
770 814 75 22 endast
864 814 27 20 10

137 847 64 27 penni
216 848 122 22 underlätta
353 849 33 21 för
400 849 27 21 de
441 849 66 22 minst
521 849 124 22 bemedlade
660 849 40 21 och
715 849 53 21 barn
780 850 31 19 att
819 847 71 22 säker-

137 882 63 21 ställa
214 883 61 21 äfven
294 883 42 21 den
354 883 155 28 obetydligaste
524 884 147 27 sparpenning.
701 884 46 21 Den
764 882 125 26 erfarenhet,

137 922 45 15 som
204 916 7 21 i
233 917 60 21 detta
311 917 99 22 afseende
425 918 65 21 redan
505 919 86 20 vunnits
606 918 35 21 vid
655 913 47 26 Åbo
718 917 112 28 sparbank,
845 917 44 25 der,

137 950 65 27 enligt
216 952 32 20 ett
262 951 32 20 till
310 951 110 22 Utskottet
434 953 72 26 gjordt
520 953 145 26 meddelande,
676 952 82 21 tillfälle
772 951 66 22 sedan
853 951 36 21 nå-

135 990 39 21 gra
195 985 25 20 år
241 985 89 22 tillbaka
352 986 85 21 beredts
460 987 128 21 skolbarnen
603 989 31 19 att
648 993 76 20 genom
738 987 47 20 sina
799 986 69 21 lärare
882 985 7 21 i

136 1019 84 20 banken
242 1019 79 22 insätta
343 1020 47 21 från
413 1020 42 22 fem
469 1021 33 21 till
517 1021 30 21 tio
563 1021 64 27 penni
641 1021 7 21 i
663 1021 88 27 gången,
767 1020 28 27 på
809 1019 81 22 hvilket

136 1054 42 20 sätt
201 1053 97 27 omkring
321 1055 63 25 1,000
405 1055 62 21 mark
489 1061 34 15 om
541 1055 46 22 året
601 1055 85 26 influtit,
702 1060 117 22 uppmanar
834 1053 55 21 blott

135 1087 32 21 till
185 1087 113 27 efterföljd.
335 1089 48 21 Den
405 1089 111 27 framgång
530 1090 121 21 införandet
666 1089 22 22 af
702 1088 137 29 sparmärken
855 1089 34 25 egt

134 1122 7 20 i
156 1121 102 27 utlandet,
280 1122 54 22 låter
356 1123 61 21 äfven
433 1124 81 27 hoppas
533 1126 32 19 att
581 1124 70 21 denna
665 1124 120 21 institution
800 1123 39 20 hos
855 1127 33 16 oss

134 1156 54 21 skall
210 1156 85 21 komma
317 1158 32 20 att
364 1157 67 22 väcka
445 1158 42 27 håg
505 1158 34 21 för
560 1159 132 26 sparsamhet
710 1158 7 21 i
734 1157 154 22 vidsträcktare

133 1190 83 21 kretsar
230 1190 24 21 af
266 1191 119 22 samhället.

202 1225 75 26 Någon
299 1226 150 26 maximigräns
472 1227 33 20 för
524 1227 41 20 den
588 1227 106 21 enskildes
715 1227 143 26 insättningar
880 1226 8 21 i

134 1259 83 21 banken
239 1259 115 22 fastställes
377 1260 46 21 åter
444 1261 48 21 icke
507 1261 31 21 uti
561 1261 41 21 den
624 1261 78 26 nådiga
720 1261 166 27 propositionen.

133 1293 47 21 Den
195 1294 64 21 redan
270 1295 93 20 nämnda
375 1295 263 27 postsparbankskomiten
653 1295 55 22 hade
723 1295 62 22 äfven
799 1295 88 21 utelem-

132 1329 37 20 nat
183 1328 73 27 hvarje
271 1329 225 26 maximibestämning.
526 1329 113 22 Utskottet
654 1330 39 21 har
708 1329 117 22 emellertid
839 1328 48 21 icke

131 1361 82 22 kunnat
235 1363 84 20 ansluta
341 1363 32 26 sig
395 1363 32 21 till
450 1363 69 22 denna
536 1364 138 27 uppfattning
690 1370 33 15 om
744 1363 142 26 obehöflighe-

131 1398 36 19 ten
182 1397 7 20 i
204 1397 91 21 Finland
310 1397 24 21 af
348 1404 26 15 en
389 1398 142 27 begränsning
547 1399 24 20 af
585 1399 236 26 insättningsbeloppet.

201 1431 74 21 Såsom
290 1431 63 22 äfven
364 1432 265 27 postsparbankskomiten
644 1433 66 21 redan
722 1432 116 22 framhållit
848 1431 38 21 fin-

130 1470 37 15 nes
175 1465 105 27 nämligen
289 1467 6 20 i
304 1467 99 26 samtliga
411 1467 126 27 europeiska
543 1466 343 29 postsparbankslagarfaststäldt

197 1505 133 18 Statsutskottets
342 1507 104 17 betänkande
459 1507 34 17 N:o
507 1508 17 16 3.
