1078 1692
473 178 37 23 N:o
526 178 31 23 13.
852 179 13 20 3

133 246 68 27 punkt
224 247 90 27 belägen
332 247 36 21 två
388 248 59 20 verst
463 249 93 19 österom
572 248 69 26 sagda
656 247 81 21 station
754 247 40 21 och
809 246 86 22 förenar

136 281 32 26 sig
187 281 47 21 med
250 282 65 20 linien
330 281 183 21 Davidstad—S:t
528 282 79 21 Michel
623 282 98 26 omkring
736 281 38 21 två
789 282 57 20 verst
861 282 33 20 sö-

135 315 72 21 derom
223 315 142 22 Halmeniemi
380 315 123 27 föreslagna
517 316 124 26 haltpunkt.
663 316 43 20 För
722 316 71 20 denna
803 315 91 21 sälunda

134 349 132 21 undersökta
288 350 128 20 alternativa
438 350 51 20 linie
511 350 143 26 upprättades
676 350 80 26 jemväl
775 350 60 26 plan-
855 349 40 21 oeh

133 382 169 28 profilritningar
322 383 108 21 äfvensom
445 384 187 27 kostnadsförslag
648 384 53 21 efter
717 390 83 15 samma
815 383 78 27 princi-

134 424 44 20 per,
202 424 45 14 som
266 418 118 26 tillämpats
399 418 35 21 vid
450 418 67 21 Wasa
531 418 84 21 banans
629 418 121 27 byggande.
780 418 112 22 Dessutom

134 452 129 26 uppgjordes
282 459 84 15 samma
386 452 23 21 är
428 452 33 21 för
475 452 67 21 linien
557 452 183 22 Davidstad—S:t
756 452 77 22 Michel
847 453 48 26 nytt

135 486 184 27 kostnadsförslag
341 487 49 21 med
412 487 135 27 tillämpning
570 486 24 22 af
614 486 147 28 nyssnämnda
785 486 111 27 principer,

135 520 74 21 hvilka
231 521 7 20 i
262 521 116 21 allmänhet
402 520 65 22 ocksä
485 521 67 21 redan
568 521 114 27 iakttagits
697 521 36 21 vid
748 520 149 27 uppgörandet

139 554 24 21 af
175 554 207 28 kostnadsförslaget
397 555 33 21 för
445 555 64 21 linien
525 555 56 21 ifrän
598 555 32 21 S:t
645 555 78 21 Michel
739 555 32 21 till
787 554 91 27 Kuopio.

205 589 31 21 De
258 589 160 21 instrumentalt
439 590 133 21 undersökta
594 590 92 20 linierna
708 589 49 21 frän
776 588 120 22 Davidstad

136 624 33 20 till
189 623 30 21 S:t
234 624 78 21 Michel
332 624 41 21 och
393 624 94 21 derifrän
502 624 33 20 till
550 624 86 26 Kuopio
651 625 79 25 utgöra
746 624 7 20 i
768 624 71 26 längd,
856 623 41 21 den

136 657 59 21 förra
218 659 26 20 92
267 660 57 19 verst
348 658 39 21 oeh
410 658 41 21 den
470 658 97 26 sednare,
581 658 67 27 jemte
664 664 27 15 en
707 659 12 20 6
735 659 59 20 verst
808 658 42 20 400
865 656 32 22 fot

135 692 52 26 lång
205 692 80 21 bibana
303 692 33 21 till
355 693 74 20 Iisvesi
445 692 40 22 och
501 698 26 15 en
543 693 12 20 2
571 694 59 20 verst
645 693 41 20 460
702 692 32 21 fot
748 692 51 26 lång
816 692 80 20 bibana

136 726 32 21 till
191 726 85 27 Kuopio
299 727 60 20 stads
381 726 72 26 hamn,
478 727 39 20 151
539 728 57 20 verst
614 727 63 25 2,359
698 726 31 21 fot
744 726 52 22 eller
812 726 83 21 säledes

136 760 141 21 tillsammans
293 760 97 27 omkring
406 762 55 26 2431
476 762 65 20 verst.
567 761 127 21 Kostnaden
705 760 33 22 för
750 767 26 15 en
787 760 108 27 jernvägs-

135 794 100 27 byggnad
258 794 12 22 å
293 795 66 27 sagde
378 795 50 21 linie
443 795 68 21 skulle
526 795 79 27 belöpa
621 795 31 27 sig
668 795 92 21 emellan
775 794 120 22 Davidstad

136 828 40 21 oeh
193 829 30 20 S:t
238 829 84 25 Michel,
339 829 65 26 enligt
421 830 54 20 1883
487 829 34 21 års
532 829 193 27 kostnadsförslag,
737 829 33 21 till
781 828 114 27 6,210,000

135 862 62 21 mark
219 863 51 20 eller
289 863 77 25 67,500
385 863 62 21 mark
465 869 38 20 per
518 865 59 19 verst
592 865 56 20 samt
663 863 91 21 emellan
771 863 31 21 S:t
817 862 79 21 Michel

136 897 40 20 och
199 897 84 26 Kuopio
306 897 48 21 med
377 897 141 22 förenämnda
533 898 92 21 bibanor
641 898 32 21 till
692 897 127 26 13,800,000
835 896 63 21 mark

137 931 52 21 eller
205 931 96 26 omkring
317 932 77 25 91,000
410 931 61 21 mark
487 938 38 19 per
540 934 65 19 verst.
634 932 34 21 Då
684 931 118 22 emellertid
818 931 36 21 vid
869 937 27 15 en

135 965 232 27 jernvägsanläggning
382 966 90 21 emellan
488 966 121 21 Davidstad
626 967 39 20 och
680 967 87 26 Kuopio
782 966 36 21 det
827 965 70 26 billig-

138 999 132 27 hetssystem,
288 1006 45 15 som
348 999 58 27 följts
421 1000 35 21 vid
471 1000 120 27 Wasa'oeh
601 1001 119 26 Uleåborgs
728 1000 170 27 jernvägsbygg-

137 1034 73 25 nader,
230 1033 135 28 fullständigt
384 1034 67 21 skulle
467 1035 110 26 tillämpas
593 1035 41 20 och
649 1035 41 21 den
706 1034 128 26 erfarenhet,
851 1039 46 15 som

137 1067 74 22 dervid
233 1068 91 25 vunnits,
351 1068 7 21 i
382 1068 63 27 öfrigt
467 1069 162 26 tillgodogöras,
660 1069 84 21 komme
771 1069 26 20 de
822 1067 76 22 beräk-

136 1102 56 21 nade
213 1102 147 21 kostnaderna
382 1103 110 21 sannolikt
515 1105 33 19 att
570 1103 71 27 nedgä
663 1103 33 21 till
715 1105 31 20 ett
760 1101 103 23 medeltal
877 1100 24 21 af

136 1136 97 27 omkring
248 1137 78 25 62,000
341 1137 62 20 mark
418 1143 39 20 per
471 1139 58 19 verst
549 1137 41 22 och
609 1137 92 21 sälunda
719 1137 34 22 för
768 1137 50 21 hela
833 1137 66 20 sträc-

135 1171 44 20 kan
205 1170 56 21 ifrän
287 1171 65 21 södra
371 1171 129 21 stambanan
519 1171 33 21 till
575 1171 85 27 Kuopio
676 1171 50 27 föga
742 1170 115 27 öfverstiga
874 1170 24 21 15

135 1205 107 21 millioner
257 1205 68 21 mark.

204 1239 40 21 Till
264 1240 42 21 den
325 1239 79 27 punkt,
420 1240 37 21 der
472 1240 66 21 linien
553 1239 274 28 Kaipiais-Halmeniemi
843 1238 55 21 före-

135 1280 40 15 nar
193 1274 32 27 sig
240 1275 49 20 med
304 1274 65 21 linien
384 1273 184 22 Davidstad—S:t
583 1274 84 26 Michel,
684 1276 26 19 är
725 1273 110 22 afständet
852 1272 47 21 från

136 1308 99 27 Kaipiais
250 1308 81 21 station
347 1309 61 25 44,04
426 1310 59 19 verst
501 1309 40 20 och
557 1307 48 22 frän
621 1308 120 22 Davidstad
758 1308 62 25 42,28
833 1308 64 24 verst,

137 1342 111 21 hvaremot
271 1343 41 20 den
335 1349 42 20 nya
398 1343 77 20 liniens
497 1343 66 26 längd
586 1343 92 21 emellan
694 1340 206 28 anslutningspunk-

136 1377 63 20 terna
213 1378 63 25 utgör
291 1377 77 20 endast
383 1377 61 26 42,04
461 1378 58 20 verst
530 1377 52 21 eller
592 1376 83 22 således
686 1377 47 25 0,24
745 1378 60 19 verst
814 1374 84 22 mindre

134 1411 28 20 än
186 1411 152 26 sträckningen
356 1410 48 22 från
422 1411 122 21 Davidstad
560 1411 33 21 till
609 1411 26 21 de
650 1410 58 21 båda
724 1410 103 21 liniernas
842 1408 55 21 före-

133 1444 58 27 ning.
229 1445 127 21 Kostnaden
374 1444 34 22 för
426 1451 27 15 en
466 1445 205 27 jernvägsbyggnad
687 1444 13 21 å
715 1444 42 21 den
772 1449 44 21 nya
831 1443 66 21 linien
