1078 1692
395 156 19 24 U.
430 156 20 22 B.
466 170 26 2 —
507 157 54 28 Prop.
577 157 32 22 N:o
627 158 32 22 11.

424 549 189 22 Ekonomiutskottets
632 549 70 28 förslag
720 549 29 21 till
766 548 137 28 sammanjemk-

354 584 45 27 ning
414 584 21 21 af
449 583 89 22 Ständens
553 584 58 21 delvis
627 584 111 28 skiljaktiga
752 584 60 20 beslut
828 583 29 21 vid
872 583 32 21 be-

356 618 111 28 handlingen
490 618 21 22 af
529 618 100 22 utskottets
645 618 114 22 betänkande
774 618 31 21 N:o
824 618 9 20 1
850 618 6 20 i
872 624 32 14 an-

354 652 76 28 ledning
443 652 22 22 af
478 652 20 21 H.
514 653 23 21 K.
553 653 34 21 M:s
602 652 68 28 Nädiga
685 653 112 27 proposition
813 652 91 27 angäende

356 686 66 22 förbud
435 688 37 20 mot
488 687 100 27 hingstföls
603 687 120 27 utsläppande
738 686 11 22 å
764 693 100 21 gemensam
873 686 31 21 he-

355 721 87 22 tesmark.

219 771 47 22 Vid
289 772 175 28 behandlingen
487 772 26 21 af
529 772 127 22 utskottets
672 771 147 23 betänkande
836 772 69 27 angä-

148 805 59 21 ende
230 806 86 28 nädiga
334 806 177 28 propositionen
529 806 44 22 N:o
590 807 26 20 11
633 807 8 20 i
656 806 128 28 anledning
799 806 26 20 af
838 806 67 21 Stän-

149 840 83 21 dernas
247 840 102 27 petition
365 847 37 14 om
416 840 85 21 förbud
517 842 49 19 mot
581 840 127 28 hingstföls
722 840 154 28 utsläppande
892 840 14 21 &

149 881 132 20 gemensam
304 874 137 28 betesmark,
466 874 77 27 hafva,
567 875 76 27 enligt
661 874 61 22 hvad
737 874 39 21 till
790 874 116 21 utskottet

151 907 117 22 ankomna
283 908 216 29 protokollsutdrag
514 909 84 26 utvisa,
615 909 28 20 de
653 916 58 21 resp.
723 909 97 21 stånden
831 908 76 21 vidta-

150 942 36 27 git
201 941 103 29 följande
320 942 86 21 beslut:

221 976 123 27 Ingressen
368 976 42 21 har
433 977 25 20 af
471 976 172 29 Ridderskapet
659 977 43 21 och
718 976 69 21 adeln
803 976 103 28 antagits

150 1010 52 21 med
225 1010 45 21 den
293 1010 107 28 ändring,
418 1013 33 19 att
470 1011 72 21 orden
557 1013 47 26 ,ett
620 1011 128 28 stadgande
764 1012 23 20 at
803 1010 103 29 följande

149 1044 99 28 lydelse”
263 1045 75 21 skulle
353 1045 96 28 utbytas
465 1047 50 19 mot
530 1053 37 20 ,en
581 1046 25 21 så
621 1046 92 27 lydande
724 1045 132 28 förordning
866 1052 39 14 an-

149 1079 81 28 gående
246 1079 85 27 förbud
352 1083 43 18 mot
413 1080 109 27 hingstars
541 1081 143 26 utsläppande
695 1081 32 26 på
740 1087 118 21 gemensam
874 1079 31 20 be-

153 1113 110 22 tesmark.*
294 1114 176 21 Prestaständet
489 1114 42 21 har
547 1115 93 27 antagit
655 1114 133 21 densamma
803 1113 52 21 med
870 1115 37 19 ut-

150 1147 57 28 byte
222 1147 26 22 af
261 1147 57 22 sista
334 1148 71 21 orden
424 1150 45 26 ,ett
487 1148 142 28 stadgande”
645 1150 48 19 mot
704 1156 40 20 ,en
755 1147 151 28 författning,"

149 1181 71 29 jemte
236 1182 116 21 anmodan
368 1185 35 18 att
418 1183 117 21 utskottet
550 1184 73 21 måtte
639 1183 59 21 förse
709 1182 198 27 författningsför-

151 1216 75 28 slaget
248 1216 52 21 med
323 1216 87 21 rubrik.
441 1217 200 28 Borgareståndet
663 1217 41 21 har
727 1216 127 29 uppdragit
871 1218 36 19 ut-

151 1250 88 22 skottet
254 1252 36 19 att
305 1250 60 21 förse
381 1251 46 20 den
442 1251 133 28 föreslagna
585 1251 168 28 förordningen
764 1250 52 22 med
827 1250 81 21 rubrik

152 1287 60 19 samt
234 1285 88 21 lemnat
340 1285 83 28 frågan
439 1293 37 13 om
491 1285 121 28 ingressen
627 1286 114 21 beroende
757 1285 38 22 till
811 1285 51 20 dess
872 1286 35 19 ut-

151 1319 87 21 skottet
261 1319 52 21 med
339 1319 88 28 förslag
449 1319 38 21 till
506 1319 82 22 rubrik
603 1320 129 22 inkommit.
763 1319 145 22 Bondestån-

151 1353 40 21 det
206 1353 42 21 har
263 1353 111 21 anmodat
389 1353 117 22 utskottet
521 1356 36 19 att
573 1354 84 21 föreslå
672 1354 80 21 rubrik
768 1354 37 21 till
815 1353 93 22 författ-

151 1387 87 28 ningen
254 1387 44 22 och
314 1387 97 28 vidtaga
426 1387 88 28 nödiga
525 1388 127 28 ändringar
663 1389 9 20 i
681 1388 172 22 betänkandets
863 1387 45 21 för-

151 1423 37 19 sta
211 1421 93 22 klämm.
334 1422 37 21 Då
393 1422 163 28 ridderskapet
572 1423 43 21 och
631 1422 69 21 adeln
715 1423 92 27 antagit
823 1422 85 27 ifråga-

150 1455 103 21 varande
272 1455 90 28 ingress
382 1456 52 21 med
450 1463 29 14 en
495 1456 197 28 omformulering,
709 1464 48 14 som
772 1456 87 29 jemväl
874 1456 34 21 in-

150 1489 102 24 nefattar
274 1497 29 17 en
326 1489 73 23 sådan
422 1490 86 32 rubrik,
533 1497 50 15 som
603 1491 28 21 de
647 1491 75 28 öfriga
737 1491 98 22 stånden
851 1497 57 24 upp-
