1078 1692
224 161 12 21 6
442 163 19 23 U.
477 163 20 23 B.
513 157 28 23 —
553 164 56 28 Prop.
625 164 33 24 N:o
672 164 28 24 16.

193 216 35 22 till
242 217 164 29 ofvanuppgifna
428 220 76 28 belopp
527 222 94 23 200,000
635 222 65 21 mark.
732 221 73 21 Säsom
821 221 64 22 redan
900 222 49 21 tidi-

195 257 49 21 gare
269 255 118 19 omnämnts
412 254 38 22 har
473 256 108 26 nämligen
600 256 150 26 trafikeringen
766 256 22 21 af
801 256 63 21 Wasa
878 256 70 21 banan

192 286 68 21 under
275 287 141 23 innevarande
431 289 34 22 ärs
480 290 68 21 första
563 290 101 22 mänader
679 290 55 22 visat
750 292 30 19 ett
795 290 48 21 vida
853 296 94 22 gynsam-

194 326 58 15 mare
266 321 90 22 resultat
380 324 27 19 än
430 324 66 21 under
511 324 127 27 föregående
653 324 23 21 år
692 325 62 21 1884.
785 324 68 22 Sedan
865 324 83 27 jernvä-

194 360 40 20 gen
259 354 33 22 till
315 355 108 29 Uleäborg
441 358 80 26 jemväl
543 358 70 21 blifvit
635 358 85 28 öppnad
735 358 33 21 för
782 358 90 22 trafiken
886 358 61 22 torde

195 388 106 22 dessutom
309 390 119 22 inkomsten
437 391 47 21 från
496 392 56 21 Wasa
559 392 70 22 banan
637 392 85 22 komma
730 394 32 20 att
769 392 31 21 uti
808 392 46 22 icke
861 392 87 27 obetyd-

193 422 29 27 lig
237 423 48 21 män
301 426 87 24 stegras,
397 425 39 21 och
450 426 39 21 har
505 425 111 23 Utskottet
630 426 104 22 inhemtat
749 428 32 20 att
796 426 23 22 af
831 427 40 21 den
886 426 61 22 Uleä-

192 456 92 28 borgska
296 458 115 28 jernvägen
426 460 99 22 sträckan
548 452 94 40 Nurmo—
654 452 74 40 Gamla
742 460 92 28 Karleby
848 460 98 28 möjligen

192 491 65 21 redan
282 492 48 21 frän
352 493 75 22 hösten
449 494 24 21 är
495 495 54 21 1885
575 495 70 21 kunde
662 495 86 21 komma
763 497 32 19 att
808 495 138 27 provisoriskt

189 524 119 29 trafikeras,
334 527 87 22 hvarvid
442 529 123 27 ytterligare
591 532 65 19 äratt
671 529 76 22 märka
762 531 32 19 att
809 530 40 20 den
864 529 80 21 förlust.

191 558 146 24 bedrifvandet
362 561 22 21 af
405 562 140 22 bansträckan
570 563 184 22 Nurmo—Gamla
773 563 91 27 Karleby
879 564 67 21 under

191 593 58 22 tiden
264 594 33 21 till
312 595 48 21 hela
383 596 123 28 jernvägens
522 598 131 22 slutförande
668 598 72 21 kunde
756 597 115 25 framkalla,
887 598 59 26 päfö-

191 634 34 15 res
241 628 68 22 denna
320 629 65 22 banas
401 630 180 28 byggnadskonto.
601 632 157 22 Ofvanstäende
766 634 47 25 post
820 632 27 26 pä
856 632 90 27 200,000

191 662 61 21 mark
277 663 39 21 har
330 664 110 22 Utskottet
455 668 71 20 ansett
541 666 124 28 erforderlig
680 667 76 21 endast
771 666 32 22 för
818 668 31 20 att
857 666 88 22 betäcka

190 695 102 23 förlusten
308 698 23 21 af
344 698 117 28 Uleäborgs
476 700 81 22 banans
573 700 129 28 trafikering,
719 701 53 21 efter
788 701 35 21 det
838 700 68 22 banan
914 700 31 22 öf-

189 730 127 23 verlemnats
340 733 32 21 till
397 734 217 28 Jernvägsstyrelsens
639 735 134 27 förvaltning.
811 734 133 22 Beträffande

187 764 101 28 slutligen
302 766 148 28 Hangöbanan
473 769 40 21 har
527 770 68 21 under
610 770 26 21 de
651 772 84 19 senaste
751 770 50 20 åren
816 769 100 22 förlusten
932 770 12 20 &

189 798 121 24 densamma
335 802 81 26 utgjort
440 804 7 20 i
471 804 100 21 medeltal
598 804 97 27 omkring
713 804 88 24 100,000
816 804 65 21 mark.
911 804 33 21 Då

189 833 68 22 denna
272 834 75 23 förlust
362 836 33 21 till
410 840 79 19 största
504 838 61 21 delen
581 840 23 19 är
619 840 32 19 att
666 838 124 21 tillskrifvas
805 838 44 21 dels
859 838 85 21 utförda

188 867 150 28 nybyggnader
360 870 45 21 dels
428 871 39 22 den
492 872 7 21 i
511 872 122 27 jemförelse
647 873 50 20 med
712 872 80 21 banans
807 872 59 27 ringa
881 871 63 22 trafik

187 900 63 28 högst
265 902 106 29 betydliga
386 904 257 29 förvaltningskostnaden
658 906 40 22 och
713 906 110 22 Utskottet
837 905 68 22 funnit
912 906 32 27 sig

187 935 53 22 böra
254 937 106 27 tillstyrka
375 941 31 18 att
423 939 130 26 Ständerna,
573 941 67 20 sedan
656 941 74 20 banan
740 939 113 28 framgent
862 939 82 22 komme

186 972 32 17 att
233 970 110 28 bedrifvas
353 973 45 26 för
412 973 292 29 kommunikationsfondens
719 974 102 27 räkning,
836 974 65 21 ville
895 966 11 40 i
909 974 34 21 det

186 1004 152 29 underdåniga
360 1010 71 18 svaret
453 1009 13 20 &
477 1008 156 28 föreliggande
648 1009 84 26 nådiga
745 1008 136 27 proposition
897 1008 45 20 låta

186 1037 52 28 ingå
258 1041 27 18 ett
307 1041 113 20 uttalande
442 1049 31 14 om
497 1045 32 18 att
551 1043 47 27 ofta
623 1042 98 21 nämnda
742 1042 56 20 bana
821 1041 63 21 borde
901 1042 42 27 för

179 1071 127 27 framtiden
317 1075 32 26 på
365 1077 29 18 ett
409 1075 100 28 billigare
531 1079 43 18 sätt
590 1077 122 27 trafikeras,
729 1076 39 21 har
783 1075 109 22 Utskottet
907 1082 35 15 an-

185 1108 43 19 sett
243 1109 31 18 ett
289 1108 73 27 anslag
387 1109 23 21 af
432 1111 92 21 200.000
539 1111 61 21 mark
615 1111 33 20 till
663 1110 133 21 betäckande
811 1109 23 22 af
847 1110 39 21 den
901 1109 42 22 för-

185 1139 49 27 lust,
250 1147 46 15 som
318 1148 75 21 genom
416 1143 80 22 banans
511 1144 125 27 trafikering
651 1145 37 21 det
704 1144 89 21 oaktadt
807 1144 69 21 kunde
892 1150 50 21 upp-

184 1174 40 26 stä,
240 1181 51 16 vara
305 1176 99 27 tillfylles.

253 1209 29 21 Af
303 1211 25 20 de
352 1211 29 26 pä
403 1211 129 22 Ständernas
557 1213 70 21 beslut
653 1212 108 21 beroende
786 1211 86 28 utgifter
896 1212 46 21 frän

184 1241 273 26 kommunikationsfonden
482 1247 67 21 under
565 1247 50 21 åren
632 1247 54 21 1886
696 1247 78 21 -1888
790 1245 39 22 har
843 1246 46 21 åter
903 1246 38 22 Ut-

183 1276 81 23 skottet
288 1278 76 22 främst
388 1281 99 26 upptagit
507 1281 35 21 det
557 1281 32 20 för
605 1281 143 21 slutförandet
763 1279 23 22 af
798 1279 144 28 Uleäborgska

183 1310 70 22 banan
268 1312 138 28 erforderliga
420 1315 101 26 anslaget.
537 1315 33 21 Då
585 1314 206 27 kostnadsförslaget
805 1313 33 22 för
852 1314 90 21 berörda

183 1344 55 22 bana
262 1346 66 27 stiger
350 1347 34 22 till
407 1349 127 26 19,840,000
559 1349 60 21 mark
634 1349 40 22 och
692 1348 61 21 deraf
766 1348 67 21 under
848 1348 24 21 år
888 1349 54 20 1884

182 1379 66 22 redan
272 1380 88 22 faktiskt
383 1383 104 20 användts
510 1383 113 27 3,996,000
646 1383 63 21 mark
730 1383 55 20 samt
799 1381 33 22 för
847 1381 23 22 år
887 1383 53 21 1885

182 1414 92 21 anvisats
288 1415 124 27 ytterligare
427 1417 113 26 9,000,000
555 1418 66 25 mark,
639 1417 41 22 har
694 1416 112 22 Utskottet
821 1415 39 22 här
870 1415 70 23 obser-

181 1450 60 19 verat
266 1449 36 21 det
324 1449 134 23 återstående
480 1451 100 27 beloppet
602 1452 48 21 med
674 1451 115 26 6,844,000
803 1450 67 21 mark.
900 1451 39 21 Be-

181 1481 104 22 träffande
301 1483 67 27 öfriga
383 1485 88 26 utgifter
486 1485 47 21 från
547 1485 274 24 kommunikationsfonden
836 1485 7 20 i
858 1485 38 20 och
907 1485 33 20 för

250 1523 150 18 Statsutskottets
413 1524 116 17 betänkande
543 1527 36 15 N:o
592 1525 30 17 15.
