1078 1692
489 145 35 21 N:o
535 145 19 21 7.
858 144 11 20 7

145 212 93 27 följande
262 212 85 28 belopp,
370 212 119 27 nämligen:
513 212 6 21 i
538 213 97 27 Nylands
658 219 27 15 en
708 213 61 20 mark
791 212 109 27 tjuguätta

146 247 71 27 penni,
234 247 6 21 i
256 241 46 27 Äbo
326 247 39 21 och
387 247 145 27 Björneborgs
548 247 35 21 län
600 254 27 14 en
642 247 62 21 mark
725 248 82 26 sjutton
829 246 71 28 penni,

145 281 6 21 i
167 281 133 21 Tavastehus
324 281 35 21 län
376 288 26 14 en
426 282 61 21 mark
503 281 119 22 trettiofem
637 282 72 26 penni,
729 281 3 21 i
748 281 99 27 Wiborgs
863 282 36 20 län

147 322 26 14 en
190 316 61 20 mark
267 316 104 21 trettioen
386 316 71 27 penni,
474 316 6 20 i
497 316 32 21 S:t
543 316 90 21 Michels
648 316 36 21 län
696 322 25 15 en
737 316 61 21 mark
813 316 87 26 fyratio-

145 350 42 21 fem
211 350 71 27 penni,
299 350 7 21 i
322 350 84 27 Kuopio
422 350 35 21 län
474 356 26 16 en
516 351 61 21 mark
594 350 117 27 fyratiotvä
726 350 71 27 penni,
816 350 3 21 i
835 350 65 21 Wasa

146 385 37 21 län
207 391 25 15 en
255 385 63 21 mark
337 385 128 27 fyratiofyra
480 386 65 26 penni
561 385 40 21 och
617 385 6 21 i
639 385 119 27 Uleäborgs
775 385 35 21 län
825 385 75 21 likale-

147 420 38 20 des
201 426 26 14 en
244 420 62 20 mark
322 420 127 26 fyratiofyra
464 420 75 26 penni;
557 420 39 21 och
613 420 55 21 skall
684 420 60 21 detta
760 422 43 19 sätt
818 420 33 21 för
866 426 35 14 ru-

147 454 134 22 belskattens
311 454 138 22 beräknande
473 454 81 22 införas
577 455 7 20 i
608 455 26 21 de
657 454 69 27 ärliga
749 455 152 26 markegängs-

150 491 90 19 taxorna
263 489 49 21 frän
332 489 39 21 och
387 490 48 20 med
451 490 24 20 är
492 490 54 20 1889
563 490 32 20 för
611 491 32 19 att
658 490 59 26 tjena
732 490 33 20 till
782 491 120 19 rättesnöre

147 524 36 21 vid
198 524 73 27 hvarje
287 524 123 26 päföljande
427 525 35 20 ärs
479 524 127 27 debitering.

423 599 73 27 Enligt
519 599 60 21 Hans
599 599 121 27 Kejserliga
736 599 113 27 Majestäts
864 600 38 20 nä-

355 634 50 26 diga
427 634 124 26 befallning,
568 634 71 26 gifven
655 634 6 20 i
678 634 118 21 Gatschina
812 634 40 20 den
876 634 26 27 33

356 668 95 22 Oktober
471 670 60 20 1884.

424 750 35 22 T.
475 749 156 23 BRUUN.

701 825 46 21 Emil
768 825 79 26 Streng.
