1078 1692
493 133 39 23 N:o
550 134 33 22 13.
878 136 12 19 5

160 202 77 26 ningen
253 202 39 21 har
307 202 33 22 för
356 203 64 27 öfrigt
434 202 185 27 vidhandengifvit
635 204 33 20 att
684 203 12 21 å
712 203 26 21 de
754 203 68 21 första
834 204 26 20 70
871 209 46 15 ver-

161 238 46 19 sten
222 236 48 21 från
285 237 146 27 Immalajärvi
446 237 68 27 uppåt
529 237 135 21 förekomma
680 237 51 21 flere
742 239 69 19 större
821 239 97 25 terräng-

161 270 137 27 svårigheter,
314 272 138 26 hvarigenom
466 272 165 26 terrasserings-
643 272 39 21 och
693 272 168 21 konstarbetena
872 272 46 20 der-

161 306 73 20 städes
249 305 84 21 komme
349 307 33 19 att
396 312 37 20 per
448 307 59 20 verst
521 306 66 21 blifva
597 306 105 27 betydligt
714 306 77 27 dyrare
802 308 27 19 än
841 306 12 21 å
864 307 54 20 mot-

162 340 105 20 svarande
289 340 166 21 kostsammaste
476 340 33 21 del
526 340 23 20 af
563 340 67 21 Wasa
644 341 207 26 jernvägsbyggnad,
869 340 49 21 obe-

162 374 92 20 räknadt
277 374 52 22 bron
354 374 58 22 öfver
434 374 106 21 Puumala
563 375 60 25 sund,
648 375 86 21 hvilken
749 381 74 15 ensam
838 374 33 22 för
887 375 31 26 sig

162 408 116 21 beräknats
294 409 63 21 kosta
374 409 96 26 omkring
486 415 26 15 en
527 409 84 21 million
627 409 67 21 mark.

230 443 138 21 Beträffande
384 443 45 21 åter
444 442 76 28 frågan
532 449 35 15 om
577 450 26 14 en
613 443 230 27 jernvägsförbindelse
855 443 63 21 emel-

162 478 36 20 lan
214 478 88 26 Ladoga
322 477 40 21 och
378 477 64 21 linien
458 477 459 27 Wiborg—Imatra—Puumala—Kuopio,

162 512 40 20 har
216 512 135 26 lämpligaste
367 512 63 20 linien
445 511 34 21 för
495 518 26 14 en
537 511 69 21 sädan
621 512 130 21 förbindelse
767 513 83 19 ansetts
865 512 54 20 böra

162 546 52 26 utgä
235 546 48 20 frän
305 546 147 26 Immalajärvi
475 546 27 26 by
521 546 33 20 till
570 546 128 26 Kronoborg
713 547 47 21 med
777 552 26 15 en
818 546 65 26 längd
899 545 23 21 af

164 580 98 26 omkring
278 581 26 20 55
320 582 64 19 verst.

231 615 114 21 Dessutom
361 614 65 22 hafva
440 615 82 21 Jokkas
539 615 40 21 och
595 615 73 21 Jorois
684 615 139 25 sockneboer,
839 614 33 21 för
888 616 32 18 ut-

162 649 96 21 rönande
274 649 22 21 af
310 648 251 27 terrängförhällandena
576 649 33 21 för
625 655 25 15 en
664 649 90 27 jernväg
769 648 55 22 ifrän
836 648 31 22 S:t
880 648 38 21 Mi-

163 683 47 21 chel
231 690 76 20 genom
330 684 94 20 nämnda
446 684 93 20 socknar
559 684 31 20 till
610 684 91 26 Kuopio,
716 684 80 26 jemväl
811 683 69 21 under
896 682 24 21 är

165 718 53 20 1883
241 718 49 20 lätit
308 718 28 26 pä
355 724 51 20 egen
422 718 119 20 bekostnad
558 718 94 21 anställa
668 718 76 20 okulär
760 717 160 26 undersökning

162 751 48 21 frän
232 752 104 21 närheten
355 752 23 20 af
395 752 82 21 Jokkas
492 752 70 26 kyrka
577 752 6 21 i
600 754 79 19 nästan
695 754 35 19 rät
744 752 50 21 linie
811 753 57 19 öster
885 758 35 14 om

163 786 141 27 Pihlajajärvi
326 786 32 27 sjö
382 788 54 19 samt
459 786 73 21 vidare
549 787 91 21 emellan
656 786 131 27 Sysmäjärvi
804 786 39 21 och
859 786 62 20 Maa-

164 820 44 21 vesi
230 820 58 26 sjöar
310 821 7 20 i
340 821 71 20 Jorois
434 820 80 21 socken
530 821 32 20 till
578 821 104 20 närheten
698 821 22 20 at
735 821 87 26 Jäppilä
838 820 83 26 kapells

163 853 81 28 kyrkby
262 855 38 20 och
316 854 93 21 derifrän
426 855 123 21 alternativt
565 856 22 25 a)
603 855 33 21 till
646 855 141 27 Haapakoski
798 855 123 26 föreslagna

164 889 80 20 station
261 889 12 20 &
288 889 41 20 den
345 889 23 20 af
383 890 52 19 1879
452 890 35 19 ärs
498 889 141 21 kommission
650 889 114 22 förordade
776 889 41 21 och
829 889 24 21 är
867 889 51 21 1881

163 923 159 21 instrumentalt
343 923 130 21 undersökta
496 923 67 21 linien
582 923 56 22 ifrän
654 924 31 21 S:t
701 924 77 21 Michel
795 923 58 21 öfver
869 923 53 21 Suo-

164 957 86 27 nenjoki
265 957 32 21 till
312 957 84 27 Kuopio
412 957 27 27 pä
455 964 27 15 en
498 958 89 21 sträcka
603 958 23 21 af
641 959 25 20 13
682 961 64 23 verst,
763 959 52 20 eller
830 958 20 26 6)
862 957 60 22 öfver

164 992 121 27 Kilpikoski
300 992 44 21 fors
360 993 89 20 emellan
466 992 112 21 Sorsavesi
590 993 40 21 och
641 993 96 20 Kuvansi
748 993 59 26 sjöar
818 993 32 20 till
862 992 60 21 Kivi-

161 1027 56 26 järvi
241 1027 31 26 sjö
295 1027 7 20 i
325 1027 84 26 Kuopio
429 1027 86 25 socken,
531 1026 89 22 hvarest
635 1027 65 21 linien
716 1027 35 21 vid
767 1027 84 21 Tiihola
866 1026 56 21 före-

164 1061 76 27 slagna
259 1061 115 26 haltpunkt
390 1061 95 21 ansluter
501 1061 32 26 sig
549 1061 33 20 till
597 1061 147 27 nyssnämnda
760 1061 162 21 instrumentalt

163 1095 131 21 undersökta
317 1095 56 21 linie.
411 1089 18 27 Ä
445 1095 40 21 den
502 1096 27 20 40
545 1097 59 20 verst
619 1095 65 27 långa
699 1096 50 21 linie
765 1095 91 22 emellan
870 1095 54 26 Jäp-

163 1129 99 28 piläjoch
277 1129 84 21 Tiihola
376 1129 142 22 förekommer
533 1135 27 15 en
575 1130 79 27 mängd
670 1130 62 21 svåra
748 1129 175 28 genomskärnin-

162 1170 39 21 gar
217 1164 39 21 och
272 1163 168 28 bankfyllnader,
457 1164 119 27 hvarjemte
592 1164 25 21 de
633 1165 112 26 skarpaste
762 1165 77 20 kurver
854 1163 68 22 mäste

163 1199 117 20 användas.
318 1198 59 22 Efter
397 1199 118 26 beräkning
532 1200 33 19 att
580 1205 27 14 en
622 1199 93 21 banlinie
732 1199 91 21 emellan
839 1198 84 21 Jokkas

164 1233 40 21 och
220 1233 32 20 S:t
267 1233 77 21 Michel
360 1233 68 21 skulle
443 1233 7 20 i
465 1233 66 26 längd
547 1234 72 25 uppgä
634 1233 32 21 till
682 1235 27 19 36
726 1236 63 23 verst,
801 1233 84 20 komme
897 1239 26 14 en

161 1267 91 27 jernväg
267 1267 47 21 frän
331 1267 31 22 S:t
378 1267 77 22 Michel
470 1267 33 21 till
520 1267 86 27 Kuopio
623 1269 32 19 att
665 1267 65 22 blifva
742 1267 66 26 enligt
819 1267 36 21 det
864 1267 60 20 förra

163 1301 24 21 af
208 1302 145 25 nyssnämnda
374 1302 138 21 alternativer
530 1303 39 20 167
587 1302 41 21 och
643 1302 66 27 enligt
724 1303 37 20 det
777 1301 89 22 sednare
884 1302 39 20 147

162 1337 59 20 verst
236 1335 56 28 läng,
309 1336 120 21 bibanorna
443 1336 156 21 inberäknade.

231 1370 79 21 Vidare
326 1371 40 20 har
381 1371 67 20 under
465 1370 24 21 är
507 1371 56 20 1883
579 1377 26 14 en
621 1371 81 21 komit6
717 1371 23 21 af
748 1371 31 21 tio
790 1371 7 20 i
808 1369 118 23 särskildta

162 1404 60 21 delar
245 1404 23 21 af
289 1404 104 21 Savolaks
409 1405 86 20 bosatte
512 1405 39 20 och
568 1405 49 21 med
632 1405 165 21 förhällandena
813 1404 113 21 derstädes

160 1437 112 28 förtrogna
288 1445 101 20 personer
404 1439 56 20 varit
475 1439 80 21 tillsatt
571 1439 34 21 för
619 1441 33 19 att
668 1440 119 21 verkställa
798 1445 129 20 noggranna
