1078 1692
218 139 26 20 14
431 140 20 23 U.
467 140 19 22 B.
502 152 27 3 —
545 140 56 28 Prop.
623 140 31 23 N:o
671 140 19 23 6.

189 195 65 27 enligt
277 196 119 27 beräkning
417 196 22 22 af
461 198 42 20 100
520 197 62 21 mark
596 197 34 21 för
645 203 25 15 en
685 196 146 26 rubelskatt*)
863 197 37 21 Att
916 198 31 20 ett

188 229 98 26 rusthäll,
310 230 70 22 derest
402 230 48 22 dess
473 232 73 20 räntor
568 231 124 27 understiga
714 232 66 26 sagda
801 231 83 27 belopp,
900 230 48 22 icke

188 263 42 21 kan
246 264 86 27 åläggas
345 264 33 21 till
393 265 128 21 statsverket
536 265 100 21 återbära
650 266 66 26 något
730 265 83 21 utöfver
829 266 26 20 de
869 265 78 21 förmo-

188 304 44 20 ner,
256 298 36 21 det
314 298 77 22 hittills
414 299 92 27 åtnjutit,
523 306 62 15 anser
600 300 112 21 Utskottet
726 306 52 15 vara
792 299 112 27 sjelffallet,
920 299 27 21 då

188 331 62 22 äfven
272 332 32 21 uti
328 333 12 20 2
363 332 14 28 &
392 333 24 21 af
430 333 121 22 Försäkran
571 334 40 21 och
627 334 154 22 Stadfästelsen
797 334 12 21 å
824 334 122 27 Allmogens

189 366 46 21 Fri-
258 366 41 21 och
321 367 133 27 rättigheter,
477 368 72 27 gifven
571 368 41 22 den
627 370 14 20 4
656 368 61 27 April
733 369 61 26 1789,
814 369 86 26 stadgas
915 370 33 19 att

189 400 50 26 »the
261 400 6 21 å
282 400 133 22 Hemmanen
431 408 25 15 en
472 402 55 27 gång
541 402 82 27 gjorde,
638 403 8 20 i
660 402 60 27 Laga
735 402 90 27 ordning
834 401 112 27 faststälte,

188 434 188 28 Skattläggningar
392 436 39 21 och
447 436 205 28 Tiondesättningar,
674 437 61 21 skola
744 437 8 21 i
762 437 120 27 evärdeliga
892 437 56 21 tider

188 470 41 26 äga
244 468 96 28 bestånd,
356 470 39 21 och
415 470 68 27 aldrig
497 471 70 27 någon
583 471 90 27 ändring
688 471 51 21 eller
752 470 106 28 rubbning
867 470 81 22 theruti

188 502 101 22 tillåtas".
313 504 10 20 I
338 504 76 21 sådant
429 504 37 22 fall
481 505 109 21 afstannar
605 505 135 27 naturligtvis
753 505 159 27 indragningen,
924 504 24 22 sä

188 538 60 20 snart
263 537 43 21 alla
320 538 113 22 rusthållet
448 539 89 27 tillagda
551 540 75 20 räntor
641 539 33 21 till
689 539 82 21 kronan
787 539 98 27 återgått.

257 572 64 21 Hvad
345 572 36 22 det
402 572 120 28 föreslagna
544 573 160 27 upphäfvandet
726 573 24 21 af
769 573 99 21 förbudet
890 574 58 20 emot

188 606 129 21 rusthållens
339 606 126 28 förmedling
487 608 140 26 vidkommer,
652 614 64 15 anser
740 608 111 21 Utskottet
866 609 38 24 att,
921 607 27 21 då

189 639 61 22 dessa
266 640 54 21 efter
334 641 312 27 rusthållningsskyldighetens
661 642 140 26 upphörande
815 642 86 20 komma
916 643 32 19 att

187 674 105 21 likställas
307 675 49 21 med
371 675 68 27 öfriga
453 676 105 26 hemman,
573 676 66 27 något
653 676 47 21 skäl
715 676 33 21 till
763 676 109 21 förbudets
887 676 58 21 bibe-

187 708 100 22 hållande
309 709 47 21 icke
378 709 118 22 förefinnes.
527 710 44 21 För
593 710 64 27 öfrigt
672 716 62 15 anser
749 710 110 21 Utskottet
870 712 31 19 att
912 710 36 21 det

187 742 40 20 bör
249 743 114 21 ankomma
384 744 28 26 på
434 744 120 27 respektive
576 744 128 21 rusthållare
726 746 38 24 att,
782 744 8 21 i
810 744 67 21 likhet
899 744 49 21 med

188 776 67 27 öfrige
274 777 179 28 hemmansegare,
469 778 7 21 i
491 778 37 21 fall
551 778 22 21 af
586 778 42 27 fog,
651 778 28 27 på
695 784 52 21 egen
762 778 118 22 bekostnad
896 778 52 21 söka

187 810 127 28 förmedling
329 811 33 21 för
377 812 46 21 sina
437 812 130 27 lägenheter.

256 845 75 27 Enligt
352 845 58 22 förut
431 846 120 27 åberopade
574 845 134 27 förteckning
730 845 59 21 öfver
808 845 140 21 rusthållen
936 841 15 37 i

187 878 79 27 landet,
282 881 64 25 utgör
361 880 62 21 deras
438 881 58 20 antal
511 881 69 26 2,250.
605 877 80 24 Genom
701 879 101 28 återgång
817 879 33 21 till
864 879 83 21 kronan

188 912 23 21 af
224 913 26 21 29
267 913 133 22 skatterubel
414 914 33 21 för
462 915 79 26 hvarje,
557 914 84 21 utöfver
656 913 200 28 vakansafgifterna,
874 914 25 21 de
910 914 38 21 der

187 946 59 21 såväl
270 947 66 27 enligt
358 948 41 21 den
414 949 77 26 nådiga
505 948 162 27 propositionen
683 954 45 15 som
744 948 65 27 enligt
824 947 123 22 Utskottets

187 980 80 27 förslag
281 981 8 21 i
304 981 42 22 alla
360 981 38 22 fall
412 982 85 21 komme
512 984 32 19 att
559 982 103 27 upphöra,
679 982 69 21 skulle
763 981 81 22 således
854 982 93 21 kronans

188 1014 154 23 årsinkomster
357 1016 51 21 ökas
424 1017 48 20 med
487 1017 78 25 65,250
580 1016 133 21 skatterubel
727 1016 155 26 motsvarande,
894 1015 54 22 efter

187 1048 120 28 beräkning
322 1049 23 21 af
357 1050 12 21 5
385 1050 62 21 mark
462 1051 26 20 27
504 1051 64 26 penni
582 1057 39 20 per
635 1050 127 26 rubelskatt,
779 1050 91 26 343,867
880 1049 68 21 mark.

187 1083 34 21 Då
236 1084 119 21 emellertid
370 1084 64 21 bland
449 1085 118 21 rusthållen
582 1084 68 21 finnas
666 1085 34 25 81,
714 1084 83 21 hvilkas
812 1085 74 20 räntor
901 1083 47 22 icke

187 1123 38 15 ens
235 1119 109 20 motsvara
354 1119 199 26 vakansafgifterna,
563 1121 55 19 samt
626 1119 108 21 dessutom
749 1119 39 20 155
798 1118 90 21 rusthåll
896 1118 52 21 hvil-

187 1151 39 21 kas
241 1153 75 20 räntor
331 1152 47 21 icke
389 1152 114 27 öfverstiga
516 1153 36 21 det
563 1153 85 26 belopp,
660 1159 45 14 som
715 1152 115 21 beräknats
840 1153 109 20 motsvara

187 1185 197 28 rustningstungan,
407 1187 84 21 komme
514 1187 41 21 den
569 1186 114 27 tillökning
697 1187 8 20 i
720 1186 139 21 statsverkets
881 1186 68 26 årliga

186 1219 126 28 inkomster,
335 1226 45 15 som
402 1220 70 22 blefve
494 1227 26 15 en
542 1221 53 26 följd
611 1221 22 21 af
647 1221 41 21 den
705 1220 49 21 utaf
766 1220 112 21 Utskottet
892 1219 56 22 före-

186 1253 75 27 slagna
283 1253 156 28 förändringen,
463 1255 113 26 rätteligen
594 1256 33 20 att
645 1256 78 25 utgöra
743 1254 98 27 omkring
857 1254 92 24 315,000

254 1349 20 22 *)
294 1349 68 23 Enligt
382 1349 138 18 förutnämnda
539 1349 219 23 rusthållsförteckning
778 1349 62 17 finnas
859 1349 6 16 i
883 1349 66 17 landet

184 1377 34 17 160
230 1377 88 22 rusthäll,
331 1377 78 18 hvilkas
421 1379 170 22 augmentsräntor
603 1377 109 23 öfverstiga
720 1378 22 17 79
757 1377 123 18 skatterubel.
893 1377 54 23 Aug-

187 1407 157 16 mentsräntorna
363 1405 31 18 för
412 1407 56 17 dessa
483 1407 82 16 rusthäll
580 1408 70 21 utgöra
666 1405 68 18 inalles
752 1405 63 23 14,040
825 1405 124 22 skatterubel,

187 1434 78 17 hvadan
278 1435 90 22 omkring
379 1435 52 22 1,400
443 1435 118 17 skatterubel
573 1435 77 17 komme
662 1436 29 15 att
704 1434 29 17 till
744 1434 118 18 statsverket
870 1434 78 19 inlösas.

189 1462 90 23 Utgiften
291 1463 67 17 härför
370 1463 64 18 blefve
446 1463 83 23 ungefär
541 1464 75 17 140.000
627 1463 61 17 mark.

258 1497 154 18 Statsutskottets
425 1497 116 18 betänkande
553 1497 38 18 N:o
605 1497 16 17 6.
