1078 1692
197 139 12 19 6
425 139 24 21 U.
461 140 23 20 B.
497 150 22 4 —
531 140 62 26 Prop.
606 140 37 19 N:o
655 140 19 21 9.

175 199 101 28 temligen
292 200 118 29 otvetydigt
424 200 89 30 framgä,
533 202 37 23 det
585 202 153 29 lagförslagets
753 203 85 27 mening
853 204 30 26 är,
898 204 32 20 att

175 234 6 20 i
197 234 27 21 de
242 234 45 28 fall,
310 236 27 21 dä
360 237 110 27 styckning
493 238 12 21 &
527 238 166 22 kronohemman
716 238 24 22 af
757 240 131 25 guvernören
909 237 19 27 ej

175 268 124 27 medgifves,
316 270 34 21 vid
366 270 65 22 sädan
452 272 80 26 utgäng
551 272 24 21 af
589 272 64 22 saken
670 272 70 22 skulle
755 272 106 21 förblifva.
891 272 37 21 Att

174 302 128 23 tillerkänna
317 307 138 25 guvernören,
476 306 85 22 hvilken
582 307 74 21 härvid
676 307 61 21 torde
753 307 52 21 böra
819 306 109 22 betraktas

175 336 69 22 säsom
260 340 189 24 representerande
471 341 158 21 statsintresset
652 343 51 25 gent
722 342 57 20 emot
795 341 40 21 den
850 341 77 21 enskil-

175 371 43 25 des,
235 378 27 14 en
277 372 59 27 dylik
354 373 85 22 absolut
460 374 121 28 pröfnings-
604 375 39 21 och
665 375 161 27 afgöranderätt
841 375 7 21 i
864 375 62 21 dessa

173 404 73 28 frägor
261 406 39 21 har
318 408 104 22 utskottet
447 409 121 21 emellertid
596 411 70 20 ansett
684 410 46 21 icke
749 410 34 20 väl
799 409 129 22 sammanstä

173 439 94 22 hvarken
283 442 48 20 med
349 442 150 28 lagförslagets
523 443 55 27 syfte
601 445 32 20 att
650 444 44 21 läta
713 444 62 21 äfven
790 443 136 21 innehafvare

174 473 23 21 af
214 474 192 28 kronolägenheter
427 477 6 21 i
457 478 69 26 görlig
549 478 48 21 män
620 478 66 21 blifva
705 478 109 26 delaktiga
833 477 22 21 af
866 478 60 26 jord-

173 508 229 28 styckningsfrihetens
418 511 93 22 fördelar
526 512 53 21 eller
594 512 49 22 med
658 512 84 27 vanliga
754 504 171 39 rättsgrundsat-

173 548 41 16 ser.
244 544 26 26 Ej
286 544 68 22 heller
369 552 50 15 vore
438 546 82 26 sädant,
540 547 67 26 enligt
630 546 116 22 utskottets
761 546 70 27 tanke,
847 546 27 27 pä
889 546 36 21 nä-

173 579 38 24 got
225 579 43 20 sätt
282 578 111 27 päkalladt
408 580 22 21 af
443 586 112 21 omsorgen
574 587 34 15 om
623 581 93 21 kronans
732 580 38 22 och
786 580 36 22 det
838 580 87 22 allmän-

173 617 38 15 nas
226 614 49 24 rätt,
291 612 27 22 dä
333 613 6 21 i
355 614 38 20 och
409 614 33 21 för
457 614 180 22 säkerställandet
655 614 63 22 häraf
731 614 111 22 enahanda
857 614 68 22 vilkor

175 652 35 14 om
225 646 137 22 besuttenhet
376 648 38 21 hos
430 649 26 21 de
471 655 76 20 genom
566 649 138 27 styckningen
716 649 126 27 uppkomna,
853 648 23 22 af
890 655 35 15 en-

172 680 69 22 skilde
257 680 125 28 öfvertagna
396 682 200 27 lägenhetsdelarne
611 684 85 21 komme
711 685 31 19 att
757 683 58 27 gälla
831 689 43 15 som
891 683 31 26 de,

172 714 72 22 hvilka
258 715 7 21 i
280 716 101 25 afseende
399 717 12 21 &
428 717 75 21 frälse-
526 718 39 21 och
588 718 196 26 skattelägenheter
804 718 66 20 redan
889 717 35 21 be-

172 748 80 22 funnits
275 749 33 21 för
330 750 121 22 ändamålet
473 751 199 28 tillfyllesgörande.
701 751 165 27 Ifrägavarande
888 751 36 21 be-

172 784 106 26 stämning
293 790 34 15 om
342 787 145 24 guvernörens
506 786 87 26 slutliga
612 786 155 26 pröfningsrätt
785 786 60 20 torde
866 786 57 20 dess-

171 819 58 19 utom
246 818 24 21 sä
285 818 84 27 mycket
387 820 81 20 mindre
490 820 64 21 hafva
576 820 46 21 skäl
641 820 33 21 för
693 820 39 26 sig,
752 826 44 14 som
812 820 61 20 äfven
888 819 36 21 be-

172 851 104 22 träffande
291 852 178 22 kronohemmans
487 853 96 28 klyfning
603 866 23 2 —
646 853 88 21 hvarom
750 853 34 21 väl
799 853 57 21 förut
870 853 55 20 varit

171 885 101 27 stadgadt
294 888 32 19 att
344 887 34 21 vid
401 889 143 24 guvernörens
568 888 71 26 utslag
654 888 7 20 i
677 887 68 27 dylikt
763 887 78 21 ärende
856 886 68 21 skulle

172 919 50 21 bero
238 931 26 3 —
281 920 37 21 det
336 927 87 15 numera
445 923 24 19 är
491 928 76 20 genom
591 921 151 26 förordningen
762 927 33 15 om
813 921 85 20 åborätt
912 921 12 20 å

170 953 166 22 kronohemman
352 954 24 21 af
389 955 40 21 den
445 956 13 21 6
471 955 46 26 juni
534 955 55 22 1883
605 955 116 27 medgifvet
736 956 31 20 att
779 954 60 22 öfver
849 954 75 21 sädant

170 987 72 27 utslag
256 987 76 22 anföra
350 988 76 22 besvär
448 989 39 21 hos
512 989 160 22 vederbörande
695 989 81 21 hofrätt
794 988 39 21 och
851 988 73 21 vidare

170 1021 60 21 öfver
251 1021 119 22 hofrättens
396 1023 70 27 utslag
489 1023 38 22 hos
549 1024 115 27 kejserliga
687 1025 94 19 senaten.
814 1022 110 22 Utskottet

170 1055 39 21 har
224 1056 86 21 derföre
325 1058 72 20 ansett
412 1057 32 27 sig
463 1057 52 22 böra
536 1057 80 28 jemväl
635 1057 164 22 vidkommande
814 1056 110 27 egostyck-

169 1090 51 26 ning
235 1090 13 21 å
262 1090 166 22 kronohemman
444 1092 7 20 i
467 1092 26 21 de
512 1091 44 26 fall,
577 1091 28 22 då
622 1093 133 25 guvernören
774 1090 68 21 finner
857 1091 32 26 sig
904 1091 18 26 ej

169 1123 71 22 kunna
255 1124 70 21 tillåta
340 1125 67 21 sådan
422 1125 39 22 och
477 1125 65 22 saken
557 1125 58 28 förty
629 1125 63 22 torde
707 1131 52 15 vara
774 1126 31 19 att
817 1131 62 14 anses
891 1125 33 20 så-

169 1163 46 15 som
230 1158 74 27 tvistig
323 1159 39 20 och
380 1159 84 22 således
487 1159 53 22 böra
561 1160 33 21 till
617 1159 93 22 domstol
728 1159 97 25 förvisas,
845 1158 79 21 föreslå

169 1192 111 21 enahanda
295 1193 111 27 procedyr,
422 1200 44 15 som
482 1194 7 21 i
504 1194 152 27 förordningen
668 1194 40 21 den
726 1193 26 22 19
764 1193 93 21 februari
869 1193 55 21 1883

169 1226 70 21 blifvit
262 1226 33 21 för
317 1227 75 21 frälse-
415 1228 39 21 och
477 1228 168 21 skattehemman
669 1227 148 22 föreskrifven.
838 1239 23 2 —
882 1227 41 21 Till

169 1259 53 27 följd
236 1260 64 21 häraf
316 1261 69 21 skulle
408 1262 63 21 alltså
494 1263 188 26 bestämningarna
704 1262 91 21 rörande
814 1261 109 27 egostyck-

169 1294 50 26 ning
234 1294 13 21 å
265 1294 168 22 kronohemman
455 1296 67 21 blifva
544 1297 109 21 desamma
676 1303 46 14 som
741 1295 33 22 för
794 1295 75 21 frälse-
884 1295 39 22 och

169 1328 176 27 skattehemman,
362 1329 54 22 blott
435 1331 47 20 med
506 1331 41 21 den
566 1331 84 21 skilnad
666 1332 38 25 att,
720 1330 28 21 då
762 1330 36 21 vid
813 1329 61 27 fråga
889 1335 33 15 om

167 1361 148 23 förstnämnda
331 1363 47 27 slag
392 1364 24 21 af
433 1365 124 26 lägenheter
577 1365 46 21 icke
642 1364 138 21 öfverlåtelse
796 1364 23 21 af
832 1363 91 27 egande-

168 1397 43 20 rätt
227 1397 47 20 med
290 1399 23 25 ty
331 1397 118 27 åtföljande
472 1399 79 26 lagfart
572 1401 51 19 utan
642 1399 56 21 blott
716 1399 24 21 af
753 1398 171 26 besittningsrätt

167 1430 42 21 kan
224 1437 40 20 ega
279 1437 47 15 rum
342 1432 39 21 och
396 1432 27 21 de
438 1433 101 21 utbrutna
555 1433 88 21 delarne
658 1433 63 21 äfven
737 1432 66 21 blifva
814 1431 23 22 af
847 1432 75 21 krono-

236 1470 46 21 Lag-
294 1471 30 16 och
336 1471 169 19 Ekonomiutskottets
517 1473 105 16 betänkande
634 1472 36 17 N:o
683 1473 15 16 1.
