1078 1692
214 186 15 24 4
426 190 19 21 U.
461 190 20 21 B.
497 203 26 2 —
538 190 52 28 Prop.
607 190 31 21 N:o
655 189 31 22 11.

185 251 89 23 anfalla
296 252 72 22 andra
390 252 86 23 hästar.
506 252 129 29 Uleäborgs
657 251 219 29 hästvänsförening
892 258 47 15 om-

185 286 109 22 förmäler
316 286 116 29 derjemte,
449 289 36 19 att
505 287 98 22 oaktadt
619 286 138 28 föreningen
772 286 26 22 är
813 286 56 21 1877
884 286 55 22 lätit

185 322 57 26 utgå
257 328 29 15 en
302 321 86 22 allmän
402 322 145 28 uppmaning
557 324 36 20 att
603 329 84 21 genom
696 320 243 22 kommunalstämmo-

185 355 77 22 beslut
278 356 56 22 söka
348 356 148 28 förekomma,
506 356 39 22 det
560 356 115 28 hingstföl
690 356 62 28 finge
767 355 80 28 längre
863 355 35 21 tid
908 358 31 18 än

186 390 28 22 de
229 390 41 22 tvä
284 390 73 22 första
372 398 116 14 somrarne
503 391 55 21 beta
574 392 13 21 &
602 398 132 21 gemensam
748 390 72 28 mark,
829 392 59 19 samt
898 397 41 14 an-

185 424 81 22 modat
280 425 52 22 sina
347 424 261 23 distriktsombudsmän
623 427 35 20 att
674 425 58 21 hvar
748 425 13 21 &
776 424 36 22 sin
823 426 37 20 ort
867 424 72 22 verka

185 458 37 23 för
243 459 78 29 saken,
344 459 60 22 hade
422 460 149 28 föreningens
586 459 146 30 uppmaning
746 459 82 21 endast
843 458 8 22 i
866 459 73 27 nägra

185 494 137 22 kommuner
336 494 52 22 haft
403 494 88 22 önskad
507 494 94 22 verkan.
631 494 71 22 Emot
717 493 111 29 förslaget
845 494 35 20 att
891 493 48 21 till-

186 530 61 20 sätta
262 528 270 29 granskningsnämnder
547 529 8 21 i
571 529 80 28 hvarje
667 528 86 22 socken
763 528 9 21 i
782 528 44 22 och
836 528 36 21 för
882 527 56 28 god-

186 562 125 22 kännande
326 562 27 22 af
365 563 86 22 sådana
467 564 100 26 ettåriga
583 563 56 21 eller
654 563 64 21 äldre
732 562 114 28 hingstar,
857 562 81 21 hvilka

185 596 62 30 finge
270 598 14 21 å
302 604 133 22 gemensam
449 598 132 21 betesmark
596 598 126 28 utsläppas,
739 596 42 22 har
796 596 142 22 sistnämnde

185 631 220 29 hästvänsförening
420 633 113 27 anmärkt,
550 634 35 20 att
601 632 39 22 det
654 639 56 15 vore
725 630 167 29 tvifvelaktigt,
902 638 37 14 om

185 666 55 22 fullt
255 666 112 29 lämpliga
382 667 44 21 och
441 667 92 28 hugade
549 674 109 22 personer
673 666 38 22 till
726 673 29 14 en
771 665 66 29 dylik
852 665 87 21 nämnd

185 700 78 22 kunde
278 701 31 28 på
324 700 80 29 hvarje
420 703 36 20 ort
471 701 106 22 erhållas.

254 735 48 22 Vid
316 735 41 22 det
372 735 231 28 ekonomiutskottet,
613 735 59 21 efter
688 736 36 20 att
738 734 71 22 hafva
824 734 115 22 inhemtat

185 769 133 22 förberörde
340 769 133 29 utredning,
490 770 85 22 skridit
598 770 37 21 till
657 769 179 28 handläggning
855 768 26 22 af
893 768 46 22 den

185 804 162 28 föreliggande
363 804 87 28 nådiga
457 804 182 29 propositionen,
649 804 43 21 bar
700 804 117 21 utskottet
825 803 114 29 enhälligt

185 838 99 22 kommit
305 838 39 21 till
366 839 45 21 den
426 839 161 28 öfvertygelse,
603 840 36 20 att
654 838 28 21 de
698 838 164 28 öfverklagade
876 845 64 14 men-

185 872 49 29 liga
255 872 178 22 förhållandena
455 873 36 21 för
506 873 166 21 hästkulturen
687 875 39 18 äro
742 872 118 21 allmänna
874 871 65 22 öfver

185 906 53 22 hela
260 906 86 27 landet,
363 909 59 19 samt
445 909 35 19 att
495 907 63 28 förty
577 908 78 27 någon
672 906 127 28 anledning
814 906 51 21 icke
880 906 59 21 före-

185 941 103 22 kommer
308 943 36 20 att
358 941 114 22 öfverlåta
487 942 38 21 till
540 942 179 21 kommunernas
735 940 203 29 förgodtfinnande

185 977 41 26 att,
234 975 54 22 med
296 975 91 28 hänsyn
394 975 38 22 till
440 976 62 21 olika
510 975 206 28 ortförhållanden,
722 975 102 28 påbjuda
831 975 65 21 viten
904 974 36 22 för

186 1009 80 22 alltför
283 1017 63 20 unga
362 1009 55 22 eller
432 1010 114 28 felaktiga
561 1010 120 28 hingstars
696 1009 155 29 utsläppande
861 1009 29 28 på
901 1016 38 21 ge-

185 1051 102 14 mensam
308 1043 139 22 betesmark.
477 1044 124 29 Knappast
615 1045 80 27 någon
710 1043 110 22 kommun
836 1043 8 21 i
859 1043 81 22 landet

184 1078 66 22 torde
273 1078 81 22 kunna
376 1085 66 15 anses
465 1078 93 22 befinna
581 1078 36 28 sig
639 1078 9 21 i
664 1079 24 20 så
704 1077 111 22 isoleradt
829 1077 58 28 läge,
904 1079 36 20 att

185 1113 52 21 icke
259 1114 35 20 ett
316 1112 165 22 vårdslösande
505 1113 26 21 af
543 1112 133 22 hästafveln
692 1112 8 21 i
716 1112 132 21 densamma
864 1112 74 21 skulle

184 1147 100 28 menligt
306 1146 97 22 inverka
425 1147 30 28 på
477 1146 178 22 förhållandena
679 1147 13 20 å
708 1146 72 21 andra
796 1148 66 19 orter.
892 1147 47 20 Det

184 1180 88 23 lifvade
294 1180 98 22 intresse
414 1180 37 22 för
472 1181 170 27 hästkulturen,
667 1188 49 13 som
739 1181 30 28 på
792 1180 95 21 sednare
903 1181 36 21 tid

184 1214 146 23 framkallats
341 1215 7 21 i
355 1215 127 28 synnerhet
490 1222 84 21 genom
582 1215 187 28 traftäflingarne
785 1215 42 21 har
837 1216 101 20 tvärtom

183 1249 118 22 utsträckt
318 1249 155 22 vexelverkan
489 1249 60 22 ända
565 1249 37 21 till
617 1249 28 22 de
662 1249 139 28 aflägsnaste
817 1249 83 22 kanter
915 1249 27 22 af

183 1285 53 21 värt
257 1283 63 22 land.
349 1283 47 22 För
418 1283 73 29 öfrigt
513 1287 25 18 är
553 1283 192 22 beskaffenheten
764 1283 27 22 af
803 1283 28 22 de
847 1291 91 20 gemen-

184 1325 88 15 samma
293 1318 187 21 betesmarkerna
502 1318 8 21 i
532 1318 102 21 Finland
657 1318 31 27 pä
702 1317 28 22 de
745 1317 68 22 flesta
828 1320 61 19 orter
904 1319 34 20 sä-

185 1353 52 28 dan,
254 1354 36 20 att
305 1359 29 15 en
349 1351 100 29 hingsti
463 1352 52 21 fritt
530 1352 108 22 tillstånd
653 1352 52 21 icke
720 1355 26 18 är
756 1352 136 21 förhindrad
903 1354 36 20 att

183 1386 175 29 genomströfva
380 1387 89 27 ganska
490 1387 85 28 mänga
589 1387 144 21 kommuner.
756 1386 122 21 Utskottet
896 1387 42 21 har

183 1421 52 22 icke
258 1421 74 22 heller
354 1421 91 22 kunnat
467 1421 79 28 undgå
561 1423 35 19 att
611 1423 57 25 taga
683 1421 91 28 hänsyn
790 1420 36 21 till
842 1420 45 21 den
902 1421 36 22 uti

185 1455 224 22 ofvanomformälda
431 1455 109 28 yttrande
556 1455 37 21 till
608 1455 175 28 ridderskapets
799 1454 43 21 och
857 1454 80 23 adelns

184 1489 119 30 protokoll
324 1489 140 22 framhällna
479 1489 181 28 omständighet,
676 1491 36 20 att
727 1489 151 28 deltagandet
893 1490 44 21 och

183 1525 104 29 insigten
309 1524 9 22 i
339 1524 149 24 kommunala
510 1523 208 30 angelägenheters
736 1523 57 22 värd
807 1524 30 31 pä
852 1525 85 29 mänga
