1078 1692
345 383 60 23 Hans
421 382 126 29 Kejserliga
562 382 120 29 Majestäts
698 382 80 28 nådiga
794 381 100 29 proposi-

312 418 47 22 tion
378 417 32 23 till
431 417 103 23 Finlands
552 417 104 28 Ständer,
675 422 34 18 om
729 417 126 28 antagande
870 416 28 23 af

312 452 107 28 skogslag
430 451 38 24 för
479 451 220 24 Storfurstendömet
714 452 95 24 Finland.

209 515 11 21 I
235 515 117 28 anledning
368 516 23 20 af
404 515 90 21 befarad
509 515 185 27 öfverafverkning
709 515 7 21 i
731 515 102 21 Finlands
846 515 49 21 sko-

143 557 39 21 gar
197 549 98 22 nedsatte
315 550 108 27 Styrelsen
442 550 42 21 den
500 551 26 21 16
544 550 97 21 Oktober
657 550 53 21 1873
727 556 26 14 en
769 548 80 22 komité
864 549 33 21 för

143 584 135 22 bedömande
297 584 23 21 af
336 584 71 21 denna
422 584 67 27 fräga.
519 584 42 21 Till
576 583 105 22 komiténs
696 584 155 27 öfvervägande
866 583 31 21 öf-

141 618 147 22 verlemnades
304 618 79 28 jemväl
404 620 30 19 ett
449 618 32 21 till
497 618 36 22 det
548 625 76 20 genom
641 618 121 21 manifestet
777 618 22 22 af
813 618 40 21 den
870 618 27 21 10

142 653 61 27 April
220 654 52 20 1861
290 652 183 22 sammankallade
488 653 84 21 utskott
588 653 22 21 af
625 653 130 27 deputerade
770 653 33 21 för
814 652 84 22 landets

145 688 47 28 fyra
207 687 62 22 stånd
285 687 123 27 hänskjutet
423 688 239 27 öfverläggningsämne,
679 688 104 20 huruvida
798 694 63 20 egare
876 687 24 21 af

141 722 74 21 frälse-
232 722 40 21 och
288 722 169 21 skattehemman
472 722 74 24 borde,
562 722 32 21 till
610 722 158 28 förebyggande
780 722 22 20 af
811 722 87 27 skogar-

141 763 39 14 nes
196 755 92 23 vanvård
308 757 40 21 och
364 757 123 27 förstöring,
503 757 142 21 underkastas
661 756 69 28 någon
744 756 154 27 inskränkning

144 791 9 21 i
169 792 61 20 deras
247 791 40 21 fria
303 791 182 27 dispositionsrätt
501 792 58 20 öfver
574 791 81 21 sådana
667 792 136 26 lägenheters
813 793 85 24 skogar,

145 825 109 21 äfvensom
277 826 18 26 ej
319 826 82 21 mindre
423 825 172 22 Bondeständets
619 826 33 21 vid
676 826 140 21 1863-1864
837 824 62 22 årens

148 859 103 28 landtdag
267 860 88 27 petition
372 867 34 14 om
422 861 90 26 ändring
528 860 23 21 af
565 861 27 20 49
608 861 12 27 &
635 860 7 21 i
658 860 150 27 förordningen
823 859 22 21 af
859 859 41 21 den

143 895 13 20 9
176 894 126 27 September
322 896 62 23 1851,
402 894 111 27 angående
531 896 113 26 skogarne,
664 895 7 20 i
690 895 76 21 sådant
786 895 61 27 syfte,
869 895 32 20 att

143 928 31 21 uti
189 929 26 20 de
232 929 60 20 delar
306 930 24 20 af
344 929 78 25 landet,
439 929 38 21 der
491 929 115 28 svedjande
622 931 56 20 ännu
690 937 48 14 vore
750 929 100 21 landssed
860 929 41 21 och

145 962 109 27 behöfligt,
275 966 32 18 tre
326 963 90 21 skördar
435 963 56 27 finge
512 966 61 25 tagas
588 963 47 22 från
650 964 51 21 sved
716 963 13 22 å
744 964 71 21 dertill
831 963 71 28 lofgif-

146 1004 38 14 ven
204 999 66 26 mark,
292 999 39 20 och
352 1001 32 18 att
400 999 34 20 det
450 998 83 26 förbud,
551 1006 44 13 som
612 999 96 27 stadgats
724 1001 56 19 emot
796 1006 26 20 ny
838 998 64 21 brän-

146 1032 51 27 ning
218 1032 22 21 af
254 1033 87 27 svedjad
358 1033 60 20 mark
433 1033 46 21 före
494 1034 109 27 förloppet
618 1034 23 20 af
655 1034 41 20 viss
712 1033 37 26 tid,
764 1033 68 21 blefve
849 1039 52 20 upp-

146 1066 67 27 häfdt,
234 1070 55 17 samt
308 1069 32 19 att
360 1067 40 21 den
420 1067 129 22 föreskrifna
565 1069 146 26 skyldigheten
728 1071 31 18 att
776 1067 66 21 under
857 1066 45 21 åtta

149 1099 24 22 år
195 1101 47 20 med
258 1102 102 26 svarsgod
376 1102 95 27 stängsel
487 1102 58 21 hålla
561 1103 86 27 svedjad
664 1103 59 20 mark
738 1101 108 28 inhägnad
862 1101 40 21 och

147 1135 75 21 fredad
242 1135 33 21 för
296 1136 153 27 kreatursbete,
465 1137 70 21 blefve
550 1137 112 21 inskränkt
678 1138 31 20 till
724 1141 32 17 tre
772 1137 30 24 år,
818 1137 27 20 än
861 1136 41 22 ock

148 1176 81 14 samma
246 1169 74 22 stånds
336 1171 34 20 vid
386 1171 129 26 landtdagen
531 1171 24 22 år
574 1173 53 20 1872
638 1173 94 20 uttalade
743 1171 161 28 önskningsmål

147 1206 33 19 att
200 1205 67 26 sagda
283 1205 219 28 hägnadsskyldighet
518 1206 65 21 måtte
598 1207 45 21 helt
658 1208 39 20 och
714 1206 65 22 hållet
794 1206 109 21 afskaffas.

147 1237 61 22 Efter
232 1239 36 20 det
294 1239 70 21 denna
387 1240 79 21 komité
489 1240 102 21 aflemnat
612 1241 142 28 underdånigt
776 1240 99 29 yttrande
897 1241 7 20 i

147 1273 73 20 ämnet
242 1275 56 19 samt
320 1274 106 21 särskilda
449 1275 154 27 myndigheter,
627 1276 71 21 hvilka
720 1276 69 21 blifvit
808 1275 97 21 deröfver

149 1307 72 26 hörde,
238 1308 112 21 inkommit
366 1309 47 20 med
430 1308 143 28 påminnelser
589 1310 7 21 i
611 1310 73 27 saken,
695 1309 176 23 tillförordnades
882 1309 24 22 år

151 1342 54 21 1876
229 1349 26 14 en
278 1350 70 13 annan
372 1343 80 21 komité
472 1344 33 21 för
525 1344 141 22 utarbetande
686 1345 23 21 af
727 1346 80 26 förslag
827 1344 31 21 till
878 1351 28 21 ny

149 1375 78 22 allmän
248 1377 108 27 skogslag.
388 1377 47 22 Med
457 1379 154 21 föranledande
631 1381 22 19 af
671 1380 26 21 de
713 1380 78 21 talrika
807 1379 99 20 anmärk-

153 1410 76 27 ningar
244 1414 58 18 emot
317 1413 36 20 det
368 1412 23 21 af
405 1414 142 21 nästnämnde
563 1414 79 21 komité
658 1414 23 21 år
699 1415 53 20 1879
769 1414 80 26 afgifna
865 1413 43 21 för-

149 1443 48 28 slag
216 1445 33 20 till
268 1452 24 15 en
310 1445 67 22 sådan
393 1447 40 27 lag,
451 1447 72 22 hvilka
538 1449 136 21 framstäldes
690 1449 22 21 af
726 1448 106 23 särskilda
848 1455 59 20 myn-

830 1493 8 15 1
