1078 1692
376 145 22 23 U.
413 146 22 22 B.
451 159 30 3 —
496 146 61 29 Prop.
573 146 41 22 N:o
632 145 32 23 13.
862 148 28 22 35

92 212 109 36 Bilaga
218 211 25 29 I.

167 258 92 28 Uppgift
282 259 60 22 öfver
364 259 165 22 lokaltrafikens
553 259 136 22 förhållande
708 260 34 21 till
769 260 50 22 hela
841 260 91 23 trafiken
948 262 13 21 å

94 290 244 27 Åbo—T:fors—T:hus
354 295 95 27 Jernväg
467 296 24 21 år
509 296 65 21 1878.

175 345 16 2 N
530 351 140 31 Lokaltrafiken
686 345 21 27 a
712 346 3 1 |
728 342 127 41 Lokaltrafiken
867 358 11 16 &
890 357 59 17 banan

587 386 65 16 banan.
716 386 40 17 med
768 386 44 22 gods
823 387 21 17 af
855 388 29 16 IV.
892 387 63 21 kateg.

658 425 1 7 [
676 417 30 2 ov
872 423 11 7 3
938 422 12 8 S

405 427 46 17 Hela
466 427 47 17 trafi-
657 440 51 27 [E
842 430 40 40 Es
908 430 41 39 ET

396 463 123 17 ken
438 459 10 35 ä
456 463 63 17 banan.|
527 469 77 17 Ahsolut
625 469 28 17 be
670 468 38 28 be
711 470 112 20 |Absolutbe-|
866 470 17 32 =
908 462 42 20 En

657 491 27 13 i
711 493 1 10 |

568 500 48 21 lopp.
657 503 56 34 [Eg
746 500 49 22 topp.
842 493 41 46 er
908 492 41 40 EEI

657 533 2 31 |
692 537 21 27 |
843 533 101 31 Pelti

119 643 53 17 Antal
183 648 115 18 passagerare
320 656 60 5 ....
447 639 77 32 102,866
593 642 119 24 73,740/719/,

138 692 8 8 n
167 674 9 31 =
183 680 163 21 passagerareverst
359 691 3 4 .
377 691 3 4 .
430 678 95 22 6,031,407|]
563 678 150 23 —2,715,699/45%,

137 728 8 8 n
164 710 11 31 =
182 717 71 15 Centner
265 715 45 22 gods
323 727 57 5 ....
431 714 95 22 1,568,616
581 714 133 23 978,206/629/,|
752 713 207 23 —180,398/19,10/,/11,8%/,

139 764 8 8 n
168 745 9 33 =
185 752 119 16 centnerverst
323 762 57 5 ....
407 750 120 22 |267,940,200/
551 749 342 24 84,914,606/320/,]19,791,374/23,3%/9|
910 749 49 23 7,5%

173 815 57 19 Anm.
249 816 41 17 Som
303 816 107 18 lokaltrafik
424 817 33 17 har
469 817 106 17 betecknats
588 817 27 17 all
628 816 35 17 den
676 816 60 21 trafik,
750 822 36 11 som
799 816 10 16 &
822 816 59 16 banan
890 816 38 16 rört
936 815 30 21 sig

103 851 75 18 emellan
190 851 146 22 mellanpunkter
348 852 33 17 och
393 852 114 22 ändpunkter
521 854 45 15 samt
579 852 77 17 emellan
666 851 146 22 mellanpunkter
821 851 89 17 inbördes.
930 850 37 17 Till

104 887 128 17 lokaltrafiken
244 887 40 17 med
296 888 30 17 IV.
338 888 60 21 kateg.
412 888 43 21 gods
468 888 33 17 har
514 888 14 21 ej
542 888 81 17 hänförts
632 887 59 22 nägon
704 887 30 17 del
747 887 20 17 af
774 887 34 17 den
815 887 59 20 trafik,
883 891 37 12 som
926 886 42 17 här-

104 923 47 17 flutit
163 923 39 17 frän
215 923 22 22 pä
250 923 51 17 sidan
314 929 27 11 om
354 924 93 19 bandelen,
461 926 48 15 utom
521 923 120 21 zonomrädet,
654 923 79 22 belägna
748 923 69 17 städer.

175 959 129 17 Differenserna
316 960 77 17 emellan
405 960 6 16 i
425 960 78 17 tabellen
509 961 94 20 upptagna
613 959 67 22 belopp
687 959 28 16 för
721 953 123 23 totaltrafiken
851 958 33 17 och
891 960 77 14 motsva-

105 995 54 17 rande
177 995 57 16 siffror
252 995 7 16 i
274 995 170 22 jernvässtyrelsens
463 995 105 18 berättelser
581 995 79 22 härflyta
680 995 56 21 deraf,
752 997 28 15 att
793 994 62 18 endast
867 993 69 17 hälften
948 992 22 17 af

105 1031 39 16 från
156 1029 108 19 främmande
276 1031 56 17 banor
344 1031 68 17 anländ
424 1031 32 17 och
468 1031 30 17 till
510 1031 40 17 dem
557 1031 90 22 afgängen
654 1031 54 16 trafik
716 1030 73 23 päförts
798 1029 95 21 bandelen,
902 1029 66 17 medan

106 1066 34 17 den
153 1067 54 16 andra
220 1066 68 17 hälften
301 1068 67 15 ansetts
381 1067 43 16 böra
435 1067 84 16 hänföras
531 1067 30 16 till
574 1067 34 16 den
621 1066 111 17 främmande
745 1066 66 20 banan,
821 1066 45 16 samt
879 1066 26 15 att
918 1064 51 17 antal

106 1107 113 17 passagerare
237 1103 33 16 och
289 1103 124 22 (entnerverst
430 1103 97 17 beräknats
543 1103 67 21 jemväl
631 1102 27 17 för
677 1103 11 16 å
704 1101 114 18 främmande
830 1101 56 16 banor
898 1105 71 17 genom-

107 1138 56 22 lupna
175 1139 88 17 sträckor.

186 1541 194 25 Jernvägsutskottets
396 1541 117 20 betänkande
529 1541 40 21 N:o
585 1543 18 18 1.
