1078 1692
338 158 24 19 U.
377 157 23 19 B.
414 168 21 4 —
447 158 63 24 Prop.
523 158 54 20 N:ris
589 158 23 18 16
624 146 46 31 och
676 158 30 19 87.
857 159 23 17 35

563 216 64 28 Kap.
643 216 55 22 VII

490 260 115 24 Särskilda
621 261 146 29 stadganden.

586 315 20 31 $
624 316 42 22 46.

386 365 33 21 De
437 366 9 20 i
460 364 32 29 $$
505 366 35 26 13,
551 366 33 21 22
593 365 38 22 och
640 366 33 21 27
682 366 100 27 stadgade
792 366 112 22 inskränk-

350 406 104 26 ningarna
470 405 9 21 i
493 405 98 27 afseende
606 406 15 21 &
635 406 108 28 nyttjande
757 406 24 26 af
790 406 50 27 skog
849 406 55 28 gälle

350 445 63 27 äfven
427 446 82 21 sådana
527 446 152 28 skogsmarker,
702 446 86 22 hvarom
805 447 9 20 i
828 446 46 27 kap.
890 446 16 21 I

352 486 36 22 och
402 485 29 22 11
444 486 109 26 förmäles.

587 551 20 31 $
625 552 40 22 47.

386 601 57 22 Lika
456 602 50 21 med
521 602 12 27 $
548 602 29 22 45
591 602 8 21 i
614 602 168 26 propositionen.

587 666 19 30 $
625 666 41 23 48.

385 716 54 21 Lika
453 716 50 21 med
518 716 12 28 '$
545 716 28 21 46
588 716 7 21 i
610 716 168 27 propositionen.

587 774 20 31 $
624 775 42 23 49.

386 825 55 21 Lika
455 825 49 21 med
519 825 13 28 $
547 826 27 21 47
589 825 8 21 i
611 826 168 26 propositionen.

590 904 19 30 $
628 904 41 23 50.

388 954 54 21 Lika
460 954 49 21 med
528 953 17 28 &
559 954 28 21 48
605 954 7 21 i
627 954 168 27 propositionen,
813 953 94 22 förutom

354 989 32 21 att
402 988 65 22 orden
483 988 96 21 *straffes
593 989 49 21 med
656 989 64 26 högst
734 990 32 19 tre
780 987 129 28 fjerdedelar

354 1023 24 21 af
390 1023 36 21 det
441 1022 71 22 straff"
528 1023 84 27 utbytts
627 1025 58 19 emot
699 1029 49 15 vare
760 1021 79 22 ädömd
848 1021 60 27 högst

357 1058 31 20 tre
402 1057 127 27 fjerdedelar
545 1057 23 26 af
584 1057 33 21 det
631 1057 70 27 straff,

592 1122 19 30 $
629 1123 41 22 51.

391 1172 54 21 Lika
459 1172 50 21 med
525 1172 12 28 $
552 1172 28 22 49
595 1172 7 21 i
617 1173 167 26 propositionen.

595 1236 19 31 $
632 1237 41 22 52.

392 1287 53 22 Likä
463 1287 50 21 med
532 1287 12 27 $
563 1288 29 21 50
609 1287 8 21 i
635 1287 166 26 propositionen,
817 1285 94 22 förutom

359 1324 32 19 att
406 1322 89 21 emellan
510 1322 51 21 dess
575 1322 68 33 begge
657 1323 95 20 moment
765 1320 109 28 inskjutits
886 1326 27 15 en

360 1356 24 22 sä
397 1356 92 27 lydande
503 1357 98 26 mening:
621 1350 33 26 Är
672 1355 76 28 skogen
763 1354 91 25 indelad,
870 1353 44 22 till-

360 1390 50 27 falle
424 1390 209 27 skadeersättningen
652 1390 98 27 antingen
769 1389 82 21 kronan
865 1388 49 21 eller

360 1424 152 27 innehafvaren
531 1423 51 23 eller
600 1423 36 23 ock
650 1423 62 28 begge
725 1424 134 27 gemensamt,
875 1422 37 21 allt

360 1459 97 26 eftersom
471 1459 125 26 nägondera
611 1458 49 22 eller
675 1458 55 21 bäda
744 1457 67 22 skada
827 1457 53 21 lidit.

222 1500 47 21 Lag-
282 1501 29 16 och
324 1501 171 16 Ekonomiutskottets
506 1501 107 16 betänkande
625 1499 35 17 N:o
674 1499 17 16 3.
