1078 1692
370 174 24 22 U.
411 173 22 23 B.
448 188 30 2 —
493 174 61 28 Prop.
569 174 40 22 N:o
627 172 33 23 13.
835 176 26 20 91

141 240 33 22 till
183 240 119 28 företagets
317 240 9 22 i
342 239 217 28 öfverensstämmelse
573 239 48 21 med
635 238 137 23 Ständernas
780 239 66 23 beslut
853 241 39 20 än-

142 276 157 28 damålsenliga
313 276 38 22 och
366 276 154 28 skyndsamma
535 275 135 28 realisering.

212 313 76 21 Denna
311 313 55 21 sista
391 314 66 25 utväg
479 313 37 20 må
536 312 119 26 ingalunda
670 318 64 15 anses
750 312 144 21 nedsättande

143 348 34 22 för
196 355 54 21 egna
269 348 129 28 ingeniörer,
420 350 22 25 ty
458 348 65 27 ingen
539 349 25 19 är
579 349 95 19 mästare
691 347 7 21 i
714 347 50 28 allt;
780 347 40 22 och
836 347 57 21 inom

143 384 44 22 alla
209 385 65 21 stånd
297 384 40 22 och
360 384 73 27 yrken,
457 383 102 22 läkarens
577 383 93 21 likasom
687 383 207 27 industrimannens,

143 419 145 23 förekommer
311 421 33 20 ett
367 419 70 27 dylikt
451 419 108 27 vädjande
575 418 35 22 till
625 418 114 22 utländskt
754 418 86 22 biträde
855 418 40 22 och

145 455 134 22 främmande
295 456 158 21 vidsträcktare
469 454 130 22 erfarenhet.

213 492 74 21 Blefve
304 492 36 21 det
362 491 69 21 smala
447 492 75 26 spåret
537 491 50 21 med
604 491 89 21 dermed
708 490 96 28 följande
819 490 75 27 bespa-

144 528 73 27 ringar
238 529 96 26 antaget,
359 528 24 20 så
406 533 51 15 vore
473 528 37 20 det
526 528 34 20 att
575 527 90 27 hoppas,
682 528 33 20 att
731 526 63 22 äfven
810 526 85 27 Kuopio

142 564 91 27 jernväg
255 564 67 21 redan
346 563 48 21 från
409 563 77 27 början
502 563 62 27 gåfve
580 563 72 21 direkt
668 564 64 20 ränta
747 564 29 26 på
790 562 106 27 kapitalet

145 600 41 21 och
208 601 33 19 att
264 599 84 21 således
368 599 48 21 icke
432 599 78 21 endast
525 599 42 21 den
583 598 143 27 inbesparade
743 598 63 22 delen
822 597 23 22 af
859 604 37 15 an-

145 634 222 28 läggningskapitalet
389 634 71 22 blefve
484 634 87 22 landets
587 634 64 22 vinst.
683 634 48 22 Den
747 634 88 27 slutliga
851 633 45 22 vin-

145 672 48 20 sten
209 671 71 21 skulle
295 671 87 21 komma
391 671 27 21 de
433 670 47 22 inre
495 670 154 22 landsdelarne
665 670 34 21 till
714 670 56 27 godo
779 670 62 21 äfven
849 670 47 21 der-

147 706 92 28 igenom,
262 708 34 20 att
316 706 165 27 jernvägsnätet
504 706 35 21 till
563 705 127 22 ekonomisk
706 705 70 22 fördel
792 706 39 20 och
847 705 49 21 med

146 743 69 21 större
236 741 100 22 financiel
360 742 101 21 säkerhet
484 742 73 21 kunde
579 741 175 27 kontinuerligen
774 741 122 21 utsträckas

146 777 34 21 till
196 777 39 22 allt
250 777 53 22 flera
318 777 96 27 aflägsna
430 777 61 22 delar
506 777 23 21 af
543 778 49 21 vårt
607 777 57 21 land.

178 810 117 25 "Skälen
321 813 33 21 för
377 820 27 14 en
428 812 117 28 öfvergäng
560 813 35 21 till
611 813 36 21 det
663 812 93 22 smalare
772 813 72 26 spåret
860 813 36 20 äro

147 848 85 22 främst:

217 885 22 26 a)
259 884 196 28 Disproportionen
474 885 13 20 å
502 890 41 15 ena
559 884 64 21 sidan
638 883 92 22 emellan
746 883 152 27 anläggnings-

147 920 122 21 kostnaden
292 921 39 20 och
355 920 42 21 den
420 919 111 28 antagliga
553 919 95 22 trafiken
670 920 28 26 på
720 919 41 21 den
777 918 121 27 föreslagna

147 955 86 28 Kuopio
256 956 78 27 banan,
358 955 110 22 äfvensom
484 956 28 26 på
528 955 70 27 öfriga
613 955 103 21 framtida
731 954 167 22 innanlandsba-

147 997 47 21 nor,
211 991 38 22 och
265 992 13 20 å
294 991 68 22 andra
378 991 62 22 sidan
457 991 41 22 den
515 991 62 21 deraf
590 991 108 21 beroende
714 991 86 21 direkta
815 990 83 21 inkom-

149 1029 54 25 sten,
227 1028 39 20 här
292 1028 24 20 så
338 1027 42 27 låg,
397 1029 33 20 att
448 1027 35 22 väl
499 1029 89 25 månget
603 1028 25 20 år
643 1027 79 21 framåt
738 1027 83 27 knappt
837 1025 61 22 drift-

149 1063 93 22 kostnad
258 1063 39 22 och
313 1065 85 19 remont
413 1063 87 21 komme
517 1064 33 20 att
565 1063 110 21 betäckas.
778 1089 1 3 .

219 1097 21 26 0)
254 1098 142 27 Möjligheten
412 1101 33 19 att
460 1099 34 20 till
509 1100 56 20 nära
579 1098 84 21 hälften
679 1099 103 20 reducera
790 1098 42 21 den
840 1097 59 22 kost-

150 1134 49 27 nad,
216 1140 46 15 som
279 1135 37 20 det
331 1134 142 28 bredspåriga
490 1136 105 25 systemet
611 1133 76 30 (Wasa
702 1134 82 21 banans
804 1132 47 30 typ)
867 1133 33 21 för

150 1176 82 15 samma
255 1170 151 27 utsträckning
429 1170 118 21 beräknats
567 1169 96 28 betinga.
694 1169 34 22 Då
748 1169 75 27 hvarje
837 1169 63 26 bana,

152 1212 46 15 som
214 1205 47 22 icke
276 1206 85 21 betalar
377 1206 39 21 full
432 1207 63 20 ränta
511 1207 28 25 på
555 1205 121 28 upplånadt
687 1205 53 22 eller
751 1205 104 26 nedlagdt
863 1205 37 20 ka-

149 1241 62 27 pital,
227 1241 8 21 i
250 1241 77 27 sjelfva
342 1241 76 22 verket
433 1242 71 21 måste
520 1247 64 15 anses
600 1242 27 26 gå
643 1241 49 21 med
708 1240 85 27 förlust,
809 1246 50 15 men
874 1246 27 15 en

149 1277 129 27 smalspårig
300 1277 57 21 bana
380 1277 34 21 till
433 1277 87 26 Kuopio
536 1277 125 27 antagligen
676 1276 49 21 från
740 1276 76 27 början
832 1275 70 22 skulle

149 1312 59 27 gifva
228 1314 78 26 någon,
322 1313 82 21 kanske
420 1313 41 21 full
476 1314 71 25 ränta,
564 1313 25 21 så
605 1312 70 21 skulle
691 1313 71 20 denna
776 1311 70 22 fördel
862 1311 40 21 och

150 1350 28 19 än
193 1354 60 15 mera
269 1349 41 21 den
327 1348 143 27 inbesparade
487 1348 63 21 delén
567 1347 24 22 af
605 1348 36 21 det
652 1347 154 28 presumerade
815 1347 87 26 anlägg-

151 1384 172 27 ningskapitalet
339 1384 47 21 icke
406 1384 57 21 blott
479 1385 141 26 uppmuntra,
637 1389 49 15 men
702 1383 50 21 med
768 1382 48 22 skäl
831 1382 71 21 berät-

150 1419 47 27 tiga
211 1419 35 21 till
261 1419 103 22 fortsatta
380 1421 70 20 större
464 1419 229 27 jernvägsbyggnader
704 1418 7 21 i
722 1419 27 21 de
760 1418 47 21 inre
816 1417 88 22 delarne

150 1454 25 22 af
187 1454 75 22 landet
278 1456 40 21 och
334 1455 78 22 främst
428 1455 34 21 till
478 1455 109 21 Karelska
603 1454 81 21 banans
700 1454 93 21 ledande
808 1453 37 21 vid
859 1452 45 21 Wi-

149 1489 55 28 borg
218 1489 56 22 fram
290 1491 34 21 till
340 1492 38 20 vår
394 1491 64 21 södra
473 1490 64 21 bana.

224 1532 182 25 Jervägsutskottets
421 1532 119 20 betänkande
555 1533 38 19 N:o
609 1532 17 19 1.
