1078 1692
198 139 14 21 6
408 137 24 23 U.
448 138 23 22 B.
486 151 30 3 —
532 138 62 29 Prop.
610 138 38 22 N:o
660 128 40 30 13.

240 204 42 22 Till
300 204 155 23 ofvanstående
470 206 36 21 må
521 204 135 23 beträffande
672 204 42 22 den
729 203 81 27 rörliga
820 202 101 23 materie-

171 240 38 22 len
224 240 106 22 särskildt
344 243 63 25 göras
422 240 96 28 följande
533 240 177 27 anmärkningar.

243 276 34 21 En
298 278 165 26 samvetsgrann
479 276 126 28 jemförelse
621 282 37 22 ger
672 276 38 21 vid
724 276 93 27 handen,
834 277 33 20 att
882 282 37 15 an-

169 311 238 28 läggningskostnaden
422 312 34 22 för
471 313 40 21 här
527 312 128 28 ifrågasatta
665 312 125 27 bansystem
801 312 75 22 ställer
887 312 33 26 sig

169 347 105 27 temligen
290 348 45 22 lika
350 348 133 22 beträffande
499 348 128 28 lokomotiv;
644 348 63 22 faller
722 347 134 23 beträffande
871 354 49 20 per-

168 389 122 21 sonvagnar
306 384 34 21 till
356 384 84 22 förmån
455 384 34 22 för
498 384 215 28 normalspårbanan,
729 384 40 21 och
786 383 134 22 beträffande

170 419 136 27 godsvagnar
322 419 34 22 till
372 420 85 22 förmån
473 420 34 22 för
517 420 187 27 smalspårbanan,
715 426 49 15 men
775 419 144 22 slutsumman

169 454 43 22 blir
226 454 8 22 i
250 455 38 21 det
303 458 110 20 närmaste
428 457 133 21 densamma.
593 456 75 22 Såsom
684 456 75 21 säkert
774 457 69 20 måste
859 457 61 20 anta-

169 497 47 21 gas,
233 492 33 20 att
282 491 34 22 för
331 498 83 16 samma
429 492 246 28 transportqvantiteter
691 491 108 23 erfordras
815 491 51 22 flere
877 491 43 22 for-

171 527 42 21 don
229 528 40 20 och
285 526 51 23 flere
352 530 38 26 tåg
406 530 27 26 på
449 529 42 21 den
507 528 144 28 smalspåriga
666 528 78 27 banan,
760 528 40 22 och
815 529 34 20 att
864 528 56 21 såle-

170 563 38 21 des
224 563 115 22 underhåll
355 565 21 20 at
391 569 82 23 vagnar
488 565 40 21 och
544 564 122 22 kostnaden
682 564 34 21 för
725 564 139 27 tågpersonal
875 564 44 21 må-

171 600 34 20 ste
220 599 67 21 blifva
303 600 77 26 dyrare
395 601 13 20 å
424 601 67 21 sådan
501 600 62 22 bana.

243 635 115 21 Huruvida
372 637 28 25 på
416 636 37 22 det
469 643 40 15 ena
525 636 54 22 eller
589 636 68 22 andra
668 635 70 27 slaget
749 635 23 22 af
781 635 68 22 banor
859 636 61 21 kom-

170 676 46 16 mer
231 672 34 20 att
280 671 129 27 framsläpas
426 678 26 16 en
469 674 69 20 större
555 672 43 22 död
613 672 52 27 vigt,
681 671 65 22 beror
761 671 47 22 icke
824 672 28 26 på
867 671 53 21 kon-

171 706 109 22 struktiva
296 708 156 28 anordningar,
469 710 53 20 utan
538 709 28 26 på
581 707 104 22 trafikens
701 708 34 20 art
752 707 39 21 och
801 706 119 23 beskaffen-

169 742 39 21 het
223 744 57 19 samt
296 744 28 26 på
340 744 41 21 den
398 744 58 21 olika
472 750 92 21 omsorg,
581 750 47 15 som
645 749 66 21 egnas
726 743 68 21 andra
809 743 68 27 härpå
888 742 32 22 in-

168 778 109 22 verkande
294 779 191 27 omständigheter.

244 814 140 22 Beträffande
408 815 168 27 olägenheterna
599 815 24 21 af
644 821 26 15 en
686 814 93 22 smalare
795 814 102 27 spårvidd
913 814 7 21 i

171 849 39 21 och
226 848 34 22 för
276 849 39 28 sig,
332 850 92 27 specielt
438 851 51 21 med
504 851 102 22 afseende
622 852 13 20 å
650 851 48 20 vårt
713 849 85 28 klimat,
809 849 111 22 äfvensom

170 885 13 20 å
199 884 127 29 förändring
336 885 24 22 af
369 886 130 27 spårvidden
511 886 141 22 öfverhufvud
664 886 8 21 i
683 887 33 20 ett
725 886 68 21 redan
802 885 118 22 bestående

167 919 148 29 jernvägsnät,
336 921 88 22 hvilken
443 922 124 22 föranleder
581 921 218 28 varuomlastningar,
816 920 104 27 obegväm

173 955 112 22 samtrafik
307 957 26 21 de
350 957 58 22 olika
423 958 97 22 banorna
535 958 100 27 emellan,
651 957 85 22 mindre
753 956 115 28 förmänlig
883 963 37 15 an-

170 991 111 28 vändning
299 993 24 21 af
341 992 158 29 vagnsparken,
518 995 57 20 samt
591 993 62 22 deraf
666 993 104 27 betingad
785 992 137 27 anskaffning

167 1027 25 21 af
213 1028 56 21 ökad
292 1029 68 27 rörlig
381 1029 106 27 materiel,
508 1037 27 14 m.
553 1036 36 21 m.,
606 1029 33 22 får
656 1029 110 22 utskottet
781 1029 90 21 hänvisa
887 1028 35 21 till

164 1063 287 27 jernvägskommissionens
474 1065 23 22 af
521 1067 25 20 är
561 1065 58 22 1878
640 1065 115 22 utlåtande
770 1065 6 19 i
792 1065 62 21 detta
868 1064 53 21 hän-

166 1099 86 22 seende.

241 1135 32 22 Pä
296 1137 70 26 grund
389 1137 24 21 af
433 1137 58 21 hvad
515 1137 63 22 ofvan
594 1137 90 26 anförts,
701 1136 41 21 har
757 1137 37 20 det
809 1137 61 26 synts
885 1137 35 20 ut-

166 1170 84 22 skottet
272 1177 53 15 vara
348 1173 45 20 satt
416 1174 61 20 utom
501 1173 39 21 allt
555 1172 83 28 tvifvel,
654 1174 34 20 att
704 1174 32 19 ett
752 1171 130 28 frängäende
898 1171 24 21 af

166 1205 38 22 det
226 1208 89 26 system,
340 1213 47 16 som
412 1208 121 27 tillämpats
557 1208 37 21 vid
609 1209 66 21 Wasa
691 1208 40 21 och
746 1207 120 27 Uleäborgs
882 1207 38 21 ba-

165 1247 76 21 norna,
258 1241 33 22 för
307 1243 72 21 sävidt
395 1244 36 21 det
447 1244 103 21 beträffar
565 1243 86 23 landets
667 1243 104 22 framtida
786 1243 133 26 stambanor,

165 1276 49 22 icke
237 1279 25 19 är
286 1278 124 28 päkalladt,
435 1280 40 21 och
498 1282 34 19 att
552 1287 27 14 en
595 1279 118 28 öfvergäng
728 1279 35 21 till
778 1280 33 21 ett
827 1278 93 22 smalare

165 1313 51 25 spår
230 1312 112 23 bestämdt
358 1315 70 21 måste
443 1315 116 22 förkastas.

223 1348 181 29 Upplysningsvis
428 1352 36 20 må
487 1353 98 24 nämnas,
605 1353 33 19 att
656 1357 28 15 en
705 1350 116 27 besparing
837 1349 24 22 af
878 1350 13 21 8
907 1350 13 21 å

165 1383 28 22 10
202 1384 27 28 %
254 1385 7 20 i
286 1385 239 28 anläggningskostnad
548 1387 34 21 för
602 1393 27 15 en
649 1386 58 22 bana
722 1387 20 26 ej
759 1388 25 19 är
798 1387 78 25 större,
892 1387 28 20 än

163 1419 58 22 hvad
242 1427 47 15 som
305 1421 68 21 redan
392 1422 43 21 kan
451 1422 77 22 vinnas
544 1429 78 21 genom
639 1424 32 20 ett
686 1422 50 21 litet
752 1421 96 22 tillskott
863 1421 7 21 i
886 1428 34 15 ar-

162 1455 83 22 betstid
268 1456 35 22 för
325 1457 83 22 banans
432 1457 117 23 utförande
573 1459 40 21 och
638 1458 79 21 främst
740 1457 34 22 för
792 1459 127 25 terrängens

162 1497 128 22 noggranna
307 1493 170 28 undersökning.
509 1494 48 21 Den
573 1496 25 19 är
614 1494 47 21 icke
677 1493 70 22 heller
762 1494 24 20 så
802 1495 53 25 stor,
872 1499 46 16 som

236 1534 199 26 Jernvägsutskottets
450 1536 118 20 betänkande
583 1537 39 20 N:o
637 1537 17 19 1.
