1078 1692
387 161 19 25 U,
422 160 19 23 B.
457 173 28 3 —
501 160 55 29 Prop.
572 159 33 24 N:o
620 160 21 22 4.
848 160 12 22 9

139 223 25 16 en
185 217 49 27 läng
256 217 42 21 tids
319 216 89 28 förlopp,
431 216 39 22 och
490 216 45 28 just
558 216 82 22 derföre
656 216 60 22 äfven
731 217 116 21 äsidosatte
862 216 28 22 all

139 251 98 21 omtanke
259 252 32 20 att
314 250 7 22 i
342 250 30 22 tid
391 250 110 22 förbereda
515 250 32 27 sig
561 251 28 27 pä
603 250 156 28 förändringen,
774 250 57 22 höllo
846 250 44 22 före

139 286 32 20 att
192 285 126 21 ätminstone
340 284 83 28 menige
444 290 49 16 man
515 284 67 22 under
599 284 36 22 det
649 284 63 27 sjette
726 286 48 20 äret
788 284 53 22 efter
855 284 36 22 det

139 325 41 21 nya
194 320 110 26 systemets
318 318 134 28 päbjudande
467 318 68 22 skulle
549 318 94 22 befinnas
658 318 43 22 lika
716 318 48 22 litet
778 318 112 22 förberedd

139 360 45 15 som
207 354 65 20 under
294 353 36 21 det
352 352 72 28 första,
446 359 48 15 men
516 352 90 28 troligen
621 353 48 21 vida
684 359 58 15 mera
756 352 89 28 likgiltig
859 352 33 22 för

139 386 111 28 reformen,
273 389 55 19 samt
345 388 78 26 ansägo
439 388 27 26 pä
480 387 66 21 sädan
561 387 68 27 grund
645 393 25 15 en
685 387 93 27 kortare,
794 393 47 15 men
856 388 36 20 än-

141 421 53 21 dock
215 421 80 27 ganska
317 420 113 28 tillräcklig
451 420 142 22 beredelsetid
615 420 22 22 af
650 422 32 20 tre
698 422 24 20 är
736 420 70 23 bättre
820 421 72 21 kunna

140 454 57 22 hålla
218 454 213 28 uppmärksamheten
453 454 39 22 och
515 455 113 21 omtanken
650 454 33 22 för
704 454 105 22 reformen
823 454 69 22 vakna

141 491 54 20 samt
216 489 89 21 sålunda
326 490 52 26 göra
400 489 130 21 densammas
553 488 163 28 genomförande
738 489 83 26 lättare,
844 494 48 16 men

141 523 113 27 ingalunda
268 524 92 20 svårare.

208 557 10 21 I
240 557 112 26 anledning
374 556 22 21 af
409 556 129 22 Ständernas
553 556 88 22 anförda
654 556 110 22 utlåtande
779 556 72 27 vidtog
865 556 25 20 K.

143 591 96 27 Senaten,
262 591 88 21 emedan
376 590 103 22 reformen
501 591 47 21 icke
571 592 75 26 ansågs
668 591 71 21 kunna
761 589 131 29 genomföras

142 625 130 22 annorlunda
293 627 26 19 än
342 624 6 21 i
370 625 83 21 samråd
475 625 49 21 med
546 625 182 27 vetenskapsmän,
747 624 99 27 åtgärder
860 623 32 22 till

142 659 138 21 nedsättande
302 658 22 22 af
344 665 26 15 en
392 658 79 22 komité
493 658 33 22 för
541 659 125 26 ändamålet,
683 665 47 15 men
746 658 64 22 sedan
826 658 67 21 Stats-

142 693 146 21 sekreteriatet
310 692 32 22 för
364 692 89 22 Finland
475 693 31 21 uti
529 692 108 22 skrifvelse
656 692 32 22 till
706 695 14 19 t.
737 692 13 22 f.
766 692 127 26 Generalgu-

142 729 101 19 vernören
264 727 22 21 af
299 728 40 20 den
354 727 47 27 !9/,,
416 727 89 27 Augusti
522 728 54 21 1864
591 727 112 27 meddelat,
720 727 36 21 det
770 727 59 21 Hans
844 725 49 27 Kej-

142 761 76 27 serliga
239 761 109 27 Majestäts
370 761 76 27 nädiga
467 761 50 27 vilja
539 768 56 20 vore,
619 763 30 20 att
672 762 69 21 denna
762 761 59 27 fräga
838 761 54 20 samt

143 795 32 21 till
196 794 51 28 följd
270 794 59 22 deraf
346 795 78 27 jemväl
443 795 42 21 alla
499 795 57 21 förut
571 795 6 21 i
592 796 66 21 nåder
672 794 120 23 anbefallda
806 794 52 22 eller
872 793 22 22 af

144 829 90 22 Senaten
256 829 98 27 vidtagna
376 830 99 25 ätgärder
489 829 68 22 skulle
574 829 115 22 tillsvidare
703 828 88 27 förfalla,
806 828 88 27 tillgjor-

144 863 37 21 des
203 863 66 21 under
291 869 26 15 en
338 863 51 26 följd
408 863 21 21 af
445 863 24 21 är
483 863 54 21 intet
552 863 71 22 vidare
638 863 46 21 frän
699 862 112 28 styrelsens
827 861 45 22 sida
886 861 8 21 i

144 897 92 21 ärendet.
261 909 25 3 —
302 897 40 21 Vid
359 897 53 21 1877
428 898 34 21 ärs
477 897 101 27 landtdag
593 897 85 22 väcktes
693 897 7 21 i
715 895 180 28 Borgareständet

144 932 31 20 ett
196 930 182 27 petitionsförslag,
401 931 58 21 hvari
482 932 83 25 ,säsom
588 937 25 15 en
636 931 86 27 lämplig
739 929 156 28 utgångspunkt

143 964 33 22 för
198 971 25 15 en
245 965 98 26 tidsenlig
364 965 104 27 reglering
490 965 22 22 af
529 966 47 21 vårt
591 966 54 21 mått
660 965 38 22 och
713 965 42 21 mål
770 965 7 20 i
792 963 104 22 öfverens-

144 999 120 21 stämmelse
286 999 48 21 med
355 998 160 23 förhållandena
535 999 6 21 i
557 999 66 22 andra
638 999 86 22 länder"
740 998 108 27 föreslogs,
864 998 32 21 att

144 1033 36 21 det
194 1033 38 21 hos
248 1039 34 15 oss
297 1032 97 27 gäilande
406 1033 89 22 svenska
505 1033 134 27 skälpundet,
649 1039 46 16 som
706 1035 117 19 motsvarar
833 1037 63 21 unge-

143 1066 87 27 färligen
250 1067 40 21 425
306 1073 66 20 gram,
387 1067 67 22 skulle
469 1067 86 27 bringas
568 1067 33 21 till
617 1065 215 24 öfverensstämmelse
848 1065 48 21 med

144 1101 143 26 vigtsenheten
309 1101 7 20 i
339 1101 25 21 de
386 1101 61 21 flesta
469 1101 66 21 andra
558 1101 81 26 länderj
654 1107 76 20 genom
750 1102 32 20 att
797 1099 51 22 ökas
862 1098 33 22 till

141 1135 67 26 jemnt
230 1135 42 22 500
288 1141 59 20 gram
370 1135 51 22 eller
443 1141 26 15 en
492 1135 46 22 half
559 1135 108 27 kilogram.
702 1134 123 28 Lispundet,
849 1139 46 16 som

144 1168 127 23 fortfarande
296 1169 69 21 kunde
380 1169 116 22 bibehällas
512 1169 39 22 och
567 1171 75 25 utgöra
656 1170 28 21 20
698 1168 111 28 skälpund,
826 1167 68 22 skulle

144 1203 27 21 dä
192 1205 106 20 motsvara
321 1204 25 21 10
368 1203 111 27 kilogram.
511 1203 132 28 Skälpundet
666 1204 46 21 åter
734 1202 71 22 kunde
827 1201 68 27 lämp-

143 1237 55 27 ligen
220 1237 80 21 indelas
323 1237 7 21 i
352 1238 28 21 50
402 1237 42 27 lod,
459 1237 137 27 hvarigenom
611 1239 32 20 ett
656 1237 37 22 lod
708 1236 68 23 blefve
790 1236 44 21 lika
849 1235 48 22 med

145 1272 27 21 10
198 1277 64 20 gram.
300 1271 205 27 Petitionsförslaget
530 1271 45 22 blef
594 1271 46 22 icke
661 1271 109 28 godkändt
793 1269 22 22 af
835 1269 61 22 Stän-

145 1305 70 26 derna,
238 1305 94 26 emedan,
354 1306 28 26 pä
396 1307 43 20 sätt
454 1305 210 22 Ekonomiutskottet
679 1305 7 21 i
702 1305 46 22 dess
764 1303 133 23 betänkande

143 1339 107 27 uttryckte
268 1339 37 27 sig,
324 1356 8 9 ,
335 1339 90 22 Finland
440 1339 46 22 icke
501 1339 54 22 skall
570 1340 72 21 kunna
656 1339 112 22 underlåta
783 1340 31 20 att
829 1337 69 22 införa

144 1373 36 22 det
201 1373 101 22 metriska
323 1375 101 26 systemet
446 1373 32 22 för
493 1374 61 26 mätt,
570 1373 42 22 mäl
628 1373 39 22 och
681 1373 74 26 vigter,
770 1371 81 22 hvilket
864 1377 33 22 sy-

144 1409 53 20 stem
220 1407 64 21 redan
307 1409 23 20 är
348 1409 86 25 antaget
448 1407 7 21 i
469 1413 26 16 en
511 1409 46 20 stor
572 1407 34 22 del
621 1407 22 22 af
656 1408 40 20 den
712 1406 84 21 bildade
811 1405 86 22 verlden

144 1441 39 21 och
206 1441 47 21 med
275 1441 29 21 all
318 1441 134 21 sannolikhet
467 1441 68 22 mäste
550 1441 124 22 förutsättas
688 1440 64 21 blifva
768 1441 87 25 antaget
868 1438 30 22 äf-

144 1480 39 15 ven
203 1474 9 21 i
230 1475 26 20 de
271 1475 74 21 länder
360 1475 37 21 der
413 1475 58 21 detta
485 1477 57 19 ännu
558 1475 18 26 ej
592 1475 76 21 skett".
686 1487 24 2 —
727 1468 31 27 Är
773 1473 55 22 1880
843 1473 55 21 äter-

212 1513 187 19 Ekonomiutskottets
414 1514 116 18 betänkande
543 1515 38 17 N:o
593 1514 18 17 2.
