1078 1692
223 150 13 20 6
363 150 100 34 Ständ.
481 151 36 22 Sv.
534 163 27 4 —
577 152 69 27 Prop.
664 152 39 21 N:o
722 151 33 21 10.

196 212 73 22 rande
290 220 87 20 genom
398 212 96 30 uppköp
510 214 25 22 af
547 214 71 22 säkra
633 216 147 27 statspapper
795 214 44 22 och
855 214 91 28 obliga-

196 248 80 21 tioner.
308 247 84 23 Ehuru
416 247 132 23 Ständerna
573 248 120 28 medgifva
717 249 81 27 vigten
824 248 66 22 deraf
913 250 33 20 att

197 282 216 28 postsparbankens
435 282 130 28 tillgångar
587 282 105 29 placeras
714 282 139 23 framförallt
867 282 79 22 säkert

197 316 43 22 och
256 316 8 22 i
279 316 45 22 lätt
334 316 152 23 realiserbara
496 316 168 30 värdepapper,
674 316 59 30 vilja
743 316 132 23 Ständerna
885 316 60 23 dock

196 349 127 23 framhålla
346 352 34 20 att
402 351 7 21 i
432 350 73 23 andra
520 350 89 30 länder,
625 352 77 21 såsom
717 351 10 21 i
740 350 105 30 Belgien,
860 350 85 23 Italien

196 383 44 23 och
256 384 112 30 Holland,
384 391 28 15 en
428 384 37 23 del
475 385 24 22 af
505 384 255 29 insättningsbeloppet
767 387 87 20 ansetts
862 384 84 23 kunna

196 417 101 29 utlänas,
320 418 82 22 främst
423 418 38 23 till
484 418 147 30 kommuner,
653 419 44 22 och
716 418 101 23 sälunda
831 421 68 25 göras
914 419 32 29 pä

197 454 31 20 ett
250 452 174 23 verksammare
446 454 46 21 sätt
514 452 198 29 fruktbringande
727 453 34 23 för
776 452 85 24 landet.
890 453 55 22 Ifall

196 485 28 23 de
247 487 8 21 i
278 486 45 23 den
346 486 124 24 tillernade
491 487 150 29 postbanken
656 489 87 21 insatta
758 486 76 24 medel
849 486 97 24 komma

197 522 33 20 att
252 521 62 27 stiga
336 521 38 22 till
392 520 124 30 betydliga
531 521 94 30 belopp,
641 521 87 30 kunde,
744 521 76 28 enligt
834 521 110 23 Ständer-

196 562 42 15 nas
261 555 79 29 tanke,
353 556 89 29 jemväl
457 556 44 22 hos
517 563 37 15 oss
570 556 79 28 någon
664 556 39 22 del
718 555 67 23 deraf
797 555 94 23 utlänas
906 556 37 22 till

196 588 140 24 kommuner
352 590 33 22 för
400 590 160 30 befrämjande
575 591 25 21 af
613 590 185 28 allmännyttiga
813 590 93 28 företag.

265 623 82 23 Under
362 624 167 28 förutsättning
544 624 67 23 deraf
624 627 33 20 att
672 624 69 22 dessa
756 624 25 22 af
794 624 150 22 Ständerna
932 619 17 38 i

195 657 192 29 underdänighet
408 659 143 23 framhällna
573 660 117 28 principer
712 658 83 28 läggas
813 658 38 22 till
866 658 78 28 grund

195 692 34 22 för
244 692 46 22 den
306 692 122 23 blifvande
442 693 361 29 postsparbanksförfattningen,
811 699 55 15 anse
874 692 70 22 Stän-

196 726 72 22 derna
284 729 34 20 att
333 726 46 23 den
393 727 49 22 risk
458 730 74 20 staten
549 727 97 28 ädrager
662 728 43 28 sig,
720 726 42 23 vid
773 726 38 22 det
819 726 45 22 den
872 726 71 22 skän-

195 760 42 22 ker
252 760 97 23 banken
365 762 37 21 sin
418 762 98 29 garanti,
531 761 38 23 till
585 761 58 23 fullo
659 762 121 28 uppväges
796 760 25 23 af
829 760 38 22 det
874 760 70 22 verk-

196 794 49 28 liga
260 802 64 20 gagn
338 796 149 28 postbanken
503 796 106 22 kommer
617 798 33 20 att
666 790 93 38 medföra
771 794 82 23 landet.
876 794 68 23 Dock

195 828 72 22 hafva
290 829 138 30 Ständerna,
443 832 8 20 i
467 830 116 22 anseende
598 830 37 22 till
651 828 215 30 postsparbankens
882 830 62 20 stora

196 862 155 23 ekonomiska
366 863 128 29 betydelse,
509 866 56 20 trott
579 865 38 26 sig
631 864 57 22 böra
702 865 57 26 göra
774 862 39 23 det
827 862 116 23 förbehäll

195 899 33 20 att
243 897 41 22 vid
299 897 83 30 hvarje
399 897 115 29 landtdag
529 897 92 23 erhälla
636 897 38 23 del
690 897 25 22 af
727 896 216 30 postsparbankens

193 931 146 28 förvaltning
359 931 44 23 och
418 931 115 30 tillständ,
548 932 102 22 likasom
667 931 44 23 ock
726 930 132 23 Ständerna
872 931 71 22 förut-

194 966 61 21 sätta
281 967 34 20 att
339 966 79 27 nägon
441 965 101 29 ändring
565 966 24 22 af
610 965 242 29 hufvudprinciperna
874 965 8 21 i
904 963 39 23 det

193 999 133 23 Ständerna
351 999 105 29 delgifna
477 999 261 29 författningsförslaget
760 999 53 22 icke
834 998 108 28 vidtagas

193 1036 57 20 utan
266 1033 144 24 Ständernas
426 1034 148 23 medverkan.

262 1103 56 22 Med
341 1103 130 29 anledning
494 1104 25 22 of
537 1103 66 22 hvad
625 1104 7 21 i
648 1103 40 22 det
702 1101 139 28 föregäende
856 1101 86 23 anförts

192 1137 31 36 få
230 1137 134 23 Ständerna
378 1137 171 28 underdånigst
565 1137 104 23 anmäla:

402 1203 34 20 att
450 1201 131 26 Ständerna,
590 1201 71 21 under
668 1199 104 28 förbehåll
778 1199 59 22 såväl
845 1200 33 20 att
886 1205 56 15 sum-

330 1242 52 15 man
404 1236 28 27 af
445 1235 182 28 insättningarne
639 1235 32 26 pä
686 1241 27 14 en
727 1232 159 29 sparbanksbok
900 1239 42 14 un-

329 1269 38 21 der
381 1270 48 21 året
444 1269 42 22 icke
501 1269 37 27 får
553 1269 115 27 öfverstiga
682 1268 68 26 1,000
763 1267 68 26 mark,
848 1273 43 14 som
906 1266 36 21 ock

329 1304 33 20 att
377 1303 33 20 till
426 1303 73 28 hvarje
515 1303 104 27 landtdag
635 1309 27 14 en
678 1301 94 22 relation
787 1308 32 14 om
831 1302 111 26 postspar-

329 1337 96 21 bankens
448 1337 96 21 tillstånd
567 1337 37 20 och
625 1335 133 22 verksamhet
773 1335 96 27 afgifves,
886 1341 54 19 men,

328 1371 46 20 med
394 1371 161 26 godkännande
577 1371 8 20 i
608 1370 66 27 öfrigt
696 1369 28 27 af
743 1369 25 21 de
788 1369 98 27 grunder
908 1369 34 20 det

328 1404 125 21 Ständerna
468 1405 96 27 delgifna
580 1403 247 28 författninysförslaget
843 1402 98 21 innehäl-
