1078 1692
469 130 56 22 N:o
541 128 26 24 9.

415 446 65 22 Hans
500 446 146 27 Kejserliga
666 446 138 27 Majestäts
824 446 73 26 nädiga

347 480 126 28 proposition
499 480 30 22 tili
558 481 93 21 Finlands
674 480 94 28 Ständer,
792 480 104 28 angäende

346 514 109 22 förändrad
479 515 38 21 och
541 515 52 22 efter
617 515 93 21 metriskt
730 515 50 21 mätt
799 514 98 28 afpassad

346 550 141 26 undervisning
503 550 32 21 för
551 550 147 21 skatterubein.

213 612 71 22 Sedan
308 613 37 21 det
368 612 56 22 visat
447 612 33 27 sig
503 614 33 20 att
552 613 41 21 den
609 613 32 21 uti
657 613 146 27 kungörelsen
819 612 23 22 af
857 612 40 22 den

139 648 12 20 5
168 647 58 21 Mars
252 648 52 20 1841
330 647 113 21 bestämda
465 647 157 26 undervisning
641 647 34 21 för
690 647 157 27 rubelskatten,
864 648 34 20 sä-

141 682 41 21 dan
206 682 71 21 denna
297 681 124 21 rubelskatt
436 681 97 21 infördes
549 688 78 20 genom
643 682 80 26 nädiga
738 682 124 21 manifestet
877 681 23 21 af

142 717 41 21 den
200 718 12 19 9
229 716 61 27 April
308 717 62 26 1840,
389 716 141 21 öfverhufvud
546 716 45 21 ledt
606 716 35 21 till
656 723 27 15 en
698 718 67 25 nägot
780 716 66 27 högre
862 716 36 21 de-

140 751 95 27 bitering
254 753 28 19 än
306 751 48 27 den,
378 757 45 15 som
439 757 50 15 vore
505 757 27 15 en
548 750 53 28 följd
617 751 24 21 af
654 751 134 27 penningens
803 750 95 22 fallande

139 786 66 20 värde
220 785 40 21 och
276 785 42 21 den
335 785 63 21 deraf
412 785 116 27 betingade
544 785 173 27 prisstegringen
733 786 34 20 för
780 785 79 27 jemväl
872 785 26 20 de

141 820 60 21 äldre
224 820 211 26 räntepersedlarne,
456 826 48 15 men
521 820 124 27 syftemälet
660 821 48 20 med
724 820 173 27 räntepersedel-

141 855 161 26 omsättningen
318 854 48 21 icke
382 854 56 21 varit
454 856 32 19 att
497 854 151 22 ästadkomma
659 861 25 15 en
694 854 204 27 skatteförhöjning,

141 889 40 21 har
204 889 60 21 Hans
279 889 125 27 Kejserliga
419 889 103 27 Majestät
538 889 7 21 i
561 890 67 21 näder
644 889 48 22 lätit
709 889 111 27 förelägga
836 888 62 21 Stän-

142 924 67 21 derna
229 926 75 19 senast
324 924 36 21 vid
375 924 133 26 landtdagen
524 925 24 20 är
566 925 53 20 1877
636 924 81 27 förslag
732 924 34 21 till
782 923 117 21 förändrad

143 958 156 27 undervisning
319 958 32 21 för
368 958 157 21 skatterubeln.
557 959 97 20 Berörda
669 958 80 27 nädiga
764 957 135 28 proposition

141 993 111 26 angäende
268 992 132 21 förändrade
416 993 94 26 grunder
527 993 34 20 för
575 992 325 27 räntepersedelomsättningen

140 1027 46 20 blef
208 1027 22 21 af
246 1026 123 22 Ständerna
384 1027 67 21 likväl
467 1027 47 21 icke
532 1029 101 26 antagen,
648 1027 112 22 hvaremot
777 1027 123 21 Ständerna

141 1061 93 28 anhöllo,
259 1063 33 19 att
315 1061 82 27 förslag
417 1061 33 21 till
467 1061 109 22 ordinarie
592 1064 90 19 räntans
698 1063 38 20 och
754 1061 100 26 samtliga
870 1061 30 20 öf-

140 1096 47 26 riga
209 1096 7 20 i
232 1096 97 26 spanmål
354 1096 114 21 bestämda
489 1097 147 26 jordskatters
659 1096 136 26 förvandling
810 1095 33 21 till
859 1095 41 21 fixa

141 1130 188 27 penningebelopp
348 1131 70 21 blefve
435 1130 123 22 Ständerna
573 1131 36 21 vid
624 1131 132 27 landtdagen
775 1131 54 20 1882
845 1130 55 21 före-

142 1165 67 26 lagdt.
239 1165 100 21 Nämnda
355 1165 109 28 anhållan,
480 1165 88 21 hvartill
584 1165 60 22 Hans
660 1165 124 28 Kejserliga
799 1165 103 26 Majestät

141 1200 49 21 icke
206 1199 58 22 velat
280 1199 81 25 bifalla,
377 1200 64 21 hafva
457 1200 123 21 Ständerna
596 1201 32 20 uti
644 1200 136 26 underdånig
789 1199 113 21 skrifvelse

143 1234 24 21 af
188 1235 40 20 den
254 1235 12 20 5
284 1234 43 27 Maj
353 1234 108 27 sistsagde
477 1235 25 20 år
518 1235 6 20 i
540 1235 123 20 hufvudsak
678 1235 92 26 förnyat.
801 1233 46 22 Och
862 1233 40 21 har

144 1269 60 21 Hans
220 1269 124 26 Kejserliga
359 1269 105 26 Majestät
480 1269 71 21 funnit
567 1269 47 21 skäl
631 1269 47 21 icke
694 1269 68 22 heller
778 1269 32 20 för
826 1270 76 19 närva-

142 1303 68 21 rande
226 1303 136 21 förekomma
378 1305 32 19 att
426 1303 33 21 till
475 1305 75 20 senast
565 1303 130 22 församlade
712 1303 103 22 Ständers
824 1303 78 20 under-

142 1337 79 27 dåniga
236 1337 92 27 petition
346 1338 6 20 i
368 1339 73 20 ämnet
457 1337 82 22 bifalla.

214 1372 104 21 Deremot
340 1372 40 21 har
403 1372 61 21 Hans
487 1372 124 27 Kejserliga
633 1372 110 27 Majestät,
766 1373 28 25 på
818 1371 37 21 det
870 1373 32 19 att

142 1406 150 21 skatterubeln
316 1407 35 20 må
373 1406 89 27 bringas
486 1407 34 20 till
545 1407 49 21 dess
617 1406 167 27 ursprungligen
801 1405 99 27 åsyftade

141 1441 68 20 värde
225 1441 39 20 och
281 1447 26 14 en
323 1441 85 26 verklig
424 1441 98 26 stegring
539 1441 23 20 af
571 1441 158 26 grundskatten
739 1441 48 20 icke
799 1446 40 21 ega
848 1447 54 20 rum,
