1078 1692
198 147 28 33 40
376 152 23 18 U.
413 152 22 18 B.
448 162 22 3 —
483 152 63 24 Prop.
560 152 55 19 N:ris
627 152 23 18 16
662 152 40 19 och
714 152 28 17 37.

179 209 67 27 tjenst
268 210 90 22 innehar
380 210 97 27 boställe,
496 212 67 21 redan
582 211 51 27 ingå
651 211 7 21 i
678 210 11 28 $
705 210 29 22 24
749 210 23 22 af
786 210 155 22 ofvanstäende

180 243 81 27 förslag
276 244 32 22 till
324 244 108 28 skogslag,
447 245 67 22 borde
529 245 165 27 ifrägavarande
709 245 11 27 &
730 245 6 21 i
746 244 150 28 kungörelsen,
904 244 34 22 sä-

174 284 51 17 som
240 278 133 28 öfverflödig,
389 279 93 21 derifrän
498 280 59 27 utgå.

248 312 35 22 Då
296 313 7 21 i
318 312 16 28 $
348 314 30 20 12
393 313 111 22 föreskrift
519 314 82 22 lemnas
617 314 80 27 derom,
714 316 32 19 att
761 314 66 26 mark,
843 320 45 15 som
902 314 35 21 vid

180 348 148 26 uppgörandet
348 348 24 21 af
393 348 199 28 hushällningsplan
614 348 34 22 för
674 348 147 22 ecklesiastikt
846 348 93 22 boställe

172 381 102 24 -befinnes
292 382 76 27 tjenlig
386 382 34 22 för
435 383 134 27 anläggande
583 383 24 21 af
620 385 56 25 torp,
692 383 39 21 bör
746 382 48 22 från
809 382 79 28 skogen
904 382 35 22 för

179 416 123 22 ändamålet
327 416 105 28 afskiljas,
455 417 24 21 sä
501 424 64 15 anser
587 418 106 21 utskottet
712 417 80 27 jemväl
814 417 27 22 de
862 417 74 21 härom

179 450 126 24 meddelade
320 451 191 22 bestämmelserna
527 452 33 21 stä
575 452 7 21 i
598 452 53 21 strid
668 452 48 21 med
732 451 205 27 prestaprivilegier-

179 491 33 20 na,
221 486 47 20 enär
269 486 142 27 procedyren
420 486 33 21 vid
467 486 64 22 dessa
543 486 237 27 hushällningsplaners
788 485 150 22 fastställande

178 521 25 19 är
218 525 25 15 en
260 526 69 15 annan
344 522 27 19 än
391 520 48 27 den,
463 527 44 15 som
525 520 86 28 jemlikt
625 520 14 22 9
654 520 94 27 punkten
764 520 8 21 i
788 520 92 22 berörda
894 520 43 27 pri-

179 553 89 27 vilegier
286 554 55 21 skall
360 554 63 28 följas
441 555 36 21 vid
492 555 134 27 anläggande
642 554 23 22 af
679 556 48 26 torp
743 554 13 22 &
770 554 101 28 prestbol.
904 554 32 22 Li-

178 587 53 22 kasä
250 588 40 21 har
304 588 105 22 utskottet
424 588 69 22 funnit
509 589 32 27 sig
556 589 53 21 böra
625 591 58 19 emot
698 589 134 27 stadgandet,
848 590 32 20 att
895 589 42 21 den

178 624 76 25 anpart
269 622 24 22 af
306 622 149 28 afkastningen
471 623 46 21 frän
534 623 147 22 ecklesiastikt
696 623 103 21 boställes
814 623 60 27 skog,
890 628 47 16 som

178 656 20 27 ej
217 657 69 27 enligt
304 658 26 21 de
349 658 6 20 i
376 657 46 28 $:en
438 658 113 21 bestämda
565 658 123 26 grunderna
703 657 122 22 tillerkänts
840 657 50 22 dess
905 658 32 20 in-

178 691 122 27 nehafvare,
320 692 54 21 skall
394 692 88 21 tillfalla
497 692 164 27 församlingens
677 692 139 27 kyrkokassa,
832 687 52 26 böra
899 698 37 15 an-

178 726 80 26 märka,
268 728 32 20 att
307 726 163 27 ifrägavarande
485 726 126 28 stadgande,
623 732 45 16 som
681 728 53 20 nära
744 726 63 22 berör
817 726 15 22 4
841 726 95 27 punkten

177 760 7 20 i
207 760 45 22 ofta
275 760 121 28 åberopade
418 761 130 27 privilegier,
570 761 47 21 icke
636 761 42 21 kan
697 760 7 22 i
724 760 156 22 administrativ
895 762 41 25 väg

178 794 163 28 ävägabringas,
358 794 99 23 hvarföre
473 796 38 20 och
527 795 28 21 dä
571 795 129 27 stadgandet
715 795 109 21 dessutom
839 794 8 22 i
862 794 73 28 hvarje

177 828 38 21 fall
234 828 84 22 komme
337 831 32 19 att
388 829 87 22 inverka
493 830 28 26 pä
535 830 75 26 frägan
626 836 34 14 om
676 829 112 26 byggande
803 829 40 21 och
858 829 78 21 under-

177 862 44 22 håll
243 862 25 21 af
288 863 68 28 kyrka
377 863 51 27 ochf
443 863 120 27 prestgärd,
591 865 55 20 samt
672 863 34 21 för
733 863 68 21 denna
827 862 63 28 fråga
912 869 28 15 en

177 896 95 22 särskild
289 897 79 22 .komité
384 903 28 15 nu
428 897 27 27 pä
474 898 127 21 ständernas
619 898 73 21 derom
709 897 58 22 förut
782 897 77 27 gjorda
872 897 65 27 begä-

177 937 38 14 ran
238 930 68 23 finnes
329 932 91 26 nedsatt,
444 932 107 21 utskottet
573 933 71 20 ansett
666 932 38 21 det
725 929 53 24 böra
800 931 7 22 i
826 931 54 28 $:en,
901 931 37 22 be-

177 964 107 23 träffande
298 965 126 22 inkomsten!
439 972 76 21 genom
535 966 126 27 försäljning
681 966 23 21 af
721 966 58 27 skogj
793 965 47 23 från
859 965 79 28 ifräga-

177 999 94 22 varande.
294 999 113 28 boställen,
433 1001 56 21 blott
511 1001 86 26 uttalas,
625 1003 32 19 att
686 1001 70 21 denna
784 1000 93 22 inkomst
902 1001 38 21 mä

177 1033 110 22 användas
310 1034 70 21 såsom
404 1035 73 21 derom
502 1041 28 15 nu
553 1037 24 19 är
601 1035 53 21 eller
677 1035 117 21 framdeles
813 1034 42 22 kan
870 1035 69 21 varda.

177 1068 109 27 stadgadt.
301 1081 27 3 —
344 1069 43 21 För
403 1069 66 27 öfrigt
483 1069 74 27 borde,
573 1069 67 26 enligt
654 1069 118 22 utskottets
788 1068 70 27 tanke,
874 1068 63 22 äfven

177 1107 69 16 annan
263 1101 182 28 forsttjensteman
461 1105 26 19 än
503 1103 149 22 forstmästare
669 1103 119 26 berättigas
798 1104 33 20 att
841 1105 101 25 uppgöra.

177 1136 26 21 de
225 1136 226 28 hushällningsplaner
473 1137 40 22 och
536 1137 117 22 verkställa
676 1137 27 21 de
722 1137 123 26 revisioner,
864 1143 46 15 som
930 1137 10 21 i

176 1170 47 27 $:en
239 1172 131 21 omnämnas.

244 1204 172 23 Vidkommande
434 1206 67 21 sedan
522 1205 105 28 förslaget
643 1205 32 22 till
692 1205 136 27 kungörelse,
845 1205 91 22 innefat-

175 1239 65 22 tande
263 1239 76 27 tillägg
357 1239 33 22 till
409 1239 143 28 kungörelsen
572 1240 40 21 den
632 1241 27 21 27
679 1239 120 22 December
820 1239 62 27 1877,
896 1240 41 21 har

171 1273 111 24 atskottet
297 1275 71 20 ansett
383 1274 128 27 stadgandet
526 1275 6 20 i
549 1275 49 20 dess
615 1280 77 15 senare
707 1276 94 21 moment
816 1273 80 28 derom,
905 1276 33 19 att

175 1307 37 22 det
226 1307 72 22 skulle
312 1307 115 22 ankomma
441 1309 14 21 å
469 1311 107 24 guvernör
591 1311 38 24 att,
645 1309 36 21 vid
697 1309 108 26 nybygges
820 1308 120 27 anläggan-

175 1341 27 22 de
220 1341 124 28 framdeles,
364 1342 75 27 pröfva
454 1343 105 21 huruvida
573 1343 54 27 skog
642 1343 34 21 för
692 1342 107 22 husbehof
811 1342 67 22 borde
894 1343 44 21 slik

174 1375 104 28 lägenhet
294 1376 107 27 tilläggas,
421 1377 53 22 eller
489 1377 54 22 äbon
560 1377 53 23 derä
627 1377 7 21 i
650 1377 74 22 stället
738 1376 140 22 tillerkännas
893 1379 44 19 rätt

173 1411 34 20 att
220 1409 51 22 från
285 1410 144 28 tilläfventyrs
444 1411 129 27 närbelägen
590 1411 123 27 kronoskog
728 1411 81 27 årligen
825 1410 23 22 få
861 1411 78 27 nödigt

173 1443 61 22 virke
254 1444 23 21 ät
296 1445 32 26 sig
351 1446 108 26 utsynadt,
478 1452 51 15 vara
552 1445 46 22 icke
622 1445 57 22 blott
698 1445 111 22 stridande
827 1447 46 20 mot
890 1446 50 26 gäl-

243 1484 47 21 Lag-
303 1485 29 16 och
347 1485 168 18 Ekonomiutskottets
527 1485 104 18 betänkande
644 1485 35 17 N:o
692 1485 17 17 3.
