1078 1692
473 166 34 22 N:o
518 166 33 22 10.
833 167 23 20 11

197 236 21 26 7)
234 234 63 27 fråga
314 240 34 15 om
364 234 70 22 bättre
450 236 44 20 rätt
509 235 32 21 till
557 235 99 25 motbok;

194 269 22 27 8)
232 268 161 22 fastställandet
416 268 23 22 af
461 269 36 21 det
519 269 78 27 högsta
622 269 84 27 belopp,
727 276 46 14 som
788 270 7 21 i
811 270 75 21 kassö-

126 310 49 14 rens
197 303 126 21 handkassa
345 302 33 22 får
402 304 111 26 qvarligga
536 303 53 22 efter
606 304 37 20 det
657 304 96 21 rörelsen
769 304 33 21 för
818 305 69 26 dagen

127 338 103 26 upphört;

196 372 21 27 9)
234 372 73 26 frågor
318 378 34 14 om
363 372 122 26 disponibla
495 373 80 21 medels
587 372 174 22 öfverlemnande
772 373 32 21 till
817 372 67 22 Stats-

127 406 99 21 kontoret
242 406 51 21 eller
308 406 120 26 insättning
443 406 7 21 i
465 406 68 26 bank;

198 440 34 27 10)
243 440 128 28 försäljning
382 440 23 22 af
413 441 188 26 postsparbanken
613 442 109 26 tillhöriga
734 442 153 26 obligationer
878 436 12 36 ;

199 476 35 26 11)
250 475 123 27 afgifvande
389 475 23 21 af
427 475 162 26 ärsberättelse;
607 478 56 19 samt

199 510 35 26 12)
250 509 122 26 befordran,
395 510 160 26 tjenstledighet
578 510 51 21 eller
652 510 76 21 afsked
746 510 34 21 för
800 510 85 26 tjenste-

129 545 50 19 män
194 544 34 20 vid
244 544 198 27 postsparbankens
458 544 95 27 styrelse,
571 544 111 22 äfvensom
698 550 78 15 ansvar
786 544 33 21 för
830 544 54 26 tjen-

129 577 61 22 stefel
206 578 39 21 och
261 578 165 26 försummelser,
442 584 46 15 som
504 578 23 21 af
541 579 109 21 desamme
666 578 73 27 begås.

199 612 47 21 Alla
262 613 64 21 dessa
341 612 93 22 ärenden
451 612 85 27 afgöras
552 613 54 21 efter
623 613 104 21 flertalets
742 614 77 19 röster.

200 647 46 21 Har
268 647 119 21 emellertid
407 647 7 21 i
431 646 68 28 fräga,
515 653 46 15 som
578 649 37 19 rör
631 646 256 28 sparbanksgöromälens

131 681 158 27 handläggning
310 681 12 21 &
341 682 136 26 postanstalt,
493 681 28 27 pä
537 682 69 26 grund
624 681 22 21 af
660 682 157 20 ledamöternes
833 686 55 15 sam-

131 716 113 26 stämmiga
259 718 70 19 röster
345 716 69 21 beslut
429 716 82 25 fattats,
528 722 45 15 som
591 715 145 21 ordföranden
752 714 67 22 finner
835 720 53 16 vara

131 750 87 26 menligt
233 750 34 21 för
282 750 153 27 posttjenstens
451 750 103 26 behöriga
570 750 144 26 bestridande,
731 749 56 21 skall
798 748 89 22 ärendet

131 784 40 21 hos
193 784 103 22 Senatens
319 784 268 27 Ekonomiedepartement
605 784 8 20 i
627 784 173 26 underdänighet
816 784 72 19 anmä-

130 819 34 20 las
187 819 39 21 och
250 819 48 21 med
321 819 103 21 beslutets
446 818 163 27 verkställighet
633 818 69 25 anstå,
722 818 33 20 till
772 818 47 20 dess
835 816 55 22 före-

131 852 64 21 skrift
210 853 6 20 i
232 855 72 18 ämnet
320 853 22 20 af
357 853 92 21 Senaten
465 853 126 21 meddelats.

200 887 30 21 Pä
254 887 114 21 enahanda
387 889 43 19 sätt
449 887 92 21 förfares
558 887 46 26 ock,
622 887 37 20 der
675 887 35 20 vid
725 885 129 22 besättande
870 885 24 21 af

133 921 66 27 tjenst
221 921 149 27 skiljaktighet
393 922 6 20 i
422 922 85 26 mening
522 922 78 21 mellan
617 920 144 22 ordföranden
778 920 39 21 och
833 919 58 22 leda-

135 957 97 20 möterne
247 958 84 25 yppats.

483 1001 11 27 8
511 1002 33 20 20.

203 1046 148 22 Ordföranden
366 1047 7 20 i
388 1047 199 26 postsparbankens
604 1047 88 26 styrelse
707 1053 49 20 eger
774 1048 31 19 att
820 1052 73 15 ensam

133 1081 85 21 besluta
239 1081 7 20 i
265 1081 100 26 ärenden,
382 1087 45 15 som
443 1082 56 25 angå
515 1080 149 22 bestridandet
680 1081 12 21 å
709 1080 184 27 postanstalterna

134 1115 23 21 af
166 1115 25 21 de
205 1115 33 20 till
252 1115 216 26 sparbanksrörelsen
483 1115 98 21 hörande
596 1115 104 26 göromål,
717 1114 118 28 inflytande
850 1121 43 14 me-

135 1149 45 22 dels
195 1149 135 26 redovisning
346 1151 57 19 samt
418 1149 33 21 för
463 1149 65 27 öfrigt
539 1149 6 21 i
557 1150 44 20 alla
613 1150 82 21 sådana
708 1150 99 25 ärenden,
819 1149 75 20 hvilka

133 1183 8 21 i
166 1184 11 27 $
201 1185 25 19 19
249 1183 47 22 icke
319 1183 70 22 blifvit
412 1184 104 21 särskildt
538 1184 107 25 nämnda;
666 1184 55 21 dock
737 1186 24 19 är
778 1184 35 21 det
828 1183 65 21 likväl

134 1217 144 22 ordföranden
298 1218 101 27 obetaget
418 1219 39 24 att,
474 1218 37 21 der
526 1218 45 21 han
588 1218 24 21 så
627 1217 67 22 finner
710 1218 82 26 nödigt,
809 1217 6 21 i
832 1219 60 19 ären-

136 1252 40 21 den
201 1252 23 21 af
244 1253 129 20 nästnämnd
390 1252 150 21 beskaffenhet
562 1252 96 21 inhemta
677 1251 217 28 postsparbankssty-

137 1287 80 20 relsens
233 1287 130 21 ledamöters
378 1287 94 26 mening.

483 1355 11 27 s
511 1356 34 20 21.

205 1400 133 26 Skrifvelser,
362 1407 45 14 som
430 1401 33 20 till
486 1400 94 21 Senaten
599 1401 7 20 i
621 1400 173 27 underdånighet
810 1399 83 26 aflåtas,

133 1434 68 26 skola,
217 1435 192 26 kontrasignerade
426 1434 23 21 af
461 1435 147 25 kamreraren,
625 1434 159 21 undertecknas
801 1434 24 21 af
839 1434 55 26 dem,

134 1474 46 15 som
195 1469 7 20 i
219 1469 98 20 ärendets
332 1469 162 26 handläggning
509 1469 98 26 deltagit.
