1078 1692
189 138 26 21 18

289 138 79 22 Ständ.
384 139 37 22 Sv.
437 150 28 4 —
480 139 70 27 Prop.
567 138 61 22 N:ris
644 138 28 22 16
686 138 45 22 och
746 138 33 22 37.

543 224 60 28 Kap.
619 224 48 22 III.

401 270 36 22 Om
455 270 106 28 lägenhets
576 270 94 22 enskilda
683 270 128 27 skogsmark.

571 330 17 22 $
605 327 32 21 13.

354 373 108 27 Egareaf
473 372 76 28 frälse-
565 372 37 22 och
612 372 116 28 skattejord
735 379 51 15 vare
794 372 119 28 berättigad

298 408 33 20 att
352 406 52 28 fritt
423 407 84 27 förfoga
523 406 59 28 öfver
598 406 136 28 lägenhetens
749 406 100 28 afrösade
864 406 49 28 skog

299 440 37 22 och
351 441 69 26 mark,
435 448 44 14 som
495 441 46 21 han
555 441 93 21 enskildt
662 441 98 27 nyttjar;
780 440 50 22 dock
845 441 35 21 mä
894 440 20 28 ej

298 474 151 28 skogsbeväxta
472 474 102 22 stränder
596 475 35 21 vid
648 474 131 27 fiskevatten,
803 482 44 14 som
869 474 44 22 icke

298 509 138 21 uteslutande
452 509 73 21 tillhör
532 509 163 28 strandegaren,
707 509 103 28 afrödjas,
820 509 94 27 såframt

298 543 26 21 de
336 545 54 25 göra
405 543 62 27 fisket
480 545 71 25 nytta,
567 544 36 20 och
619 544 20 27 ej
653 543 65 21 heller
734 544 119 27 trädgrupp
863 543 51 21 eller

301 576 54 26 träd,
380 584 44 14 som
439 577 28 27 af
479 578 60 20 ålder
555 578 68 27 tjenat
639 578 33 20 till
687 577 154 28 landkänning
863 577 51 21 eller

298 610 130 28 vägledning
443 611 35 27 för
491 611 132 27 sjöfarande,
641 611 105 27 förstöras
762 611 51 21 eller
829 611 83 26 skadas,

300 645 25 21 så
340 646 33 20 att
388 645 24 21 de
428 645 66 27 blifva
509 646 36 26 för
559 645 125 21 ändamålet
698 646 104 27 onyttiga.

356 678 129 22 Enahanda
500 679 103 27 rättighet
617 679 86 27 åtnjute
714 679 81 27 jemväl
810 686 60 20 egare
881 678 33 22 till

298 712 243 27 frälseskattehemman,
557 714 157 26 räntetagaren
729 713 65 21 likväl
809 713 104 27 förbehål-

298 746 36 21 len
348 746 43 22 den
406 748 46 20 rätt
466 747 78 21 honom
560 747 91 27 lagligen
669 747 45 21 kan
733 747 122 22 tillkomma.

571 805 18 23 S
603 802 34 22 14.

354 846 130 28 Skogsmark
505 847 35 20 mä
563 847 20 27 ej
605 847 119 27 ödeläggas;
746 847 36 21 och
805 847 37 21 bör
853 847 61 27 jord-

298 887 62 20 egare
375 880 60 27 förty
449 881 36 20 vid
500 881 131 27 afverkning
646 881 54 27 frän
715 882 37 26 yta
768 881 28 27 af
805 881 68 21 minst
884 881 29 21 tio

300 914 136 21 tunnelands
451 914 50 21 vidd
515 914 52 21 eller
581 914 54 27 frän
648 915 74 26 holme,
738 915 9 20 i
760 915 65 21 hvars
835 915 80 21 närhet

298 947 49 28 skog
362 947 20 28 ej
396 950 73 23 växer,
493 948 54 21 tillse
565 950 32 19 att
619 949 6 20 å
640 948 96 26 marken,
752 949 71 20 sävidt
837 949 42 21 den
894 949 20 27 ej

299 981 80 22 brukas
395 982 34 21 till
445 983 108 27 trädgård,
570 983 51 20 åker
635 983 51 20 eller
700 985 50 25 äng,
766 983 51 21 eller
828 985 85 20 använ-

298 1015 36 21 des
350 1015 34 21 till
400 1015 161 29 byggnadstomt
575 1017 50 21 eller
640 1018 73 20 annat
722 1017 70 27 dylikt
801 1017 110 24 ändamål,

300 1049 87 27 fröträd
402 1051 137 26 qvarlemnas
553 1051 51 20 eller
619 1057 79 15 annan
713 1051 77 28 åtgärd
799 1051 36 27 för
845 1051 68 28 befor-

298 1083 83 22 drande
396 1084 26 27 af
438 1085 88 27 skogens
541 1085 99 21 återväxt
653 1085 99 27 vidtages.
789 1085 123 22 Uraktlåtes

297 1117 58 22 detta
370 1118 36 21 må
421 1119 89 20 domstol
524 1119 36 20 vid
574 1119 43 20 vite
631 1119 101 27 förbjuda
747 1119 41 21 allt
797 1119 115 22 anlitande

298 1151 28 27 af
337 1151 78 28 skogen
430 1153 13 20 å
458 1152 170 28 ifrågavarande
644 1153 99 28 lägenhet
754 1153 33 21 till
798 1155 73 20 annat
880 1156 32 19 än

297 1185 106 28 husbehof
414 1187 61 20 intill
489 1187 45 20 dess
545 1187 129 28 jordegaren
688 1187 72 26 styrkt
774 1189 33 19 att
822 1194 32 21 ny
863 1188 49 28 skog

297 1219 14 21 &
326 1220 34 21 det
374 1219 91 28 förödda
480 1220 63 27 fältet
557 1221 119 26 uppspirat.

353 1253 104 28 Afbdrytes
477 1255 20 27 ej
517 1255 44 20 slik
581 1255 118 27 förödande
721 1255 192 28 skogsafrerkning

296 1287 90 22 såsnart
407 1288 156 21 vederbörande
582 1288 101 28 åklagure
698 1288 50 21 låtit
762 1289 71 20 derom
849 1289 63 22 bevis-

296 1321 57 28 ligen
377 1322 86 28 tillsäga
485 1323 47 25 den,
553 1329 43 14 som
612 1323 56 20 leder
682 1322 105 27 arbetetet,
803 1330 48 21 eger
866 1323 46 21 Gu-

296 1358 85 23 vernör,
401 1357 32 26 på
455 1357 114 25 anmälan,
592 1357 93 20 deremot
707 1358 84 19 utsätta
810 1357 43 20 vite
869 1357 44 21 tills

296 1389 88 22 domstol
398 1390 10 21 i
422 1391 67 20 saken
505 1390 123 27 färordnat.

354 1418 138 32 Öfverträdes
513 1424 156 27 vitesförbudet,
690 1423 91 22 meddele
797 1423 115 22 Guvernör
