1078 1692
3 321 20 33 —

203 159 13 20 4
358 160 79 22 Ständ.
453 160 36 23 Sv.
507 172 26 4 —
550 160 69 28 Prop.
636 160 39 22 N:o
690 160 32 21 13.

174 222 137 28 fortgående
320 222 143 29 utvidgning
476 223 26 21 af
509 222 92 22 landets
608 222 154 29 jernvägsnät
769 223 73 21 måste
853 223 73 21 blifva

176 256 104 28 önskligt
296 259 34 19 att
345 257 9 21 i
370 257 164 21 samfärdselns
549 257 97 21 intresse
660 256 45 22 öka
716 256 213 29 fortkomsthastig-

175 290 76 21 heten.
282 291 54 21 Men
352 291 30 21 då
397 291 64 21 detta
476 291 51 21 icke
543 291 47 21 kan
605 291 67 21 ernås
683 293 58 19 utan
751 291 175 29 penningeupp-

177 324 93 28 offring,
286 325 42 21 bör
343 327 49 19 stor
406 325 151 29 försigtighet
573 325 40 21 vid
629 332 29 14 en
673 325 83 28 möjlig
770 326 85 20 reform
869 326 59 20 iakt-

176 361 72 25 tagas.
279 359 125 22 Huruvida
419 367 29 13 en
463 360 73 21 sådan
551 359 135 29 uppoffring
701 359 47 21 kan
762 366 57 14 vara
834 360 94 21 berätti-

177 393 52 28 gad,
240 394 73 21 måste
330 394 117 21 dessutom
457 394 56 21 bero
523 394 31 28 på
565 401 29 13 en
604 394 112 28 pröfning
726 394 26 20 af
760 394 168 25 förhållanden,

177 428 83 21 hvilka
275 428 51 21 icke
348 436 32 13 nu
401 428 80 22 kunna
503 428 54 21 fullt
580 428 146 28 uppskattas,
748 428 29 21 då
799 428 131 21 tillsvidare

179 462 82 20 endast
277 462 71 22 Wasa
366 462 78 22 banan
460 466 25 18 är
500 462 80 22 utförd
603 462 43 22 och
661 462 126 21 trafikerad
802 462 74 28 enligt
892 462 39 21 det

179 498 93 26 system,
290 504 48 14 som
360 497 26 21 af
401 498 139 21 1877—1878
557 498 36 20 års
610 497 97 21 Ständer
730 500 89 24 antogs,
836 497 7 20 i
858 496 74 21 öfver-

177 530 174 22 ensttämmelse
366 531 53 21 med
434 534 34 18 ett
483 531 128 27 utlåtande,
629 531 99 28 afgifvet
744 531 22 20 at
783 538 28 13 en
822 530 40 21 vid
873 538 57 13 sam-

178 572 37 14 ma
232 564 114 28 landtdag
361 565 94 21 nedsatt
470 565 156 21 kommission.

245 598 37 22 Då
298 599 131 21 Ständerna
444 600 118 20 dessutom
577 599 52 21 icke
645 601 77 19 ansett
738 606 29 14 en
783 599 72 20 sådan
871 598 61 21 ökad

178 632 120 28 hastighet
321 637 63 17 ännu
406 641 56 14 vara
485 634 24 20 af
530 633 178 21 förhållandena
726 633 117 27 påkallad,
859 632 71 21 hafva

178 666 132 22 Ständerna
325 667 51 21 icke
392 668 63 21 velat
471 668 84 28 frångå
571 668 39 20 det
625 667 40 21 vid
680 666 159 28 nyssnämnda
855 666 75 21 landt-

178 700 46 28 dag
240 701 8 21 i
264 701 82 27 frågan
362 702 87 21 fattade
467 702 83 21 beslut.

246 735 54 21 Med
316 736 45 20 den
376 736 38 20 till
429 737 42 26 21/,
481 736 41 20 mil
533 736 8 20 i
552 736 96 20 timmen
663 735 101 21 fixerade
781 734 149 28 hastigheten

177 769 42 21 har
234 769 61 21 dock
318 770 81 20 atsetts
415 770 82 21 endast
515 777 30 13 en
560 769 84 28 högsta
660 769 202 27 medelhastighet,
878 776 53 12 men

176 803 52 21 icke
252 804 100 27 åsyftats
375 811 29 13 en
427 804 84 28 högsta
529 804 96 20 effektiv
648 803 120 27 hastighet
789 803 12 20 å
817 802 115 21 särskilda

177 837 65 21 delar
257 838 26 20 af
296 838 84 25 banan,
402 838 75 21 såsom
491 838 14 20 å
520 838 70 27 plana
613 837 105 20 sträckor
734 837 43 20 och
795 837 7 20 i
821 836 110 20 sluttnin-

176 878 48 21 gar,
244 875 56 17 enär
316 871 83 21 sådant
414 871 75 21 skulle
507 871 126 21 förutsätta
648 878 30 13 en
693 870 93 21 absolut
801 869 129 28 likformig-

178 905 42 21 het
230 905 8 20 i
248 905 158 28 hastigheten,
422 905 97 21 hvilken
534 909 25 17 är
575 904 115 28 oförenlig
701 904 53 21 med
764 911 30 14 en
804 903 128 22 ändamåls-

177 939 65 28 enlig
264 939 153 28 användning
439 941 26 20 af
479 939 158 28 dragkraften.
667 939 43 20 Ett
724 937 146 22 ekonomiskt
887 937 43 21 och

177 973 152 28 fullständigt
351 973 152 28 utnyttjande
527 974 25 20 af
570 973 76 21 denna
660 973 138 20 förutsätter
813 971 117 28 nemligen

177 1007 118 25 fastmera,
312 1009 34 19 att
361 1007 151 28 hastigheten
527 1008 13 20 å
556 1007 62 21 olika
634 1007 64 20 delar
710 1007 26 20 af
744 1006 77 21 banan
831 1006 99 21 bestäm-

177 1048 48 14 mes
240 1041 9 20 i
265 1041 106 28 enlighet
392 1042 52 21 med
467 1041 128 28 stignings-
610 1041 43 21 och
676 1039 254 28 krökningsförhällan-

178 1075 66 26 dena,
268 1075 96 22 hvarför
386 1083 28 14 ur
429 1083 29 14 en
473 1075 105 21 tekniskt
600 1075 74 27 riktig
696 1074 135 27 fördelning
848 1074 25 21 af
886 1073 46 21 den

179 1109 67 28 gifna
261 1109 228 28 medelhastigheten
504 1109 35 22 för
555 1109 53 22 hela
623 1109 78 21 banan
716 1108 103 28 framgår
830 1108 44 21 den
886 1115 46 13 ma-

178 1143 199 28 ximalhastighet,
398 1151 48 14 som
461 1145 14 20 &
491 1151 29 14 en
535 1144 60 21 bana
611 1142 159 22 öfverhutvud
784 1142 43 21 bör
841 1142 93 21 komma

179 1177 9 21 i
203 1177 73 28 fråga.
307 1178 47 21 För
377 1181 35 18 att
434 1178 65 21 detta
522 1177 60 22 skall
598 1177 88 28 tydligt
702 1177 91 27 framgå
805 1176 88 28 jemväl
910 1176 25 20 af

178 1211 172 28 ordalydelsen,
372 1211 71 22 hafva
467 1211 130 22 Ständerna
620 1211 8 21 i
651 1211 80 21 stället
753 1210 36 21 för
811 1210 122 28 uttrycket

179 1245 179 28 »iarhastighet”
375 1246 9 21 i
400 1247 139 21 1877—1878
556 1247 36 20 års
608 1245 110 22 Ständers
734 1245 77 20 beslut
826 1244 8 21 i
850 1245 84 27 frågan

178 1279 120 28 begagnat
314 1279 68 22 ordet
396 1279 227 28 ,medelhastighet*.

247 1314 37 21 Då
300 1314 40 21 det
355 1314 131 21 emellertid
500 1314 47 21 kan
563 1313 101 26 inträffa,
676 1315 35 19 att
722 1314 76 21 såsom
813 1313 70 20 äfven
894 1319 40 14 an,

177 1347 69 28 tydes
265 1348 8 20 i
289 1348 45 21 den
354 1348 87 28 nådiga
463 1348 176 29 propositionen
655 1347 73 22 andra
742 1346 147 29 synpunkter
905 1350 30 17 än

177 1384 53 19 rent
246 1381 111 22 tekniska
372 1382 80 21 kunna
467 1386 68 25 göras
551 1382 109 29 gällande
675 1381 42 22 vid
732 1381 165 27 fördelningen
912 1380 26 21 af

177 1415 236 28 medelhastigheten,
436 1417 42 21 har
497 1416 40 21 det
552 1418 66 25 synts
634 1415 131 23 Ständerna
780 1414 154 28 nödvändigt,

179 1452 35 17 att
229 1449 79 22 tillika
324 1457 29 14 en
368 1451 93 20 absolut
476 1450 84 28 högsta
569 1449 155 28 farhastighet
734 1449 146 26 bestämmes,
890 1448 45 21 och
