1078 1692
219 141 14 20 4
525 141 39 23 N:o
580 140 30 24 16.

544 207 48 27 83.

258 245 116 23 Likaledes
390 246 34 22 mä
440 247 83 22 kronan
539 246 96 28 tillhörig
650 246 134 28 skogsmark,
799 246 85 22 hvarest
894 246 8 22 i
912 252 37 16 an-

193 279 79 22 seende
291 280 33 21 till
339 280 49 22 dess
404 280 47 29 läge
467 281 53 22 eller
534 281 56 21 form
607 281 94 22 ordnadt
716 281 121 28 skogsbruk
851 281 33 22 för
899 281 49 21 kro-

192 321 54 15 nans
265 314 91 29 räkning
375 316 19 26 ej
414 316 115 28 lämpligen
549 316 43 21 kan
612 316 64 22 idkas
691 316 41 22 och
748 316 83 21 hvilken
847 316 18 28 ej
880 316 69 21 heller

192 348 43 22 kan
250 355 76 21 genom
342 349 74 29 utbyte
431 350 53 22 eller
499 350 42 28 köp
557 350 24 22 af
594 350 58 22 invid
669 350 92 28 belägen
776 350 60 21 mark
851 350 97 27 utvidgas

192 382 33 22 till
247 382 85 28 tjenligt
354 384 94 26 område,
468 384 94 22 tilldelas
583 384 150 28 angränsande
753 384 123 28 lägenheter
890 386 59 20 emot

191 417 155 29 uppskattning
368 419 24 21 af
412 419 165 29 lägenheternas
598 419 87 28 mantal,
709 419 53 22 eller
784 419 70 27 skälig
872 419 75 27 skogs-

193 452 65 22 skatt.

545 500 12 28 8
573 501 20 20 4.

259 539 35 21 All
309 539 83 22 kronan
407 540 95 28 tillhörig
518 540 134 28 skogsmark,
668 547 46 15 som
730 540 18 27 ej
765 540 123 27 underlagts
902 540 45 20 sär-

192 572 57 22 skild
271 574 107 27 lägenhet,
399 574 41 22 bör
461 574 23 22 af
504 574 169 28 Forststyrelsen
696 573 76 23 vårdas
792 577 38 19 och
846 574 101 21 förvaltas

192 607 66 28 enligt
274 608 26 22 de
315 608 140 28 föreskrifter,
471 616 45 15 som
526 608 70 22 finnas
607 609 52 21 eller
669 609 73 21 kunna
752 608 65 22 blifva
827 608 119 22 utfärdade.

524 706 52 28 Kap.
595 706 20 22 II.

218 756 38 22 Om
272 752 149 40 samfällighet
434 752 110 40 tillhörig
554 758 40 22 och
609 764 34 16 om
658 758 135 28 gemensamt
807 757 111 23 förvaltad

499 792 140 28 skogsmark.

544 855 12 26 8
571 855 21 20 5.

258 892 115 28 Magistrat
393 893 82 28 åligger
495 895 113 20 öfvervaka
625 894 37 21 det
677 894 53 27 skog
746 893 13 22 å
774 893 65 22 sådan
855 893 32 22 till
902 895 44 20 stä-

193 927 67 21 derna
276 927 95 22 donerad
384 928 55 27 jord,
456 935 46 15 som
518 929 18 26 ej
553 926 109 24 användes
678 929 33 20 till
722 931 59 19 tomt.
792 929 155 26 upplagsplats,

189 962 40 27 väg
252 961 53 21 eller
326 965 66 18 annat
412 963 67 27 dylikt
498 963 39 21 och
554 963 18 27 ej
589 963 67 21 heller
672 963 113 27 uppodlas,
802 963 145 26 omsorgsfullt

189 995 87 26 värdas;
292 997 40 20 och
348 997 54 21 skall
419 997 34 21 vid
470 997 156 27 förvaltningen
643 997 22 22 af
680 997 58 28 dylik
754 998 59 26 skog,
824 997 70 21 derest
906 997 41 21 den

189 1030 20 26 ej
230 1029 22 22 ät
272 1031 83 20 enskild
374 1038 78 20 person
468 1031 111 28 upplätits,
598 1032 62 27 följas
676 1031 204 28 hushällningsplan,
896 1031 50 21 hvil-

190 1063 41 22 ken
242 1064 200 29 Stadsfullmäktige
453 1066 59 25 eller,
523 1073 34 14 om
569 1067 72 27 dylika
651 1067 18 27 ej
681 1065 75 27 finnas,
768 1065 179 22 Rädhusstämma

188 1104 51 21 eger
254 1099 113 22 fastställa.

257 1132 89 28 Uppgär
362 1134 40 21 den
423 1135 93 27 växtliga
531 1135 156 28 skogsmarken
702 1135 33 21 till
751 1134 117 22 tvähundra
883 1137 62 18 tunn-

189 1166 51 21 land
263 1167 52 21 eller
338 1175 65 20 mera,
422 1169 56 20 skall
499 1169 179 28 Forststyrelsens
698 1168 110 22 utlätande
824 1169 57 21 öfver
896 1169 50 21 hus-

189 1200 187 29 hällningsplanen
392 1203 113 26 inhemtas,
521 1204 65 21 innan
604 1205 41 20 den
661 1203 36 22 mä
712 1204 131 27 godkännas.

543 1267 12 27 8
571 1267 19 21 6.

256 1304 220 29 Sockneallmänning
496 1305 35 22 mä
550 1307 79 27 nyttjas
648 1307 23 21 af
690 1307 54 25 dem,
765 1313 45 14 som
829 1307 8 20 i
852 1307 94 21 socknen

187 1344 40 20 ega
239 1337 53 22 eller
303 1338 79 22 besitta
398 1339 109 27 hemman;
524 1341 39 20 och
577 1341 130 21 tillkommer
719 1341 36 21 det
768 1341 96 27 samtlige
873 1341 73 27 lägen-

186 1372 187 23 hetsinnehafvare
395 1374 8 21 i
426 1374 128 22 kommunen
577 1377 31 19 att
630 1375 34 22 vid
688 1375 214 21 kommunalstämma
927 1375 19 26 ej

187 1406 83 21 mindre
291 1407 85 22 besluta
395 1415 34 14 om
446 1409 170 27 allmänningens
633 1409 53 22 värd
702 1409 40 22 och
757 1409 145 28 begagnande,
918 1411 29 20 än

187 1441 41 20 ock
250 1441 35 21 för
307 1444 33 19 tre
362 1442 24 21 är
408 1443 7 20 i
435 1443 77 22 sender
531 1445 48 20 utse
595 1451 25 14 en
637 1444 55 21 eller
708 1443 51 22 flere
776 1451 106 20 personer,
900 1451 47 14 som
