1078 1692
304 144 34 23 U.
358 144 42 23 B.
418 156 29 6 —
461 144 103 29 Prop.
586 144 59 23 N:o
667 144 31 23 $.

331 454 157 24 Statsutskottets
516 454 74 29 förslag
615 454 27 23 till
665 454 175 29 sammanjemkaing
863 454 21 23 af

263 488 93 24 Ständens
372 488 109 30 skiljaktiga
496 488 63 24 beslut
575 488 28 24 vid
620 488 134 30 behandlingen
770 488 20 24 af
803 488 78 24 Utskot-

263 524 39 22 tets
321 523 116 23 betänkande
458 523 32 23 N:o
510 522 12 24 6
539 523 4 23 i
561 523 97 29 anledning
674 523 20 23 af
709 522 67 30 nådiga
791 523 90 28 proposi-

262 558 62 23 tionen
348 557 95 29 angående
465 558 157 28 jordskatternas
638 558 5 22 i
658 557 84 29 Wiborgs
765 557 30 23 län
817 557 65 29 erläg-

263 592 59 28 gande
344 592 49 23 efter
411 592 34 24 den
461 598 42 23 nya,
519 598 77 18 numera
611 592 95 24 slutförda
721 592 162 28 skattläggningen

264 626 5 23 i
285 626 56 24 länet.

196 690 41 22 Vid
253 690 156 27 behandlingen
425 690 22 22 af
459 690 164 27 ifrågavarande
639 690 135 22 betänkande
789 690 40 21 har
843 689 12 28 $
871 690 10 20 1

126 725 7 21 i
149 725 239 27 författningsförslaget
404 725 67 21 blifvit

196 759 23 21 af
232 759 134 27 Ridderskapet
381 758 32 22 och
429 759 54 21 Adeln
501 745 181 35 återremitterad
687 756 32 24 till
729 758 113 22 Utskottet
851 758 33 22 för

127 795 33 19 att
182 794 74 20 ställas
271 793 8 21 i
294 793 138 21 konformitet
454 793 49 21 med
525 794 42 20 den
582 793 8 21 i
604 790 124 24 Utskottets
748 792 136 22 betänkande

127 828 40 21 N:o
184 828 14 20 4
215 827 115 21 förordade
351 827 124 27 förordning
497 827 110 27 angående
631 828 148 21 beräknandet
800 826 23 21 af
844 826 41 21 den

127 861 48 22 från
187 861 205 28 jordlägenheterna
406 861 106 27 utgående
527 861 141 27 grundskatt;

197 895 23 22 af
233 895 137 22 Presteståndet
386 895 128 22 oförändrad
530 897 104 26 antagen;

197 930 23 21 af
240 929 153 28 Borgareständet
412 930 82 21 ändrad
509 930 83 21 derhän
614 931 44 26 att
676 930 60 21 2:dra
750 936 65 15 mom.
829 929 8 21 i
852 929 33 28 8:n

129 965 68 21 skulle
220 965 45 20 helt
285 965 39 21 och
339 964 67 22 hället
421 964 51 27 utgä
487 966 57 19 samt
560 965 128 26 paragrafen
703 964 7 21 i
726 964 64 27 öfrigt
805 963 81 22 erhälla

128 999 90 26 ungefär
233 999 93 26 fäljande
350 999 90 27 lydelse:
460 999 48 21 frän
524 999 41 21 och
580 999 49 21 med
644 999 24 21 är
684 999 54 22 1889
754 998 56 22 skall
825 998 41 21 den
880 998 8 21 i

130 1033 67 27 öfriga
212 1033 60 21 delar
288 1033 22 22 af
323 1033 79 27 landet,
416 1033 85 27 jemlikt
516 1033 152 27 förordningen
684 1033 23 22 af
720 1033 42 22 den
776 1045 28 3 —
818 1044 30 3 —
858 1044 28 3 —

129 1067 109 28 angäende
253 1068 149 21 beräknandet
417 1068 22 21 af
453 1068 40 21 den
508 1067 49 22 frän
567 1067 204 28 jordlägenheterna
780 1066 107 28 utgäende

129 1102 134 27 grundskatt,
286 1102 99 27 gällande
410 1102 152 27 undervisning
585 1102 33 22 för
640 1102 148 21 skatterubeln
808 1101 80 27 jemväl

129 1137 107 26 tillämpas
252 1137 7 21 i
274 1137 100 27 Wiborgs
389 1137 42 26 län;

197 1171 23 21 af
237 1171 133 21 Bondeständet
392 1171 100 27 godkänd
507 1172 54 20 utan
576 1171 96 27 ändring.
703 1170 75 22 Såsom
794 1169 95 22 Statsut-

130 1206 81 21 skottet
233 1206 32 21 uti
288 1206 35 21 det
338 1206 7 21 i
360 1205 113 27 anledning
494 1205 23 22 af
529 1205 124 22 Utskottets
668 1204 137 23 betänkande
820 1203 40 22 N:o
876 1204 13 21 4

130 1240 79 27 afgifna
235 1240 295 27 sammanjemkningsförslag
553 1240 67 21 redan
642 1239 124 26 framhållit,
788 1238 62 22 torde
870 1237 19 28 ej

129 1274 82 21 mindre
233 1274 139 22 förevarande
388 1274 11 27 &
415 1276 27 19 än
465 1274 39 21 ock
524 1274 111 27 ingressen
650 1274 34 21 till
698 1273 94 22 berörda
806 1272 83 22 förord-

130 1309 57 26 ning,
209 1308 110 27 angående
342 1309 148 20 beräknandet
512 1308 24 21 af
554 1308 42 21 den
618 1308 47 22 från
686 1307 204 28 jordlägenheterna

130 1343 106 26 utgäende
258 1343 135 26 grundskatt,
416 1343 54 21 böra
490 1342 122 27 omredigas
627 1342 33 21 för
675 1343 33 20 att
722 1342 66 27 nödig
802 1340 87 23 konfor-

130 1377 63 22 mitet
214 1377 79 21 mellan
316 1377 26 21 de
364 1377 57 21 båda
442 1377 179 26 förordningarne
644 1377 55 21 skall
721 1376 74 21 kunna
808 1375 82 22 vinnas.

130 1411 38 22 Uti
191 1411 220 22 öfverensstämmelse
433 1411 49 22 med
501 1411 42 21 den
559 1411 90 27 ändring
664 1411 7 21 i
685 1411 111 26 ingressen
811 1409 33 22 till
859 1409 31 21 of-

130 1446 136 21 vannämnda
285 1445 126 28 förordning
433 1445 113 22 Utskottet
560 1445 8 22 i
584 1445 66 27 sagda
665 1443 227 29 sammanjemknings-

130 1479 81 28 förslag
232 1479 104 28 förordat,
360 1480 40 21 och
422 1480 49 21 med
495 1479 101 22 afseende
617 1479 81 28 jemväl
713 1478 8 25 &
740 1479 27 21 de
791 1477 100 23 rättelser
