1078 1692
398 136 22 18 U.
432 136 23 19 B.
468 145 22 4 —
501 135 63 23 Prop.
576 135 37 19 N:o
626 135 19 19 9.
862 136 11 17 3

144 195 82 25 besvär,
248 196 52 20 utan
320 194 79 27 jemväl
417 194 33 22 för
468 195 102 20 räntorna
584 193 92 23 derifrän
691 193 32 21 till
738 194 87 25 kronan,
841 193 55 21 före-

147 229 42 22 slär
203 228 112 22 Utskottet
779 224 3 3 |

384 271 34 21 att
434 268 106 31 samtliga
560 269 102 24 Stånden
679 268 68 24 måtte
763 268 82 29 förena
858 268 37 30 sig

349 316 35 16 om
408 308 111 30 följande,
547 308 97 25 allenast
662 308 40 29 för
723 308 76 24 såvidt
818 308 74 30 angår

348 348 69 30 förra
440 351 125 27 momentet,
587 348 145 30 förändrade
754 348 84 30 lydelse
854 348 40 29 för

350 388 18 31 $
386 390 17 22 5
422 388 148 30 ,Enahanda
588 391 55 27 rätt,
656 396 48 17 som
718 389 9 23 i
741 389 15 23 3
771 389 40 23 och
825 389 17 23 4
855 388 40 31 $$

351 432 29 20 är
392 429 104 23 kronan'*
510 436 19 16 o.
543 436 19 16 s.
576 436 20 17 v.
611 431 69 21 såsom
695 431 6 21 i
716 431 121 21 Utskottets
858 431 36 21 be-

324 476 2 2 *
351 468 114 22 tänkande.

215 514 42 21 För
272 513 65 27 öfrigt
350 513 65 21 hafva
425 513 83 22 Preste-
520 514 40 20 och
572 514 163 21 Bondeständen
743 514 78 26 jemväl
831 513 63 21 fram-

147 548 67 27 hällit,
229 549 32 20 att
276 548 40 23 den
331 547 69 22 finska
414 549 71 20 texten
500 548 33 21 till
546 548 160 26 ifrägavarande
717 547 177 27 författningsför-

148 583 45 26 slag
207 588 50 16 vore
276 582 101 22 behäftäd
392 582 48 22 med
455 582 106 27 åtskilliga
576 582 98 28 språkfel,
690 582 72 22 hvilka
776 582 55 26 förty
846 582 48 20 bor-

149 617 26 21 de
197 616 111 28 aflägsnas.
343 616 61 22 Efter
427 618 31 20 att
481 616 6 22 i
507 616 76 22 sädant
601 616 53 28 syfte
673 616 63 22 hafva
749 616 89 27 vidtagit
853 618 43 19 sär-

148 650 69 22 skilda
237 650 158 27 nödigbefunna
416 651 115 27 ändringar
553 651 7 21 i
579 651 127 26 densamma,
724 651 115 27 tillstyrker
858 650 39 21 Ut-

149 685 79 21 skottet
243 685 99 27 slutligen
356 685 109 21 vördsamt

386 727 32 19 att
433 725 119 21 Ständerna
570 726 49 21 ville
633 725 113 27 godkänna
760 725 92 27 följande
866 725 30 26 ly-

353 760 58 20 delse
426 759 33 21 för
473 760 147 26 lagförslagets
635 760 67 21 finska
717 762 54 19 text:

388 852 96 24 Asetus
510 853 170 24 muutamista
706 853 139 30 erityisistä
866 853 32 24 ti-

354 892 87 24 lusten
467 893 162 24 lohkomisen
648 893 28 32 ja
698 900 76 17 maan
795 893 102 24 eroitta-

354 932 81 23 misen
453 932 109 32 lajeista.

390 982 131 27 Lisäyksenä
538 984 29 20 19
585 984 95 25 päivänä
697 990 19 15 o.
735 991 16 14 s.
771 991 19 14 v.
808 984 90 21 såsom
885 978 16 37 i

355 1017 121 21 Utskottets
491 1017 142 22 betänkande.

597 1073 15 21 1
629 1071 26 30 $.

390 1114 73 22 Säsom
478 1115 7 20 i
499 1115 151 22 betänkandet.

595 1169 18 22 2
630 1169 26 30 $.

389 1212 99 21 Likasom
503 1213 7 20 i
525 1213 151 27 betänkandet,
692 1213 92 22 förutom
794 1215 32 20 att
838 1214 61 21 ordet

356 1246 150 26 aimoastaan'*
525 1247 109 27 inskjutits
653 1248 88 21 emellan
763 1265 5 9 ,
771 1248 126 26 mainitaan

356 1280 39 21 och
411 1297 5 9 ,
418 1281 65 25 siinä
497 1281 154 26 tapauksessa.

599 1335 16 22 3
631 1334 26 31 $.

389 1378 72 24 ElWei
487 1379 46 24 laki
560 1380 46 23 sitä
627 1382 92 21 muuten
740 1379 75 30 kiellä,
834 1379 67 30 saapi

356 1419 105 28 isojaolla
487 1419 133 24 eroitetusta
636 1420 30 28 ja
688 1419 113 24 laillisesti
814 1419 87 30 pyyki-

219 1463 71 21 Bihang
302 1462 27 17 till
341 1463 45 21 Lag-
399 1464 30 16 och
440 1463 171 18 Ekonomiutskottets
621 1464 104 17 betänkande
736 1464 36 16 N:o
784 1465 15 16 1.
