1078 1692
362 140 19 23 U
397 139 19 23 B.
433 151 28 5 —
477 138 56 30 Prop.
548 139 33 23 N:o
596 138 29 24 16.
841 138 13 21 5

511 195 118 28 Transport
643 196 43 26 Fay
702 195 131 27 11,576,000:
851 206 25 4 —

127 230 170 23 Reseunderstöd
312 230 23 22 ät
350 231 40 21 den
404 230 36 21 vid
447 230 180 27 jernvägsansta]-

195 266 61 20 terna
271 264 97 22 anstälda
381 264 100 22 tekniska
495 264 41 21 och
550 264 77 22 förval-

196 299 64 21 tande
283 299 98 27 personal
409 298 74 27 (enligt
513 298 53 22 1885
593 298 34 22 ärs

196 332 141 28 statsförslag)
372 349 4 4 .
406 349 5 5 .
443 349 3 3 -
478 348 4 4 =
515 349 4 3 -
551 349 3 4 .
586 349 4 5 .
622 349 4 4 .
642 333 43 26 FM
765 332 69 26 5,000:
852 343 24 3 —

127 367 131 28 Behällning
274 367 34 21 till
324 367 56 21 1886
409 382 1 5 .
443 382 2 4 .
477 382 4 4 so
513 383 4 5 oso
550 382 4 5 .
586 383 4 4 .
621 383 4 5 .
657 382 11 10 ,
709 366 125 26 1,693,860:
851 376 23 4 —

540 406 87 22 Summa
641 407 43 26 fix
701 406 132 27 13,274,860!
858 419 3 2 -

196 469 80 22 Härvid
300 471 24 20 är
348 471 32 19 att
401 469 74 21 märka
491 471 32 19 att
538 469 111 22 Utskottet
663 469 66 27 nägot
743 469 84 21 nedsatt
843 468 41 22 den

127 503 120 23 beräknade
270 503 119 22 inkomsten
414 503 47 21 från
476 498 154 37 Helsingfors—
637 498 129 37 Tavastehus
778 515 8 3 -
798 502 31 22 S:t
844 502 40 22 Pe-

127 538 108 27 tersburgs
256 537 96 27 jernväg,
370 543 47 15 men
433 537 96 22 deremot
551 538 65 27 något
630 537 46 27 höjt
692 538 41 20 den
748 536 135 28 kalkylerade

127 572 147 26 afkastningen
288 571 47 21 från
350 559 243 42 Åbo—Tammerfors—
603 571 131 22 Tavastehus
749 571 76 25 banan,
837 572 46 20 mot

126 606 57 22 hvad
198 606 60 22 dessa
272 607 72 25 poster
358 606 109 27 upptagits
481 606 33 21 uti
531 607 54 21 1885
601 606 34 21 års
650 606 140 26 statsförslag,
798 604 85 22 hvilken

126 640 122 28 förändring
263 640 110 21 Utskottet
397 640 91 27 vidtagit
503 640 34 21 för
551 642 33 20 att
598 640 77 27 bringa
690 640 66 27 sagda
770 639 112 22 beräknin-

126 681 39 21 gar
181 675 7 21 i
203 676 69 20 större
287 674 217 22 öfverensstämmelse
519 675 49 21 med
583 674 26 22 de
625 674 127 27 föregående
767 674 61 21 årens
837 672 46 22 fak-

126 709 57 21 tiska
197 709 94 21 resultat.
321 708 68 22 Bland
413 708 94 27 utgifter,
524 715 46 15 som
585 708 132 22 förekomma
731 708 7 21 i
754 706 129 23 statsförsla-

126 745 42 25 get,
193 743 38 21 har
253 742 110 22 Utskottet
387 742 46 22 åter
455 742 99 22 uteslutit
577 749 26 15 en
623 744 50 25 post
687 742 29 27 på
731 742 76 26 72,000
821 740 61 22 mark

127 777 33 21 till
175 777 134 21 bestridande
324 777 67 21 under
406 778 46 20 året
467 776 23 22 af
498 776 210 22 trafikkostnaderna
715 776 33 22 för
755 776 64 21 Wasa
824 775 57 27 jern-

126 813 40 25 väg
180 811 83 22 utöfver
279 810 91 22 derifrån
385 811 109 21 beräknad
509 811 100 27 inkomst,
625 811 86 21 hvartill
725 810 112 22 Utskottet
847 815 36 15 an-

126 847 43 20 sett
183 845 24 22 så
220 845 84 27 mycket
329 847 67 20 större
412 845 46 22 skäl
473 845 121 27 förefinnas,
610 851 45 16 som
670 844 161 27 ifrågavarande
845 843 38 21 ba-

125 885 39 16 nas
178 878 123 28 trafikering
313 879 67 22 under
395 879 59 22 detta
469 879 35 21 års
519 879 68 22 första
604 879 102 22 månader
720 879 55 21 visat
790 878 32 26 sig
833 877 48 22 eko-

125 913 93 22 nomiskt
242 913 48 22 vida
314 919 145 22 gynsammare
485 915 27 20 än
536 914 67 21 under
618 913 150 22 motsvarande
782 912 31 21 tid
828 911 54 22 före-

125 948 81 27 gående
221 947 23 22 år
260 949 61 25 1884,
348 950 55 19 samt
418 948 109 21 dessutom
543 954 25 15 en
583 954 82 15 summa
680 947 23 22 af
717 947 90 26 150,000
821 945 61 22 mark

126 982 65 22 redan
216 982 100 21 särskildt
338 984 128 19 reserverats
489 982 34 21 för
547 982 157 22 verkställande
722 981 22 22 af
757 980 125 27 komplette-

125 1016 145 27 ringsarbeten
286 1016 12 21 å
322 1016 70 21 banan
413 1016 40 21 och
467 1015 34 22 för
516 1016 136 22 bestridande
668 1016 24 21 af
704 1015 99 28 möjligen
826 1016 56 20 ännu

125 1050 93 27 oguldna
232 1050 289 27 expropriationskostnader.

194 1084 167 22 Vidkommande
387 1085 26 21 de
437 1085 47 21 från
518 1084 273 22 kommunikationsfonden
815 1082 68 21 under

125 1118 192 22 nästinstundande
331 1118 143 27 finansperiod
489 1119 107 27 utgående
611 1119 73 26 anslag
699 1119 62 20 torde
772 1117 26 22 de
805 1116 78 22 fonden

125 1153 110 26 åliggande
250 1153 106 21 ordinarie
371 1153 39 21 och
426 1153 155 27 obligatoriska
595 1153 88 26 utgifter
698 1153 32 20 för
745 1151 91 22 berörda
844 1150 38 25 tid,

125 1187 69 21 såsom
209 1186 21 22 af
246 1187 156 22 nedanstående
424 1187 73 28 kalkyl
522 1187 63 22 äfven
607 1187 99 27 framgår,
721 1187 72 21 kunna
807 1185 76 22 beräk-

124 1227 38 15 nas
187 1221 33 21 till
245 1222 125 26 10,768,000
394 1221 67 22 mark.
492 1221 55 22 Häri
565 1221 50 28 ingå
629 1221 92 26 200,000
736 1220 60 22 mark
811 1219 71 21 såsom

124 1254 109 22 beräknad
247 1255 77 22 förlust
339 1256 13 21 å
365 1255 152 28 trafikeringen
533 1255 24 22 af
570 1256 26 21 de
611 1255 167 21 österbottniska
787 1253 96 22 banorna

123 1289 68 21 under
216 1289 48 21 hela
288 1289 180 27 budgetperioden
494 1292 57 19 samt
575 1289 123 27 ytterligare
714 1288 92 27 200,000
821 1287 61 21 mark

124 1323 69 21 såsom
208 1323 76 21 förlust
308 1323 14 22 å
343 1324 75 27 Hangö
431 1323 90 28 jernväg
537 1324 68 21 under
619 1329 81 16 samma
714 1323 38 22 tid.
782 1321 38 22 Uti
834 1327 49 21 pro-

123 1357 119 26 positionen
257 1359 103 26 upptages
376 1358 36 21 det
427 1358 69 27 årliga
512 1357 73 22 deficit
599 1357 13 22 å
627 1358 25 21 de
668 1355 168 24 österbottniska
846 1355 37 21 ba-

123 1396 68 16 norna
205 1391 32 21 till
254 1391 163 27 approximativt
437 1392 94 25 200,000
547 1391 61 22 mark
623 1397 34 16 om
673 1391 46 22 året
734 1391 52 21 eller
800 1389 33 22 för
847 1395 37 20 pe-

123 1424 74 21 rioden
220 1426 140 21 1886—1888
385 1425 33 21 till
442 1425 75 22 inalles
537 1426 93 22 600,000
645 1427 65 24 mark,
726 1431 49 15 men
791 1426 38 19 har
843 1422 40 22 Ut-

123 1459 81 21 skottet
228 1460 54 20 trott
306 1459 32 27 sig
352 1465 39 21 ega
406 1459 46 21 skäl
468 1461 33 20 att
516 1460 101 21 nedsätta
631 1460 69 21 denna
714 1458 106 27 sistsagda
834 1458 49 26 post

192 1498 147 17 Statsutskottets
352 1498 114 18 betänkande
478 1499 39 17 N:o
531 1499 30 16 15.
