1078 1692
192 141 27 33 48
370 146 21 18 U.
404 145 23 19 B.
439 156 21 2 —
474 146 62 23 Prop.
550 146 56 18 N'ris
618 146 23 18 16
652 146 40 18 och
704 146 28 17 37.

170 208 84 22 samma
269 202 58 27 skall
338 205 27 19 än
381 203 67 21 oftare
462 204 140 26 förekomma,
618 204 66 21 sedan
699 204 37 21 det
750 203 71 28 börjat
835 204 97 21 alltmera

173 237 86 22 komma
281 238 7 21 i
309 238 55 21 bruk
386 240 32 19 att
440 238 53 28 sälja
515 238 50 22 hela
586 238 130 27 skogslotter
737 238 33 21 till
788 238 142 27 spekulanter,

173 272 73 22 hvilka
268 272 112 27 vanligtvis
395 272 96 22 bedrifva
506 272 153 28 afverkningen
674 274 52 20 utan
741 272 94 28 ringaste
850 272 81 28 hänsyn

173 306 33 22 till
220 306 91 27 skogens
326 307 104 21 återväxt.
452 307 33 21 Då
500 307 63 21 äfven
578 307 41 21 den
634 307 126 27 tilltagande
775 296 101 42 odlingen
890 296 46 42 dag

173 340 33 21 för
220 341 43 27 dag
282 341 111 21 inkräktar
408 341 225 28 pääskogsmarkerne,
648 341 62 22 torde
726 341 83 21 derföre
824 341 58 33 tiden
885 347 46 28 Te

173 374 50 29 dan)
238 376 59 24 varai
310 376 97 26 innejatt
422 376 97 21 inskrida
533 376 241 33 emot;ändamälslösa
780 370 49 27 och
835 369 95 34 skadliga

172 409 189 27 skogsförödelser.
392 410 94 22 Oaktadt
509 411 46 20 sina
577 410 113 27 premisser
712 405 43 26 har
756 404 53 34 ej,
813 404 67 28 heller
896 400 39 42 ut-

173 444 80 22 skottet
268 444 82 22 kunnat
364 444 71 28 undgå
450 446 32 20 att
493 445 78 21 föreslå
583 445 178 27 inskränkningar
772 445 32 21 uti
815 444 115 28 skogarnes

172 478 132 28 afverkning,
324 479 66 21 ehuru
406 479 105 22 utskottet
527 480 78 26 förlagt
621 481 81 20 statens
717 479 120 27 skyldighet
852 480 32 20 att
898 479 32 21 in-

172 513 61 27 gripa
254 515 46 20 mot
321 513 182 28 skogssköflingen
517 514 34 22 till
569 520 26 16 en
611 514 24 21 så
649 520 37 16 sen
701 513 107 27 tidpunkt,
824 515 32 20 att
870 513 62 22 deraf

172 547 50 27 föga
236 548 80 21 verkan
331 548 43 22 kan
388 548 116 26 förväntas,
514 548 40 22 och
562 549 56 27 gjort
630 548 92 27 skogens
729 548 126 27 fridlysning
863 548 67 27 omöj-

171 582 31 26 lig
223 582 28 26 på
273 582 128 27 lägenheter,
418 583 71 21 hvilka
505 585 40 25 äga
561 583 52 21 åker
627 583 41 21 och
683 584 42 25 äng
740 582 34 22 till
791 582 67 22 sådan
871 582 57 26 vidd,

173 618 32 20 att
220 616 63 22 dessa
298 617 102 27 betrygga
415 617 137 27 lägenhetens
563 617 140 27 sjelfbestånd
711 616 39 22 och
758 616 170 28 skattetagarens

171 652 51 25 rätt,
238 651 62 21 äfven
315 658 35 15 om
365 652 28 21 all
408 652 53 27 skog
475 652 70 22 blifvit
560 652 83 22 förödd.

240 686 35 21 Då
296 686 21 21 vi
339 692 50 16 anse
408 686 41 22 den
464 686 84 28 Nådiga
562 687 172 27 propositionens
749 686 159 27 bestämningar
922 686 7 20 i

169 721 75 20 ämnet
267 726 50 15 vara
338 720 204 28 ändamålsenligare
561 723 26 19 än
602 721 124 25 utskottets,
741 720 55 27 våga
810 720 21 21 vi
845 720 83 22 derföre

172 754 173 22 reservationsvis
366 755 78 21 föreslå
469 756 26 20 14
516 755 46 27 8:ns
584 756 7 20 i
614 755 41 22 den
670 755 84 27 Nädiga
768 755 160 27 propositionen

170 788 122 27 antagande
314 788 7 22 i
343 788 127 22 hufvudsak.
499 790 136 21 Beträffande
651 789 125 27 detaljerna,
792 795 50 15 anse
856 789 21 21 vi
892 789 36 27 pä-

172 822 66 21 budet
253 829 35 15 om
303 823 81 21 antalet
398 824 24 20 af
433 824 89 26 fröträd,
538 830 46 15 som
599 824 35 21 vid
649 824 71 21 virkes
727 823 125 27 afverkning
862 823 66 21 borde

170 857 29 26 pä
219 857 128 22 tunnlandet
370 858 133 26 gvarlemnas
525 858 34 21 för
573 857 143 22 befordrande
731 857 24 22 af
768 857 90 27 skogens
873 857 55 22 äter-

171 885 56 33 växt,
250 891 74 22 kunna
338 894 51 19 utan
405 892 112 27 olägenhet
532 892 57 27 utgä,
605 893 28 20 dä
648 894 32 20 ett
694 892 58 26 fätal,
769 892 7 21 i
791 892 42 21 alla
848 891 81 22 afseen-

169 925 42 22 den
226 925 49 22 fullt
290 926 99 28 lämpliga
403 926 82 22 fröträd
501 927 50 21 vida
565 929 80 24 vägnar
660 933 59 15 mera
734 926 89 27 bidraga
838 926 32 22 till
880 926 48 22 sko-

168 965 53 21 gens
244 960 99 25 äterväxt
362 963 28 18 än
412 963 31 19 ett
465 961 50 22 flere
537 961 80 27 gänger
635 963 69 20 större
720 961 60 21 antal
795 961 71 27 dylika
880 961 48 21 träd

170 993 23 22 af
215 996 69 20 sämre
299 995 46 27 slag
360 995 40 22 och
416 995 153 27 beskaffenhet,
585 1002 48 15 men
648 996 98 21 deremot
761 995 121 22 kontrollen
898 995 30 21 öf-

169 1035 37 15 ver
228 1029 152 23 efterlefnaden
403 1030 22 21 af
447 1032 30 19 ett
499 1031 24 20 sä
546 1031 6 20 i
574 1030 65 27 detalj
654 1030 83 27 gäende
752 1029 116 28 stadgande
883 1035 45 16 som

169 1063 171 28 propositionens
362 1064 69 21 blefve
453 1066 77 25 ytterst
553 1065 48 20 svär
623 1065 39 21 och
685 1064 71 21 kunde
779 1064 40 22 lätt
834 1063 48 22 leda
896 1064 33 21 till

169 1097 147 22 trakasserier.

238 1131 32 22 På
284 1133 69 26 grund
368 1133 24 21 af
404 1133 37 22 det
456 1133 90 22 anförda
562 1134 39 21 och
617 1133 27 22 dä
659 1133 21 21 vi
695 1133 19 27 ej
730 1133 67 22 heller
811 1139 51 15 anse
879 1133 25 21 12
916 1133 11 27 $

169 1166 6 21 i
198 1167 160 26 propositionen
380 1167 96 22 erfordra
498 1168 70 27 nägon
592 1168 162 26 omredigering,
778 1167 53 26 väga
846 1167 21 21 vi
881 1167 48 21 der-

168 1200 47 22 före
230 1202 156 21 vördsammast
401 1202 87 22 föreslä:

410 1238 31 20 att
449 1237 38 28 $$
501 1239 35 24 13,
552 1239 28 19 14
596 1237 36 22 och
646 1238 29 20 15
690 1238 55 20 samt
754 1232 75 37 senare
846 1232 81 37 momen-

376 1273 28 20 tet
426 1271 27 27 af
469 1271 16 28 $
500 1273 30 19 40
545 1272 8 21 i
567 1271 108 22 utskottets
690 1270 81 27 förslag
786 1271 63 21 mätte
863 1271 64 27 utgä:

410 1307 30 20 att
454 1307 30 20 12
499 1306 16 28 $
529 1306 9 21 i
553 1306 40 21 den
604 1305 88 28 Nädiga
696 1305 158 27 propositionen
863 1305 65 44 blefve

376 1339 142 27 oförändradt
532 1342 98 25 antagen;

158 1388 9 7 e
410 1376 31 20 att
462 1376 29 19 14
512 1375 48 28 $'i
574 1375 63 26 sagde
648 1374 135 27 proposition
798 1373 75 22 erhölle
887 1373 40 27 föl-

373 1409 66 28 jande
454 1409 86 27 lydelse:

410 1443 130 28 Skogsmark
555 1444 36 21 mä
606 1443 19 27 ej
640 1443 124 27 ödeläggas;
780 1443 37 21 och
825 1443 36 20 bör
864 1442 62 27 jord-

239 1484 45 21 Lag-
296 1485 30 16 och
341 1484 169 18 Kkonomiutskottets
521 1485 104 17 betänkande
638 1485 35 16 N:o
686 1485 17 16 3.
