<?xml version="1.0" encoding="UTF-8"?>
<alto xmlns="http://www.loc.gov/standards/alto/ns-v3#" xmlns:xlink="http://www.w3.org/1999/xlink" xmlns:xsi="http://www.w3.org/2001/XMLSchema-instance" xsi:schemaLocation="http://www.loc.gov/standards/alto/ns-v3# http://www.loc.gov/alto/v3/alto-3-0.xsd">
	<Description>
		<MeasurementUnit>pixel</MeasurementUnit>
		<sourceImageInformation>
			<fileName>/tmp/tess_kye1ijox_input.PNG</fileName>
		</sourceImageInformation>
		<OCRProcessing ID="OCR_0">
			<ocrProcessingStep>
				<processingSoftware>
					<softwareName>tesseract 5.3.4</softwareName>
				</processingSoftware>
			</ocrProcessingStep>
		</OCRProcessing>
	</Description>
	<Layout>
		<Page WIDTH="1078" HEIGHT="1692" PHYSICAL_IMG_NR="0" ID="page_0">
			<PrintSpace HPOS="0" VPOS="0" WIDTH="1078" HEIGHT="1692">
				<ComposedBlock ID="cblock_0" HPOS="473" VPOS="150" WIDTH="387" HEIGHT="24">
					<TextBlock ID="block_0" HPOS="473" VPOS="150" WIDTH="387" HEIGHT="24">
						<TextLine ID="line_0" HPOS="473" VPOS="150" WIDTH="387" HEIGHT="24">
							<String ID="string_0" HPOS="473" VPOS="150" WIDTH="38" HEIGHT="24" WC="0.96" CONTENT="N:o"/><SP WIDTH="15" VPOS="150" HPOS="511"/>
							<String ID="string_1" HPOS="526" VPOS="150" WIDTH="23" HEIGHT="24" WC="0.95" CONTENT="4."/><SP WIDTH="299" VPOS="150" HPOS="549"/>
							<String ID="string_2" HPOS="848" VPOS="153" WIDTH="12" HEIGHT="19" WC="0.96" CONTENT="5"/>
						</TextLine>
					</TextBlock>
				</ComposedBlock>
				<ComposedBlock ID="cblock_1" HPOS="134" VPOS="216" WIDTH="758" HEIGHT="131">
					<TextBlock ID="block_1" HPOS="134" VPOS="216" WIDTH="758" HEIGHT="131">
						<TextLine ID="line_1" HPOS="203" VPOS="216" WIDTH="687" HEIGHT="23">
							<String ID="string_3" HPOS="203" VPOS="216" WIDTH="69" HEIGHT="22" WC="0.96" CONTENT="Mom."/><SP WIDTH="20" VPOS="216" HPOS="272"/>
							<String ID="string_4" HPOS="292" VPOS="218" WIDTH="20" HEIGHT="20" WC="0.96" CONTENT="3."/><SP WIDTH="30" VPOS="218" HPOS="312"/>
							<String ID="string_5" HPOS="342" VPOS="216" WIDTH="44" HEIGHT="22" WC="0.96" CONTENT="Vid"/><SP WIDTH="14" VPOS="216" HPOS="386"/>
							<String ID="string_6" HPOS="400" VPOS="216" WIDTH="173" HEIGHT="22" WC="0.96" CONTENT="bestämmandet"/><SP WIDTH="14" VPOS="216" HPOS="573"/>
							<String ID="string_7" HPOS="587" VPOS="216" WIDTH="26" HEIGHT="22" WC="0.93" CONTENT="af"/><SP WIDTH="11" VPOS="216" HPOS="613"/>
							<String ID="string_8" HPOS="624" VPOS="216" WIDTH="105" HEIGHT="23" WC="0.92" CONTENT="finhalten"/><SP WIDTH="15" VPOS="216" HPOS="729"/>
							<String ID="string_9" HPOS="744" VPOS="218" WIDTH="38" HEIGHT="21" WC="0.93" CONTENT="hos"/><SP WIDTH="14" VPOS="218" HPOS="782"/>
							<String ID="string_10" HPOS="796" VPOS="216" WIDTH="94" HEIGHT="23" WC="0.92" CONTENT="förarbe-"/>
						</TextLine>
						<TextLine ID="line_2" HPOS="134" VPOS="250" WIDTH="756" HEIGHT="30">
							<String ID="string_11" HPOS="134" VPOS="250" WIDTH="50" HEIGHT="22" WC="0.91" CONTENT="tadt"/><SP WIDTH="21" VPOS="250" HPOS="184"/>
							<String ID="string_12" HPOS="205" VPOS="250" WIDTH="53" HEIGHT="28" WC="0.92" CONTENT="gud"/><SP WIDTH="19" VPOS="250" HPOS="258"/>
							<String ID="string_13" HPOS="277" VPOS="250" WIDTH="52" HEIGHT="22" WC="0.93" CONTENT="eller"/><SP WIDTH="18" VPOS="250" HPOS="329"/>
							<String ID="string_14" HPOS="347" VPOS="250" WIDTH="77" HEIGHT="23" WC="0.92" CONTENT="silfver"/><SP WIDTH="13" VPOS="250" HPOS="424"/>
							<String ID="string_15" HPOS="437" VPOS="250" WIDTH="56" HEIGHT="22" WC="0.96" CONTENT="skall"/><SP WIDTH="16" VPOS="250" HPOS="493"/>
							<String ID="string_16" HPOS="509" VPOS="250" WIDTH="41" HEIGHT="22" WC="0.96" CONTENT="den"/><SP WIDTH="16" VPOS="250" HPOS="550"/>
							<String ID="string_17" HPOS="566" VPOS="251" WIDTH="34" HEIGHT="22" WC="0.96" CONTENT="del"/><SP WIDTH="14" VPOS="251" HPOS="600"/>
							<String ID="string_18" HPOS="614" VPOS="251" WIDTH="25" HEIGHT="21" WC="0.93" CONTENT="af"/><SP WIDTH="12" VPOS="251" HPOS="639"/>
							<String ID="string_19" HPOS="651" VPOS="251" WIDTH="132" HEIGHT="29" WC="0.92" CONTENT="legeringen,"/><SP WIDTH="16" VPOS="251" HPOS="783"/>
							<String ID="string_20" HPOS="799" VPOS="257" WIDTH="44" HEIGHT="16" WC="0.90" CONTENT="som"/><SP WIDTH="14" VPOS="257" HPOS="843"/>
							<String ID="string_21" HPOS="857" VPOS="252" WIDTH="33" HEIGHT="21" WC="0.90" CONTENT="ut-"/>
						</TextLine>
						<TextLine ID="line_3" HPOS="135" VPOS="285" WIDTH="757" HEIGHT="28">
							<String ID="string_22" HPOS="135" VPOS="287" WIDTH="63" HEIGHT="25" WC="0.96" CONTENT="göres"/><SP WIDTH="22" VPOS="287" HPOS="198"/>
							<String ID="string_23" HPOS="220" VPOS="285" WIDTH="25" HEIGHT="22" WC="0.96" CONTENT="af"/><SP WIDTH="15" VPOS="285" HPOS="245"/>
							<String ID="string_24" HPOS="260" VPOS="287" WIDTH="50" HEIGHT="20" WC="0.96" CONTENT="rent"/><SP WIDTH="17" VPOS="287" HPOS="310"/>
							<String ID="string_25" HPOS="327" VPOS="285" WIDTH="53" HEIGHT="27" WC="0.96" CONTENT="guld"/><SP WIDTH="19" VPOS="285" HPOS="380"/>
							<String ID="string_26" HPOS="399" VPOS="285" WIDTH="53" HEIGHT="22" WC="0.93" CONTENT="eller"/><SP WIDTH="14" VPOS="285" HPOS="452"/>
							<String ID="string_27" HPOS="466" VPOS="285" WIDTH="81" HEIGHT="28" WC="0.90" CONTENT="silfver,"/><SP WIDTH="17" VPOS="285" HPOS="547"/>
							<String ID="string_28" HPOS="564" VPOS="285" WIDTH="101" HEIGHT="28" WC="0.90" CONTENT="angifvas"/><SP WIDTH="15" VPOS="285" HPOS="665"/>
							<String ID="string_29" HPOS="680" VPOS="286" WIDTH="8" HEIGHT="21" WC="0.93" CONTENT="i"/><SP WIDTH="14" VPOS="286" HPOS="688"/>
							<String ID="string_30" HPOS="702" VPOS="286" WIDTH="151" HEIGHT="22" WC="0.92" CONTENT="tusendedelar"/><SP WIDTH="14" VPOS="286" HPOS="853"/>
							<String ID="string_31" HPOS="867" VPOS="285" WIDTH="25" HEIGHT="22" WC="0.96" CONTENT="af"/>
						</TextLine>
						<TextLine ID="line_4" HPOS="135" VPOS="319" WIDTH="147" HEIGHT="28">
							<String ID="string_32" HPOS="135" VPOS="319" WIDTH="50" HEIGHT="22" WC="0.93" CONTENT="hela"/><SP WIDTH="14" VPOS="319" HPOS="185"/>
							<String ID="string_33" HPOS="199" VPOS="319" WIDTH="83" HEIGHT="28" WC="0.92" CONTENT="vigten."/>
						</TextLine>
					</TextBlock>
				</ComposedBlock>
				<ComposedBlock ID="cblock_2" HPOS="135" VPOS="370" WIDTH="757" HEIGHT="212">
					<TextBlock ID="block_2" HPOS="489" VPOS="370" WIDTH="48" HEIGHT="29">
						<TextLine ID="line_5" HPOS="489" VPOS="370" WIDTH="48" HEIGHT="29">
							<String ID="string_34" HPOS="489" VPOS="370" WIDTH="12" HEIGHT="29" WC="0.86" CONTENT="8"/><SP WIDTH="17" VPOS="370" HPOS="501"/>
							<String ID="string_35" HPOS="518" VPOS="372" WIDTH="19" HEIGHT="20" WC="0.90" CONTENT="4."/>
						</TextLine>
					</TextBlock>
					<TextBlock ID="block_3" HPOS="135" VPOS="416" WIDTH="757" HEIGHT="166">
						<TextLine ID="line_6" HPOS="204" VPOS="416" WIDTH="687" HEIGHT="29">
							<String ID="string_36" HPOS="204" VPOS="417" WIDTH="11" HEIGHT="21" WC="0.96" CONTENT="I"/><SP WIDTH="15" VPOS="417" HPOS="215"/>
							<String ID="string_37" HPOS="230" VPOS="417" WIDTH="108" HEIGHT="21" WC="0.96" CONTENT="allmänna"/><SP WIDTH="14" VPOS="417" HPOS="338"/>
							<String ID="string_38" HPOS="352" VPOS="416" WIDTH="101" HEIGHT="28" WC="0.93" CONTENT="rörelsen,"/><SP WIDTH="16" VPOS="416" HPOS="453"/>
							<String ID="string_39" HPOS="469" VPOS="416" WIDTH="124" HEIGHT="22" WC="0.92" CONTENT="hvarunder"/><SP WIDTH="14" VPOS="416" HPOS="593"/>
							<String ID="string_40" HPOS="607" VPOS="416" WIDTH="123" HEIGHT="28" WC="0.92" CONTENT="inbegripes"/><SP WIDTH="14" VPOS="416" HPOS="730"/>
							<String ID="string_41" HPOS="744" VPOS="417" WIDTH="85" HEIGHT="28" WC="0.93" CONTENT="handel,"/><SP WIDTH="10" VPOS="417" HPOS="829"/>
							<String ID="string_42" HPOS="839" VPOS="423" WIDTH="52" HEIGHT="21" WC="0.92" CONTENT="upp-"/>
						</TextLine>
						<TextLine ID="line_7" HPOS="135" VPOS="450" WIDTH="756" HEIGHT="29">
							<String ID="string_43" HPOS="135" VPOS="451" WIDTH="55" HEIGHT="21" WC="0.96" CONTENT="börd"/><SP WIDTH="22" VPOS="451" HPOS="190"/>
							<String ID="string_44" HPOS="212" VPOS="452" WIDTH="56" HEIGHT="21" WC="0.96" CONTENT="samt"/><SP WIDTH="22" VPOS="452" HPOS="268"/>
							<String ID="string_45" HPOS="290" VPOS="451" WIDTH="27" HEIGHT="21" WC="0.96" CONTENT="de"/><SP WIDTH="21" VPOS="451" HPOS="317"/>
							<String ID="string_46" HPOS="338" VPOS="450" WIDTH="107" HEIGHT="28" WC="0.96" CONTENT="tillfällen,"/><SP WIDTH="17" VPOS="450" HPOS="445"/>
							<String ID="string_47" HPOS="462" VPOS="450" WIDTH="28" HEIGHT="22" WC="0.96" CONTENT="då"/><SP WIDTH="14" VPOS="450" HPOS="490"/>
							<String ID="string_48" HPOS="504" VPOS="450" WIDTH="38" HEIGHT="23" WC="0.96" CONTENT="vid"/><SP WIDTH="15" VPOS="450" HPOS="542"/>
							<String ID="string_49" HPOS="557" VPOS="450" WIDTH="135" HEIGHT="28" WC="0.96" CONTENT="fullgörande"/><SP WIDTH="16" VPOS="450" HPOS="692"/>
							<String ID="string_50" HPOS="708" VPOS="451" WIDTH="25" HEIGHT="22" WC="0.93" CONTENT="af"/><SP WIDTH="12" VPOS="451" HPOS="733"/>
							<String ID="string_51" HPOS="745" VPOS="451" WIDTH="146" HEIGHT="28" WC="0.92" CONTENT="förpligtelser"/>
						</TextLine>
						<TextLine ID="line_8" HPOS="136" VPOS="484" WIDTH="755" HEIGHT="28">
							<String ID="string_52" HPOS="136" VPOS="486" WIDTH="56" HEIGHT="21" WC="0.96" CONTENT="mått"/><SP WIDTH="19" VPOS="486" HPOS="192"/>
							<String ID="string_53" HPOS="211" VPOS="485" WIDTH="52" HEIGHT="22" WC="0.96" CONTENT="eller"/><SP WIDTH="14" VPOS="485" HPOS="263"/>
							<String ID="string_54" HPOS="277" VPOS="485" WIDTH="49" HEIGHT="27" WC="0.93" CONTENT="vigt"/><SP WIDTH="14" VPOS="485" HPOS="326"/>
							<String ID="string_55" HPOS="340" VPOS="484" WIDTH="174" HEIGHT="28" WC="0.90" CONTENT="ifrågakommer,"/><SP WIDTH="16" VPOS="484" HPOS="514"/>
							<String ID="string_56" HPOS="530" VPOS="486" WIDTH="36" HEIGHT="20" WC="0.96" CONTENT="må"/><SP WIDTH="15" VPOS="486" HPOS="566"/>
							<String ID="string_57" HPOS="581" VPOS="485" WIDTH="48" HEIGHT="22" WC="0.96" CONTENT="icke"/><SP WIDTH="14" VPOS="485" HPOS="629"/>
							<String ID="string_58" HPOS="643" VPOS="485" WIDTH="69" HEIGHT="22" WC="0.96" CONTENT="andra"/><SP WIDTH="15" VPOS="485" HPOS="712"/>
							<String ID="string_59" HPOS="727" VPOS="488" WIDTH="28" HEIGHT="19" WC="0.97" CONTENT="än"/><SP WIDTH="15" VPOS="488" HPOS="755"/>
							<String ID="string_60" HPOS="770" VPOS="486" WIDTH="40" HEIGHT="21" WC="0.96" CONTENT="här"/><SP WIDTH="14" VPOS="486" HPOS="810"/>
							<String ID="string_61" HPOS="824" VPOS="485" WIDTH="8" HEIGHT="22" WC="0.93" CONTENT="i"/><SP WIDTH="15" VPOS="485" HPOS="832"/>
							<String ID="string_62" HPOS="847" VPOS="485" WIDTH="44" HEIGHT="21" WC="0.90" CONTENT="lan-"/>
						</TextLine>
						<TextLine ID="line_9" HPOS="137" VPOS="519" WIDTH="755" HEIGHT="28">
							<String ID="string_63" HPOS="137" VPOS="520" WIDTH="37" HEIGHT="22" WC="0.96" CONTENT="det"/><SP WIDTH="14" VPOS="520" HPOS="174"/>
							<String ID="string_64" HPOS="188" VPOS="519" WIDTH="118" HEIGHT="28" WC="0.96" CONTENT="behörigen"/><SP WIDTH="13" VPOS="519" HPOS="306"/>
							<String ID="string_65" HPOS="319" VPOS="519" WIDTH="112" HEIGHT="27" WC="0.96" CONTENT="justerade"/><SP WIDTH="16" VPOS="519" HPOS="431"/>
							<String ID="string_66" HPOS="447" VPOS="520" WIDTH="39" HEIGHT="21" WC="0.96" CONTENT="och"/><SP WIDTH="14" VPOS="520" HPOS="486"/>
							<String ID="string_67" HPOS="500" VPOS="519" WIDTH="121" HEIGHT="28" WC="0.95" CONTENT="stämplade"/><SP WIDTH="15" VPOS="519" HPOS="621"/>
							<String ID="string_68" HPOS="636" VPOS="520" WIDTH="62" HEIGHT="27" WC="0.93" CONTENT="mått,"/><SP WIDTH="10" VPOS="520" HPOS="698"/>
							<String ID="string_69" HPOS="708" VPOS="520" WIDTH="73" HEIGHT="27" WC="0.93" CONTENT="vigter"/><SP WIDTH="11" VPOS="520" HPOS="781"/>
							<String ID="string_70" HPOS="792" VPOS="520" WIDTH="38" HEIGHT="22" WC="0.93" CONTENT="och"/><SP WIDTH="10" VPOS="520" HPOS="830"/>
							<String ID="string_71" HPOS="840" VPOS="521" WIDTH="52" HEIGHT="26" WC="0.92" CONTENT="väg-"/>
						</TextLine>
						<TextLine ID="line_10" HPOS="136" VPOS="553" WIDTH="292" HEIGHT="29">
							<String ID="string_72" HPOS="136" VPOS="554" WIDTH="158" HEIGHT="28" WC="0.92" CONTENT="ningsredskap"/><SP WIDTH="16" VPOS="554" HPOS="294"/>
							<String ID="string_73" HPOS="310" VPOS="553" WIDTH="118" HEIGHT="23" WC="0.96" CONTENT="användas."/>
						</TextLine>
					</TextBlock>
				</ComposedBlock>
				<ComposedBlock ID="cblock_3" HPOS="491" VPOS="601" WIDTH="48" HEIGHT="25">
					<TextBlock ID="block_4" HPOS="491" VPOS="601" WIDTH="48" HEIGHT="25">
						<TextLine ID="line_11" HPOS="491" VPOS="601" WIDTH="48" HEIGHT="25">
							<String ID="string_74" HPOS="491" VPOS="601" WIDTH="11" HEIGHT="25" WC="0.83" CONTENT="8"/><SP WIDTH="18" VPOS="601" HPOS="502"/>
							<String ID="string_75" HPOS="520" VPOS="602" WIDTH="19" HEIGHT="19" WC="0.91" CONTENT="5."/>
						</TextLine>
					</TextBlock>
				</ComposedBlock>
				<ComposedBlock ID="cblock_4" HPOS="137" VPOS="645" WIDTH="755" HEIGHT="63">
					<TextBlock ID="block_5" HPOS="137" VPOS="645" WIDTH="755" HEIGHT="63">
						<TextLine ID="line_12" HPOS="205" VPOS="645" WIDTH="687" HEIGHT="29">
							<String ID="string_76" HPOS="205" VPOS="645" WIDTH="86" HEIGHT="22" WC="0.93" CONTENT="Endast"/><SP WIDTH="21" VPOS="645" HPOS="291"/>
							<String ID="string_77" HPOS="312" VPOS="645" WIDTH="166" HEIGHT="22" WC="0.92" CONTENT="nedannämnda"/><SP WIDTH="17" VPOS="645" HPOS="478"/>
							<String ID="string_78" HPOS="495" VPOS="646" WIDTH="56" HEIGHT="22" WC="0.96" CONTENT="mått"/><SP WIDTH="16" VPOS="646" HPOS="551"/>
							<String ID="string_79" HPOS="567" VPOS="646" WIDTH="39" HEIGHT="22" WC="0.93" CONTENT="och"/><SP WIDTH="15" VPOS="646" HPOS="606"/>
							<String ID="string_80" HPOS="621" VPOS="646" WIDTH="73" HEIGHT="28" WC="0.92" CONTENT="vigter"/><SP WIDTH="13" VPOS="646" HPOS="694"/>
							<String ID="string_81" HPOS="707" VPOS="646" WIDTH="22" HEIGHT="22" WC="0.96" CONTENT="få"/><SP WIDTH="13" VPOS="646" HPOS="729"/>
							<String ID="string_82" HPOS="742" VPOS="646" WIDTH="96" HEIGHT="28" WC="0.96" CONTENT="justeras"/><SP WIDTH="15" VPOS="646" HPOS="838"/>
							<String ID="string_83" HPOS="853" VPOS="645" WIDTH="39" HEIGHT="22" WC="0.96" CONTENT="och"/>
						</TextLine>
						<TextLine ID="line_13" HPOS="137" VPOS="680" WIDTH="243" HEIGHT="28">
							<String ID="string_84" HPOS="137" VPOS="680" WIDTH="109" HEIGHT="28" WC="0.93" CONTENT="stämplas,"/><SP WIDTH="16" VPOS="680" HPOS="246"/>
							<String ID="string_85" HPOS="262" VPOS="680" WIDTH="118" HEIGHT="27" WC="0.91" CONTENT="nemligen:"/>
						</TextLine>
					</TextBlock>
				</ComposedBlock>
				<ComposedBlock ID="cblock_5" HPOS="424" VPOS="743" WIDTH="185" HEIGHT="29">
					<TextBlock ID="block_6" HPOS="424" VPOS="743" WIDTH="185" HEIGHT="29">
						<TextLine ID="line_14" HPOS="424" VPOS="743" WIDTH="185" HEIGHT="29">
							<String ID="string_86" HPOS="424" VPOS="743" WIDTH="16" HEIGHT="22" WC="0.91" CONTENT="1."/><SP WIDTH="30" VPOS="743" HPOS="440"/>
							<String ID="string_87" HPOS="470" VPOS="743" WIDTH="139" HEIGHT="29" WC="0.90" CONTENT="Längdmätt."/>
						</TextLine>
					</TextBlock>
				</ComposedBlock>
				<ComposedBlock ID="cblock_6" HPOS="207" VPOS="789" WIDTH="321" HEIGHT="61">
					<TextBlock ID="block_7" HPOS="207" VPOS="789" WIDTH="321" HEIGHT="61">
						<TextLine ID="line_15" HPOS="207" VPOS="789" WIDTH="321" HEIGHT="27">
							<String ID="string_88" HPOS="207" VPOS="790" WIDTH="34" HEIGHT="26" WC="0.96" CONTENT="20,"/><SP WIDTH="17" VPOS="790" HPOS="241"/>
							<String ID="string_89" HPOS="258" VPOS="790" WIDTH="33" HEIGHT="26" WC="0.96" CONTENT="10,"/><SP WIDTH="17" VPOS="790" HPOS="291"/>
							<String ID="string_90" HPOS="308" VPOS="791" WIDTH="20" HEIGHT="25" WC="0.95" CONTENT="5,"/><SP WIDTH="16" VPOS="791" HPOS="328"/>
							<String ID="string_91" HPOS="344" VPOS="791" WIDTH="12" HEIGHT="19" WC="0.95" CONTENT="2"/><SP WIDTH="17" VPOS="791" HPOS="356"/>
							<String ID="string_92" HPOS="373" VPOS="789" WIDTH="39" HEIGHT="21" WC="0.95" CONTENT="och"/><SP WIDTH="16" VPOS="789" HPOS="412"/>
							<String ID="string_93" HPOS="428" VPOS="791" WIDTH="11" HEIGHT="19" WC="0.96" CONTENT="1"/><SP WIDTH="16" VPOS="791" HPOS="439"/>
							<String ID="string_94" HPOS="455" VPOS="790" WIDTH="73" HEIGHT="26" WC="0.96" CONTENT="meter,"/>
						</TextLine>
						<TextLine ID="line_16" HPOS="207" VPOS="823" WIDTH="269" HEIGHT="27">
							<String ID="string_95" HPOS="207" VPOS="826" WIDTH="18" HEIGHT="24" WC="0.96" CONTENT="5,"/><SP WIDTH="17" VPOS="826" HPOS="225"/>
							<String ID="string_96" HPOS="242" VPOS="826" WIDTH="12" HEIGHT="18" WC="0.96" CONTENT="2"/><SP WIDTH="17" VPOS="826" HPOS="254"/>
							<String ID="string_97" HPOS="271" VPOS="823" WIDTH="39" HEIGHT="22" WC="0.96" CONTENT="och"/><SP WIDTH="17" VPOS="823" HPOS="310"/>
							<String ID="string_98" HPOS="327" VPOS="825" WIDTH="10" HEIGHT="19" WC="0.93" CONTENT="1"/><SP WIDTH="18" VPOS="825" HPOS="337"/>
							<String ID="string_99" HPOS="355" VPOS="823" WIDTH="121" HEIGHT="22" WC="0.89" CONTENT="decimeter."/>
						</TextLine>
					</TextBlock>
				</ComposedBlock>
				<ComposedBlock ID="cblock_7" HPOS="191" VPOS="887" WIDTH="419" HEIGHT="417">
					<TextBlock ID="block_8" HPOS="421" VPOS="887" WIDTH="189" HEIGHT="28">
						<TextLine ID="line_17" HPOS="421" VPOS="887" WIDTH="189" HEIGHT="28">
							<String ID="string_100" HPOS="421" VPOS="887" WIDTH="26" HEIGHT="22" WC="0.84" CONTENT="II."/><SP WIDTH="31" VPOS="887" HPOS="447"/>
							<String ID="string_101" HPOS="478" VPOS="887" WIDTH="132" HEIGHT="28" WC="0.84" CONTENT="Rymdmätt."/>
						</TextLine>
					</TextBlock>
					<TextBlock ID="block_9" HPOS="207" VPOS="932" WIDTH="236" HEIGHT="27">
						<TextLine ID="line_18" HPOS="207" VPOS="932" WIDTH="236" HEIGHT="27">
							<String ID="string_102" HPOS="207" VPOS="933" WIDTH="22" HEIGHT="26" WC="0.93" CONTENT="a)"/><SP WIDTH="15" VPOS="933" HPOS="229"/>
							<String ID="string_103" HPOS="244" VPOS="932" WIDTH="35" HEIGHT="21" WC="0.93" CONTENT="för"/><SP WIDTH="15" VPOS="932" HPOS="279"/>
							<String ID="string_104" HPOS="294" VPOS="933" WIDTH="60" HEIGHT="21" WC="0.93" CONTENT="torra"/><SP WIDTH="14" VPOS="933" HPOS="354"/>
							<String ID="string_105" HPOS="368" VPOS="939" WIDTH="75" HEIGHT="16" WC="0.91" CONTENT="varor:"/>
						</TextLine>
					</TextBlock>
					<TextBlock ID="block_10" HPOS="246" VPOS="967" WIDTH="108" HEIGHT="27">
						<TextLine ID="line_19" HPOS="246" VPOS="967" WIDTH="108" HEIGHT="27">
							<String ID="string_106" HPOS="246" VPOS="968" WIDTH="11" HEIGHT="19" WC="0.92" CONTENT="1"/><SP WIDTH="17" VPOS="968" HPOS="257"/>
							<String ID="string_107" HPOS="274" VPOS="967" WIDTH="80" HEIGHT="27" WC="0.86" CONTENT="hektol,"/>
						</TextLine>
					</TextBlock>
					<TextBlock ID="block_11" HPOS="246" VPOS="998" WIDTH="352" HEIGHT="31">
						<TextLine ID="line_20" HPOS="246" VPOS="998" WIDTH="352" HEIGHT="31">
							<String ID="string_108" HPOS="246" VPOS="1003" WIDTH="34" HEIGHT="25" WC="0.96" CONTENT="50,"/><SP WIDTH="16" VPOS="1003" HPOS="280"/>
							<String ID="string_109" HPOS="296" VPOS="1003" WIDTH="34" HEIGHT="25" WC="0.96" CONTENT="20,"/><SP WIDTH="17" VPOS="1003" HPOS="330"/>
							<String ID="string_110" HPOS="347" VPOS="1003" WIDTH="33" HEIGHT="24" WC="0.96" CONTENT="10,"/><SP WIDTH="16" VPOS="1003" HPOS="380"/>
							<String ID="string_111" HPOS="396" VPOS="1003" WIDTH="19" HEIGHT="25" WC="0.96" CONTENT="5,"/><SP WIDTH="16" VPOS="1003" HPOS="415"/>
							<String ID="string_112" HPOS="431" VPOS="998" WIDTH="12" HEIGHT="25" WC="0.87" CONTENT="2"/><SP WIDTH="16" VPOS="998" HPOS="443"/>
							<String ID="string_113" HPOS="459" VPOS="1002" WIDTH="40" HEIGHT="21" WC="0.96" CONTENT="och"/><SP WIDTH="6" VPOS="1002" HPOS="499"/>
							<String ID="string_114" HPOS="505" VPOS="994" WIDTH="14" HEIGHT="39" WC="0.78" CONTENT="1"/><SP WIDTH="23" VPOS="994" HPOS="519"/>
							<String ID="string_115" HPOS="542" VPOS="1001" WIDTH="56" HEIGHT="28" WC="0.95" CONTENT="liter,"/>
						</TextLine>
					</TextBlock>
					<TextBlock ID="block_12" HPOS="245" VPOS="1035" WIDTH="218" HEIGHT="27">
						<TextLine ID="line_21" HPOS="245" VPOS="1035" WIDTH="218" HEIGHT="27">
							<String ID="string_116" HPOS="245" VPOS="1037" WIDTH="12" HEIGHT="19" WC="0.93" CONTENT="5"/><SP WIDTH="16" VPOS="1037" HPOS="257"/>
							<String ID="string_117" HPOS="273" VPOS="1037" WIDTH="61" HEIGHT="25" WC="0.91" CONTENT="mott,"/><SP WIDTH="20" VPOS="1037" HPOS="334"/>
							<String ID="string_118" HPOS="354" VPOS="1035" WIDTH="109" HEIGHT="23" WC="0.92" CONTENT="äfvensom"/>
						</TextLine>
					</TextBlock>
					<TextBlock ID="block_13" HPOS="207" VPOS="1069" WIDTH="227" HEIGHT="62">
						<TextLine ID="line_22" HPOS="246" VPOS="1069" WIDTH="148" HEIGHT="27">
							<String ID="string_119" HPOS="246" VPOS="1071" WIDTH="11" HEIGHT="19" WC="0.90" CONTENT="1"/><SP WIDTH="12" VPOS="1071" HPOS="257"/>
							<String ID="string_120" HPOS="269" VPOS="1070" WIDTH="25" HEIGHT="25" WC="0.8" CONTENT="1/y"/><SP WIDTH="16" VPOS="1070" HPOS="294"/>
							<String ID="string_121" HPOS="310" VPOS="1069" WIDTH="84" HEIGHT="27" WC="0.90" CONTENT="hektol;"/>
						</TextLine>
						<TextLine ID="line_23" HPOS="207" VPOS="1103" WIDTH="227" HEIGHT="28">
							<String ID="string_122" HPOS="207" VPOS="1103" WIDTH="20" HEIGHT="28" WC="0.83" CONTENT="0)"/><SP WIDTH="15" VPOS="1103" HPOS="227"/>
							<String ID="string_123" HPOS="242" VPOS="1103" WIDTH="35" HEIGHT="22" WC="0.93" CONTENT="för"/><SP WIDTH="14" VPOS="1103" HPOS="277"/>
							<String ID="string_124" HPOS="291" VPOS="1104" WIDTH="54" HEIGHT="22" WC="0.96" CONTENT="våta"/><SP WIDTH="15" VPOS="1104" HPOS="345"/>
							<String ID="string_125" HPOS="360" VPOS="1111" WIDTH="74" HEIGHT="15" WC="0.96" CONTENT="varor:"/>
						</TextLine>
					</TextBlock>
					<TextBlock ID="block_14" HPOS="247" VPOS="1139" WIDTH="304" HEIGHT="28">
						<TextLine ID="line_24" HPOS="247" VPOS="1139" WIDTH="304" HEIGHT="28">
							<String ID="string_126" HPOS="247" VPOS="1140" WIDTH="34" HEIGHT="25" WC="0.96" CONTENT="20,"/><SP WIDTH="17" VPOS="1140" HPOS="281"/>
							<String ID="string_127" HPOS="298" VPOS="1140" WIDTH="34" HEIGHT="25" WC="0.96" CONTENT="10,"/><SP WIDTH="16" VPOS="1140" HPOS="332"/>
							<String ID="string_128" HPOS="348" VPOS="1141" WIDTH="19" HEIGHT="25" WC="0.96" CONTENT="5,"/><SP WIDTH="17" VPOS="1141" HPOS="367"/>
							<String ID="string_129" HPOS="384" VPOS="1141" WIDTH="12" HEIGHT="19" WC="0.95" CONTENT="2"/><SP WIDTH="17" VPOS="1141" HPOS="396"/>
							<String ID="string_130" HPOS="413" VPOS="1139" WIDTH="39" HEIGHT="22" WC="0.96" CONTENT="och"/><SP WIDTH="7" VPOS="1139" HPOS="452"/>
							<String ID="string_131" HPOS="459" VPOS="1135" WIDTH="15" HEIGHT="36" WC="0.93" CONTENT="1"/><SP WIDTH="20" VPOS="1135" HPOS="474"/>
							<String ID="string_132" HPOS="494" VPOS="1139" WIDTH="57" HEIGHT="28" WC="0.92" CONTENT="liter,"/>
						</TextLine>
					</TextBlock>
					<TextBlock ID="block_15" HPOS="247" VPOS="1173" WIDTH="209" HEIGHT="28">
						<TextLine ID="line_25" HPOS="247" VPOS="1173" WIDTH="209" HEIGHT="28">
							<String ID="string_133" HPOS="247" VPOS="1175" WIDTH="19" HEIGHT="25" WC="0.96" CONTENT="5,"/><SP WIDTH="17" VPOS="1175" HPOS="266"/>
							<String ID="string_134" HPOS="283" VPOS="1175" WIDTH="13" HEIGHT="19" WC="0.96" CONTENT="2"/><SP WIDTH="16" VPOS="1175" HPOS="296"/>
							<String ID="string_135" HPOS="312" VPOS="1173" WIDTH="39" HEIGHT="22" WC="0.96" CONTENT="och"/><SP WIDTH="17" VPOS="1173" HPOS="351"/>
							<String ID="string_136" HPOS="368" VPOS="1176" WIDTH="11" HEIGHT="19" WC="0.93" CONTENT="1"/><SP WIDTH="17" VPOS="1176" HPOS="379"/>
							<String ID="string_137" HPOS="396" VPOS="1175" WIDTH="60" HEIGHT="26" WC="0.92" CONTENT="mott,"/>
						</TextLine>
					</TextBlock>
					<TextBlock ID="block_16" HPOS="191" VPOS="1207" WIDTH="302" HEIGHT="62">
						<TextLine ID="line_26" HPOS="247" VPOS="1207" WIDTH="148" HEIGHT="28">
							<String ID="string_138" HPOS="247" VPOS="1209" WIDTH="12" HEIGHT="20" WC="0.92" CONTENT="5"/><SP WIDTH="17" VPOS="1209" HPOS="259"/>
							<String ID="string_139" HPOS="276" VPOS="1207" WIDTH="119" HEIGHT="28" WC="0.91" CONTENT="centiliter;"/>
						</TextLine>
						<TextLine ID="line_27" HPOS="191" VPOS="1241" WIDTH="302" HEIGHT="28">
							<String ID="string_140" HPOS="191" VPOS="1257" WIDTH="2" HEIGHT="2" WC="0.48" CONTENT="»"/><SP WIDTH="16" VPOS="1257" HPOS="193"/>
							<String ID="string_141" HPOS="209" VPOS="1242" WIDTH="18" HEIGHT="27" WC="0.95" CONTENT="€)"/><SP WIDTH="15" VPOS="1242" HPOS="227"/>
							<String ID="string_142" HPOS="242" VPOS="1241" WIDTH="34" HEIGHT="22" WC="0.93" CONTENT="för"/><SP WIDTH="15" VPOS="1241" HPOS="276"/>
							<String ID="string_143" HPOS="291" VPOS="1242" WIDTH="99" HEIGHT="27" WC="0.96" CONTENT="mätning"/><SP WIDTH="15" VPOS="1242" HPOS="390"/>
							<String ID="string_144" HPOS="405" VPOS="1242" WIDTH="25" HEIGHT="22" WC="0.96" CONTENT="af"/><SP WIDTH="13" VPOS="1242" HPOS="430"/>
							<String ID="string_145" HPOS="443" VPOS="1243" WIDTH="50" HEIGHT="21" WC="0.96" CONTENT="ved:"/>
						</TextLine>
					</TextBlock>
					<TextBlock ID="block_17" HPOS="246" VPOS="1276" WIDTH="356" HEIGHT="28">
						<TextLine ID="line_28" HPOS="246" VPOS="1276" WIDTH="356" HEIGHT="28">
							<String ID="string_146" HPOS="246" VPOS="1276" WIDTH="57" HEIGHT="21" WC="0.95" CONTENT="mått"/><SP WIDTH="14" VPOS="1276" HPOS="303"/>
							<String ID="string_147" HPOS="317" VPOS="1277" WIDTH="29" HEIGHT="26" WC="0.96" CONTENT="pä"/><SP WIDTH="17" VPOS="1277" HPOS="346"/>
							<String ID="string_148" HPOS="363" VPOS="1279" WIDTH="18" HEIGHT="25" WC="0.96" CONTENT="1,"/><SP WIDTH="19" VPOS="1279" HPOS="381"/>
							<String ID="string_149" HPOS="400" VPOS="1278" WIDTH="22" HEIGHT="26" WC="0.76" CONTENT="1"/><SP WIDTH="17" VPOS="1278" HPOS="422"/>
							<String ID="string_150" HPOS="439" VPOS="1277" WIDTH="39" HEIGHT="22" WC="0.93" CONTENT="och"/><SP WIDTH="17" VPOS="1277" HPOS="478"/>
							<String ID="string_151" HPOS="495" VPOS="1278" WIDTH="26" HEIGHT="25" WC="0.88" CONTENT="1/,"/><SP WIDTH="15" VPOS="1278" HPOS="521"/>
							<String ID="string_152" HPOS="536" VPOS="1276" WIDTH="66" HEIGHT="23" WC="0.96" CONTENT="famn."/>
						</TextLine>
					</TextBlock>
				</ComposedBlock>
				<ComposedBlock ID="cblock_8" HPOS="439" VPOS="1339" WIDTH="158" HEIGHT="29">
					<TextBlock ID="block_18" HPOS="439" VPOS="1339" WIDTH="158" HEIGHT="29">
						<TextLine ID="line_29" HPOS="439" VPOS="1339" WIDTH="158" HEIGHT="29">
							<String ID="string_153" HPOS="439" VPOS="1339" WIDTH="40" HEIGHT="23" WC="0.45" CONTENT="III."/><SP WIDTH="30" VPOS="1339" HPOS="479"/>
							<String ID="string_154" HPOS="509" VPOS="1339" WIDTH="88" HEIGHT="29" WC="0.92" CONTENT="Vigter."/>
						</TextLine>
					</TextBlock>
				</ComposedBlock>
				<ComposedBlock ID="cblock_9" HPOS="209" VPOS="1373" WIDTH="414" HEIGHT="108">
					<TextBlock ID="block_19" HPOS="209" VPOS="1373" WIDTH="414" HEIGHT="108">
						<TextLine ID="line_30" HPOS="209" VPOS="1373" WIDTH="414" HEIGHT="42">
							<String ID="string_155" HPOS="209" VPOS="1379" WIDTH="33" HEIGHT="36" WC="0.96" CONTENT="50,"/><SP WIDTH="17" VPOS="1379" HPOS="242"/>
							<String ID="string_156" HPOS="259" VPOS="1373" WIDTH="34" HEIGHT="38" WC="0.96" CONTENT="20,"/><SP WIDTH="18" VPOS="1373" HPOS="293"/>
							<String ID="string_157" HPOS="311" VPOS="1386" WIDTH="33" HEIGHT="26" WC="0.96" CONTENT="10,"/><SP WIDTH="17" VPOS="1386" HPOS="344"/>
							<String ID="string_158" HPOS="361" VPOS="1387" WIDTH="19" HEIGHT="26" WC="0.95" CONTENT="5,"/><SP WIDTH="17" VPOS="1387" HPOS="380"/>
							<String ID="string_159" HPOS="397" VPOS="1387" WIDTH="13" HEIGHT="20" WC="0.96" CONTENT="2"/><SP WIDTH="16" VPOS="1387" HPOS="410"/>
							<String ID="string_160" HPOS="426" VPOS="1386" WIDTH="40" HEIGHT="21" WC="0.96" CONTENT="och"/><SP WIDTH="16" VPOS="1386" HPOS="466"/>
							<String ID="string_161" HPOS="482" VPOS="1387" WIDTH="11" HEIGHT="20" WC="0.93" CONTENT="1"/><SP WIDTH="16" VPOS="1387" HPOS="493"/>
							<String ID="string_162" HPOS="509" VPOS="1385" WIDTH="114" HEIGHT="28" WC="0.91" CONTENT="kilogram,"/>
						</TextLine>
						<TextLine ID="line_31" HPOS="209" VPOS="1419" WIDTH="371" HEIGHT="28">
							<String ID="string_163" HPOS="209" VPOS="1419" WIDTH="33" HEIGHT="26" WC="0.96" CONTENT="50,"/><SP WIDTH="18" VPOS="1419" HPOS="242"/>
							<String ID="string_164" HPOS="260" VPOS="1420" WIDTH="33" HEIGHT="25" WC="0.96" CONTENT="20,"/><SP WIDTH="17" VPOS="1420" HPOS="293"/>
							<String ID="string_165" HPOS="310" VPOS="1420" WIDTH="33" HEIGHT="26" WC="0.96" CONTENT="10,"/><SP WIDTH="17" VPOS="1420" HPOS="343"/>
							<String ID="string_166" HPOS="360" VPOS="1421" WIDTH="19" HEIGHT="25" WC="0.96" CONTENT="5,"/><SP WIDTH="17" VPOS="1421" HPOS="379"/>
							<String ID="string_167" HPOS="396" VPOS="1421" WIDTH="12" HEIGHT="19" WC="0.96" CONTENT="2"/><SP WIDTH="17" VPOS="1421" HPOS="408"/>
							<String ID="string_168" HPOS="425" VPOS="1419" WIDTH="38" HEIGHT="22" WC="0.96" CONTENT="och"/><SP WIDTH="16" VPOS="1419" HPOS="463"/>
							<String ID="string_169" HPOS="479" VPOS="1421" WIDTH="12" HEIGHT="20" WC="0.93" CONTENT="1"/><SP WIDTH="16" VPOS="1421" HPOS="491"/>
							<String ID="string_170" HPOS="507" VPOS="1419" WIDTH="73" HEIGHT="28" WC="0.92" CONTENT="nylod,"/>
						</TextLine>
						<TextLine ID="line_32" HPOS="209" VPOS="1453" WIDTH="217" HEIGHT="28">
							<String ID="string_171" HPOS="209" VPOS="1456" WIDTH="19" HEIGHT="25" WC="0.96" CONTENT="5,"/><SP WIDTH="17" VPOS="1456" HPOS="228"/>
							<String ID="string_172" HPOS="245" VPOS="1455" WIDTH="12" HEIGHT="19" WC="0.96" CONTENT="2"/><SP WIDTH="17" VPOS="1455" HPOS="257"/>
							<String ID="string_173" HPOS="274" VPOS="1453" WIDTH="39" HEIGHT="21" WC="0.95" CONTENT="och"/><SP WIDTH="17" VPOS="1453" HPOS="313"/>
							<String ID="string_174" HPOS="330" VPOS="1455" WIDTH="10" HEIGHT="19" WC="0.93" CONTENT="1"/><SP WIDTH="17" VPOS="1455" HPOS="340"/>
							<String ID="string_175" HPOS="357" VPOS="1460" WIDTH="69" HEIGHT="21" WC="0.90" CONTENT="gram."/>
						</TextLine>
					</TextBlock>
				</ComposedBlock>
				<GraphicalElement ID="cblock_10" HPOS="1071" VPOS="24" WIDTH="5" HEIGHT="435"></GraphicalElement >
			</PrintSpace>
		</Page>
	</Layout>
</alto>
