1078 1692
476 143 35 21 N:o
526 144 19 20 7.
847 144 12 20 3

133 213 90 21 emedan
247 213 37 21 det
307 212 105 22 metriska
435 214 104 26 systemet
559 214 24 19 är
599 212 71 22 afsedt
686 214 33 20 att
734 212 80 22 införas
831 212 5 21 i
853 212 36 21 be-

132 247 93 27 räkning
241 247 23 21 af
278 248 56 20 mått
349 248 38 20 och
404 247 51 27 vigt,
471 247 89 21 hvarom
572 247 96 21 särskild
679 247 66 27 nådig
755 246 134 28 proposition

132 282 34 21 till
191 282 121 21 Ständerna
335 282 35 21 vid
390 282 69 21 denna
475 282 105 27 landtdag
596 282 88 26 aflåtits,
700 284 24 19 är
740 282 104 27 förslaget
859 282 30 20 af-

132 316 92 27 passadt
239 316 55 22 efter
310 316 101 22 metriskt
426 318 61 20 mått.
513 316 76 22 Såsom
605 316 161 22 skatterubelns
777 316 113 22 bestånds-

135 351 62 21 delar
212 351 132 21 förekomma
360 352 7 20 i
382 352 111 26 förslaget,
512 352 28 26 på
556 354 44 19 sätt
616 351 23 22 af
653 352 162 21 nedanstående
830 351 60 21 tablå

133 385 103 27 framgår,
254 386 106 26 tjugufem
376 386 50 21 liter
442 386 37 27 (=
494 387 76 26 4,5485
588 386 92 27 kappar)
696 386 98 27 spanmål
809 386 40 21 och
859 386 31 21 tio

134 420 51 21 liter
212 421 36 26 (=
265 421 75 25 1,8194
357 421 91 26 kappar)
471 420 61 22 hafre
552 423 57 19 samt
625 422 31 20 ett
671 421 78 27 belopp
765 420 125 28 penningar,

135 461 45 15 som
203 454 33 22 för
259 455 26 21 de
309 454 70 22 skilda
401 455 64 21 länen
488 455 73 21 vexlar
578 455 92 21 emellan
687 462 26 14 en
729 456 61 20 mark
806 456 83 26 sjutton

138 489 40 21 och
194 496 26 14 en
236 489 62 21 mark
314 489 122 27 fyratiofem
452 490 71 26 penni.
556 490 45 21 Och
617 490 62 21 torde
694 490 94 21 nämnda
803 490 88 26 obetyd-

136 523 43 27 liga
197 523 101 22 differens
314 524 7 20 i
337 524 209 27 penningebeloppet
561 524 34 21 för
611 524 26 22 de
653 524 58 21 olika
726 524 72 27 länen,
813 524 78 21 medan

135 558 27 21 de
177 560 78 20 tvenne
272 558 69 27 öfriga
361 558 130 22 artiklarnes
507 558 78 28 belopp
601 561 25 19 är
641 559 131 27 fullkomligt
787 559 51 27 lika,
855 558 35 22 be-

135 592 69 22 finnas
226 599 53 15 vara
302 595 32 19 ett
356 593 115 28 företräde,
495 600 45 14 som
557 594 68 27 sagda
640 594 82 26 förslag
737 600 51 20 eger
803 593 89 21 framför

136 628 61 20 såväl
213 628 41 21 den
272 628 124 21 nuvarande
412 628 183 27 undervisningen
612 635 45 15 som
674 629 26 21 de
712 628 121 21 Ständerna
843 628 49 20 här-

137 662 101 21 förinnan
261 662 95 27 delgifna
380 662 108 27 förslagen
504 662 7 21 i
527 664 80 20 ämnet.
638 663 38 21 Att
697 663 80 27 jemväl
792 662 100 27 Wiborgs

136 696 37 22 län
195 696 90 28 intagits
302 697 6 20 i
324 696 92 22 berörda
439 697 59 21 tablå
513 697 40 21 har
569 698 59 20 skett
643 698 69 20 under
730 696 162 28 förutsättning,

137 733 32 19 att
195 731 177 21 skatteväsendet
395 732 6 20 i
425 732 94 21 nämnda
541 732 35 20 län
600 732 85 21 komme
708 734 32 19 att
764 732 78 21 ordnas
865 732 28 26 på

137 766 133 26 grundvalen
294 766 23 21 af
339 766 41 21 den
402 766 33 21 för
458 766 36 21 det
517 766 70 28 öfriga
609 767 75 21 landet
707 766 99 27 gällande
822 766 70 21 rubel-

137 800 94 27 skatten,
258 800 89 21 hvarom
371 800 61 21 äfven
449 800 94 22 särskild
567 801 133 27 proposition
725 803 24 19 är
772 800 122 22 Ständerna

138 834 104 26 förelagd.

209 868 10 21 I
242 868 63 21 ofvan
329 868 122 27 åberopade
474 869 59 21 tablå
557 869 51 27 ingå
628 869 94 28 följande
744 868 149 27 uträkningar,

138 902 119 27 nämligen:
