1078 1692
220 161 28 21 92
422 160 23 22 U.
461 161 23 22 B.
500 174 29 4 —
545 161 61 29 Prop.
621 161 38 21 N:o
678 159 32 22 13.

261 227 19 25 0)
295 226 49 22 Den
359 227 86 27 mycket
459 227 111 27 lugnande
587 226 141 28 möjligheten
743 227 34 20 att
792 226 49 22 med
857 226 29 21 all
908 228 34 19 sä-

190 262 78 21 kerhet
284 262 39 21 allt
338 262 108 28 framgent
461 263 76 21 kunna
552 262 75 22 utföra
642 261 133 23 ätminstone
790 261 44 22 alla
850 262 94 21 statsba-

191 303 39 15 nor
245 298 51 20 med
310 297 121 28 besparade
447 298 80 28 medel,
543 300 54 20 utan
613 298 41 22 län.

262 332 23 29 d)
301 333 35 22 Då
358 334 96 22 särdeles
476 334 79 27 vigtigt
578 336 31 25 är,
634 336 34 19 att
688 333 95 27 Styrelse
799 334 39 21 och
855 333 93 22 Ständer

191 374 77 20 genom
294 370 25 20 sä
342 371 59 20 stora
416 369 103 22 arbetens
535 369 116 22 utförande
668 375 46 16 som
730 368 65 28 länga
808 368 137 28 jernbanors,

191 404 47 21 icke
254 405 36 20 mä
305 404 59 28 gifva
382 405 120 27 anledning
517 405 193 29 till*ekonomiska
726 404 140 28 rubbningar,
882 405 62 21 desto

190 446 61 15 mera
267 440 108 28 störande,
384 440 34 22 för
432 443 34 19 att
474 440 48 23 icke
535 443 52 25 säga
595 440 109 28 farligare,
713 440 26 28 ju
750 442 70 20 större
828 440 116 27 kapitaler,

190 475 138 27 synnerligen
336 476 111 28 upplånta,
460 478 27 26 på
499 483 27 15 en
537 478 56 26 gång
603 476 89 28 bringas
701 476 7 21 i
719 476 104 27 rörelsen,
836 476 25 21 så
869 476 76 21 vinnes

190 517 77 21 genom
293 513 33 20 ett
348 512 100 28 billigare
465 512 203 28 byggnadssystem,
684 512 56 22 dock
756 512 47 21 icke
819 512 69 21 heller
908 512 38 21 det

189 546 151 22 brådstörtadt
363 548 90 28 utfördt,
479 550 70 20 större
565 548 52 27 lugn
633 548 40 22 och
690 548 103 21 säkerhet
809 547 33 21 för
857 547 86 22 arbetet

189 582 58 22 inom
264 582 44 22 alla
323 583 69 28 öfriga
408 590 79 21 grenar
502 584 24 22 af
540 584 86 22 landets
643 583 108 23 ekonomi.

261 620 18 24 e)
295 619 192 27 Tillräckligheten
503 620 34 21 för
553 619 156 22 samfärdselns
720 619 67 21 behof
796 618 23 22 af
826 619 37 21 det
874 618 69 22 smala

189 655 74 26 spåret
278 654 34 22 för
327 655 65 27 långa
406 656 59 21 tider
480 655 87 22 framåt.

256 689 27 28 fN
305 690 44 22 Det
369 691 70 21 smala
461 692 85 26 spärets
567 690 72 23 större
655 690 118 28 smidighet
789 690 39 22 och
844 690 98 26 förmåga

187 727 33 20 att
236 726 73 27 lämpa
324 726 34 28 sig
374 726 56 22 efter
445 728 118 26 terrängen
579 728 40 21 och
635 734 27 14 en
679 733 52 20 svag
746 725 71 22 trafik.
844 725 74 22 Skulle
935 725 7 21 i

187 768 26 14 en
236 760 96 28 aflägsen
353 762 89 22 framtid
464 763 109 21 rörelsens
594 762 86 22 tillväxt
701 762 119 27 öfverstiga
835 768 27 14 en
878 760 63 22 enkel

187 796 130 28 smalspårig
335 797 67 22 banas
419 798 115 27 adequata
549 798 169 27 trafikförmåga,
735 798 25 21 så
775 797 40 21 har
831 797 37 21 det
882 796 59 28 lyck-

185 832 44 27 liga
249 832 146 23 förhållandet
410 834 28 21 då
453 834 75 21 säkert
544 834 104 27 inträffat,
666 835 33 20 att
715 834 71 20 banan
802 832 83 22 betalat
901 832 39 21 sitt

185 867 235 29 anläggningskapital,
444 869 85 22 direkte
552 876 77 20 genom
651 869 154 26 afkastningen
825 868 39 21 och
885 867 55 22 indi-

184 903 64 22 rekte
268 910 77 21 genom
367 905 41 21 den
428 905 143 27 inbesparade
588 905 63 22 delen
667 904 24 22 af
705 905 41 21 den
763 904 33 21 för
811 904 63 21 bredt
890 904 52 26 spår

184 939 168 28 ursprungligen
360 939 123 23 beräknade
492 941 272 27 anläggningskostnaden.
788 939 86 22 Landet
884 939 56 21 hade

185 974 92 22 sålunda
293 974 41 23 fria
349 975 84 22 händer
448 976 40 22 och
504 975 98 23 rikedom
618 983 44 20 nog
677 977 34 20 att
725 975 36 22 vid
778 975 67 22 sådan
861 974 80 27 lycklig

184 1009 104 28 tidpunkt
311 1011 104 27 antingen
438 1013 50 20 med
511 1018 27 15 en
561 1011 134 28 bredspårig,
719 1013 53 25 tung
796 1011 39 21 och
859 1009 82 27 kraftig

181 1045 93 28 jernväg
290 1048 82 20 ersätta
388 1047 42 22 den
445 1053 96 22 svagare,
559 1048 58 27 eller,
634 1048 56 21 hvad
707 1047 68 22 oftast
790 1047 72 20 bättre
878 1045 62 22 torde

182 1087 52 16 vara
250 1082 91 21 och-väl
357 1083 74 21 säkert
446 1083 104 28 billigast,
566 1085 34 20 att
616 1083 92 22 utbreda
724 1083 42 21 den
782 1082 71 27 gamla
868 1081 71 22 farba-

182 1123 43 16 nan
246 1118 41 21 och
308 1118 35 21 vid
360 1118 63 21 sidan
438 1119 90 27 utlägga
543 1121 33 19 ett
592 1119 68 21 andra
676 1118 66 21 smalt
758 1119 57 26 spår,
831 1117 108 27 utgående

182 1151 34 22 för
230 1153 169 27 Kuopio-banan
415 1153 48 22 från
479 1154 82 21 dennas
578 1154 136 27 anknytning
726 1153 37 22 vid
771 1153 64 22 södra
846 1152 95 22 stamba-

182 1194 50 15 nan.

254 1223 25 29 g)
295 1223 50 22 Med
361 1224 122 22 anlitandet
499 1224 24 22 af
537 1225 38 22 det
590 1225 76 27 billiga
674 1224 144 27 smalspåriga
829 1225 109 26 systemet,

181 1258 43 21 kan
244 1259 163 28 hufvudbanan,
430 1261 38 20 der
488 1262 116 25 terrängen
623 1261 79 21 sådant
718 1260 95 27 medger,
830 1259 58 22 föras
904 1265 34 14 ra-

181 1293 59 28 kare,
262 1297 54 18 nära
337 1295 57 21 intill
415 1295 220 28 hufvudriktningens
652 1298 49 19 räta
716 1295 60 28 linie,
792 1295 7 21 i
816 1295 74 22 stället
905 1294 33 21 för

181 1331 40 25 att,
245 1331 51 20 med
319 1331 79 26 många
419 1331 134 28 krökningar
572 1332 101 27 uppsöka
691 1333 29 26 på
740 1331 63 22 sidan
824 1337 46 15 mer
886 1330 53 22 eller

180 1364 86 22 mindre
290 1371 66 22 svaga
370 1368 134 26 varu-orter;
520 1369 23 25 ty
559 1368 38 21 det
612 1367 50 22 med
678 1367 66 22 dessa
758 1367 135 26 krökningar
909 1366 29 21 af-

179 1400 67 21 sedda
264 1400 184 24 trafikresultatet
472 1409 83 15 vunnes
579 1409 79 21 genom
674 1405 28 19 än
717 1402 101 27 billigare
833 1401 105 28 smalspå-

178 1435 48 28 riga
241 1436 99 27 bibanor,
351 1437 86 27 byggda
453 1438 39 21 och
507 1438 126 22 beräknade
649 1438 57 22 efter
722 1439 37 20 det
774 1437 73 22 lokala
862 1436 75 23 trafik-

178 1471 103 22 behofvet
296 1474 59 19 ännu
379 1473 100 28 billigare
495 1475 28 20 än
539 1480 77 21 genom
633 1473 167 22 hufvudbanans
811 1473 32 21 af-
855 1473 39 22 och
905 1473 32 21 in-

178 1506 122 28 vikningar.
338 1507 85 23 Sådana
443 1509 98 28 bibanor,
570 1509 175 29 tillkomnaf”för
768 1511 33 19 att
824 1509 115 26 inbespara

247 1549 197 26 Jernvägsutskottets
460 1551 116 20 betänkande
592 1552 37 19 N:o
645 1552 17 19 1.
