<?xml version="1.0" encoding="UTF-8"?>
<alto xmlns="http://www.loc.gov/standards/alto/ns-v3#" xmlns:xlink="http://www.w3.org/1999/xlink" xmlns:xsi="http://www.w3.org/2001/XMLSchema-instance" xsi:schemaLocation="http://www.loc.gov/standards/alto/ns-v3# http://www.loc.gov/alto/v3/alto-3-0.xsd">
	<Description>
		<MeasurementUnit>pixel</MeasurementUnit>
		<sourceImageInformation>
			<fileName>/tmp/tess_8dj_wcm7_input.PNG</fileName>
		</sourceImageInformation>
		<OCRProcessing ID="OCR_0">
			<ocrProcessingStep>
				<processingSoftware>
					<softwareName>tesseract 5.3.4</softwareName>
				</processingSoftware>
			</ocrProcessingStep>
		</OCRProcessing>
	</Description>
	<Layout>
		<Page WIDTH="1078" HEIGHT="1692" PHYSICAL_IMG_NR="0" ID="page_0">
			<PrintSpace HPOS="0" VPOS="0" WIDTH="1078" HEIGHT="1692">
				<ComposedBlock ID="cblock_0" HPOS="441" VPOS="131" WIDTH="121" HEIGHT="23">
					<TextBlock ID="block_0" HPOS="441" VPOS="131" WIDTH="121" HEIGHT="23">
						<TextLine ID="line_0" HPOS="441" VPOS="131" WIDTH="121" HEIGHT="23">
							<String ID="string_0" HPOS="441" VPOS="132" WIDTH="54" HEIGHT="22" WC="0.95" CONTENT="N:o"/><SP WIDTH="16" VPOS="132" HPOS="495"/>
							<String ID="string_1" HPOS="511" VPOS="131" WIDTH="51" HEIGHT="23" WC="0.95" CONTENT="10."/>
						</TextLine>
					</TextBlock>
				</ComposedBlock>
				<ComposedBlock ID="cblock_1" HPOS="332" VPOS="446" WIDTH="546" HEIGHT="132">
					<TextBlock ID="block_1" HPOS="332" VPOS="446" WIDTH="546" HEIGHT="132">
						<TextLine ID="line_1" HPOS="399" VPOS="446" WIDTH="479" HEIGHT="28">
							<String ID="string_2" HPOS="399" VPOS="447" WIDTH="66" HEIGHT="21" WC="0.96" CONTENT="Hans"/><SP WIDTH="20" VPOS="447" HPOS="465"/>
							<String ID="string_3" HPOS="485" VPOS="447" WIDTH="146" HEIGHT="27" WC="0.96" CONTENT="Kejserliga"/><SP WIDTH="20" VPOS="447" HPOS="631"/>
							<String ID="string_4" HPOS="651" VPOS="447" WIDTH="138" HEIGHT="27" WC="0.96" CONTENT="Majestäts"/><SP WIDTH="16" VPOS="447" HPOS="789"/>
							<String ID="string_5" HPOS="805" VPOS="446" WIDTH="73" HEIGHT="28" WC="0.96" CONTENT="nådiga"/>
						</TextLine>
						<TextLine ID="line_2" HPOS="333" VPOS="481" WIDTH="545" HEIGHT="28">
							<String ID="string_6" HPOS="333" VPOS="482" WIDTH="126" HEIGHT="27" WC="0.94" CONTENT="proposition"/><SP WIDTH="27" VPOS="482" HPOS="459"/>
							<String ID="string_7" HPOS="486" VPOS="482" WIDTH="29" HEIGHT="20" WC="0.90" CONTENT="till"/><SP WIDTH="28" VPOS="482" HPOS="515"/>
							<String ID="string_8" HPOS="543" VPOS="482" WIDTH="94" HEIGHT="21" WC="0.93" CONTENT="Finlands"/><SP WIDTH="23" VPOS="482" HPOS="637"/>
							<String ID="string_9" HPOS="660" VPOS="482" WIDTH="93" HEIGHT="26" WC="0.93" CONTENT="Ständer,"/><SP WIDTH="23" VPOS="482" HPOS="753"/>
							<String ID="string_10" HPOS="776" VPOS="486" WIDTH="31" HEIGHT="17" WC="0.96" CONTENT="om"/><SP WIDTH="16" VPOS="486" HPOS="807"/>
							<String ID="string_11" HPOS="823" VPOS="481" WIDTH="55" HEIGHT="21" WC="0.94" CONTENT="bifall"/>
						</TextLine>
						<TextLine ID="line_3" HPOS="332" VPOS="516" WIDTH="546" HEIGHT="37">
							<String ID="string_12" HPOS="332" VPOS="516" WIDTH="30" HEIGHT="21" WC="0.83" CONTENT="till"/><SP WIDTH="22" VPOS="516" HPOS="362"/>
							<String ID="string_13" HPOS="384" VPOS="516" WIDTH="114" HEIGHT="22" WC="0.95" CONTENT="inrättande"/><SP WIDTH="17" VPOS="516" HPOS="498"/>
							<String ID="string_14" HPOS="515" VPOS="516" WIDTH="21" HEIGHT="21" WC="0.96" CONTENT="af"/><SP WIDTH="15" VPOS="516" HPOS="536"/>
							<String ID="string_15" HPOS="551" VPOS="522" WIDTH="25" HEIGHT="16" WC="0.93" CONTENT="en"/><SP WIDTH="17" VPOS="522" HPOS="576"/>
							<String ID="string_16" HPOS="593" VPOS="516" WIDTH="149" HEIGHT="27" WC="0.90" CONTENT="postsparbank"/><SP WIDTH="16" VPOS="516" HPOS="742"/>
							<String ID="string_17" HPOS="758" VPOS="516" WIDTH="61" HEIGHT="37" WC="0.96" CONTENT="under"/><SP WIDTH="16" VPOS="516" HPOS="819"/>
							<String ID="string_18" HPOS="835" VPOS="516" WIDTH="43" HEIGHT="21" WC="0.92" CONTENT="sta-"/>
						</TextLine>
						<TextLine ID="line_4" HPOS="333" VPOS="550" WIDTH="342" HEIGHT="28">
							<String ID="string_19" HPOS="333" VPOS="550" WIDTH="46" HEIGHT="22" WC="0.96" CONTENT="tens"/><SP WIDTH="17" VPOS="550" HPOS="379"/>
							<String ID="string_20" HPOS="396" VPOS="550" WIDTH="79" HEIGHT="28" WC="0.96" CONTENT="garanti"/><SP WIDTH="18" VPOS="550" HPOS="475"/>
							<String ID="string_21" HPOS="493" VPOS="550" WIDTH="38" HEIGHT="22" WC="0.96" CONTENT="och"/><SP WIDTH="16" VPOS="550" HPOS="531"/>
							<String ID="string_22" HPOS="547" VPOS="550" WIDTH="128" HEIGHT="27" WC="0.96" CONTENT="förvaltning."/>
						</TextLine>
					</TextBlock>
				</ComposedBlock>
				<ComposedBlock ID="cblock_2" HPOS="125" VPOS="612" WIDTH="765" HEIGHT="850">
					<TextBlock ID="block_2" HPOS="125" VPOS="612" WIDTH="757" HEIGHT="268">
						<TextLine ID="line_5" HPOS="195" VPOS="612" WIDTH="683" HEIGHT="28">
							<String ID="string_23" HPOS="195" VPOS="613" WIDTH="95" HEIGHT="21" WC="0.96" CONTENT="Emedan"/><SP WIDTH="16" VPOS="613" HPOS="290"/>
							<String ID="string_24" HPOS="306" VPOS="614" WIDTH="26" HEIGHT="20" WC="0.96" CONTENT="de"/><SP WIDTH="16" VPOS="614" HPOS="332"/>
							<String ID="string_25" HPOS="348" VPOS="614" WIDTH="98" HEIGHT="20" WC="0.92" CONTENT="enskilda"/><SP WIDTH="16" VPOS="614" HPOS="446"/>
							<String ID="string_26" HPOS="462" VPOS="614" WIDTH="169" HEIGHT="26" WC="0.91" CONTENT="sparbankerna,"/><SP WIDTH="17" VPOS="614" HPOS="631"/>
							<String ID="string_27" HPOS="648" VPOS="614" WIDTH="24" HEIGHT="20" WC="0.93" CONTENT="så"/><SP WIDTH="16" VPOS="614" HPOS="672"/>
							<String ID="string_28" HPOS="688" VPOS="613" WIDTH="112" HEIGHT="27" WC="0.90" CONTENT="gagneliga"/><SP WIDTH="15" VPOS="613" HPOS="800"/>
							<String ID="string_29" HPOS="815" VPOS="612" WIDTH="26" HEIGHT="21" WC="0.96" CONTENT="de"/><SP WIDTH="10" VPOS="612" HPOS="841"/>
							<String ID="string_30" HPOS="851" VPOS="614" WIDTH="27" HEIGHT="18" WC="0.96" CONTENT="än"/>
						</TextLine>
						<TextLine ID="line_6" HPOS="127" VPOS="646" WIDTH="753" HEIGHT="28">
							<String ID="string_31" HPOS="127" VPOS="650" WIDTH="46" HEIGHT="23" WC="0.96" CONTENT="äro,"/><SP WIDTH="23" VPOS="650" HPOS="173"/>
							<String ID="string_32" HPOS="196" VPOS="648" WIDTH="46" HEIGHT="21" WC="0.93" CONTENT="icke"/><SP WIDTH="24" VPOS="648" HPOS="242"/>
							<String ID="string_33" HPOS="266" VPOS="654" WIDTH="40" HEIGHT="20" WC="0.92" CONTENT="ega"/><SP WIDTH="19" VPOS="654" HPOS="306"/>
							<String ID="string_34" HPOS="325" VPOS="648" WIDTH="41" HEIGHT="20" WC="0.96" CONTENT="den"/><SP WIDTH="16" VPOS="648" HPOS="366"/>
							<String ID="string_35" HPOS="382" VPOS="648" WIDTH="108" HEIGHT="20" WC="0.96" CONTENT="allmänna"/><SP WIDTH="15" VPOS="648" HPOS="490"/>
							<String ID="string_36" HPOS="505" VPOS="648" WIDTH="157" HEIGHT="26" WC="0.96" CONTENT="utsträckning,"/><SP WIDTH="17" VPOS="648" HPOS="662"/>
							<String ID="string_37" HPOS="679" VPOS="654" WIDTH="46" HEIGHT="14" WC="0.96" CONTENT="som"/><SP WIDTH="15" VPOS="654" HPOS="725"/>
							<String ID="string_38" HPOS="740" VPOS="648" WIDTH="33" HEIGHT="20" WC="0.93" CONTENT="för"/><SP WIDTH="16" VPOS="648" HPOS="773"/>
							<String ID="string_39" HPOS="789" VPOS="646" WIDTH="91" HEIGHT="22" WC="0.92" CONTENT="befräm-"/>
						</TextLine>
						<TextLine ID="line_7" HPOS="125" VPOS="681" WIDTH="755" HEIGHT="28">
							<String ID="string_40" HPOS="125" VPOS="682" WIDTH="67" HEIGHT="27" WC="0.93" CONTENT="jande"/><SP WIDTH="23" VPOS="682" HPOS="192"/>
							<String ID="string_41" HPOS="215" VPOS="682" WIDTH="23" HEIGHT="20" WC="0.96" CONTENT="af"/><SP WIDTH="21" VPOS="682" HPOS="238"/>
							<String ID="string_42" HPOS="259" VPOS="682" WIDTH="135" HEIGHT="26" WC="0.96" CONTENT="sparsamhet"/><SP WIDTH="23" VPOS="682" HPOS="394"/>
							<String ID="string_43" HPOS="417" VPOS="688" WIDTH="50" HEIGHT="15" WC="0.90" CONTENT="vore"/><SP WIDTH="24" VPOS="688" HPOS="467"/>
							<String ID="string_44" HPOS="491" VPOS="682" WIDTH="85" HEIGHT="27" WC="0.90" CONTENT="önsklig"/><SP WIDTH="16" VPOS="682" HPOS="576"/>
							<String ID="string_45" HPOS="592" VPOS="682" WIDTH="39" HEIGHT="22" WC="0.93" CONTENT="och"/><SP WIDTH="16" VPOS="682" HPOS="631"/>
							<String ID="string_46" HPOS="647" VPOS="682" WIDTH="98" HEIGHT="26" WC="0.91" CONTENT="behöflig,"/><SP WIDTH="19" VPOS="682" HPOS="745"/>
							<String ID="string_47" HPOS="764" VPOS="682" WIDTH="38" HEIGHT="20" WC="0.97" CONTENT="och"/><SP WIDTH="17" VPOS="682" HPOS="802"/>
							<String ID="string_48" HPOS="819" VPOS="681" WIDTH="61" HEIGHT="21" WC="0.96" CONTENT="deras"/>
						</TextLine>
						<TextLine ID="line_8" HPOS="127" VPOS="716" WIDTH="754" HEIGHT="27">
							<String ID="string_49" HPOS="127" VPOS="716" WIDTH="137" HEIGHT="22" WC="0.91" CONTENT="verksambet"/><SP WIDTH="22" VPOS="716" HPOS="264"/>
							<String ID="string_50" HPOS="286" VPOS="716" WIDTH="6" HEIGHT="21" WC="0.95" CONTENT="i"/><SP WIDTH="24" VPOS="716" HPOS="292"/>
							<String ID="string_51" HPOS="316" VPOS="716" WIDTH="116" HEIGHT="21" WC="0.95" CONTENT="allmänhet"/><SP WIDTH="22" VPOS="716" HPOS="432"/>
							<String ID="string_52" HPOS="454" VPOS="716" WIDTH="47" HEIGHT="21" WC="0.96" CONTENT="icke"/><SP WIDTH="23" VPOS="716" HPOS="501"/>
							<String ID="string_53" HPOS="524" VPOS="716" WIDTH="67" HEIGHT="22" WC="0.96" CONTENT="heller"/><SP WIDTH="24" VPOS="716" HPOS="591"/>
							<String ID="string_54" HPOS="615" VPOS="718" WIDTH="24" HEIGHT="19" WC="0.93" CONTENT="är"/><SP WIDTH="19" VPOS="718" HPOS="639"/>
							<String ID="string_55" HPOS="658" VPOS="716" WIDTH="69" HEIGHT="27" WC="0.92" CONTENT="egnad"/><SP WIDTH="16" VPOS="716" HPOS="727"/>
							<String ID="string_56" HPOS="743" VPOS="717" WIDTH="33" HEIGHT="20" WC="0.96" CONTENT="att"/><SP WIDTH="14" VPOS="717" HPOS="776"/>
							<String ID="string_57" HPOS="790" VPOS="716" WIDTH="7" HEIGHT="20" WC="0.96" CONTENT="i"/><SP WIDTH="16" VPOS="716" HPOS="797"/>
							<String ID="string_58" HPOS="813" VPOS="717" WIDTH="68" HEIGHT="19" WC="0.96" CONTENT="större"/>
						</TextLine>
						<TextLine ID="line_9" HPOS="127" VPOS="750" WIDTH="755" HEIGHT="27">
							<String ID="string_59" HPOS="127" VPOS="752" WIDTH="50" HEIGHT="20" WC="0.93" CONTENT="mån"/><SP WIDTH="22" VPOS="752" HPOS="177"/>
							<String ID="string_60" HPOS="199" VPOS="752" WIDTH="95" HEIGHT="25" WC="0.92" CONTENT="upptaga"/><SP WIDTH="24" VPOS="752" HPOS="294"/>
							<String ID="string_61" HPOS="318" VPOS="750" WIDTH="40" HEIGHT="21" WC="0.96" CONTENT="den"/><SP WIDTH="23" VPOS="750" HPOS="358"/>
							<String ID="string_62" HPOS="381" VPOS="750" WIDTH="82" HEIGHT="21" WC="0.96" CONTENT="mindre"/><SP WIDTH="16" VPOS="750" HPOS="463"/>
							<String ID="string_63" HPOS="479" VPOS="750" WIDTH="127" HEIGHT="22" WC="0.96" CONTENT="bemedlade"/><SP WIDTH="17" VPOS="750" HPOS="606"/>
							<String ID="string_64" HPOS="623" VPOS="751" WIDTH="39" HEIGHT="21" WC="0.96" CONTENT="och"/><SP WIDTH="15" VPOS="751" HPOS="662"/>
							<String ID="string_65" HPOS="677" VPOS="757" WIDTH="59" HEIGHT="15" WC="0.96" CONTENT="mera"/><SP WIDTH="15" VPOS="757" HPOS="736"/>
							<String ID="string_66" HPOS="751" VPOS="750" WIDTH="80" HEIGHT="26" WC="0.93" CONTENT="rörliga"/><SP WIDTH="16" VPOS="750" HPOS="831"/>
							<String ID="string_67" HPOS="847" VPOS="750" WIDTH="35" HEIGHT="20" WC="0.93" CONTENT="de-"/>
						</TextLine>
						<TextLine ID="line_10" HPOS="127" VPOS="784" WIDTH="754" HEIGHT="28">
							<String ID="string_68" HPOS="127" VPOS="786" WIDTH="46" HEIGHT="20" WC="0.95" CONTENT="lens"/><SP WIDTH="16" VPOS="786" HPOS="173"/>
							<String ID="string_69" HPOS="189" VPOS="784" WIDTH="23" HEIGHT="22" WC="0.96" CONTENT="af"/><SP WIDTH="13" VPOS="784" HPOS="212"/>
							<String ID="string_70" HPOS="225" VPOS="784" WIDTH="152" HEIGHT="27" WC="0.92" CONTENT="befolkningen"/><SP WIDTH="17" VPOS="784" HPOS="377"/>
							<String ID="string_71" HPOS="394" VPOS="784" WIDTH="117" HEIGHT="22" WC="0.91" CONTENT="öfverskott"/><SP WIDTH="16" VPOS="784" HPOS="511"/>
							<String ID="string_72" HPOS="527" VPOS="786" WIDTH="13" HEIGHT="19" WC="0.91" CONTENT="å"/><SP WIDTH="17" VPOS="786" HPOS="540"/>
							<String ID="string_73" HPOS="557" VPOS="785" WIDTH="207" HEIGHT="27" WC="0.90" CONTENT="arbetsförtjensten,"/><SP WIDTH="16" VPOS="785" HPOS="764"/>
							<String ID="string_74" HPOS="780" VPOS="784" WIDTH="64" HEIGHT="21" WC="0.96" CONTENT="hafva"/><SP WIDTH="9" VPOS="784" HPOS="844"/>
							<String ID="string_75" HPOS="853" VPOS="784" WIDTH="28" HEIGHT="26" WC="0.97" CONTENT="på"/>
						</TextLine>
						<TextLine ID="line_11" HPOS="129" VPOS="818" WIDTH="752" HEIGHT="27">
							<String ID="string_76" HPOS="129" VPOS="825" WIDTH="76" HEIGHT="15" WC="0.96" CONTENT="senare"/><SP WIDTH="15" VPOS="825" HPOS="205"/>
							<String ID="string_77" HPOS="220" VPOS="819" WIDTH="32" HEIGHT="21" WC="0.96" CONTENT="tid"/><SP WIDTH="14" VPOS="819" HPOS="252"/>
							<String ID="string_78" HPOS="266" VPOS="819" WIDTH="8" HEIGHT="20" WC="0.96" CONTENT="i"/><SP WIDTH="16" VPOS="819" HPOS="274"/>
							<String ID="string_79" HPOS="290" VPOS="818" WIDTH="50" HEIGHT="22" WC="0.97" CONTENT="flere"/><SP WIDTH="16" VPOS="818" HPOS="340"/>
							<String ID="string_80" HPOS="356" VPOS="819" WIDTH="75" HEIGHT="21" WC="0.96" CONTENT="länder"/><SP WIDTH="14" VPOS="819" HPOS="431"/>
							<String ID="string_81" HPOS="445" VPOS="819" WIDTH="102" HEIGHT="21" WC="0.93" CONTENT="inrättats"/><SP WIDTH="19" VPOS="819" HPOS="547"/>
							<String ID="string_82" HPOS="566" VPOS="820" WIDTH="135" HEIGHT="25" WC="0.91" CONTENT="sparkassor,"/><SP WIDTH="16" VPOS="820" HPOS="701"/>
							<String ID="string_83" HPOS="717" VPOS="818" WIDTH="102" HEIGHT="22" WC="0.96" CONTENT="förenade"/><SP WIDTH="15" VPOS="818" HPOS="819"/>
							<String ID="string_84" HPOS="834" VPOS="818" WIDTH="47" HEIGHT="21" WC="0.96" CONTENT="med"/>
						</TextLine>
						<TextLine ID="line_12" HPOS="129" VPOS="852" WIDTH="752" HEIGHT="28">
							<String ID="string_85" HPOS="129" VPOS="853" WIDTH="124" HEIGHT="27" WC="0.96" CONTENT="postverket"/><SP WIDTH="16" VPOS="853" HPOS="253"/>
							<String ID="string_86" HPOS="269" VPOS="853" WIDTH="40" HEIGHT="20" WC="0.93" CONTENT="och"/><SP WIDTH="16" VPOS="853" HPOS="309"/>
							<String ID="string_87" HPOS="325" VPOS="853" WIDTH="71" HEIGHT="20" WC="0.91" CONTENT="stälda"/><SP WIDTH="15" VPOS="853" HPOS="396"/>
							<String ID="string_88" HPOS="411" VPOS="853" WIDTH="68" HEIGHT="21" WC="0.96" CONTENT="under"/><SP WIDTH="15" VPOS="853" HPOS="479"/>
							<String ID="string_89" HPOS="494" VPOS="855" WIDTH="84" HEIGHT="19" WC="0.96" CONTENT="statens"/><SP WIDTH="16" VPOS="855" HPOS="578"/>
							<String ID="string_90" HPOS="594" VPOS="853" WIDTH="85" HEIGHT="27" WC="0.96" CONTENT="garanti"/><SP WIDTH="17" VPOS="853" HPOS="679"/>
							<String ID="string_91" HPOS="696" VPOS="853" WIDTH="39" HEIGHT="21" WC="0.96" CONTENT="och"/><SP WIDTH="10" VPOS="853" HPOS="735"/>
							<String ID="string_92" HPOS="745" VPOS="852" WIDTH="136" HEIGHT="26" WC="0.95" CONTENT="förvaltning."/>
						</TextLine>
					</TextBlock>
					<TextBlock ID="block_3" HPOS="129" VPOS="886" WIDTH="758" HEIGHT="367">
						<TextLine ID="line_13" HPOS="197" VPOS="886" WIDTH="688" HEIGHT="28">
							<String ID="string_93" HPOS="197" VPOS="887" WIDTH="10" HEIGHT="21" WC="0.96" CONTENT="I"/><SP WIDTH="16" VPOS="887" HPOS="207"/>
							<String ID="string_94" HPOS="223" VPOS="887" WIDTH="115" HEIGHT="26" WC="0.96" CONTENT="anledning"/><SP WIDTH="16" VPOS="887" HPOS="338"/>
							<String ID="string_95" HPOS="354" VPOS="887" WIDTH="24" HEIGHT="21" WC="0.96" CONTENT="af"/><SP WIDTH="14" VPOS="887" HPOS="378"/>
							<String ID="string_96" HPOS="392" VPOS="887" WIDTH="63" HEIGHT="21" WC="0.96" CONTENT="väckt"/><SP WIDTH="15" VPOS="887" HPOS="455"/>
							<String ID="string_97" HPOS="470" VPOS="887" WIDTH="63" HEIGHT="27" WC="0.96" CONTENT="fråga"/><SP WIDTH="16" VPOS="887" HPOS="533"/>
							<String ID="string_98" HPOS="549" VPOS="894" WIDTH="35" HEIGHT="14" WC="0.95" CONTENT="om"/><SP WIDTH="15" VPOS="894" HPOS="584"/>
							<String ID="string_99" HPOS="599" VPOS="888" WIDTH="121" HEIGHT="21" WC="0.95" CONTENT="inrättande"/><SP WIDTH="16" VPOS="888" HPOS="720"/>
							<String ID="string_100" HPOS="736" VPOS="888" WIDTH="8" HEIGHT="20" WC="0.96" CONTENT="i"/><SP WIDTH="15" VPOS="888" HPOS="744"/>
							<String ID="string_101" HPOS="759" VPOS="886" WIDTH="92" HEIGHT="22" WC="0.96" CONTENT="Finland"/><SP WIDTH="11" VPOS="886" HPOS="851"/>
							<String ID="string_102" HPOS="862" VPOS="886" WIDTH="23" HEIGHT="21" WC="0.96" CONTENT="af"/>
						</TextLine>
						<TextLine ID="line_14" HPOS="130" VPOS="921" WIDTH="755" HEIGHT="28">
							<String ID="string_103" HPOS="130" VPOS="928" WIDTH="26" HEIGHT="15" WC="0.96" CONTENT="en"/><SP WIDTH="23" VPOS="928" HPOS="156"/>
							<String ID="string_104" HPOS="179" VPOS="922" WIDTH="79" HEIGHT="21" WC="0.93" CONTENT="allmän"/><SP WIDTH="23" VPOS="922" HPOS="258"/>
							<String ID="string_105" HPOS="281" VPOS="921" WIDTH="166" HEIGHT="27" WC="0.90" CONTENT="postsparbank,"/><SP WIDTH="20" VPOS="921" HPOS="447"/>
							<String ID="string_106" HPOS="467" VPOS="922" WIDTH="65" HEIGHT="21" WC="0.96" CONTENT="hvars"/><SP WIDTH="16" VPOS="922" HPOS="532"/>
							<String ID="string_107" HPOS="548" VPOS="922" WIDTH="85" HEIGHT="27" WC="0.96" CONTENT="uppgift"/><SP WIDTH="15" VPOS="922" HPOS="633"/>
							<String ID="string_108" HPOS="648" VPOS="928" WIDTH="50" HEIGHT="15" WC="0.96" CONTENT="vore"/><SP WIDTH="16" VPOS="928" HPOS="698"/>
							<String ID="string_109" HPOS="714" VPOS="924" WIDTH="33" HEIGHT="19" WC="0.96" CONTENT="att"/><SP WIDTH="14" VPOS="924" HPOS="747"/>
							<String ID="string_110" HPOS="761" VPOS="921" WIDTH="36" HEIGHT="22" WC="0.96" CONTENT="vid"/><SP WIDTH="14" VPOS="921" HPOS="797"/>
							<String ID="string_111" HPOS="811" VPOS="921" WIDTH="74" HEIGHT="26" WC="0.96" CONTENT="hvarje"/>
						</TextLine>
						<TextLine ID="line_15" HPOS="129" VPOS="955" WIDTH="755" HEIGHT="28">
							<String ID="string_112" HPOS="129" VPOS="956" WIDTH="129" HEIGHT="27" WC="0.96" CONTENT="postkontor"/><SP WIDTH="23" VPOS="956" HPOS="258"/>
							<String ID="string_113" HPOS="281" VPOS="956" WIDTH="40" HEIGHT="21" WC="0.92" CONTENT="och"/><SP WIDTH="22" VPOS="956" HPOS="321"/>
							<String ID="string_114" HPOS="343" VPOS="956" WIDTH="178" HEIGHT="27" WC="0.91" CONTENT="postexpedition,"/><SP WIDTH="25" VPOS="956" HPOS="521"/>
							<String ID="string_115" HPOS="546" VPOS="956" WIDTH="69" HEIGHT="21" WC="0.96" CONTENT="under"/><SP WIDTH="22" VPOS="956" HPOS="615"/>
							<String ID="string_116" HPOS="637" VPOS="958" WIDTH="83" HEIGHT="19" WC="0.96" CONTENT="statens"/><SP WIDTH="24" VPOS="958" HPOS="720"/>
							<String ID="string_117" HPOS="744" VPOS="955" WIDTH="85" HEIGHT="28" WC="0.93" CONTENT="garanti"/><SP WIDTH="16" VPOS="955" HPOS="829"/>
							<String ID="string_118" HPOS="845" VPOS="955" WIDTH="39" HEIGHT="21" WC="0.96" CONTENT="och"/>
						</TextLine>
						<TextLine ID="line_16" HPOS="130" VPOS="989" WIDTH="754" HEIGHT="28">
							<String ID="string_119" HPOS="130" VPOS="990" WIDTH="135" HEIGHT="27" WC="0.91" CONTENT="förvaltnjng,"/><SP WIDTH="16" VPOS="990" HPOS="265"/>
							<String ID="string_120" HPOS="281" VPOS="990" WIDTH="33" HEIGHT="21" WC="0.93" CONTENT="till"/><SP WIDTH="16" VPOS="990" HPOS="314"/>
							<String ID="string_121" HPOS="330" VPOS="990" WIDTH="127" HEIGHT="21" WC="0.92" CONTENT="förvarande"/><SP WIDTH="16" VPOS="990" HPOS="457"/>
							<String ID="string_122" HPOS="473" VPOS="990" WIDTH="39" HEIGHT="21" WC="0.91" CONTENT="och"/><SP WIDTH="16" VPOS="990" HPOS="512"/>
							<String ID="string_123" HPOS="528" VPOS="989" WIDTH="140" HEIGHT="22" WC="0.91" CONTENT="förräntande"/><SP WIDTH="16" VPOS="989" HPOS="668"/>
							<String ID="string_124" HPOS="684" VPOS="992" WIDTH="109" HEIGHT="25" WC="0.92" CONTENT="emottaga"/><SP WIDTH="15" VPOS="992" HPOS="793"/>
							<String ID="string_125" HPOS="808" VPOS="990" WIDTH="76" HEIGHT="26" WC="0.92" CONTENT="bespa-"/>
						</TextLine>
						<TextLine ID="line_17" HPOS="130" VPOS="1024" WIDTH="756" HEIGHT="28">
							<String ID="string_126" HPOS="130" VPOS="1025" WIDTH="73" HEIGHT="27" WC="0.96" CONTENT="ringar"/><SP WIDTH="22" VPOS="1025" HPOS="203"/>
							<String ID="string_127" HPOS="225" VPOS="1025" WIDTH="63" HEIGHT="21" WC="0.96" CONTENT="äfven"/><SP WIDTH="23" VPOS="1025" HPOS="288"/>
							<String ID="string_128" HPOS="311" VPOS="1025" WIDTH="32" HEIGHT="20" WC="0.96" CONTENT="till"/><SP WIDTH="23" VPOS="1025" HPOS="343"/>
							<String ID="string_129" HPOS="366" VPOS="1025" WIDTH="26" HEIGHT="20" WC="0.96" CONTENT="de"/><SP WIDTH="23" VPOS="1025" HPOS="392"/>
							<String ID="string_130" HPOS="415" VPOS="1025" WIDTH="79" HEIGHT="20" WC="0.96" CONTENT="minsta"/><SP WIDTH="18" VPOS="1025" HPOS="494"/>
							<String ID="string_131" HPOS="512" VPOS="1025" WIDTH="79" HEIGHT="26" WC="0.96" CONTENT="belopp"/><SP WIDTH="16" VPOS="1025" HPOS="591"/>
							<String ID="string_132" HPOS="607" VPOS="1026" WIDTH="56" HEIGHT="19" WC="0.96" CONTENT="samt"/><SP WIDTH="14" VPOS="1026" HPOS="663"/>
							<String ID="string_133" HPOS="677" VPOS="1025" WIDTH="36" HEIGHT="21" WC="0.93" CONTENT="vid"/><SP WIDTH="15" VPOS="1025" HPOS="713"/>
							<String ID="string_134" HPOS="728" VPOS="1024" WIDTH="66" HEIGHT="22" WC="0.92" CONTENT="behof"/><SP WIDTH="13" VPOS="1024" HPOS="794"/>
							<String ID="string_135" HPOS="807" VPOS="1024" WIDTH="33" HEIGHT="21" WC="0.93" CONTENT="till"/><SP WIDTH="14" VPOS="1024" HPOS="840"/>
							<String ID="string_136" HPOS="854" VPOS="1024" WIDTH="32" HEIGHT="21" WC="0.92" CONTENT="in-"/>
						</TextLine>
						<TextLine ID="line_18" HPOS="131" VPOS="1059" WIDTH="754" HEIGHT="27">
							<String ID="string_137" HPOS="131" VPOS="1062" WIDTH="108" HEIGHT="19" WC="0.92" CONTENT="sättarene"/><SP WIDTH="15" VPOS="1062" HPOS="239"/>
							<String ID="string_138" HPOS="254" VPOS="1059" WIDTH="83" HEIGHT="27" WC="0.92" CONTENT="utgifva"/><SP WIDTH="16" VPOS="1059" HPOS="337"/>
							<String ID="string_139" HPOS="353" VPOS="1059" WIDTH="62" HEIGHT="21" WC="0.93" CONTENT="deras"/><SP WIDTH="16" VPOS="1059" HPOS="415"/>
							<String ID="string_140" HPOS="431" VPOS="1059" WIDTH="214" HEIGHT="27" WC="0.91" CONTENT="tillgodohafvanden"/><SP WIDTH="15" VPOS="1059" HPOS="645"/>
							<String ID="string_141" HPOS="660" VPOS="1060" WIDTH="13" HEIGHT="20" WC="0.91" CONTENT="å"/><SP WIDTH="15" VPOS="1060" HPOS="673"/>
							<String ID="string_142" HPOS="688" VPOS="1059" WIDTH="87" HEIGHT="21" WC="0.96" CONTENT="hvilken"/><SP WIDTH="16" VPOS="1059" HPOS="775"/>
							<String ID="string_143" HPOS="791" VPOS="1059" WIDTH="34" HEIGHT="20" WC="0.96" CONTENT="ort"/><SP WIDTH="14" VPOS="1059" HPOS="825"/>
							<String ID="string_144" HPOS="839" VPOS="1064" WIDTH="46" HEIGHT="15" WC="0.96" CONTENT="som"/>
						</TextLine>
						<TextLine ID="line_19" HPOS="131" VPOS="1092" WIDTH="756" HEIGHT="28">
							<String ID="string_145" HPOS="131" VPOS="1094" WIDTH="62" HEIGHT="25" WC="0.96" CONTENT="helst,"/><SP WIDTH="18" VPOS="1094" HPOS="193"/>
							<String ID="string_146" HPOS="211" VPOS="1094" WIDTH="37" HEIGHT="21" WC="0.96" CONTENT="der"/><SP WIDTH="16" VPOS="1094" HPOS="248"/>
							<String ID="string_147" HPOS="264" VPOS="1094" WIDTH="58" HEIGHT="26" WC="0.92" CONTENT="dylik"/><SP WIDTH="15" VPOS="1094" HPOS="322"/>
							<String ID="string_148" HPOS="337" VPOS="1093" WIDTH="131" HEIGHT="27" WC="0.91" CONTENT="postanstalt"/><SP WIDTH="16" VPOS="1093" HPOS="468"/>
							<String ID="string_149" HPOS="484" VPOS="1093" WIDTH="84" HEIGHT="26" WC="0.96" CONTENT="funnes,"/><SP WIDTH="17" VPOS="1093" HPOS="568"/>
							<String ID="string_150" HPOS="585" VPOS="1093" WIDTH="39" HEIGHT="21" WC="0.96" CONTENT="har"/><SP WIDTH="15" VPOS="1093" HPOS="624"/>
							<String ID="string_151" HPOS="639" VPOS="1093" WIDTH="76" HEIGHT="27" WC="0.96" CONTENT="frågan"/><SP WIDTH="15" VPOS="1093" HPOS="715"/>
							<String ID="string_152" HPOS="730" VPOS="1093" WIDTH="75" HEIGHT="21" WC="0.93" CONTENT="härom"/><SP WIDTH="12" VPOS="1093" HPOS="805"/>
							<String ID="string_153" HPOS="817" VPOS="1092" WIDTH="70" HEIGHT="21" WC="0.90" CONTENT="öfver-"/>
						</TextLine>
						<TextLine ID="line_20" HPOS="131" VPOS="1127" WIDTH="756" HEIGHT="27">
							<String ID="string_154" HPOS="131" VPOS="1129" WIDTH="92" HEIGHT="21" WC="0.89" CONTENT="lemnats"/><SP WIDTH="23" VPOS="1129" HPOS="223"/>
							<String ID="string_155" HPOS="246" VPOS="1128" WIDTH="32" HEIGHT="21" WC="0.93" CONTENT="till"/><SP WIDTH="23" VPOS="1128" HPOS="278"/>
							<String ID="string_156" HPOS="301" VPOS="1128" WIDTH="156" HEIGHT="21" WC="0.95" CONTENT="förberedande"/><SP WIDTH="23" VPOS="1128" HPOS="457"/>
							<String ID="string_157" HPOS="480" VPOS="1127" WIDTH="133" HEIGHT="27" WC="0.95" CONTENT="behandling"/><SP WIDTH="19" VPOS="1127" HPOS="613"/>
							<String ID="string_158" HPOS="632" VPOS="1127" WIDTH="23" HEIGHT="21" WC="0.96" CONTENT="af"/><SP WIDTH="17" VPOS="1127" HPOS="655"/>
							<String ID="string_159" HPOS="672" VPOS="1133" WIDTH="26" HEIGHT="15" WC="0.96" CONTENT="en"/><SP WIDTH="19" VPOS="1133" HPOS="698"/>
							<String ID="string_160" HPOS="717" VPOS="1127" WIDTH="33" HEIGHT="21" WC="0.96" CONTENT="för"/><SP WIDTH="15" VPOS="1127" HPOS="750"/>
							<String ID="string_161" HPOS="765" VPOS="1127" WIDTH="122" HEIGHT="21" WC="0.96" CONTENT="ändamålet"/>
						</TextLine>
						<TextLine ID="line_21" HPOS="131" VPOS="1161" WIDTH="755" HEIGHT="28">
							<String ID="string_162" HPOS="131" VPOS="1163" WIDTH="78" HEIGHT="21" WC="0.93" CONTENT="tillsatt"/><SP WIDTH="21" VPOS="1163" HPOS="209"/>
							<String ID="string_163" HPOS="230" VPOS="1162" WIDTH="88" HEIGHT="26" WC="0.92" CONTENT="komité,"/><SP WIDTH="20" VPOS="1162" HPOS="318"/>
							<String ID="string_164" HPOS="338" VPOS="1169" WIDTH="47" HEIGHT="14" WC="0.93" CONTENT="som"/><SP WIDTH="19" VPOS="1169" HPOS="385"/>
							<String ID="string_165" HPOS="404" VPOS="1162" WIDTH="101" HEIGHT="21" WC="0.91" CONTENT="aflemnat"/><SP WIDTH="14" VPOS="1162" HPOS="505"/>
							<String ID="string_166" HPOS="519" VPOS="1162" WIDTH="101" HEIGHT="26" WC="0.96" CONTENT="yttrande"/><SP WIDTH="17" VPOS="1162" HPOS="620"/>
							<String ID="string_167" HPOS="637" VPOS="1162" WIDTH="39" HEIGHT="21" WC="0.96" CONTENT="och"/><SP WIDTH="15" VPOS="1162" HPOS="676"/>
							<String ID="string_168" HPOS="691" VPOS="1161" WIDTH="81" HEIGHT="28" WC="0.96" CONTENT="förslag"/><SP WIDTH="15" VPOS="1161" HPOS="772"/>
							<String ID="string_169" HPOS="787" VPOS="1162" WIDTH="7" HEIGHT="20" WC="0.96" CONTENT="i"/><SP WIDTH="15" VPOS="1162" HPOS="794"/>
							<String ID="string_170" HPOS="809" VPOS="1163" WIDTH="77" HEIGHT="24" WC="0.96" CONTENT="ämnet,"/>
						</TextLine>
						<TextLine ID="line_22" HPOS="130" VPOS="1196" WIDTH="703" HEIGHT="27">
							<String ID="string_171" HPOS="130" VPOS="1197" WIDTH="74" HEIGHT="21" WC="0.96" CONTENT="hvilka"/><SP WIDTH="15" VPOS="1197" HPOS="204"/>
							<String ID="string_172" HPOS="219" VPOS="1197" WIDTH="62" HEIGHT="21" WC="0.96" CONTENT="äfven"/><SP WIDTH="16" VPOS="1197" HPOS="281"/>
							<String ID="string_173" HPOS="297" VPOS="1197" WIDTH="7" HEIGHT="20" WC="0.96" CONTENT="i"/><SP WIDTH="15" VPOS="1197" HPOS="304"/>
							<String ID="string_174" HPOS="319" VPOS="1197" WIDTH="62" HEIGHT="26" WC="0.93" CONTENT="tryck"/><SP WIDTH="15" VPOS="1197" HPOS="381"/>
							<String ID="string_175" HPOS="396" VPOS="1196" WIDTH="97" HEIGHT="27" WC="0.92" CONTENT="utgifvits"/><SP WIDTH="18" VPOS="1196" HPOS="493"/>
							<String ID="string_176" HPOS="511" VPOS="1196" WIDTH="39" HEIGHT="21" WC="0.96" CONTENT="och"/><SP WIDTH="17" VPOS="1196" HPOS="550"/>
							<String ID="string_177" HPOS="567" VPOS="1196" WIDTH="85" HEIGHT="21" WC="0.96" CONTENT="komma"/><SP WIDTH="16" VPOS="1196" HPOS="652"/>
							<String ID="string_178" HPOS="668" VPOS="1198" WIDTH="32" HEIGHT="19" WC="0.92" CONTENT="att"/><SP WIDTH="12" VPOS="1198" HPOS="700"/>
							<String ID="string_179" HPOS="712" VPOS="1196" WIDTH="121" HEIGHT="21" WC="0.89" CONTENT="Ständerna"/>
						</TextLine>
						<TextLine ID="line_23" HPOS="131" VPOS="1231" WIDTH="149" HEIGHT="22">
							<String ID="string_180" HPOS="131" VPOS="1231" WIDTH="149" HEIGHT="22" WC="0.90" CONTENT="handahållas."/>
						</TextLine>
					</TextBlock>
					<TextBlock ID="block_4" HPOS="131" VPOS="1264" WIDTH="759" HEIGHT="198">
						<TextLine ID="line_24" HPOS="201" VPOS="1264" WIDTH="687" HEIGHT="28">
							<String ID="string_181" HPOS="201" VPOS="1265" WIDTH="69" HEIGHT="22" WC="0.92" CONTENT="Jemte"/><SP WIDTH="24" VPOS="1265" HPOS="270"/>
							<String ID="string_182" HPOS="294" VPOS="1265" WIDTH="36" HEIGHT="21" WC="0.91" CONTENT="det"/><SP WIDTH="22" VPOS="1265" HPOS="330"/>
							<String ID="string_183" HPOS="352" VPOS="1265" WIDTH="95" HEIGHT="21" WC="0.91" CONTENT="komitén"/><SP WIDTH="16" VPOS="1265" HPOS="447"/>
							<String ID="string_184" HPOS="463" VPOS="1265" WIDTH="8" HEIGHT="20" WC="0.96" CONTENT="i"/><SP WIDTH="15" VPOS="1265" HPOS="471"/>
							<String ID="string_185" HPOS="486" VPOS="1265" WIDTH="93" HEIGHT="20" WC="0.96" CONTENT="berörda"/><SP WIDTH="15" VPOS="1265" HPOS="579"/>
							<String ID="string_186" HPOS="594" VPOS="1265" WIDTH="100" HEIGHT="27" WC="0.96" CONTENT="yttrande"/><SP WIDTH="15" VPOS="1265" HPOS="694"/>
							<String ID="string_187" HPOS="709" VPOS="1267" WIDTH="99" HEIGHT="19" WC="0.93" CONTENT="närmare"/><SP WIDTH="15" VPOS="1267" HPOS="808"/>
							<String ID="string_188" HPOS="823" VPOS="1264" WIDTH="65" HEIGHT="21" WC="0.92" CONTENT="fram-"/>
						</TextLine>
						<TextLine ID="line_25" HPOS="131" VPOS="1299" WIDTH="757" HEIGHT="27">
							<String ID="string_189" HPOS="131" VPOS="1299" WIDTH="63" HEIGHT="22" WC="0.95" CONTENT="hållit"/><SP WIDTH="15" VPOS="1299" HPOS="194"/>
							<String ID="string_190" HPOS="209" VPOS="1299" WIDTH="107" HEIGHT="22" WC="0.96" CONTENT="särskilda"/><SP WIDTH="20" VPOS="1299" HPOS="316"/>
							<String ID="string_191" HPOS="336" VPOS="1299" WIDTH="79" HEIGHT="21" WC="0.96" CONTENT="brister"/><SP WIDTH="17" VPOS="1299" HPOS="415"/>
							<String ID="string_192" HPOS="432" VPOS="1299" WIDTH="41" HEIGHT="21" WC="0.96" CONTENT="hos"/><SP WIDTH="16" VPOS="1299" HPOS="473"/>
							<String ID="string_193" HPOS="489" VPOS="1299" WIDTH="26" HEIGHT="21" WC="0.97" CONTENT="de"/><SP WIDTH="17" VPOS="1299" HPOS="515"/>
							<String ID="string_194" HPOS="532" VPOS="1299" WIDTH="99" HEIGHT="21" WC="0.93" CONTENT="enskilda"/><SP WIDTH="11" VPOS="1299" HPOS="631"/>
							<String ID="string_195" HPOS="642" VPOS="1299" WIDTH="163" HEIGHT="27" WC="0.92" CONTENT="sparbankerna"/><SP WIDTH="10" VPOS="1299" HPOS="805"/>
							<String ID="string_196" HPOS="815" VPOS="1299" WIDTH="73" HEIGHT="21" WC="0.91" CONTENT="äfven-"/>
						</TextLine>
						<TextLine ID="line_26" HPOS="132" VPOS="1333" WIDTH="757" HEIGHT="27">
							<String ID="string_197" HPOS="132" VPOS="1340" WIDTH="47" HEIGHT="15" WC="0.92" CONTENT="som"/><SP WIDTH="23" VPOS="1340" HPOS="179"/>
							<String ID="string_198" HPOS="202" VPOS="1334" WIDTH="121" HEIGHT="21" WC="0.91" CONTENT="fördelarne"/><SP WIDTH="25" VPOS="1334" HPOS="323"/>
							<String ID="string_199" HPOS="348" VPOS="1333" WIDTH="24" HEIGHT="21" WC="0.96" CONTENT="af"/><SP WIDTH="22" VPOS="1333" HPOS="372"/>
							<String ID="string_200" HPOS="394" VPOS="1339" WIDTH="26" HEIGHT="16" WC="0.93" CONTENT="en"/><SP WIDTH="17" VPOS="1339" HPOS="420"/>
							<String ID="string_201" HPOS="437" VPOS="1333" WIDTH="164" HEIGHT="27" WC="0.91" CONTENT="postsparbank"/><SP WIDTH="15" VPOS="1333" HPOS="601"/>
							<String ID="string_202" HPOS="616" VPOS="1333" WIDTH="6" HEIGHT="21" WC="0.96" CONTENT="i"/><SP WIDTH="17" VPOS="1333" HPOS="622"/>
							<String ID="string_203" HPOS="639" VPOS="1334" WIDTH="25" HEIGHT="21" WC="0.96" CONTENT="de"/><SP WIDTH="16" VPOS="1334" HPOS="664"/>
							<String ID="string_204" HPOS="680" VPOS="1333" WIDTH="80" HEIGHT="26" WC="0.96" CONTENT="länder,"/><SP WIDTH="18" VPOS="1333" HPOS="760"/>
							<String ID="string_205" HPOS="778" VPOS="1333" WIDTH="37" HEIGHT="22" WC="0.93" CONTENT="der"/><SP WIDTH="15" VPOS="1333" HPOS="815"/>
							<String ID="string_206" HPOS="830" VPOS="1335" WIDTH="59" HEIGHT="25" WC="0.91" CONTENT="post-"/>
						</TextLine>
						<TextLine ID="line_27" HPOS="132" VPOS="1367" WIDTH="757" HEIGHT="28">
							<String ID="string_207" HPOS="132" VPOS="1368" WIDTH="76" HEIGHT="21" WC="0.96" CONTENT="verket"/><SP WIDTH="21" VPOS="1368" HPOS="208"/>
							<String ID="string_208" HPOS="229" VPOS="1369" WIDTH="47" HEIGHT="20" WC="0.96" CONTENT="nått"/><SP WIDTH="23" VPOS="1369" HPOS="276"/>
							<String ID="string_209" HPOS="299" VPOS="1374" WIDTH="26" HEIGHT="15" WC="0.96" CONTENT="en"/><SP WIDTH="23" VPOS="1374" HPOS="325"/>
							<String ID="string_210" HPOS="348" VPOS="1367" WIDTH="67" HEIGHT="27" WC="0.96" CONTENT="högre"/><SP WIDTH="15" VPOS="1367" HPOS="415"/>
							<String ID="string_211" HPOS="430" VPOS="1368" WIDTH="54" HEIGHT="27" WC="0.96" CONTENT="grad"/><SP WIDTH="16" VPOS="1368" HPOS="484"/>
							<String ID="string_212" HPOS="500" VPOS="1367" WIDTH="23" HEIGHT="22" WC="0.96" CONTENT="af"/><SP WIDTH="14" VPOS="1367" HPOS="523"/>
							<String ID="string_213" HPOS="537" VPOS="1368" WIDTH="130" HEIGHT="27" WC="0.96" CONTENT="utveckling,"/><SP WIDTH="17" VPOS="1368" HPOS="667"/>
							<String ID="string_214" HPOS="684" VPOS="1370" WIDTH="55" HEIGHT="19" WC="0.93" CONTENT="samt"/><SP WIDTH="15" VPOS="1370" HPOS="739"/>
							<String ID="string_215" HPOS="754" VPOS="1367" WIDTH="68" HEIGHT="22" WC="0.92" CONTENT="fästat"/><SP WIDTH="15" VPOS="1367" HPOS="822"/>
							<String ID="string_216" HPOS="837" VPOS="1373" WIDTH="52" HEIGHT="20" WC="0.92" CONTENT="upp-"/>
						</TextLine>
						<TextLine ID="line_28" HPOS="132" VPOS="1401" WIDTH="756" HEIGHT="28">
							<String ID="string_217" HPOS="132" VPOS="1402" WIDTH="146" HEIGHT="21" WC="0.90" CONTENT="märksamhet"/><SP WIDTH="16" VPOS="1402" HPOS="278"/>
							<String ID="string_218" HPOS="294" VPOS="1402" WIDTH="80" HEIGHT="26" WC="0.92" CONTENT="dervid,"/><SP WIDTH="17" VPOS="1402" HPOS="374"/>
							<String ID="string_219" HPOS="391" VPOS="1403" WIDTH="32" HEIGHT="20" WC="0.93" CONTENT="att"/><SP WIDTH="14" VPOS="1403" HPOS="423"/>
							<String ID="string_220" HPOS="437" VPOS="1402" WIDTH="192" HEIGHT="27" WC="0.91" CONTENT="postsparbanker,"/><SP WIDTH="17" VPOS="1402" HPOS="629"/>
							<String ID="string_221" HPOS="646" VPOS="1402" WIDTH="66" HEIGHT="27" WC="0.95" CONTENT="enligt"/><SP WIDTH="14" VPOS="1402" HPOS="712"/>
							<String ID="string_222" HPOS="726" VPOS="1402" WIDTH="57" HEIGHT="21" WC="0.93" CONTENT="hvad"/><SP WIDTH="11" VPOS="1402" HPOS="783"/>
							<String ID="string_223" HPOS="794" VPOS="1401" WIDTH="94" HEIGHT="22" WC="0.90" CONTENT="erfaren-"/>
						</TextLine>
						<TextLine ID="line_29" HPOS="131" VPOS="1435" WIDTH="759" HEIGHT="27">
							<String ID="string_224" HPOS="131" VPOS="1436" WIDTH="65" HEIGHT="21" WC="0.96" CONTENT="heten"/><SP WIDTH="16" VPOS="1436" HPOS="196"/>
							<String ID="string_225" HPOS="212" VPOS="1437" WIDTH="62" HEIGHT="21" WC="0.96" CONTENT="äfven"/><SP WIDTH="15" VPOS="1437" HPOS="274"/>
							<String ID="string_226" HPOS="289" VPOS="1436" WIDTH="116" HEIGHT="26" WC="0.96" CONTENT="bekräftat,"/><SP WIDTH="17" VPOS="1436" HPOS="405"/>
							<String ID="string_227" HPOS="422" VPOS="1436" WIDTH="48" HEIGHT="21" WC="0.96" CONTENT="icke"/><SP WIDTH="16" VPOS="1436" HPOS="470"/>
							<String ID="string_228" HPOS="486" VPOS="1436" WIDTH="129" HEIGHT="26" WC="0.96" CONTENT="motarbeta,"/><SP WIDTH="11" VPOS="1436" HPOS="615"/>
							<String ID="string_229" HPOS="626" VPOS="1437" WIDTH="52" HEIGHT="20" WC="0.93" CONTENT="utan"/><SP WIDTH="11" VPOS="1437" HPOS="678"/>
							<String ID="string_230" HPOS="689" VPOS="1436" WIDTH="89" HEIGHT="21" WC="0.91" CONTENT="fastmer"/><SP WIDTH="10" VPOS="1436" HPOS="778"/>
							<String ID="string_231" HPOS="788" VPOS="1435" WIDTH="102" HEIGHT="22" WC="0.96" CONTENT="befordra"/>
						</TextLine>
					</TextBlock>
				</ComposedBlock>
			</PrintSpace>
		</Page>
	</Layout>
</alto>
