1078 1692
334 152 78 23 Ständ.
429 152 35 22 Sv.
481 164 28 4 —
524 153 70 27 Prop.
611 153 39 22 N:o
666 153 19 21 8.
842 154 13 21 5

272 216 9 20 i
299 215 97 28 Wiborgs
413 216 36 21 län
460 215 57 27 från
533 216 36 21 och
584 216 49 21 med
647 217 26 19 år
688 217 58 20 1889
762 217 32 21 uti
808 216 79 22 marke-

270 250 161 27 gångstaxorna
452 250 75 20 värdet
546 250 39 27 för
601 256 26 15 en
642 250 127 22 skatterubel
783 250 104 22 beräknas

272 283 47 21 med
345 283 104 27 tjugufem
477 284 48 20 liter
547 286 102 25 (4,54868
674 284 94 27 kappar)
789 285 100 27 spanmål

272 316 82 28 hälften
376 318 40 26 råg
439 318 36 20 och
497 317 83 28 hälften
602 318 59 26 korn,
682 319 28 20 tio
725 318 48 22 liter
787 319 99 27 (1,81947

272 350 94 28 kappar)
381 352 62 26 hafre
458 354 57 19 samt
529 359 26 14 en
568 352 62 21 mark
640 353 95 21 trettioen
741 354 70 25 penni
820 354 9 20 i
839 353 49 21 kon-

273 387 59 20 tanta
344 386 131 26 penningar.

555 462 12 19 2
585 461 21 26 $.

341 510 43 22 Det
398 511 238 27 uppskattningsvärde,
652 518 44 15 som
712 512 65 27 enligt
792 512 30 27 $$
838 513 49 23 119,

274 546 44 20 123
340 544 36 22 och
400 546 45 20 127
464 546 9 20 i
491 546 133 26 reglementet
638 546 110 28 angäende
764 546 124 21 landtmäte-

274 579 40 21 riet
343 578 28 28 af
393 579 40 21 den
457 580 28 20 15
508 579 51 28 Maj
581 581 65 25 1848,
670 580 37 21 vid
728 580 160 27 skattläggning

274 614 68 20 äsatts
361 614 50 21 eller
421 614 119 27 framdeles
556 616 81 20 äsättes
652 614 72 22 krono-
739 614 37 22 och
791 614 97 22 skattelä-

273 647 98 27 genheter
392 648 9 20 i
427 647 98 28 Wiborgs
541 648 43 26 län,
595 648 101 26 förhöjes
711 648 48 21 med
773 655 25 14 en
813 648 75 26 tredje-

274 682 45 24 del;
334 682 36 21 och
385 682 90 21 kommer
490 684 29 19 ett
533 682 82 22 mantal
629 682 95 21 sålunda
738 684 31 19 att
784 684 104 19 motsvara

275 716 60 26 tjugu
357 716 59 21 rubel
436 717 9 20 i
466 716 57 21 skatt
546 718 57 20 samt
617 716 73 27 hvarje
705 716 145 22 hundradedel
864 715 28 28 af

274 750 102 21 mantalet
390 750 60 27 tjugu
465 750 71 26 kopek.

555 826 15 26 $
586 827 20 19 3.

342 873 64 28 Efter
422 875 23 21 de
461 875 73 21 krono-
553 875 37 22 och
605 875 218 28 skattelägenheterna
838 875 9 20 i
862 875 28 20 lä-

274 910 35 19 net
331 909 71 21 äsatta
424 917 42 20 nya
489 910 109 21 mantalen
621 910 55 21 skall
691 910 57 27 från
762 909 37 22 och
809 909 40 27 för
864 909 26 20 är

274 944 58 19 1889
355 945 86 25 utgöras
464 944 62 21 såväl
538 943 148 28 förenämnda
701 944 128 24 rubelränta,
846 949 43 14 som

275 977 74 26 tionde,
373 977 69 21 denna
464 984 75 14 senare
562 978 75 27 utlaga
660 978 106 21 beräknad
780 977 53 27 efter
849 977 41 20 tvä-

274 1010 166 28 hundrafyratio
463 1012 48 20 liter
530 1012 102 27 spanmäl
641 1011 41 28 för
696 1012 106 25 mantalet,
819 1010 72 28 äfven-

274 1051 45 14 som
330 1045 39 21 den
379 1046 37 21 vid
425 1045 190 28 skattläggningen
625 1046 103 21 särskildt
738 1046 71 21 äsatta
819 1044 71 27 skogs-

274 1078 58 21 skatt
353 1079 35 22 och
406 1079 109 28 fiskränta
533 1081 33 26 pä
588 1082 43 19 sätt
654 1079 69 22 derom
744 1081 26 20 är
785 1078 105 27 stadgadt,

274 1111 106 22 hvaremot
400 1113 25 21 de
440 1113 147 28 härförinnan
601 1113 63 22 dessa
680 1113 118 28 lägenheter
813 1113 8 20 i
835 1112 56 21 ordi-

275 1147 61 20 narie
358 1148 70 25 ränta,
446 1147 162 27 gärdehömedel
623 1147 36 22 och
675 1147 87 27 deputat
777 1146 113 28 äliggande

274 1180 80 21 skatter
368 1181 111 27 samtidigt
492 1181 105 27 upphöra.

558 1256 16 27 $
589 1257 20 19 4.

343 1307 192 28 Skattläggmingen
557 1307 54 27 efter
637 1306 99 28 Wiborgs
758 1307 48 20 läns
826 1304 68 22 metod

276 1340 117 22 utsträckes
408 1341 33 21 till
456 1340 43 21 alla
511 1340 80 27 frälse-
603 1341 37 21 och
650 1341 104 21 donerade
765 1339 127 28 lägenheter,

275 1374 72 22 hvilka
361 1375 70 21 sådan
446 1377 59 18 ännu
521 1374 45 21 icke
582 1374 124 27 undergätt;
720 1374 37 21 och
768 1374 51 21 böra
829 1373 63 20 dessa

271 1408 164 28 förrättningar
448 1408 86 27 utföras
544 1408 109 22 socknevis
663 1409 9 20 i
686 1408 40 21 den
737 1407 97 27 ordning,
849 1405 42 22 Gu-

274 1443 104 21 vernören
392 1449 48 20 eger
455 1441 120 22 bestämma.
