1078 1692
480 118 35 21 N:o
530 118 21 22 2.
852 118 12 20 3

141 192 63 14 anses
226 185 110 27 fullgjord,
360 192 50 14 vare
435 186 90 26 pligtige
549 187 33 19 att
610 186 40 20 den
674 186 139 20 återstående
836 185 58 21 tiden

142 220 35 20 vid
201 220 85 21 landets
309 220 121 26 krigsmakt
453 220 120 27 tjenstgöra
599 219 7 21 i
629 220 41 20 den
690 220 99 27 ordning,
805 220 41 20 den
861 219 33 21 för

140 254 91 21 Finland
258 254 100 27 gällande
387 254 170 27 värnepligtslag
584 255 7 20 i
614 254 123 22 hänseende
764 254 34 21 till
821 254 73 26 dylika

139 295 104 20 personer
258 288 146 22 föreskrifver.

493 329 12 27 &
521 330 19 20 2.

211 368 31 22 De
265 368 69 22 finske
357 368 120 28 ynglingar,
500 369 79 27 hvilka,
603 369 66 21 innan
688 369 26 21 de
729 368 112 28 uppbådas
857 368 33 22 till

139 403 135 27 fullgörande
290 403 24 21 af
327 403 33 21 sin
376 403 121 27 värnepligt
512 403 7 21 i
530 403 99 27 Finland,
640 404 76 20 vunnit
727 403 86 21 inträde
824 403 7 21 i
842 403 51 27 rysk

140 437 59 21 aktiv
222 438 128 26 krigstjenst
366 438 102 26 antingen
488 439 71 20 såsom
576 438 101 26 frivillige
693 438 53 21 eller
762 438 129 26 volontärer,

140 472 92 21 inkallas
249 472 47 21 icke
312 472 33 21 till
361 472 86 26 uppbåd
463 472 53 22 eller
531 473 94 26 lottning
641 472 6 21 i
663 472 99 22 Finland.
793 472 55 27 Afgå
866 472 26 21 de

139 513 26 14 ur
188 507 52 26 rysk
262 506 59 21 aktiv
336 507 128 27 krigstjenst
479 507 66 21 innan
561 508 26 20 de
603 507 113 21 derstädes
732 508 108 26 qvarstått
855 508 34 20 så-

140 547 46 15 som
202 541 100 27 frivillige
318 541 65 21 minst
399 543 31 19 ett
445 542 25 20 år
485 542 54 21 eller
555 543 71 20 såsom
641 542 124 21 volontärer
781 542 66 21 minst
857 543 33 19 tre

140 577 31 25 år,
194 582 50 15 vare
267 576 28 20 då
318 576 31 20 uti
372 576 143 21 föreskrifven
531 576 92 27 ordning
644 576 128 27 uppbådade
788 576 39 21 och
843 576 50 21 lott-

139 610 52 26 ning
207 610 168 21 underkastade.
405 610 39 27 De,
461 610 74 21 hvilka
551 610 6 22 i
574 611 52 26 rysk
642 610 59 22 aktiv
711 610 128 27 krigstjenst
850 610 42 21 till-

139 644 64 27 bragt
218 644 66 21 minst
300 646 31 19 ett
347 646 24 19 år
386 644 40 22 och
442 645 96 21 derefter
554 645 56 27 afgå,
628 651 39 21 ega
684 647 32 19 att
727 645 69 21 räkna
806 644 33 27 sig
850 644 42 21 till-

140 679 55 26 godo
218 679 40 21 den
283 679 112 21 derstädes
416 679 111 27 tillbragta
543 680 59 20 tiden
619 680 13 20 å
648 680 63 20 deras
727 679 165 27 tjenstgörings-

141 713 123 27 skyldighet
279 713 36 21 vid
331 714 26 20 de
374 713 69 21 finska
453 714 74 20 aktiva
537 716 119 24 trupperna
669 714 39 21 och
720 720 107 15 reserven.

493 776 11 28 $
520 778 19 20 3.

214 816 9 21 I
246 816 103 22 händelse
372 816 36 21 vid
424 816 68 22 finska
508 817 108 21 militären
633 818 69 20 såsom
720 817 73 22 officer
808 818 86 21 anstäld

143 850 144 27 värnepligtig
302 851 42 20 kan
360 851 64 20 vinna
440 851 85 21 inträde
541 851 6 21 i
559 851 51 27 rysk
626 852 59 21 aktiv
693 852 134 28 krigstjenst,
838 852 56 27 gälle

140 885 7 21 i
170 884 101 22 afseende
296 886 12 20 &
330 885 78 21 honom
425 885 6 21 i
447 885 129 28 tillämpliga
592 886 66 27 delar,
674 887 55 20 hvad
746 887 7 20 i
769 887 11 27 $
798 888 8 20 1
825 887 67 21 finnes

141 919 116 22 bestämdt.

491 948 11 28 $
518 950 20 21 4.

211 989 45 20 När
279 989 6 20 i
306 989 91 21 Finland
414 990 145 27 värnepligtig
576 997 78 20 person
670 991 74 22 vinner
760 991 133 28 anställning

140 1023 35 21 vid
191 1023 41 21 den
247 1024 65 26 ryska
328 1023 108 22 militären
457 1024 52 21 eller
528 1025 96 21 derifrån
641 1025 67 28 afgår,
724 1026 40 21 bör
779 1027 113 20 underrät-

139 1058 55 21 telse
217 1058 73 21 derom
313 1058 7 21 i
344 1058 105 21 särskildt
464 1058 144 23 föreskrifven
625 1059 91 28 ordning
731 1061 110 21 meddelas
857 1067 35 15 ve-

139 1092 135 21 derbörande
297 1092 178 27 uppbådsnämnd
498 1093 34 21 till
557 1093 120 22 kännedom
693 1094 39 21 och
748 1095 91 27 behörig
854 1102 37 15 an-

138 1126 108 27 teckning.

413 1173 73 28 Enligt
501 1174 62 22 Hans
583 1175 121 27 Kejserliga
725 1175 114 28 Majestäts
854 1177 38 20 nå-

344 1207 50 27 diga
420 1208 126 28 befallning,
577 1209 70 27 gifven
676 1210 6 21 i
710 1209 118 22 Gatschina
851 1211 41 20 den

348 1243 14 9 29
373 1241 31 11 Mars
424 1246 60 20 1884.

347 1264 13 8 10
371 1261 32 14 April

349 1321 33 18 C.
402 1321 281 19 EIRNROOTII.

690 1381 46 23 Emil
754 1382 80 27 Streng.
