1078 1692
387 144 78 22 Ständ.
482 145 36 22 Sv.
535 157 27 3 —
578 145 69 27 Prop.
665 144 39 22 N:o
720 144 20 22 8.

608 208 15 28 $
639 209 20 20 5.

395 258 230 28 Frälselägenheterna
646 260 76 26 utgöra
740 259 57 27 från
815 259 37 22 och
862 259 39 27 för
916 259 27 21 år

327 292 65 26 1889,
412 293 8 20 i
434 294 71 21 stället
515 293 40 28 för
571 293 119 21 debiterade
704 293 168 28 gärdehömedel,
883 293 58 28 fräl-

327 327 87 21 seränta
430 327 27 27 af
465 327 85 28 fyratio
565 327 60 22 mark
636 327 40 28 för
691 328 103 21 mantalet
808 329 56 20 samt
874 327 68 22 tionde

326 361 102 26 spanmål
442 361 53 27 efter
509 368 84 14 samma
609 361 201 28 beräkningsgrund
818 368 44 15 som
872 362 70 21 krono-

328 394 36 22 och
379 395 198 27 skattehemmanen,
593 396 39 21 allt
646 396 66 26 enligt
726 402 30 14 nu
770 396 98 27 gällande
884 402 57 15 man-

327 429 31 21 tal
372 428 50 22 eller
436 429 37 22 ock
487 430 66 26 enligt
567 430 25 21 de
607 436 42 21 nya
666 430 87 26 mantal,
770 436 45 15 som
829 430 53 27 efter
893 430 48 27 för-

326 463 117 27 siggången
458 470 28 21 ny
501 464 160 27 skattläggning
676 464 68 21 varda
760 464 45 21 dem
822 465 75 20 åsatta.

609 526 15 27 $
640 528 19 19 6.

400 570 71 22 Under
493 572 44 20 titel
553 572 74 26 andlig
637 572 139 26 frälseränta
786 572 96 28 påföras
897 572 46 27 kyr-

328 604 96 22 koherde-
439 605 37 22 och
491 605 198 22 klockareboställen
700 605 56 28 fyra
772 606 60 21 mark
842 608 55 20 samt
908 606 34 21 ka-

323 638 119 26 pellansbol
455 639 80 27 sjutton
551 638 62 22 mark
625 639 111 27 femtiotvä
744 640 69 26 penni
819 639 40 27 för
869 639 73 27 hvarje

328 672 86 22 mantal.

608 742 15 26 8
640 742 19 20 7.

394 785 201 29 Roteskyldigheten
617 788 57 20 samt
696 786 25 21 de
744 786 73 28 derför
838 787 104 27 utgäende

326 820 86 21 vakans-
437 820 36 21 och
487 820 262 27 passevolansafgifterna
772 820 96 26 fördelas
886 820 58 27 frän

325 853 37 21 och
380 853 39 28 för
441 855 27 20 är
490 855 65 25 1889,
575 854 86 27 jemlikt
683 853 124 28 manifestet
821 853 28 28 af
860 854 40 21 den
915 855 27 20 11

326 887 106 22 Februari
447 889 65 24 1841,
525 889 34 26 pä
574 889 25 20 de
613 895 44 21 nya
672 888 109 21 mantalen
797 887 98 27 sälunda,
913 889 31 20 att

325 922 35 20 två
376 921 48 22 hela
438 923 82 20 mantal
534 922 82 21 räknas
626 922 41 27 för
682 929 26 14 en
723 924 53 19 rota.

607 985 51 27 88.

394 1029 217 28 Tertialspanmälen,
627 1030 51 21 eller
693 1037 26 14 en
734 1030 102 27 tredjedel
851 1029 27 28 af
892 1030 50 21 tion-

325 1063 40 22 den
383 1063 57 28 frän
462 1064 62 21 säväl
545 1064 72 21 krono-
639 1063 37 22 och
691 1064 76 21 skatte-
783 1070 45 15 som
838 1063 104 28 frälselä-

324 1097 103 27 genheter,
444 1097 103 28 tillfaller,
559 1098 58 27 frän
631 1097 37 22 och
684 1098 47 21 med
740 1098 40 21 den
797 1099 6 20 1
815 1097 51 27 Maj
876 1098 64 25 1889,

327 1131 8 20 i
350 1130 40 21 den
405 1131 97 27 ordning,
519 1130 16 28 $
549 1132 29 19 14
594 1131 9 20 i
618 1130 142 29 kungörelsen
775 1130 27 28 af
810 1130 40 22 den
859 1131 31 20 26
900 1129 41 22 Fe-

324 1165 63 20 ruari
402 1165 60 20 1828
472 1164 152 28 föreskrifrver,
641 1164 144 29 kyrkoherden
800 1165 8 20 i
814 1164 126 27 församlin-

322 1204 41 20 gen
386 1198 47 21 med
453 1199 74 20 älttatio
543 1199 49 21 liter
604 1198 39 27 för
657 1199 107 25 mantalet,
780 1198 106 22 hvaremot
901 1198 42 21 den

323 1232 68 21 under
413 1239 66 15 namn
502 1233 27 27 af
545 1233 87 26 deputat
646 1233 171 27 kyrkoherdarne
831 1232 110 21 härintills

323 1265 130 22 tillerkända
468 1267 121 27 ersättning
599 1267 58 27 frän
672 1273 83 15 samma
770 1267 32 21 tid
815 1266 89 27 upphör.

607 1324 15 27 $
637 1326 20 19 9.

392 1367 35 22 De
452 1369 33 21 till
507 1369 83 22 inlösen
613 1371 24 19 ät
652 1369 89 22 äboerne
756 1369 105 27 upplätna
876 1368 65 21 dona-

323 1401 176 28 tionslägenheter
506 1402 88 27 erlägga
601 1402 69 22 under
678 1402 199 27 amorteringstiden
884 1408 57 15 sam-

323 1441 35 15 ma
380 1435 58 22 skatt
460 1436 33 21 till
507 1436 83 22 kronan
605 1443 45 15 som
665 1436 158 27 härförinnan;
839 1442 47 15 men
901 1436 41 21 den
