<?xml version="1.0" encoding="UTF-8"?>
<alto xmlns="http://www.loc.gov/standards/alto/ns-v3#" xmlns:xlink="http://www.w3.org/1999/xlink" xmlns:xsi="http://www.w3.org/2001/XMLSchema-instance" xsi:schemaLocation="http://www.loc.gov/standards/alto/ns-v3# http://www.loc.gov/alto/v3/alto-3-0.xsd">
	<Description>
		<MeasurementUnit>pixel</MeasurementUnit>
		<sourceImageInformation>
			<fileName>/tmp/tess_ci1gvb0b_input.PNG</fileName>
		</sourceImageInformation>
		<OCRProcessing ID="OCR_0">
			<ocrProcessingStep>
				<processingSoftware>
					<softwareName>tesseract 5.3.4</softwareName>
				</processingSoftware>
			</ocrProcessingStep>
		</OCRProcessing>
	</Description>
	<Layout>
		<Page WIDTH="1078" HEIGHT="1692" PHYSICAL_IMG_NR="0" ID="page_0">
			<PrintSpace HPOS="0" VPOS="0" WIDTH="1078" HEIGHT="1692">
				<ComposedBlock ID="cblock_0" HPOS="332" VPOS="142" WIDTH="509" HEIGHT="30">
					<TextBlock ID="block_0" HPOS="332" VPOS="142" WIDTH="509" HEIGHT="30">
						<TextLine ID="line_0" HPOS="332" VPOS="142" WIDTH="509" HEIGHT="30">
							<String ID="string_0" HPOS="332" VPOS="142" WIDTH="24" HEIGHT="22" WC="0.93" CONTENT="U."/><SP WIDTH="15" VPOS="142" HPOS="356"/>
							<String ID="string_1" HPOS="371" VPOS="142" WIDTH="23" HEIGHT="22" WC="0.91" CONTENT="B."/><SP WIDTH="17" VPOS="142" HPOS="394"/>
							<String ID="string_2" HPOS="411" VPOS="156" WIDTH="28" HEIGHT="3" WC="0.92" CONTENT="—"/><SP WIDTH="16" VPOS="156" HPOS="439"/>
							<String ID="string_3" HPOS="455" VPOS="144" WIDTH="62" HEIGHT="28" WC="0.93" CONTENT="Prop."/><SP WIDTH="14" VPOS="144" HPOS="517"/>
							<String ID="string_4" HPOS="531" VPOS="144" WIDTH="40" HEIGHT="21" WC="0.96" CONTENT="N:o"/><SP WIDTH="17" VPOS="144" HPOS="571"/>
							<String ID="string_5" HPOS="588" VPOS="142" WIDTH="34" HEIGHT="23" WC="0.96" CONTENT="13."/><SP WIDTH="190" VPOS="142" HPOS="622"/>
							<String ID="string_6" HPOS="812" VPOS="143" WIDTH="29" HEIGHT="22" WC="0.96" CONTENT="93"/>
						</TextLine>
					</TextBlock>
				</ComposedBlock>
				<ComposedBlock ID="cblock_1" HPOS="101" VPOS="208" WIDTH="769" HEIGHT="1351">
					<TextBlock ID="block_1" HPOS="113" VPOS="208" WIDTH="757" HEIGHT="278">
						<TextLine ID="line_1" HPOS="113" VPOS="208" WIDTH="757" HEIGHT="29">
							<String ID="string_7" HPOS="113" VPOS="209" WIDTH="167" HEIGHT="22" WC="0.92" CONTENT="hufvudbanans"/><SP WIDTH="16" VPOS="209" HPOS="280"/>
							<String ID="string_8" HPOS="296" VPOS="215" WIDTH="78" HEIGHT="15" WC="0.96" CONTENT="annars"/><SP WIDTH="17" VPOS="215" HPOS="374"/>
							<String ID="string_9" HPOS="391" VPOS="210" WIDTH="76" HEIGHT="26" WC="0.92" CONTENT="dyrare"/><SP WIDTH="16" VPOS="210" HPOS="467"/>
							<String ID="string_10" HPOS="483" VPOS="208" WIDTH="145" HEIGHT="29" WC="0.91" CONTENT="afvikningar,"/><SP WIDTH="17" VPOS="208" HPOS="628"/>
							<String ID="string_11" HPOS="645" VPOS="209" WIDTH="71" HEIGHT="21" WC="0.96" CONTENT="skulle"/><SP WIDTH="11" VPOS="209" HPOS="716"/>
							<String ID="string_12" HPOS="727" VPOS="208" WIDTH="98" HEIGHT="28" WC="0.93" CONTENT="skäligen"/><SP WIDTH="12" VPOS="208" HPOS="825"/>
							<String ID="string_13" HPOS="837" VPOS="209" WIDTH="33" HEIGHT="20" WC="0.92" CONTENT="så-"/>
						</TextLine>
						<TextLine ID="line_2" HPOS="113" VPOS="244" WIDTH="757" HEIGHT="28">
							<String ID="string_14" HPOS="113" VPOS="252" WIDTH="48" HEIGHT="14" WC="0.95" CONTENT="som"/><SP WIDTH="21" VPOS="252" HPOS="161"/>
							<String ID="string_15" HPOS="182" VPOS="244" WIDTH="60" HEIGHT="22" WC="0.95" CONTENT="delar"/><SP WIDTH="16" VPOS="244" HPOS="242"/>
							<String ID="string_16" HPOS="258" VPOS="244" WIDTH="24" HEIGHT="22" WC="0.93" CONTENT="af"/><SP WIDTH="13" VPOS="244" HPOS="282"/>
							<String ID="string_17" HPOS="295" VPOS="244" WIDTH="154" HEIGHT="22" WC="0.91" CONTENT="hufvudbanan"/><SP WIDTH="16" VPOS="244" HPOS="449"/>
							<String ID="string_18" HPOS="465" VPOS="244" WIDTH="92" HEIGHT="28" WC="0.96" CONTENT="utföras,"/><SP WIDTH="9" VPOS="244" HPOS="557"/>
							<String ID="string_19" HPOS="566" VPOS="245" WIDTH="54" HEIGHT="22" WC="0.93" CONTENT="eller"/><SP WIDTH="15" VPOS="245" HPOS="620"/>
							<String ID="string_20" HPOS="635" VPOS="244" WIDTH="94" HEIGHT="28" WC="0.92" CONTENT="rikligen"/><SP WIDTH="17" VPOS="244" HPOS="729"/>
							<String ID="string_21" HPOS="746" VPOS="244" WIDTH="124" HEIGHT="22" WC="0.91" CONTENT="subventio-"/>
						</TextLine>
						<TextLine ID="line_3" HPOS="114" VPOS="280" WIDTH="756" HEIGHT="27">
							<String ID="string_22" HPOS="114" VPOS="287" WIDTH="65" HEIGHT="15" WC="0.90" CONTENT="neras"/><SP WIDTH="16" VPOS="287" HPOS="179"/>
							<String ID="string_23" HPOS="195" VPOS="282" WIDTH="27" HEIGHT="25" WC="0.96" CONTENT="på"/><SP WIDTH="14" VPOS="282" HPOS="222"/>
							<String ID="string_24" HPOS="236" VPOS="280" WIDTH="123" HEIGHT="22" WC="0.95" CONTENT="bekostnad"/><SP WIDTH="15" VPOS="280" HPOS="359"/>
							<String ID="string_25" HPOS="374" VPOS="280" WIDTH="24" HEIGHT="22" WC="0.96" CONTENT="af"/><SP WIDTH="14" VPOS="280" HPOS="398"/>
							<String ID="string_26" HPOS="412" VPOS="280" WIDTH="110" HEIGHT="22" WC="0.96" CONTENT="allmänna"/><SP WIDTH="16" VPOS="280" HPOS="522"/>
							<String ID="string_27" HPOS="538" VPOS="280" WIDTH="78" HEIGHT="22" WC="0.96" CONTENT="medel."/><SP WIDTH="24" VPOS="280" HPOS="616"/>
							<String ID="string_28" HPOS="640" VPOS="280" WIDTH="96" HEIGHT="22" WC="0.95" CONTENT="Sålunda"/><SP WIDTH="11" VPOS="280" HPOS="736"/>
							<String ID="string_29" HPOS="747" VPOS="280" WIDTH="72" HEIGHT="21" WC="0.96" CONTENT="kunde"/><SP WIDTH="11" VPOS="280" HPOS="819"/>
							<String ID="string_30" HPOS="830" VPOS="280" WIDTH="40" HEIGHT="21" WC="0.96" CONTENT="här"/>
						</TextLine>
						<TextLine ID="line_4" HPOS="113" VPOS="316" WIDTH="755" HEIGHT="28">
							<String ID="string_31" HPOS="113" VPOS="316" WIDTH="86" HEIGHT="28" WC="0.96" CONTENT="Kuopio"/><SP WIDTH="23" VPOS="316" HPOS="199"/>
							<String ID="string_32" HPOS="222" VPOS="316" WIDTH="72" HEIGHT="21" WC="0.96" CONTENT="banan"/><SP WIDTH="23" VPOS="316" HPOS="294"/>
							<String ID="string_33" HPOS="317" VPOS="316" WIDTH="21" HEIGHT="22" WC="0.96" CONTENT="få"/><SP WIDTH="23" VPOS="316" HPOS="338"/>
							<String ID="string_34" HPOS="361" VPOS="322" WIDTH="27" HEIGHT="16" WC="0.95" CONTENT="en"/><SP WIDTH="21" VPOS="322" HPOS="388"/>
							<String ID="string_35" HPOS="409" VPOS="317" WIDTH="24" HEIGHT="21" WC="0.96" CONTENT="så"/><SP WIDTH="20" VPOS="317" HPOS="433"/>
							<String ID="string_36" HPOS="453" VPOS="318" WIDTH="35" HEIGHT="20" WC="0.96" CONTENT="rät"/><SP WIDTH="21" VPOS="318" HPOS="488"/>
							<String ID="string_37" HPOS="509" VPOS="317" WIDTH="40" HEIGHT="21" WC="0.96" CONTENT="och"/><SP WIDTH="22" VPOS="317" HPOS="549"/>
							<String ID="string_38" HPOS="571" VPOS="316" WIDTH="88" HEIGHT="22" WC="0.96" CONTENT="median"/><SP WIDTH="21" VPOS="316" HPOS="659"/>
							<String ID="string_39" HPOS="680" VPOS="316" WIDTH="127" HEIGHT="27" WC="0.96" CONTENT="sträckning"/><SP WIDTH="15" VPOS="316" HPOS="807"/>
							<String ID="string_40" HPOS="822" VPOS="322" WIDTH="46" HEIGHT="15" WC="0.96" CONTENT="som"/>
						</TextLine>
						<TextLine ID="line_5" HPOS="113" VPOS="350" WIDTH="755" HEIGHT="29">
							<String ID="string_41" HPOS="113" VPOS="352" WIDTH="92" HEIGHT="27" WC="0.96" CONTENT="möjligt,"/><SP WIDTH="17" VPOS="352" HPOS="205"/>
							<String ID="string_42" HPOS="222" VPOS="358" WIDTH="50" HEIGHT="15" WC="0.96" CONTENT="men"/><SP WIDTH="16" VPOS="358" HPOS="272"/>
							<String ID="string_43" HPOS="288" VPOS="351" WIDTH="62" HEIGHT="22" WC="0.93" CONTENT="äfven"/><SP WIDTH="16" VPOS="351" HPOS="350"/>
							<String ID="string_44" HPOS="366" VPOS="353" WIDTH="16" HEIGHT="20" WC="0.92" CONTENT="t."/><SP WIDTH="17" VPOS="353" HPOS="382"/>
							<String ID="string_45" HPOS="399" VPOS="358" WIDTH="25" HEIGHT="15" WC="0.93" CONTENT="ex"/><SP WIDTH="15" VPOS="358" HPOS="424"/>
							<String ID="string_46" HPOS="439" VPOS="352" WIDTH="74" HEIGHT="21" WC="0.91" CONTENT="Jorois"/><SP WIDTH="16" VPOS="352" HPOS="513"/>
							<String ID="string_47" HPOS="529" VPOS="352" WIDTH="40" HEIGHT="22" WC="0.96" CONTENT="och"/><SP WIDTH="15" VPOS="352" HPOS="569"/>
							<String ID="string_48" HPOS="584" VPOS="350" WIDTH="132" HEIGHT="29" WC="0.96" CONTENT="Leppävirta"/><SP WIDTH="16" VPOS="350" HPOS="716"/>
							<String ID="string_49" HPOS="732" VPOS="351" WIDTH="22" HEIGHT="21" WC="0.96" CONTENT="få"/><SP WIDTH="21" VPOS="351" HPOS="754"/>
							<String ID="string_50" HPOS="775" VPOS="351" WIDTH="46" HEIGHT="22" WC="0.93" CONTENT="sina"/><SP WIDTH="15" VPOS="351" HPOS="821"/>
							<String ID="string_51" HPOS="836" VPOS="351" WIDTH="32" HEIGHT="21" WC="0.92" CONTENT="bi-"/>
						</TextLine>
						<TextLine ID="line_6" HPOS="115" VPOS="386" WIDTH="753" HEIGHT="29">
							<String ID="string_52" HPOS="115" VPOS="388" WIDTH="78" HEIGHT="27" WC="0.95" CONTENT="banor;"/><SP WIDTH="16" VPOS="388" HPOS="193"/>
							<String ID="string_53" HPOS="209" VPOS="387" WIDTH="102" HEIGHT="27" WC="0.96" CONTENT="möjligen"/><SP WIDTH="16" VPOS="387" HPOS="311"/>
							<String ID="string_54" HPOS="327" VPOS="387" WIDTH="62" HEIGHT="22" WC="0.93" CONTENT="äfven"/><SP WIDTH="16" VPOS="387" HPOS="389"/>
							<String ID="string_55" HPOS="405" VPOS="387" WIDTH="83" HEIGHT="22" WC="0.76" CONTENT="Iisvesi."/><SP WIDTH="31" VPOS="387" HPOS="488"/>
							<String ID="string_56" HPOS="519" VPOS="388" WIDTH="146" HEIGHT="26" WC="0.90" CONTENT="Jokkas,som"/><SP WIDTH="16" VPOS="388" HPOS="665"/>
							<String ID="string_57" HPOS="681" VPOS="388" WIDTH="88" HEIGHT="20" WC="0.95" CONTENT="komme"/><SP WIDTH="15" VPOS="388" HPOS="769"/>
							<String ID="string_58" HPOS="784" VPOS="389" WIDTH="33" HEIGHT="19" WC="0.93" CONTENT="att"/><SP WIDTH="14" VPOS="389" HPOS="817"/>
							<String ID="string_59" HPOS="831" VPOS="386" WIDTH="37" HEIGHT="22" WC="0.92" CONTENT="be-"/>
						</TextLine>
						<TextLine ID="line_7" HPOS="115" VPOS="422" WIDTH="753" HEIGHT="28">
							<String ID="string_60" HPOS="115" VPOS="425" WIDTH="62" HEIGHT="19" WC="0.96" CONTENT="röras"/><SP WIDTH="16" VPOS="425" HPOS="177"/>
							<String ID="string_61" HPOS="193" VPOS="422" WIDTH="23" HEIGHT="22" WC="0.93" CONTENT="af"/><SP WIDTH="12" VPOS="422" HPOS="216"/>
							<String ID="string_62" HPOS="228" VPOS="422" WIDTH="100" HEIGHT="28" WC="0.91" CONTENT="Nyslotts"/><SP WIDTH="15" VPOS="422" HPOS="328"/>
							<String ID="string_63" HPOS="343" VPOS="423" WIDTH="78" HEIGHT="27" WC="0.94" CONTENT="banan,"/><SP WIDTH="9" VPOS="423" HPOS="421"/>
							<String ID="string_64" HPOS="430" VPOS="422" WIDTH="57" HEIGHT="28" WC="0.94" CONTENT="finge"/><SP WIDTH="15" VPOS="422" HPOS="487"/>
							<String ID="string_65" HPOS="502" VPOS="423" WIDTH="24" HEIGHT="21" WC="0.96" CONTENT="af"/><SP WIDTH="14" VPOS="423" HPOS="526"/>
							<String ID="string_66" HPOS="540" VPOS="424" WIDTH="73" HEIGHT="21" WC="0.96" CONTENT="denna"/><SP WIDTH="14" VPOS="424" HPOS="613"/>
							<String ID="string_67" HPOS="627" VPOS="423" WIDTH="154" HEIGHT="22" WC="0.96" CONTENT="motsvarande"/><SP WIDTH="11" VPOS="423" HPOS="781"/>
							<String ID="string_68" HPOS="792" VPOS="422" WIDTH="76" HEIGHT="27" WC="0.95" CONTENT="fördel,"/>
						</TextLine>
						<TextLine ID="line_8" HPOS="114" VPOS="458" WIDTH="752" HEIGHT="28">
							<String ID="string_69" HPOS="114" VPOS="460" WIDTH="42" HEIGHT="20" WC="0.93" CONTENT="den"/><SP WIDTH="15" VPOS="460" HPOS="156"/>
							<String ID="string_70" HPOS="171" VPOS="459" WIDTH="149" HEIGHT="27" WC="0.91" CONTENT="svårafgjorda"/><SP WIDTH="16" VPOS="459" HPOS="320"/>
							<String ID="string_71" HPOS="336" VPOS="459" WIDTH="83" HEIGHT="21" WC="0.96" CONTENT="striden"/><SP WIDTH="16" VPOS="459" HPOS="419"/>
							<String ID="string_72" HPOS="435" VPOS="465" WIDTH="35" HEIGHT="15" WC="0.96" CONTENT="om"/><SP WIDTH="16" VPOS="465" HPOS="470"/>
							<String ID="string_73" HPOS="486" VPOS="460" WIDTH="27" HEIGHT="20" WC="0.96" CONTENT="de"/><SP WIDTH="16" VPOS="460" HPOS="513"/>
							<String ID="string_74" HPOS="529" VPOS="460" WIDTH="72" HEIGHT="21" WC="0.93" CONTENT="skilda"/><SP WIDTH="15" VPOS="460" HPOS="601"/>
							<String ID="string_75" HPOS="616" VPOS="459" WIDTH="94" HEIGHT="21" WC="0.92" CONTENT="linierna"/><SP WIDTH="16" VPOS="459" HPOS="710"/>
							<String ID="string_76" HPOS="726" VPOS="458" WIDTH="34" HEIGHT="22" WC="0.96" CONTENT="sin"/><SP WIDTH="15" VPOS="458" HPOS="760"/>
							<String ID="string_77" HPOS="775" VPOS="459" WIDTH="91" HEIGHT="27" WC="0.96" CONTENT="lösning."/>
						</TextLine>
					</TextBlock>
					<TextBlock ID="block_2" HPOS="109" VPOS="494" WIDTH="759" HEIGHT="350">
						<TextLine ID="line_9" HPOS="187" VPOS="494" WIDTH="680" HEIGHT="29">
							<String ID="string_78" HPOS="187" VPOS="494" WIDTH="22" HEIGHT="29" WC="0.85" CONTENT="h)"/><SP WIDTH="24" VPOS="494" HPOS="209"/>
							<String ID="string_79" HPOS="233" VPOS="494" WIDTH="43" HEIGHT="22" WC="0.96" CONTENT="Till"/><SP WIDTH="23" VPOS="494" HPOS="276"/>
							<String ID="string_80" HPOS="299" VPOS="495" WIDTH="44" HEIGHT="21" WC="0.96" CONTENT="slut"/><SP WIDTH="21" VPOS="495" HPOS="343"/>
							<String ID="string_81" HPOS="364" VPOS="495" WIDTH="42" HEIGHT="21" WC="0.96" CONTENT="den"/><SP WIDTH="21" VPOS="495" HPOS="406"/>
							<String ID="string_82" HPOS="427" VPOS="495" WIDTH="109" HEIGHT="21" WC="0.93" CONTENT="indirekta"/><SP WIDTH="22" VPOS="495" HPOS="536"/>
							<String ID="string_83" HPOS="558" VPOS="494" WIDTH="92" HEIGHT="28" WC="0.92" CONTENT="fördeln,"/><SP WIDTH="21" VPOS="494" HPOS="650"/>
							<String ID="string_84" HPOS="671" VPOS="496" WIDTH="33" HEIGHT="20" WC="0.96" CONTENT="att"/><SP WIDTH="20" VPOS="496" HPOS="704"/>
							<String ID="string_85" HPOS="724" VPOS="495" WIDTH="37" HEIGHT="21" WC="0.96" CONTENT="det"/><SP WIDTH="15" VPOS="495" HPOS="761"/>
							<String ID="string_86" HPOS="776" VPOS="494" WIDTH="91" HEIGHT="22" WC="0.96" CONTENT="relativa"/>
						</TextLine>
						<TextLine ID="line_10" HPOS="109" VPOS="530" WIDTH="756" HEIGHT="28">
							<String ID="string_87" HPOS="109" VPOS="530" WIDTH="102" HEIGHT="22" WC="0.91" CONTENT="slöseriet"/><SP WIDTH="15" VPOS="530" HPOS="211"/>
							<String ID="string_88" HPOS="226" VPOS="530" WIDTH="70" HEIGHT="22" WC="0.96" CONTENT="skulle"/><SP WIDTH="15" VPOS="530" HPOS="296"/>
							<String ID="string_89" HPOS="311" VPOS="531" WIDTH="130" HEIGHT="27" WC="0.96" CONTENT="motverkas,"/><SP WIDTH="16" VPOS="531" HPOS="441"/>
							<String ID="string_90" HPOS="457" VPOS="537" WIDTH="47" HEIGHT="15" WC="0.96" CONTENT="som"/><SP WIDTH="17" VPOS="537" HPOS="504"/>
							<String ID="string_91" HPOS="521" VPOS="530" WIDTH="124" HEIGHT="22" WC="0.96" CONTENT="föranleder"/><SP WIDTH="15" VPOS="530" HPOS="645"/>
							<String ID="string_92" HPOS="660" VPOS="532" WIDTH="33" HEIGHT="20" WC="0.96" CONTENT="att"/><SP WIDTH="16" VPOS="532" HPOS="693"/>
							<String ID="string_93" HPOS="709" VPOS="532" WIDTH="63" HEIGHT="25" WC="0.96" CONTENT="svagt"/><SP WIDTH="10" VPOS="532" HPOS="772"/>
							<String ID="string_94" HPOS="782" VPOS="530" WIDTH="83" HEIGHT="21" WC="0.95" CONTENT="lastade"/>
						</TextLine>
						<TextLine ID="line_11" HPOS="111" VPOS="565" WIDTH="756" HEIGHT="28">
							<String ID="string_95" HPOS="111" VPOS="568" WIDTH="38" HEIGHT="25" WC="0.96" CONTENT="tåg"/><SP WIDTH="20" VPOS="568" HPOS="149"/>
							<String ID="string_96" HPOS="169" VPOS="566" WIDTH="34" HEIGHT="22" WC="0.96" CONTENT="för"/><SP WIDTH="20" VPOS="566" HPOS="203"/>
							<String ID="string_97" HPOS="223" VPOS="568" WIDTH="34" HEIGHT="20" WC="0.96" CONTENT="att"/><SP WIDTH="21" VPOS="568" HPOS="257"/>
							<String ID="string_98" HPOS="278" VPOS="566" WIDTH="58" HEIGHT="22" WC="0.96" CONTENT="inom"/><SP WIDTH="20" VPOS="566" HPOS="336"/>
							<String ID="string_99" HPOS="356" VPOS="566" WIDTH="44" HEIGHT="22" WC="0.96" CONTENT="viss"/><SP WIDTH="21" VPOS="566" HPOS="400"/>
							<String ID="string_100" HPOS="421" VPOS="567" WIDTH="50" HEIGHT="21" WC="0.96" CONTENT="kort"/><SP WIDTH="20" VPOS="567" HPOS="471"/>
							<String ID="string_101" HPOS="491" VPOS="566" WIDTH="34" HEIGHT="22" WC="0.96" CONTENT="tid"/><SP WIDTH="20" VPOS="566" HPOS="525"/>
							<String ID="string_102" HPOS="545" VPOS="567" WIDTH="74" HEIGHT="21" WC="0.96" CONTENT="kunna"/><SP WIDTH="14" VPOS="567" HPOS="619"/>
							<String ID="string_103" HPOS="633" VPOS="566" WIDTH="102" HEIGHT="22" WC="0.96" CONTENT="befordra"/><SP WIDTH="15" VPOS="566" HPOS="735"/>
							<String ID="string_104" HPOS="750" VPOS="572" WIDTH="67" HEIGHT="15" WC="0.96" CONTENT="varan"/><SP WIDTH="15" VPOS="572" HPOS="817"/>
							<String ID="string_105" HPOS="832" VPOS="565" WIDTH="35" HEIGHT="22" WC="0.96" CONTENT="till"/>
						</TextLine>
						<TextLine ID="line_12" HPOS="115" VPOS="601" WIDTH="753" HEIGHT="28">
							<String ID="string_106" HPOS="115" VPOS="602" WIDTH="217" HEIGHT="21" WC="0.92" CONTENT="bestämmelseorten"/><SP WIDTH="16" VPOS="602" HPOS="332"/>
							<String ID="string_107" HPOS="348" VPOS="602" WIDTH="132" HEIGHT="27" WC="0.96" CONTENT="expedieras."/><SP WIDTH="32" VPOS="602" HPOS="480"/>
							<String ID="string_108" HPOS="512" VPOS="602" WIDTH="41" HEIGHT="22" WC="0.93" CONTENT="Om"/><SP WIDTH="17" VPOS="602" HPOS="553"/>
							<String ID="string_109" HPOS="570" VPOS="602" WIDTH="100" HEIGHT="27" WC="0.92" CONTENT="ilgodset,"/><SP WIDTH="21" VPOS="602" HPOS="670"/>
							<String ID="string_110" HPOS="691" VPOS="608" WIDTH="46" HEIGHT="15" WC="0.96" CONTENT="som"/><SP WIDTH="17" VPOS="608" HPOS="737"/>
							<String ID="string_111" HPOS="754" VPOS="601" WIDTH="114" HEIGHT="27" WC="0.96" CONTENT="medföljer"/>
						</TextLine>
						<TextLine ID="line_13" HPOS="111" VPOS="637" WIDTH="755" HEIGHT="28">
							<String ID="string_112" HPOS="111" VPOS="640" WIDTH="145" HEIGHT="25" WC="0.92" CONTENT="persontågen"/><SP WIDTH="20" VPOS="640" HPOS="256"/>
							<String ID="string_113" HPOS="276" VPOS="638" WIDTH="69" HEIGHT="27" WC="0.96" CONTENT="gäller"/><SP WIDTH="15" VPOS="638" HPOS="345"/>
							<String ID="string_114" HPOS="360" VPOS="638" WIDTH="40" HEIGHT="21" WC="0.96" CONTENT="här"/><SP WIDTH="16" VPOS="638" HPOS="400"/>
							<String ID="string_115" HPOS="416" VPOS="638" WIDTH="47" HEIGHT="21" WC="0.96" CONTENT="icke"/><SP WIDTH="16" VPOS="638" HPOS="463"/>
							<String ID="string_116" HPOS="479" VPOS="638" WIDTH="82" HEIGHT="27" WC="0.96" CONTENT="frågan,"/><SP WIDTH="17" VPOS="638" HPOS="561"/>
							<String ID="string_117" HPOS="578" VPOS="644" WIDTH="50" HEIGHT="16" WC="0.96" CONTENT="men"/><SP WIDTH="17" VPOS="644" HPOS="628"/>
							<String ID="string_118" HPOS="645" VPOS="638" WIDTH="33" HEIGHT="21" WC="0.96" CONTENT="för"/><SP WIDTH="14" VPOS="638" HPOS="678"/>
							<String ID="string_119" HPOS="692" VPOS="638" WIDTH="84" HEIGHT="26" WC="0.93" CONTENT="vanligt"/><SP WIDTH="19" VPOS="638" HPOS="776"/>
							<String ID="string_120" HPOS="795" VPOS="637" WIDTH="71" HEIGHT="27" WC="0.91" CONTENT="gröfre"/>
						</TextLine>
						<TextLine ID="line_14" HPOS="111" VPOS="669" WIDTH="755" HEIGHT="32">
							<String ID="string_121" HPOS="111" VPOS="669" WIDTH="54" HEIGHT="31" WC="0.96" CONTENT="gods"/><SP WIDTH="22" VPOS="669" HPOS="165"/>
							<String ID="string_122" HPOS="187" VPOS="675" WIDTH="24" HEIGHT="19" WC="0.97" CONTENT="är"/><SP WIDTH="21" VPOS="675" HPOS="211"/>
							<String ID="string_123" HPOS="232" VPOS="674" WIDTH="37" HEIGHT="21" WC="0.96" CONTENT="det"/><SP WIDTH="21" VPOS="674" HPOS="269"/>
							<String ID="string_124" HPOS="290" VPOS="674" WIDTH="7" HEIGHT="20" WC="0.96" CONTENT="i"/><SP WIDTH="21" VPOS="674" HPOS="297"/>
							<String ID="string_125" HPOS="318" VPOS="673" WIDTH="119" HEIGHT="22" WC="0.95" CONTENT="allmänhet"/><SP WIDTH="20" VPOS="673" HPOS="437"/>
							<String ID="string_126" HPOS="457" VPOS="674" WIDTH="106" HEIGHT="27" WC="0.95" CONTENT="likgiltigt"/><SP WIDTH="16" VPOS="674" HPOS="563"/>
							<String ID="string_127" HPOS="579" VPOS="680" WIDTH="35" HEIGHT="15" WC="0.96" CONTENT="om"/><SP WIDTH="16" VPOS="680" HPOS="614"/>
							<String ID="string_128" HPOS="630" VPOS="680" WIDTH="66" HEIGHT="15" WC="0.96" CONTENT="varan"/><SP WIDTH="16" VPOS="680" HPOS="696"/>
							<String ID="string_129" HPOS="712" VPOS="673" WIDTH="154" HEIGHT="22" WC="0.96" CONTENT="framkommer"/>
						</TextLine>
						<TextLine ID="line_15" HPOS="111" VPOS="708" WIDTH="753" HEIGHT="28">
							<String ID="string_130" HPOS="111" VPOS="709" WIDTH="59" HEIGHT="21" WC="0.96" CONTENT="inom"/><SP WIDTH="24" VPOS="709" HPOS="170"/>
							<String ID="string_131" HPOS="194" VPOS="709" WIDTH="13" HEIGHT="21" WC="0.96" CONTENT="2"/><SP WIDTH="24" VPOS="709" HPOS="207"/>
							<String ID="string_132" HPOS="231" VPOS="709" WIDTH="53" HEIGHT="22" WC="0.96" CONTENT="eller"/><SP WIDTH="21" VPOS="709" HPOS="284"/>
							<String ID="string_133" HPOS="305" VPOS="710" WIDTH="13" HEIGHT="20" WC="0.96" CONTENT="6"/><SP WIDTH="22" VPOS="710" HPOS="318"/>
							<String ID="string_134" HPOS="340" VPOS="709" WIDTH="56" HEIGHT="27" WC="0.96" CONTENT="dygn"/><SP WIDTH="21" VPOS="709" HPOS="396"/>
							<String ID="string_135" HPOS="417" VPOS="716" WIDTH="19" HEIGHT="14" WC="0.96" CONTENT="o."/><SP WIDTH="22" VPOS="716" HPOS="436"/>
							<String ID="string_136" HPOS="458" VPOS="716" WIDTH="17" HEIGHT="14" WC="0.93" CONTENT="s."/><SP WIDTH="16" VPOS="716" HPOS="475"/>
							<String ID="string_137" HPOS="491" VPOS="716" WIDTH="28" HEIGHT="20" WC="0.92" CONTENT="v.,"/><SP WIDTH="16" VPOS="716" HPOS="519"/>
							<String ID="string_138" HPOS="535" VPOS="710" WIDTH="58" HEIGHT="20" WC="0.95" CONTENT="blott"/><SP WIDTH="15" VPOS="710" HPOS="593"/>
							<String ID="string_139" HPOS="608" VPOS="708" WIDTH="131" HEIGHT="22" WC="0.96" CONTENT="trafikanten"/><SP WIDTH="15" VPOS="708" HPOS="739"/>
							<String ID="string_140" HPOS="754" VPOS="710" WIDTH="38" HEIGHT="20" WC="0.96" CONTENT="vet"/><SP WIDTH="15" VPOS="710" HPOS="792"/>
							<String ID="string_141" HPOS="807" VPOS="709" WIDTH="57" HEIGHT="21" WC="0.96" CONTENT="inom"/>
						</TextLine>
						<TextLine ID="line_16" HPOS="109" VPOS="744" WIDTH="756" HEIGHT="29">
							<String ID="string_142" HPOS="109" VPOS="744" WIDTH="89" HEIGHT="22" WC="0.96" CONTENT="hvilken"/><SP WIDTH="21" VPOS="744" HPOS="198"/>
							<String ID="string_143" HPOS="219" VPOS="744" WIDTH="33" HEIGHT="22" WC="0.96" CONTENT="tid"/><SP WIDTH="18" VPOS="744" HPOS="252"/>
							<String ID="string_144" HPOS="270" VPOS="745" WIDTH="43" HEIGHT="21" WC="0.92" CONTENT="han"/><SP WIDTH="15" VPOS="745" HPOS="313"/>
							<String ID="string_145" HPOS="328" VPOS="745" WIDTH="44" HEIGHT="21" WC="0.96" CONTENT="kan"/><SP WIDTH="15" VPOS="745" HPOS="372"/>
							<String ID="string_146" HPOS="387" VPOS="745" WIDTH="68" HEIGHT="21" WC="0.96" CONTENT="räkna"/><SP WIDTH="15" VPOS="745" HPOS="455"/>
							<String ID="string_147" HPOS="470" VPOS="746" WIDTH="28" HEIGHT="26" WC="0.96" CONTENT="på"/><SP WIDTH="15" VPOS="746" HPOS="498"/>
							<String ID="string_148" HPOS="513" VPOS="751" WIDTH="78" HEIGHT="15" WC="0.96" CONTENT="varans"/><SP WIDTH="17" VPOS="751" HPOS="591"/>
							<String ID="string_149" HPOS="608" VPOS="744" WIDTH="135" HEIGHT="22" WC="0.93" CONTENT="framkomst."/><SP WIDTH="32" VPOS="744" HPOS="743"/>
							<String ID="string_150" HPOS="775" VPOS="744" WIDTH="90" HEIGHT="29" WC="0.92" CONTENT="(Excep-"/>
						</TextLine>
						<TextLine ID="line_17" HPOS="109" VPOS="780" WIDTH="755" HEIGHT="28">
							<String ID="string_151" HPOS="109" VPOS="780" WIDTH="69" HEIGHT="22" WC="0.92" CONTENT="tionel"/><SP WIDTH="16" VPOS="780" HPOS="178"/>
							<String ID="string_152" HPOS="194" VPOS="780" WIDTH="154" HEIGHT="27" WC="0.92" CONTENT="skyndsamhet"/><SP WIDTH="15" VPOS="780" HPOS="348"/>
							<String ID="string_153" HPOS="363" VPOS="780" WIDTH="40" HEIGHT="22" WC="0.93" CONTENT="bör"/><SP WIDTH="16" VPOS="780" HPOS="403"/>
							<String ID="string_154" HPOS="419" VPOS="780" WIDTH="88" HEIGHT="28" WC="0.92" CONTENT="betinga"/><SP WIDTH="16" VPOS="780" HPOS="507"/>
							<String ID="string_155" HPOS="523" VPOS="781" WIDTH="63" HEIGHT="21" WC="0.96" CONTENT="äfven"/><SP WIDTH="16" VPOS="781" HPOS="586"/>
							<String ID="string_156" HPOS="602" VPOS="780" WIDTH="34" HEIGHT="22" WC="0.93" CONTENT="för"/><SP WIDTH="16" VPOS="780" HPOS="636"/>
							<String ID="string_157" HPOS="652" VPOS="780" WIDTH="71" HEIGHT="28" WC="0.92" CONTENT="gröfre"/><SP WIDTH="11" VPOS="780" HPOS="723"/>
							<String ID="string_158" HPOS="734" VPOS="780" WIDTH="54" HEIGHT="27" WC="0.96" CONTENT="gods"/><SP WIDTH="11" VPOS="780" HPOS="788"/>
							<String ID="string_159" HPOS="799" VPOS="780" WIDTH="65" HEIGHT="26" WC="0.96" CONTENT="något"/>
						</TextLine>
						<TextLine ID="line_18" HPOS="109" VPOS="815" WIDTH="146" HEIGHT="29">
							<String ID="string_160" HPOS="109" VPOS="816" WIDTH="68" HEIGHT="26" WC="0.96" CONTENT="högre"/><SP WIDTH="16" VPOS="816" HPOS="177"/>
							<String ID="string_161" HPOS="193" VPOS="815" WIDTH="62" HEIGHT="29" WC="0.96" CONTENT="pris.)"/>
						</TextLine>
					</TextBlock>
					<TextBlock ID="block_3" HPOS="105" VPOS="850" WIDTH="760" HEIGHT="455">
						<TextLine ID="line_19" HPOS="185" VPOS="850" WIDTH="680" HEIGHT="28">
							<String ID="string_162" HPOS="185" VPOS="851" WIDTH="79" HEIGHT="21" WC="0.92" CONTENT="Derest"/><SP WIDTH="23" VPOS="851" HPOS="264"/>
							<String ID="string_163" HPOS="287" VPOS="851" WIDTH="76" HEIGHT="27" WC="0.92" CONTENT="nödigt"/><SP WIDTH="20" VPOS="851" HPOS="363"/>
							<String ID="string_164" HPOS="383" VPOS="857" WIDTH="51" HEIGHT="16" WC="0.96" CONTENT="vore"/><SP WIDTH="21" VPOS="857" HPOS="434"/>
							<String ID="string_165" HPOS="455" VPOS="853" WIDTH="33" HEIGHT="20" WC="0.96" CONTENT="att"/><SP WIDTH="21" VPOS="853" HPOS="488"/>
							<String ID="string_166" HPOS="509" VPOS="851" WIDTH="34" HEIGHT="22" WC="0.97" CONTENT="för"/><SP WIDTH="20" VPOS="851" HPOS="543"/>
							<String ID="string_167" HPOS="563" VPOS="851" WIDTH="108" HEIGHT="22" WC="0.96" CONTENT="vinnande"/><SP WIDTH="21" VPOS="851" HPOS="671"/>
							<String ID="string_168" HPOS="692" VPOS="851" WIDTH="24" HEIGHT="21" WC="0.95" CONTENT="af"/><SP WIDTH="18" VPOS="851" HPOS="716"/>
							<String ID="string_169" HPOS="734" VPOS="850" WIDTH="131" HEIGHT="27" WC="0.95" CONTENT="skicklighet"/>
						</TextLine>
						<TextLine ID="line_20" HPOS="109" VPOS="886" WIDTH="756" HEIGHT="28">
							<String ID="string_170" HPOS="109" VPOS="887" WIDTH="41" HEIGHT="21" WC="0.95" CONTENT="och"/><SP WIDTH="23" VPOS="887" HPOS="150"/>
							<String ID="string_171" HPOS="173" VPOS="886" WIDTH="123" HEIGHT="22" WC="0.95" CONTENT="erfarenhet"/><SP WIDTH="23" VPOS="886" HPOS="296"/>
							<String ID="string_172" HPOS="319" VPOS="887" WIDTH="7" HEIGHT="21" WC="0.96" CONTENT="i"/><SP WIDTH="20" VPOS="887" HPOS="326"/>
							<String ID="string_173" HPOS="346" VPOS="888" WIDTH="67" HEIGHT="20" WC="0.96" CONTENT="sättet"/><SP WIDTH="21" VPOS="888" HPOS="413"/>
							<String ID="string_174" HPOS="434" VPOS="889" WIDTH="33" HEIGHT="19" WC="0.96" CONTENT="att"/><SP WIDTH="18" VPOS="889" HPOS="467"/>
							<String ID="string_175" HPOS="485" VPOS="887" WIDTH="73" HEIGHT="27" WC="0.96" CONTENT="billigt"/><SP WIDTH="20" VPOS="887" HPOS="558"/>
							<String ID="string_176" HPOS="578" VPOS="887" WIDTH="70" HEIGHT="27" WC="0.96" CONTENT="bygga"/><SP WIDTH="19" VPOS="887" HPOS="648"/>
							<String ID="string_177" HPOS="667" VPOS="887" WIDTH="39" HEIGHT="22" WC="0.96" CONTENT="och"/><SP WIDTH="21" VPOS="887" HPOS="706"/>
							<String ID="string_178" HPOS="727" VPOS="886" WIDTH="138" HEIGHT="22" WC="0.96" CONTENT="ekonomiskt"/>
						</TextLine>
						<TextLine ID="line_21" HPOS="109" VPOS="921" WIDTH="755" HEIGHT="28">
							<String ID="string_179" HPOS="109" VPOS="921" WIDTH="103" HEIGHT="23" WC="0.96" CONTENT="trafikera"/><SP WIDTH="18" VPOS="921" HPOS="212"/>
							<String ID="string_180" HPOS="230" VPOS="922" WIDTH="143" HEIGHT="27" WC="0.96" CONTENT="smalspåriga"/><SP WIDTH="15" VPOS="922" HPOS="373"/>
							<String ID="string_181" HPOS="388" VPOS="923" WIDTH="69" HEIGHT="21" WC="0.96" CONTENT="banor"/><SP WIDTH="15" VPOS="923" HPOS="457"/>
							<String ID="string_182" HPOS="472" VPOS="922" WIDTH="23" HEIGHT="22" WC="0.96" CONTENT="af"/><SP WIDTH="16" VPOS="922" HPOS="495"/>
							<String ID="string_183" HPOS="511" VPOS="925" WIDTH="70" HEIGHT="19" WC="0.96" CONTENT="större"/><SP WIDTH="16" VPOS="925" HPOS="581"/>
							<String ID="string_184" HPOS="597" VPOS="923" WIDTH="66" HEIGHT="26" WC="0.96" CONTENT="längd"/><SP WIDTH="10" VPOS="923" HPOS="663"/>
							<String ID="string_185" HPOS="673" VPOS="922" WIDTH="126" HEIGHT="22" WC="0.92" CONTENT="föranledde"/><SP WIDTH="11" VPOS="922" HPOS="799"/>
							<String ID="string_186" HPOS="810" VPOS="928" WIDTH="54" HEIGHT="21" WC="0.92" CONTENT="upp-"/>
						</TextLine>
						<TextLine ID="line_22" HPOS="108" VPOS="957" WIDTH="756" HEIGHT="28">
							<String ID="string_187" HPOS="108" VPOS="957" WIDTH="52" HEIGHT="22" WC="0.92" CONTENT="skof"/><SP WIDTH="18" VPOS="957" HPOS="160"/>
							<String ID="string_188" HPOS="178" VPOS="958" WIDTH="49" HEIGHT="21" WC="0.96" CONTENT="med"/><SP WIDTH="21" VPOS="958" HPOS="227"/>
							<String ID="string_189" HPOS="248" VPOS="958" WIDTH="86" HEIGHT="27" WC="0.96" CONTENT="Kuopio"/><SP WIDTH="15" VPOS="958" HPOS="334"/>
							<String ID="string_190" HPOS="349" VPOS="958" WIDTH="82" HEIGHT="21" WC="0.96" CONTENT="banans"/><SP WIDTH="16" VPOS="958" HPOS="431"/>
							<String ID="string_191" HPOS="447" VPOS="965" WIDTH="65" HEIGHT="15" WC="0.93" CONTENT="snara"/><SP WIDTH="15" VPOS="965" HPOS="512"/>
							<String ID="string_192" HPOS="527" VPOS="958" WIDTH="135" HEIGHT="27" WC="0.92" CONTENT="beläggande"/><SP WIDTH="15" VPOS="958" HPOS="662"/>
							<String ID="string_193" HPOS="677" VPOS="959" WIDTH="50" HEIGHT="21" WC="0.96" CONTENT="med"/><SP WIDTH="16" VPOS="959" HPOS="727"/>
							<String ID="string_194" HPOS="743" VPOS="958" WIDTH="80" HEIGHT="27" WC="0.95" CONTENT="arbete,"/><SP WIDTH="17" VPOS="958" HPOS="823"/>
							<String ID="string_195" HPOS="840" VPOS="958" WIDTH="24" HEIGHT="20" WC="0.96" CONTENT="så"/>
						</TextLine>
						<TextLine ID="line_23" HPOS="108" VPOS="993" WIDTH="755" HEIGHT="28">
							<String ID="string_196" HPOS="108" VPOS="994" WIDTH="73" HEIGHT="21" WC="0.96" CONTENT="kunde"/><SP WIDTH="21" VPOS="994" HPOS="181"/>
							<String ID="string_197" HPOS="202" VPOS="994" WIDTH="116" HEIGHT="27" WC="0.96" CONTENT="högeligen"/><SP WIDTH="22" VPOS="994" HPOS="318"/>
							<String ID="string_198" HPOS="340" VPOS="994" WIDTH="181" HEIGHT="27" WC="0.96" CONTENT="ändamålsenligt"/><SP WIDTH="20" VPOS="994" HPOS="521"/>
							<String ID="string_199" HPOS="541" VPOS="994" WIDTH="164" HEIGHT="22" WC="0.96" CONTENT="kontinuiteten"/><SP WIDTH="16" VPOS="994" HPOS="705"/>
							<String ID="string_200" HPOS="721" VPOS="994" WIDTH="7" HEIGHT="21" WC="0.93" CONTENT="i"/><SP WIDTH="16" VPOS="994" HPOS="728"/>
							<String ID="string_201" HPOS="744" VPOS="993" WIDTH="119" HEIGHT="22" WC="0.91" CONTENT="utvecklin-"/>
						</TextLine>
						<TextLine ID="line_24" HPOS="107" VPOS="1029" WIDTH="755" HEIGHT="28">
							<String ID="string_202" HPOS="107" VPOS="1035" WIDTH="42" HEIGHT="21" WC="0.96" CONTENT="gen"/><SP WIDTH="21" VPOS="1035" HPOS="149"/>
							<String ID="string_203" HPOS="170" VPOS="1029" WIDTH="24" HEIGHT="22" WC="0.96" CONTENT="af"/><SP WIDTH="13" VPOS="1029" HPOS="194"/>
							<String ID="string_204" HPOS="207" VPOS="1029" WIDTH="86" HEIGHT="22" WC="0.93" CONTENT="landets"/><SP WIDTH="13" VPOS="1029" HPOS="293"/>
							<String ID="string_205" HPOS="306" VPOS="1030" WIDTH="142" HEIGHT="27" WC="0.88" CONTENT="jernvägsnät"/><SP WIDTH="15" VPOS="1030" HPOS="448"/>
							<String ID="string_206" HPOS="463" VPOS="1030" WIDTH="92" HEIGHT="21" WC="0.96" CONTENT="sålunda"/><SP WIDTH="16" VPOS="1030" HPOS="555"/>
							<String ID="string_207" HPOS="571" VPOS="1029" WIDTH="166" HEIGHT="28" WC="0.96" CONTENT="upprätthållas,"/><SP WIDTH="17" VPOS="1029" HPOS="737"/>
							<String ID="string_208" HPOS="754" VPOS="1031" WIDTH="33" HEIGHT="20" WC="0.93" CONTENT="att"/><SP WIDTH="15" VPOS="1031" HPOS="787"/>
							<String ID="string_209" HPOS="802" VPOS="1029" WIDTH="60" HEIGHT="21" WC="0.93" CONTENT="biba-"/>
						</TextLine>
						<TextLine ID="line_25" HPOS="107" VPOS="1064" WIDTH="755" HEIGHT="30">
							<String ID="string_210" HPOS="107" VPOS="1071" WIDTH="41" HEIGHT="15" WC="0.95" CONTENT="nor"/><SP WIDTH="18" VPOS="1071" HPOS="148"/>
							<String ID="string_211" HPOS="166" VPOS="1064" WIDTH="48" HEIGHT="22" WC="0.95" CONTENT="från"/><SP WIDTH="25" VPOS="1064" HPOS="214"/>
							<String ID="string_212" HPOS="239" VPOS="1065" WIDTH="117" HEIGHT="27" WC="0.95" CONTENT="Jyväskylä"/><SP WIDTH="25" VPOS="1065" HPOS="356"/>
							<String ID="string_213" HPOS="381" VPOS="1065" WIDTH="35" HEIGHT="22" WC="0.93" CONTENT="till"/><SP WIDTH="25" VPOS="1065" HPOS="416"/>
							<String ID="string_214" HPOS="441" VPOS="1065" WIDTH="153" HEIGHT="22" WC="0.92" CONTENT="Korkeakoski"/><SP WIDTH="26" VPOS="1065" HPOS="594"/>
							<String ID="string_215" HPOS="620" VPOS="1064" WIDTH="156" HEIGHT="30" WC="0.92" CONTENT="(smalspårig),"/><SP WIDTH="23" VPOS="1064" HPOS="776"/>
							<String ID="string_216" HPOS="799" VPOS="1070" WIDTH="63" HEIGHT="15" WC="0.90" CONTENT="even-"/>
						</TextLine>
						<TextLine ID="line_26" HPOS="108" VPOS="1100" WIDTH="755" HEIGHT="30">
							<String ID="string_217" HPOS="108" VPOS="1101" WIDTH="56" HEIGHT="21" WC="0.93" CONTENT="tuelt"/><SP WIDTH="30" VPOS="1101" HPOS="164"/>
							<String ID="string_218" HPOS="194" VPOS="1100" WIDTH="34" HEIGHT="21" WC="0.95" CONTENT="till"/><SP WIDTH="34" VPOS="1100" HPOS="228"/>
							<String ID="string_219" HPOS="262" VPOS="1101" WIDTH="132" HEIGHT="26" WC="0.93" CONTENT="Pihlajavesi"/><SP WIDTH="20" VPOS="1101" HPOS="394"/>
							<String ID="string_220" HPOS="414" VPOS="1101" WIDTH="154" HEIGHT="29" WC="0.90" CONTENT="(bredspärig),"/><SP WIDTH="27" VPOS="1101" HPOS="568"/>
							<String ID="string_221" HPOS="595" VPOS="1101" WIDTH="133" HEIGHT="22" WC="0.95" CONTENT="åtminstone"/><SP WIDTH="26" VPOS="1101" HPOS="728"/>
							<String ID="string_222" HPOS="754" VPOS="1101" WIDTH="7" HEIGHT="20" WC="0.96" CONTENT="i"/><SP WIDTH="26" VPOS="1101" HPOS="761"/>
							<String ID="string_223" HPOS="787" VPOS="1106" WIDTH="76" HEIGHT="16" WC="0.96" CONTENT="senare"/>
						</TextLine>
						<TextLine ID="line_27" HPOS="106" VPOS="1136" WIDTH="756" HEIGHT="28">
							<String ID="string_224" HPOS="106" VPOS="1136" WIDTH="63" HEIGHT="21" WC="0.91" CONTENT="fallet"/><SP WIDTH="19" VPOS="1136" HPOS="169"/>
							<String ID="string_225" HPOS="188" VPOS="1136" WIDTH="71" HEIGHT="21" WC="0.92" CONTENT="banan"/><SP WIDTH="20" VPOS="1136" HPOS="259"/>
							<String ID="string_226" HPOS="279" VPOS="1136" WIDTH="107" HEIGHT="22" WC="0.91" CONTENT="bekostad"/><SP WIDTH="20" VPOS="1136" HPOS="386"/>
							<String ID="string_227" HPOS="406" VPOS="1137" WIDTH="24" HEIGHT="21" WC="0.96" CONTENT="af"/><SP WIDTH="19" VPOS="1137" HPOS="430"/>
							<String ID="string_228" HPOS="449" VPOS="1137" WIDTH="110" HEIGHT="21" WC="0.96" CONTENT="allmänna"/><SP WIDTH="15" VPOS="1137" HPOS="559"/>
							<String ID="string_229" HPOS="574" VPOS="1137" WIDTH="78" HEIGHT="27" WC="0.96" CONTENT="medel,"/><SP WIDTH="16" VPOS="1137" HPOS="652"/>
							<String ID="string_230" HPOS="668" VPOS="1137" WIDTH="69" HEIGHT="21" WC="0.96" CONTENT="under"/><SP WIDTH="15" VPOS="1137" HPOS="737"/>
							<String ID="string_231" HPOS="752" VPOS="1136" WIDTH="61" HEIGHT="21" WC="0.92" CONTENT="tiden"/><SP WIDTH="15" VPOS="1136" HPOS="813"/>
							<String ID="string_232" HPOS="828" VPOS="1137" WIDTH="34" HEIGHT="20" WC="0.92" CONTENT="ut-"/>
						</TextLine>
						<TextLine ID="line_28" HPOS="107" VPOS="1171" WIDTH="755" HEIGHT="29">
							<String ID="string_233" HPOS="107" VPOS="1171" WIDTH="80" HEIGHT="28" WC="0.96" CONTENT="fördes,"/><SP WIDTH="24" VPOS="1171" HPOS="187"/>
							<String ID="string_234" HPOS="211" VPOS="1172" WIDTH="112" HEIGHT="21" WC="0.96" CONTENT="äfvensom"/><SP WIDTH="24" VPOS="1172" HPOS="323"/>
							<String ID="string_235" HPOS="347" VPOS="1172" WIDTH="35" HEIGHT="21" WC="0.92" CONTENT="till"/><SP WIDTH="22" VPOS="1172" HPOS="382"/>
							<String ID="string_236" HPOS="404" VPOS="1173" WIDTH="142" HEIGHT="27" WC="0.96" CONTENT="Björneborg,"/><SP WIDTH="20" VPOS="1173" HPOS="546"/>
							<String ID="string_237" HPOS="566" VPOS="1173" WIDTH="80" HEIGHT="21" WC="0.96" CONTENT="Lovisa"/><SP WIDTH="20" VPOS="1173" HPOS="646"/>
							<String ID="string_238" HPOS="666" VPOS="1179" WIDTH="29" HEIGHT="20" WC="0.93" CONTENT="m,"/><SP WIDTH="21" VPOS="1179" HPOS="695"/>
							<String ID="string_239" HPOS="716" VPOS="1172" WIDTH="28" HEIGHT="27" WC="0.90" CONTENT="fl.,"/><SP WIDTH="22" VPOS="1172" HPOS="744"/>
							<String ID="string_240" HPOS="766" VPOS="1173" WIDTH="28" HEIGHT="20" WC="0.93" CONTENT="de"/><SP WIDTH="19" VPOS="1173" HPOS="794"/>
							<String ID="string_241" HPOS="813" VPOS="1171" WIDTH="49" HEIGHT="22" WC="0.92" CONTENT="sist-"/>
						</TextLine>
						<TextLine ID="line_29" HPOS="106" VPOS="1208" WIDTH="757" HEIGHT="22">
							<String ID="string_242" HPOS="106" VPOS="1208" WIDTH="96" HEIGHT="21" WC="0.93" CONTENT="nämnda"/><SP WIDTH="20" VPOS="1208" HPOS="202"/>
							<String ID="string_243" HPOS="222" VPOS="1208" WIDTH="197" HEIGHT="22" WC="0.92" CONTENT="subventionerade"/><SP WIDTH="20" VPOS="1208" HPOS="419"/>
							<String ID="string_244" HPOS="439" VPOS="1208" WIDTH="24" HEIGHT="22" WC="0.96" CONTENT="af"/><SP WIDTH="14" VPOS="1208" HPOS="463"/>
							<String ID="string_245" HPOS="477" VPOS="1211" WIDTH="80" HEIGHT="19" WC="0.93" CONTENT="staten."/><SP WIDTH="32" VPOS="1211" HPOS="557"/>
							<String ID="string_246" HPOS="589" VPOS="1209" WIDTH="95" HEIGHT="21" WC="0.88" CONTENT="Sälunda"/><SP WIDTH="15" VPOS="1209" HPOS="684"/>
							<String ID="string_247" HPOS="699" VPOS="1209" WIDTH="73" HEIGHT="21" WC="0.96" CONTENT="kunde"/><SP WIDTH="17" VPOS="1209" HPOS="772"/>
							<String ID="string_248" HPOS="789" VPOS="1209" WIDTH="74" HEIGHT="20" WC="0.96" CONTENT="senast"/>
						</TextLine>
						<TextLine ID="line_30" HPOS="105" VPOS="1242" WIDTH="756" HEIGHT="29">
							<String ID="string_249" HPOS="105" VPOS="1243" WIDTH="56" HEIGHT="21" WC="0.96" CONTENT="efter"/><SP WIDTH="15" VPOS="1243" HPOS="161"/>
							<String ID="string_250" HPOS="176" VPOS="1243" WIDTH="15" HEIGHT="21" WC="0.91" CONTENT="4"/><SP WIDTH="15" VPOS="1243" HPOS="191"/>
							<String ID="string_251" HPOS="206" VPOS="1242" WIDTH="13" HEIGHT="22" WC="0.93" CONTENT="å"/><SP WIDTH="15" VPOS="1242" HPOS="219"/>
							<String ID="string_252" HPOS="234" VPOS="1243" WIDTH="14" HEIGHT="21" WC="0.96" CONTENT="5"/><SP WIDTH="16" VPOS="1243" HPOS="248"/>
							<String ID="string_253" HPOS="264" VPOS="1245" WIDTH="30" HEIGHT="25" WC="0.95" CONTENT="år,"/><SP WIDTH="17" VPOS="1245" HPOS="294"/>
							<String ID="string_254" HPOS="311" VPOS="1243" WIDTH="7" HEIGHT="22" WC="0.93" CONTENT="i"/><SP WIDTH="16" VPOS="1243" HPOS="318"/>
							<String ID="string_255" HPOS="334" VPOS="1244" WIDTH="75" HEIGHT="21" WC="0.96" CONTENT="stället"/><SP WIDTH="16" VPOS="1244" HPOS="409"/>
							<String ID="string_256" HPOS="425" VPOS="1243" WIDTH="33" HEIGHT="23" WC="0.93" CONTENT="för"/><SP WIDTH="15" VPOS="1243" HPOS="458"/>
							<String ID="string_257" HPOS="473" VPOS="1245" WIDTH="42" HEIGHT="26" WC="0.96" CONTENT="två,"/><SP WIDTH="17" VPOS="1245" HPOS="515"/>
							<String ID="string_258" HPOS="532" VPOS="1244" WIDTH="87" HEIGHT="22" WC="0.96" CONTENT="arbetet"/><SP WIDTH="14" VPOS="1244" HPOS="619"/>
							<String ID="string_259" HPOS="633" VPOS="1245" WIDTH="50" HEIGHT="21" WC="0.96" CONTENT="med"/><SP WIDTH="10" VPOS="1245" HPOS="683"/>
							<String ID="string_260" HPOS="693" VPOS="1244" WIDTH="86" HEIGHT="27" WC="0.93" CONTENT="Kuopio"/><SP WIDTH="11" VPOS="1244" HPOS="779"/>
							<String ID="string_261" HPOS="790" VPOS="1243" WIDTH="71" HEIGHT="22" WC="0.96" CONTENT="banan"/>
						</TextLine>
						<TextLine ID="line_31" HPOS="105" VPOS="1278" WIDTH="95" HEIGHT="27">
							<String ID="string_262" HPOS="105" VPOS="1278" WIDTH="95" HEIGHT="27" WC="0.92" CONTENT="vidtaga."/>
						</TextLine>
					</TextBlock>
					<TextBlock ID="block_4" HPOS="101" VPOS="1315" WIDTH="761" HEIGHT="207">
						<TextLine ID="line_32" HPOS="177" VPOS="1315" WIDTH="685" HEIGHT="28">
							<String ID="string_263" HPOS="177" VPOS="1315" WIDTH="38" HEIGHT="20" WC="0.96" CONTENT="Att"/><SP WIDTH="19" VPOS="1315" HPOS="215"/>
							<String ID="string_264" HPOS="234" VPOS="1315" WIDTH="55" HEIGHT="21" WC="0.96" CONTENT="dock"/><SP WIDTH="9" VPOS="1315" HPOS="289"/>
							<String ID="string_265" HPOS="298" VPOS="1317" WIDTH="72" HEIGHT="20" WC="0.96" CONTENT="staten"/><SP WIDTH="10" VPOS="1317" HPOS="370"/>
							<String ID="string_266" HPOS="380" VPOS="1315" WIDTH="70" HEIGHT="22" WC="0.97" CONTENT="skulle"/><SP WIDTH="13" VPOS="1315" HPOS="450"/>
							<String ID="string_267" HPOS="463" VPOS="1316" WIDTH="70" HEIGHT="27" WC="0.93" CONTENT="bygga"/><SP WIDTH="12" VPOS="1316" HPOS="533"/>
							<String ID="string_268" HPOS="545" VPOS="1316" WIDTH="70" HEIGHT="21" WC="0.93" CONTENT="banor"/><SP WIDTH="12" VPOS="1316" HPOS="615"/>
							<String ID="string_269" HPOS="627" VPOS="1316" WIDTH="40" HEIGHT="21" WC="0.93" CONTENT="och"/><SP WIDTH="8" VPOS="1316" HPOS="667"/>
							<String ID="string_270" HPOS="675" VPOS="1315" WIDTH="93" HEIGHT="22" WC="0.92" CONTENT="bibanor"/><SP WIDTH="7" VPOS="1315" HPOS="768"/>
							<String ID="string_271" HPOS="775" VPOS="1315" WIDTH="35" HEIGHT="22" WC="0.96" CONTENT="till"/><SP WIDTH="9" VPOS="1315" HPOS="810"/>
							<String ID="string_272" HPOS="819" VPOS="1315" WIDTH="43" HEIGHT="21" WC="0.96" CONTENT="alla"/>
						</TextLine>
						<TextLine ID="line_33" HPOS="108" VPOS="1349" WIDTH="754" HEIGHT="30">
							<String ID="string_273" HPOS="108" VPOS="1349" WIDTH="86" HEIGHT="22" WC="0.92" CONTENT="landets"/><SP WIDTH="17" VPOS="1349" HPOS="194"/>
							<String ID="string_274" HPOS="211" VPOS="1351" WIDTH="75" HEIGHT="21" WC="0.92" CONTENT="städer"/><SP WIDTH="16" VPOS="1351" HPOS="286"/>
							<String ID="string_275" HPOS="302" VPOS="1351" WIDTH="40" HEIGHT="21" WC="0.96" CONTENT="och"/><SP WIDTH="15" VPOS="1351" HPOS="342"/>
							<String ID="string_276" HPOS="357" VPOS="1351" WIDTH="69" HEIGHT="22" WC="0.96" CONTENT="andra"/><SP WIDTH="15" VPOS="1351" HPOS="426"/>
							<String ID="string_277" HPOS="441" VPOS="1357" WIDTH="61" HEIGHT="16" WC="0.93" CONTENT="mera"/><SP WIDTH="16" VPOS="1357" HPOS="502"/>
							<String ID="string_278" HPOS="518" VPOS="1351" WIDTH="125" HEIGHT="22" WC="0.91" CONTENT="sekundära"/><SP WIDTH="15" VPOS="1351" HPOS="643"/>
							<String ID="string_279" HPOS="658" VPOS="1353" WIDTH="65" HEIGHT="26" WC="0.93" CONTENT="orter,"/><SP WIDTH="17" VPOS="1353" HPOS="723"/>
							<String ID="string_280" HPOS="740" VPOS="1351" WIDTH="54" HEIGHT="22" WC="0.96" CONTENT="eller"/><SP WIDTH="19" VPOS="1351" HPOS="794"/>
							<String ID="string_281" HPOS="813" VPOS="1351" WIDTH="49" HEIGHT="21" WC="0.96" CONTENT="med"/>
						</TextLine>
						<TextLine ID="line_34" HPOS="101" VPOS="1386" WIDTH="759" HEIGHT="29">
							<String ID="string_282" HPOS="101" VPOS="1386" WIDTH="36" HEIGHT="20" WC="0.95" CONTENT="ett"/><SP WIDTH="21" VPOS="1386" HPOS="137"/>
							<String ID="string_283" HPOS="158" VPOS="1386" WIDTH="39" HEIGHT="21" WC="0.92" CONTENT="ord"/><SP WIDTH="23" VPOS="1386" HPOS="197"/>
							<String ID="string_284" HPOS="220" VPOS="1387" WIDTH="161" HEIGHT="26" WC="0.91" CONTENT="monopolisera"/><SP WIDTH="17" VPOS="1387" HPOS="381"/>
							<String ID="string_285" HPOS="398" VPOS="1387" WIDTH="268" HEIGHT="28" WC="0.92" CONTENT="jernvägsproduktionen"/><SP WIDTH="16" VPOS="1387" HPOS="666"/>
							<String ID="string_286" HPOS="682" VPOS="1387" WIDTH="7" HEIGHT="22" WC="0.96" CONTENT="i"/><SP WIDTH="19" VPOS="1387" HPOS="689"/>
							<String ID="string_287" HPOS="708" VPOS="1387" WIDTH="50" HEIGHT="22" WC="0.96" CONTENT="hela"/><SP WIDTH="20" VPOS="1387" HPOS="758"/>
							<String ID="string_288" HPOS="778" VPOS="1387" WIDTH="82" HEIGHT="26" WC="0.96" CONTENT="landet,"/>
						</TextLine>
						<TextLine ID="line_35" HPOS="103" VPOS="1421" WIDTH="758" HEIGHT="30">
							<String ID="string_289" HPOS="103" VPOS="1427" WIDTH="52" HEIGHT="15" WC="0.92" CONTENT="vore"/><SP WIDTH="16" VPOS="1427" HPOS="155"/>
							<String ID="string_290" HPOS="171" VPOS="1421" WIDTH="141" HEIGHT="23" WC="0.93" CONTENT="ekonomiskt"/><SP WIDTH="16" VPOS="1421" HPOS="312"/>
							<String ID="string_291" HPOS="328" VPOS="1422" WIDTH="100" HEIGHT="28" WC="0.92" CONTENT="oriktigt,"/><SP WIDTH="16" VPOS="1422" HPOS="428"/>
							<String ID="string_292" HPOS="444" VPOS="1423" WIDTH="33" HEIGHT="21" WC="0.96" CONTENT="för"/><SP WIDTH="16" VPOS="1423" HPOS="477"/>
							<String ID="string_293" HPOS="493" VPOS="1425" WIDTH="34" HEIGHT="19" WC="0.92" CONTENT="att"/><SP WIDTH="15" VPOS="1425" HPOS="527"/>
							<String ID="string_294" HPOS="542" VPOS="1423" WIDTH="49" HEIGHT="22" WC="0.92" CONTENT="icke"/><SP WIDTH="18" VPOS="1423" HPOS="591"/>
							<String ID="string_295" HPOS="609" VPOS="1425" WIDTH="51" HEIGHT="26" WC="0.90" CONTENT="säga"/><SP WIDTH="16" VPOS="1425" HPOS="660"/>
							<String ID="string_296" HPOS="676" VPOS="1423" WIDTH="111" HEIGHT="28" WC="0.91" CONTENT="olyckligt."/><SP WIDTH="32" VPOS="1423" HPOS="787"/>
							<String ID="string_297" HPOS="819" VPOS="1422" WIDTH="42" HEIGHT="22" WC="0.92" CONTENT="Ge-"/>
						</TextLine>
						<TextLine ID="line_36" HPOS="104" VPOS="1455" WIDTH="755" HEIGHT="26">
							<String ID="string_298" HPOS="104" VPOS="1461" WIDTH="50" HEIGHT="16" WC="0.96" CONTENT="nom"/><SP WIDTH="17" VPOS="1461" HPOS="154"/>
							<String ID="string_299" HPOS="171" VPOS="1462" WIDTH="28" HEIGHT="15" WC="0.95" CONTENT="en"/><SP WIDTH="16" VPOS="1462" HPOS="199"/>
							<String ID="string_300" HPOS="215" VPOS="1455" WIDTH="34" HEIGHT="23" WC="0.96" CONTENT="för"/><SP WIDTH="15" VPOS="1455" HPOS="249"/>
							<String ID="string_301" HPOS="264" VPOS="1459" WIDTH="48" HEIGHT="20" WC="0.93" CONTENT="stor"/><SP WIDTH="16" VPOS="1459" HPOS="312"/>
							<String ID="string_302" HPOS="328" VPOS="1458" WIDTH="165" HEIGHT="22" WC="0.92" CONTENT="centralisation"/><SP WIDTH="16" VPOS="1458" HPOS="493"/>
							<String ID="string_303" HPOS="509" VPOS="1459" WIDTH="72" HEIGHT="22" WC="0.96" CONTENT="skulle"/><SP WIDTH="17" VPOS="1459" HPOS="581"/>
							<String ID="string_304" HPOS="598" VPOS="1459" WIDTH="38" HEIGHT="22" WC="0.96" CONTENT="det"/><SP WIDTH="16" VPOS="1459" HPOS="636"/>
							<String ID="string_305" HPOS="652" VPOS="1459" WIDTH="99" HEIGHT="22" WC="0.91" CONTENT="enskilda"/><SP WIDTH="15" VPOS="1459" HPOS="751"/>
							<String ID="string_306" HPOS="766" VPOS="1457" WIDTH="93" HEIGHT="23" WC="0.91" CONTENT="initiati-"/>
						</TextLine>
						<TextLine ID="line_37" HPOS="103" VPOS="1491" WIDTH="759" HEIGHT="31">
							<String ID="string_307" HPOS="103" VPOS="1492" WIDTH="48" HEIGHT="21" WC="0.92" CONTENT="vets"/><SP WIDTH="21" VPOS="1492" HPOS="151"/>
							<String ID="string_308" HPOS="172" VPOS="1491" WIDTH="128" HEIGHT="28" WC="0.92" CONTENT="lifgifvande"/><SP WIDTH="16" VPOS="1491" HPOS="300"/>
							<String ID="string_309" HPOS="316" VPOS="1494" WIDTH="41" HEIGHT="21" WC="0.93" CONTENT="och"/><SP WIDTH="15" VPOS="1494" HPOS="357"/>
							<String ID="string_310" HPOS="372" VPOS="1493" WIDTH="145" HEIGHT="23" WC="0.91" CONTENT="befruktande"/><SP WIDTH="17" VPOS="1493" HPOS="517"/>
							<String ID="string_311" HPOS="534" VPOS="1494" WIDTH="120" HEIGHT="28" WC="0.96" CONTENT="inflytande"/><SP WIDTH="20" VPOS="1494" HPOS="654"/>
							<String ID="string_312" HPOS="674" VPOS="1495" WIDTH="59" HEIGHT="21" WC="0.93" CONTENT="inom"/><SP WIDTH="13" VPOS="1495" HPOS="733"/>
							<String ID="string_313" HPOS="746" VPOS="1495" WIDTH="116" HEIGHT="26" WC="0.90" CONTENT="jernvägs-"/>
						</TextLine>
					</TextBlock>
					<TextBlock ID="block_5" HPOS="173" VPOS="1535" WIDTH="418" HEIGHT="24">
						<TextLine ID="line_38" HPOS="173" VPOS="1535" WIDTH="418" HEIGHT="24">
							<String ID="string_314" HPOS="173" VPOS="1535" WIDTH="197" HEIGHT="24" WC="0.91" CONTENT="Jernvägsutskottets"/><SP WIDTH="16" VPOS="1535" HPOS="370"/>
							<String ID="string_315" HPOS="386" VPOS="1536" WIDTH="117" HEIGHT="20" WC="0.91" CONTENT="betänkande"/><SP WIDTH="16" VPOS="1536" HPOS="503"/>
							<String ID="string_316" HPOS="519" VPOS="1537" WIDTH="38" HEIGHT="20" WC="0.94" CONTENT="N:o"/><SP WIDTH="15" VPOS="1537" HPOS="557"/>
							<String ID="string_317" HPOS="572" VPOS="1538" WIDTH="19" HEIGHT="19" WC="0.96" CONTENT="1."/>
						</TextLine>
					</TextBlock>
				</ComposedBlock>
				<GraphicalElement ID="cblock_2" HPOS="1067" VPOS="24" WIDTH="11" HEIGHT="434"></GraphicalElement >
			</PrintSpace>
		</Page>
	</Layout>
</alto>
