1078 1692
203 127 12 18 8
434 128 23 18 U.
470 128 23 18 B.
506 138 22 4 —
541 128 62 24 Prop.
616 128 38 19 N:o
666 128 18 19 8.

180 184 86 22 komma
280 187 32 19 att
326 187 77 25 utgöra
418 192 25 15 en
459 186 66 26 högre
541 186 73 28 afgäld
629 188 27 20 än
670 186 124 22 framdeles.
823 186 34 22 Då
872 185 65 22 emel-

181 218 63 22 lertid
268 219 40 21 den
327 226 41 20 nya
382 220 164 27 beskattningen
562 221 7 21 i
585 221 43 21 alla
643 221 38 21 fall
697 221 71 21 blefve
784 220 87 22 förenad
887 218 48 22 med

181 259 26 15 en
222 254 121 26 väsendtlig
358 254 159 27 skattehöjning
528 255 33 21 för
571 255 210 27 jordlägenheterna,
794 255 39 21 och
843 255 35 21 det
889 254 47 21 der-

181 286 34 22 för
230 294 63 20 synes
311 288 111 27 olämpligt
437 290 32 20 att
483 289 126 27 ytterligare
625 291 73 25 stegra
713 290 171 26 skattebeloppet
898 294 38 15 un-

182 321 38 21 der
238 322 26 20 de
283 322 68 21 första
366 322 58 27 åren,
440 325 39 19 när
493 323 163 27 svårigheterna
671 323 23 21 af
708 324 40 20 den
764 330 41 21 nya
819 323 117 26 ordningen

181 355 55 21 dock
258 358 56 19 mest
332 358 53 25 göra
400 358 33 25 sig
447 357 102 26 känbara,
565 364 64 14 anser
644 357 111 22 Utskottet
769 360 32 18 att
816 358 40 21 den
871 363 65 15 nuva-

181 390 27 20 de
228 390 136 26 jordskatten
387 391 7 21 i
413 391 100 27 Wiborgs
531 392 35 20 län
583 392 65 21 borde
664 392 119 21 tillsvidare
799 391 138 22 oförändradt

182 423 50 27 utgå
255 424 39 20 och
314 424 46 26 den;
374 431 41 21 nya
430 426 165 26 beskattningen
610 426 88 25 införas,
714 426 54 21 först
784 426 27 21 då
825 426 40 21 den
880 426 56 21 före-

181 458 76 26 slagna
279 458 7 21 i
306 460 98 20 metriskt
419 460 53 21 mått
487 460 109 27 uttryckta
611 460 179 27 undervisningen
806 461 83 21 komme
904 462 33 19 att

180 492 7 21 i
203 493 73 21 landet
291 494 114 26 tillämpas,
422 495 53 21 eller
489 495 48 21 från
553 495 39 21 och
609 495 47 21 med
670 494 24 21 år
703 495 61 21 1889.

249 528 33 20 En
298 528 116 27 öfvergång
429 528 46 21 från
492 529 40 21 den
549 529 128 26 Wiborgska
692 528 147 22 skatterubeln
850 528 33 21 till
895 529 40 21 den

181 560 123 28 föreslagna
322 562 56 21 efter
393 563 98 21 metriskt
506 563 54 21 mått
576 563 122 21 beräknade
714 562 81 27 rubeln,
811 562 125 21 förutsätter

183 596 126 26 emellertid,
332 596 34 21 för
384 599 32 19 att
433 597 173 27 skattebeloppet
621 597 104 21 förblefve
740 596 89 27 ungefär
845 596 91 22 detsam-

183 635 40 21 ma,
240 636 44 15 som
301 631 30 20 uti
348 631 54 21 1828
418 631 35 21 års
468 631 125 27 förordning
608 631 63 26 afses,
688 638 25 14 en
729 631 112 26 tillökning
856 630 7 21 i
879 636 57 16 man-

183 664 63 21 talets
270 665 98 26 rubeltal,
391 666 149 20 motsvarande
563 666 40 20 den
627 665 104 27 sänkning
753 665 11 21 i
780 664 156 22 skatterubelns

183 700 49 24 eget
247 699 71 25 värde,
335 705 45 15 som
399 699 84 21 komme
499 701 32 19 att
545 706 40 20 ega
601 706 51 14 rum.
684 699 79 21 Härtill
778 698 111 22 fordrades
905 700 32 19 att

182 732 74 27 hvarje
279 733 80 21 mantal
382 733 87 25 erhölle,
489 734 6 20 i
515 734 73 21 stället
607 734 33 20 för
656 733 27 22 15
699 733 59 21 rubel
775 733 119 26 respektive
908 733 29 21 45

183 766 133 22 skatterubel
338 767 13 21 å
373 767 128 22 fastalandet
523 768 39 21 och
581 768 28 22 30
628 768 59 21 rubel
704 768 27 26 på
746 769 95 19 utöarne.
870 767 10 21 I
896 767 41 21 den

183 800 77 27 nådiga
278 802 159 26 propositionen
456 802 91 21 föreslås
566 802 55 21 dock
638 803 32 20 att
684 802 74 26 hvarje
774 801 79 21 mantal
868 801 70 21 skulle

183 834 81 21 åsättas
284 836 76 20 endast
378 836 28 21 20
424 836 140 26 skatterubel,
580 836 81 21 hvilket
677 836 136 25 pluraliteten
829 835 56 20 inom
900 834 38 21 Ut-

183 868 81 21 skottet
280 869 62 21 äfven
358 869 34 21 för
407 870 32 21 sin
455 870 34 21 del
505 870 57 21 velat
578 870 90 25 biträda,
698 869 73 26 Några
786 869 23 20 af
817 868 122 21 Utskottets

184 903 138 20 medlemmar
345 903 63 21 hafva
428 904 95 21 deremot
543 903 77 22 önskat
635 903 132 21 fortfarande
782 903 106 21 bibehålla
904 902 36 21 det

183 936 7 21 i
213 936 55 21 1828
288 937 36 21 års
346 937 128 27 kungörelse
493 937 112 22 bestämda
624 937 81 21 antalet
726 937 23 21 af
766 937 26 21 15
807 936 132 21 skatterubel

183 969 33 22 för
232 971 111 22 mantalet.

252 1005 42 21 För
314 1005 23 22 år
358 1005 55 22 1882
428 1006 69 21 skulle
513 1006 56 21 efter
585 1007 40 20 den
641 1011 41 21 nya
697 1005 185 26 skattläggningen
902 1004 38 21 och

183 1039 73 21 derest
271 1039 76 22 rubeln
363 1039 134 22 beräknades
513 1040 67 27 enligt
595 1040 41 21 den
652 1039 123 26 föreslagna
790 1039 102 20 metriska
902 1044 38 15 un-

183 1073 161 27 dervisningen'
357 1074 33 21 till
413 1075 13 20 5
448 1074 61 21 mark
531 1075 27 20 27
582 1074 63 27 penni
665 1073 100 26 samtliga
780 1073 13 20 å
807 1073 71 20 skatte
901 1072 39 21 och

183 1107 144 27 kronojorden
348 1108 6 21 i
370 1108 59 21 länet
445 1109 98 20 hvilande
559 1107 180 27 kronoutskylder
752 1119 27 3 —
798 1107 89 20 vakans-
902 1106 39 21 och

183 1142 256 27 passevolansafgifterna
450 1143 120 21 emellertid
584 1142 46 21 deri
641 1141 47 22 icke
701 1141 144 22 inberäknade
854 1153 26 3 —
889 1147 52 20 upp-

184 1175 28 26 gä
226 1175 33 21 till
274 1176 96 27 följande
385 1177 88 28 belopp:

256 1456 133 17 Statsutskottets
400 1456 104 17 betänkande
518 1457 33 16 N:o
565 1457 16 16 5.
