1078 1692
470 134 39 23 N:o
525 134 30 22 16.
849 134 12 20 7

475 200 12 27 8
506 200 33 21 13.

199 239 109 27 Bergverk
331 240 40 21 och
394 238 262 28 manufakturinrättoing,
679 246 45 14 som
742 238 29 28 pä
786 238 68 29 grund
870 241 21 18 at

130 274 94 22 särskild
242 274 119 21 resolution
380 281 50 20 eger
444 275 43 21 rätt
503 274 32 21 till
551 273 110 27 kolfängst
676 274 40 20 och
732 274 69 21 andra
816 274 74 26 skogs-

131 308 167 22 förnödenheter
313 308 47 21 frän
376 309 52 21 visst
443 309 106 26 hemman,
565 308 56 21 skall
637 308 34 21 vid
687 308 71 22 denna
774 309 42 20 rätt
831 307 59 22 bibe-

131 342 79 26 hällas;
226 350 48 14 men
289 343 39 21 har
343 343 122 21 densamma
481 342 166 27 tillgodonjutits
658 342 47 21 frän
717 342 173 25 kronohemman,

131 377 81 21 hvilket
226 378 54 20 efter
296 377 40 21 den
353 378 11 20 9
380 377 128 27 September
526 378 51 20 1851
596 376 87 21 försälts
698 376 32 21 till
747 377 76 24 skatte,
839 379 51 17 utan

131 411 106 22 förbehäll
260 412 7 20 i
290 411 152 21 skattebrefvet
465 418 33 15 om
515 411 142 27 rättighetens
672 410 141 28 fortbeständ,
829 410 61 21 hafve

132 446 41 22 den
189 446 95 22 förfallit.

482 486 11 27 8
511 486 32 20 14.

201 520 131 27 Skogsmark
355 519 35 22 mä
412 522 18 24 ej
451 520 128 27 ödeläggas;
595 520 40 21 och
651 520 41 21 bör
704 520 115 27 jordegare
835 519 55 28 förty

132 555 35 21 vid
183 555 122 26 atverkning
321 554 47 22 från
382 557 37 25 yta
434 554 23 22 af
470 554 63 22 minst
548 554 30 22 tio
594 554 117 21 tunnlands
722 554 49 21 vidd
782 554 52 21 eller
844 553 47 21 från

133 590 78 22 holme,
227 590 7 20 i
250 590 62 20 hvars
328 589 75 21 närhet
419 589 52 27 skog
487 590 18 26 ej
523 590 70 26 växer,
610 589 56 21 tillse
681 591 32 19 att
728 588 13 22 &
753 590 92 23 marken,
857 587 34 22 sä-

133 624 44 21 vidt
185 624 40 21 den
242 624 18 26 ej
277 624 79 20 brukas
372 624 32 20 till
421 622 108 28 trädgärd,
546 623 52 21 äker
614 624 51 20 eller
680 625 48 25 äng,
745 624 53 20 eller
813 624 77 20 använ-

133 658 38 22 des
186 658 32 20 till
234 658 164 27 byggnadstomt
414 658 51 21 eller
481 661 66 18 annat
563 658 68 27 dylikt
647 657 106 28 ändamäl,
766 657 82 21 fröträd
859 656 32 20 till

133 695 31 19 ett
179 692 59 22 antal
253 692 23 21 af
289 693 64 20 minst
368 692 60 28 tjugu
444 692 27 27 pä
486 692 129 21 tunnlandet
631 692 140 27 gvarlemnas,
788 692 51 20 eller
851 690 40 22 ock

133 734 71 14 annan
227 727 148 21 motsvarande
393 726 75 27 ätgärd
483 727 34 21 för
532 726 144 22 befordrande
692 727 22 21 af
728 726 92 27 skogens
836 725 55 21 äter-

133 762 50 20 växt
199 762 101 27 vidtages.
324 761 124 21 Uraktlätes
464 762 59 20 detta
539 762 34 20 mä
589 761 93 21 domstol
694 761 34 21 vid
738 761 42 21 vite
792 760 99 27 förbjuda

133 796 38 20 allt
194 796 108 20 anlitande
321 796 22 20 af
358 796 79 27 skogen
453 795 12 21 ä
480 795 165 27 ifrägavarande
660 796 102 26 lägenhet
777 795 32 21 till
825 796 65 19 annat

133 831 28 20 än
177 830 105 21 husbehof
302 830 55 20 intill
376 830 48 21 dess
439 830 130 27 jordegaren
586 830 68 27 styrkt
669 832 32 19 att
716 837 27 20 ny
759 830 53 25 skog
827 828 13 21 å
856 829 35 20 det

133 864 90 21 förödda
239 864 62 21 fältet
315 864 119 27 uppspirat.

202 898 101 27 Afbrytes
322 899 18 26 ej
361 899 40 20 slik
418 898 117 21 förödande
550 898 192 27 skogsafverkning
758 897 84 22 säsnart
857 903 33 15 ve-

134 932 134 22 derbörande
284 932 102 28 äklagare
402 932 46 21 lätit
465 933 71 21 derom
550 933 118 27 bevisligen
684 933 86 26 tiilsäga
786 933 47 26 den,
845 938 45 14 som

133 967 60 21 leder
216 967 89 28 arbetet,
330 974 49 21 eger
399 967 116 27 Guvernör,
532 967 28 27 pä
576 968 107 24 anmälan,
700 967 95 22 deremot
810 967 81 20 utsätta

133 1001 42 22 vite
190 1001 43 22 tills
249 1002 92 21 domstol
356 1002 8 21 i
380 1002 65 21 saken
461 1002 118 21 förordnat.

202 1032 137 26 Öfverträdes
362 1037 159 27 vitestörbudet,
546 1037 97 21 meddele
666 1036 111 21 Guvernör
802 1035 88 22 oförtöf-

133 1071 51 21 vadt
199 1071 32 21 till
247 1072 83 27 ofogets
345 1071 152 22 förhindrande
513 1071 163 28 handräckning
692 1071 40 22 och
743 1071 41 21 den
795 1070 95 27 skyldige

134 1106 79 21 ersätte
229 1106 62 21 deraf
304 1106 132 28 härflytande
452 1106 99 22 kostnad.

477 1170 12 26 8
507 1169 33 21 15.

201 1197 47 28 Åbo
270 1203 12 21 &
301 1203 167 22 kronohemman
487 1211 52 20 eger
554 1203 69 28 nyttja
638 1203 42 21 den
695 1203 59 27 skog,
772 1209 44 15 som
832 1202 59 21 hem-

134 1240 72 19 manet
227 1238 136 27 underlyder,
386 1239 33 20 till
441 1239 49 20 dess
509 1238 68 21 behof
595 1239 34 20 för
644 1238 131 27 byggnader,
792 1236 99 27 redskap,

133 1272 93 27 gärdsel,
242 1272 110 21 vedbrand
368 1273 47 21 med
431 1280 58 14 mera
505 1273 74 27 dylikt.

201 1306 80 22 Likaså
300 1307 34 22 mä
354 1307 180 22 kronohemmans
555 1307 41 22 åbo
613 1306 54 23 ifrån
684 1307 139 27 lägenhetens
839 1304 53 28 skog

133 1342 52 26 taga
206 1341 59 21 virke
287 1341 33 21 till
343 1342 160 27 förfärdigande
527 1343 24 20 af
571 1341 107 28 husgeråd
698 1344 54 19 samt
772 1340 61 22 åker-
852 1340 41 21 och

134 1375 140 28 körredskap,
290 1383 45 14 som
352 1376 23 21 af
388 1376 77 21 honom
482 1377 33 20 till
531 1377 47 21 salu
594 1376 76 27 hållas,
681 1377 109 20 äfvensom
801 1375 22 21 af
833 1374 59 21 stub-

133 1408 41 21 bar
197 1409 39 21 och
259 1411 67 20 rötter
348 1410 97 21 tillverka
464 1411 55 27 tjära
540 1411 32 21 till
588 1411 128 26 försäljning
732 1413 56 18 samt
803 1409 90 27 föryttra

133 1443 56 21 bark
207 1444 23 21 af
249 1444 46 21 vide
318 1445 40 21 och
381 1444 82 22 sådana
485 1445 56 28 träd,
565 1452 45 15 som
633 1445 42 21 han
698 1445 40 21 fält
759 1445 34 20 för
815 1442 77 22 husbe-
