1078 1692
316 148 36 24 U.
369 149 42 23 B.
425 162 23 3 —
465 148 103 30 Prop.
584 148 58 23 N:o
657 149 35 22 6.

337 450 158 24 Statsutskottets
518 450 117 24 betänkande
658 450 33 23 N:o
707 450 12 23 6
736 450 4 23 i
756 450 96 28 anledning
867 449 21 23 af

269 484 19 24 H.
305 484 18 24 K.
346 484 44 24 M:ts
414 484 67 29 nådiga
503 485 118 28 proposition
636 490 28 18 om
680 483 207 30 rustningsskyldighe-

268 520 44 22 tens
334 518 127 30 upphäfvande
477 518 36 24 och
535 519 110 28 indragning
660 518 21 24 af
695 518 22 24 de
733 518 103 23 rusthällen
851 524 36 17 an-

269 553 65 23 visade
350 554 110 28 augments-
476 553 35 23 och
528 553 62 29 öfriga
605 554 67 22 räntor
687 554 49 22 samt
752 552 136 29 eftergifvande

271 587 20 23 af
305 588 23 22 de
343 587 42 23 från
401 587 110 26 rusthällen,
527 587 91 24 roterade
633 587 83 23 hemman
732 587 35 23 och
778 586 110 24 bätsmans-

271 621 37 23 häll
324 621 91 29 utyäende
430 622 157 28 vakansafgifter.

203 684 33 21 Då
252 684 69 21 denna
336 684 78 27 nådiga
430 684 132 26 proposition
577 684 40 21 hos
628 684 120 21 Ständerna
763 683 127 27 föredragits

133 718 66 21 hafva
212 718 158 26 Ridderskapet
384 718 40 21 och
439 718 69 21 Adeln
523 720 57 19 samt
595 717 85 22 Preste-
688 718 39 21 och
738 716 153 28 Borgarestän-

135 753 47 25 den,
195 752 66 27 jemte
277 752 36 21 det
328 752 26 21 de
370 752 22 22 ät
407 752 153 27 Lagutskottet
575 752 179 22 öfverlemnatatt
770 758 33 16 om
814 758 78 20 propo-

135 787 91 21 sitionen
240 786 80 27 afgifva
334 787 100 26 yttrande
456 786 34 22 för
505 786 24 22 sä
544 787 45 21 vidt
605 787 41 21 den
661 786 64 22 berör
740 786 90 27 ändring
845 785 22 21 af
880 785 12 27 $

136 821 27 20 18
185 821 7 20 i
207 820 205 27 Regeringsformen,
436 821 121 20 remitterat
577 821 160 26 propositionen
752 820 33 21 till
801 820 92 21 Statsut-

135 855 88 26 skottet,
238 855 113 21 hvaremot
365 855 160 21 Bondeständet
539 855 34 21 för
581 855 33 21 sin
629 855 35 21 del
678 856 52 20 utan
745 856 98 19 närmare
857 853 36 22 be-

135 889 115 26 gränsning
272 889 121 21 remitterat
416 889 123 21 densamma
561 889 33 21 till
614 889 59 21 såväl
696 889 53 26 Lag-
765 895 45 14 som
826 887 68 22 Stats-

136 923 114 21 utskottet.
288 923 43 21 Vid
360 923 203 21 remissdebatterna
595 923 7 21 i
625 923 95 21 Ständen
751 922 64 21 hafva
839 921 55 22 före-

136 957 90 21 kommit
248 957 106 21 särskilda
376 957 125 21 uttalanden
519 957 7 21 i
543 959 78 24 ämnet,
644 957 72 21 hvilka
728 957 79 27 jemväl
823 955 73 28 delgif-

138 991 42 21 vits
202 991 118 26 Utskottet,
340 991 117 27 hvarjemte
472 991 113 22 Utskottet
599 991 41 22 fätt
655 993 108 25 emottaga
778 991 78 26 utdrag
870 996 26 15 ur

139 1025 121 26 Kejserliga
275 1025 103 21 Senatens
393 1025 35 21 vid
442 1025 171 27 propositionens
628 1025 152 27 föredragning
795 1025 40 21 och
857 1024 40 21 den

139 1059 8 21 i
170 1059 114 26 anledning
306 1059 62 21 deraf
388 1059 58 22 inom
468 1059 27 22 K.
516 1059 94 22 Senaten
631 1059 113 22 förefallna
766 1059 131 26 omröstning

139 1093 63 22 förda
223 1093 109 26 protokoll
354 1093 108 22 äfvensom
477 1089 181 32 Öfverstyrelsens
673 1094 34 21 för
728 1092 170 23 Landtmäteriet

140 1127 34 22 till
189 1127 26 22 K.
239 1127 94 22 Senaten
355 1127 79 28 afgifna
450 1128 39 21 och
505 1128 22 21 af
541 1128 107 21 särskilda
662 1128 84 27 bilagor
760 1127 91 27 ätföljäa
865 1128 33 19 ut-

140 1161 87 22 lätande
242 1161 8 21 i
266 1162 113 27 anledning
394 1162 23 21 af
430 1161 121 22 infordradt
566 1162 81 27 förslag
661 1163 34 21 till
710 1162 99 22 eventuel
819 1161 80 22 skatte-

141 1195 127 27 förmedling
290 1195 23 22 af
334 1195 68 28 nägra
424 1196 91 21 rusthäll
538 1197 59 21 inom
619 1197 74 26 hvarje
715 1196 100 27 kompani
837 1195 24 22 af
874 1195 25 21 de

141 1230 77 21 fordna
233 1230 225 27 dragonregementen.
489 1231 113 22 Utskottet
617 1231 40 21 har
672 1231 62 21 äfven
746 1231 67 27 jemte
828 1231 72 26 proto-

142 1264 135 27 kollsutdrag
292 1264 48 21 från
354 1264 161 22 Bondeständet
530 1264 43 22 fått
587 1267 97 25 mottaga
698 1267 32 20 ett
744 1265 50 21 med
809 1265 40 20 den
864 1263 37 22 nä-

143 1298 50 27 diga
215 1299 160 26 propositionen
396 1299 8 20 i
420 1299 153 27 sammanhang
595 1299 87 22 stäende
698 1299 24 22 sä
742 1299 91 27 lydande
848 1297 53 28 peti-

142 1332 178 21 tionsmemoria!:

327 1395 46 20 Till
388 1395 143 21 Hedervärda
546 1395 170 22 Bondeständet.

213 1445 58 17 Säväl
283 1445 28 18 uti
323 1445 158 18 Statsutskottets
493 1446 33 17 vid
539 1446 46 17 1882
597 1446 32 17 ärs
638 1446 93 23 landtdag
741 1444 118 19 betänkande
867 1443 36 18 N:o

144 1472 24 18 33
176 1478 42 12 som
227 1473 35 18 ock
270 1474 29 17 uti
312 1474 55 17 Hans
376 1474 113 23 Kejserliga
494 1474 103 23 Majestäts
609 1474 30 18 till
652 1475 62 17 denna
726 1474 93 22 landtdag
831 1472 73 23 afgitna

214 1508 150 18 Statsutskottets
376 1508 117 18 betänkande
507 1509 36 17 N:o
557 1508 17 17 6.
