1078 1692
203 130 27 21 72
406 129 24 22 U.
445 130 22 22 B.
483 144 30 3 —
528 131 63 28 Prop.
606 130 37 22 N:o
661 129 33 23 13.

172 195 228 29 sjökommunikation,
416 196 156 28 obestridligen
592 198 72 20 måste
683 195 61 22 finna
760 196 36 22 det
811 195 115 23 förmånli-

171 232 49 26 gast
242 232 34 20 att
296 231 97 28 begagna
413 232 126 22 densamma
559 233 25 21 så
598 232 52 27 lång
666 234 41 25 väg
723 238 46 15 som
785 232 85 28 möjligt
886 232 40 22 och

171 267 98 27 uppsöka
282 267 118 28 jernvägen
415 268 54 22 först
484 268 37 22 vid
535 268 85 27 Lahtis,
636 268 150 22 hvarförutom
801 268 81 22 äfven
874 263 13 37 i
897 275 27 15 en

169 303 113 22 sannolikt
304 304 19 27 ej
348 305 25 21 så
390 304 74 22 alltför
479 304 96 28 aflägsen
590 304 91 22 framtid
694 304 92 27 jernväg
798 304 80 27 jemväl
889 304 37 22 vid

171 338 117 28 Jyväskylä
309 340 86 22 komme
418 342 33 20 att
474 340 96 22 beröras.
601 340 86 22 Endast
710 339 98 22 farleden
824 340 13 21 3
853 340 72 22 skulle

171 374 175 28 ovedersägligen
366 376 88 21 komma
471 377 34 20 att
520 375 83 22 tillföra
619 382 27 15 en
660 376 99 27 jernväg,
776 382 45 15 som
837 376 63 22 stode
915 376 8 21 i

170 409 132 23 förbindelse
317 412 49 21 med
381 412 76 22 Iisvesi
473 412 40 27 sjö,
529 412 71 26 någon
616 411 72 22 trafik.
714 412 40 20 Att
769 411 7 22 i
787 411 71 22 siffror
868 418 57 21 upp-

171 445 73 22 skatta
266 446 50 22 dess
339 447 83 22 storlek
444 449 25 19 är
489 447 139 27 naturligtvis
644 448 81 26 ytterst
740 447 115 27 vanskligt,
872 454 50 15 men

170 487 35 15 om
223 488 51 15 man
290 482 121 22 emellertid
426 485 39 25 gör
480 489 27 15 en
521 482 125 28 jemförelse
662 483 51 21 med
728 483 68 21 Pielis
810 483 114 28 kanalled,

169 517 65 22 hvars
254 518 153 22 trafikområde
423 521 24 19 är
461 518 157 28 mångdubbelt
634 520 72 20 större
723 521 29 19 än
768 519 37 21 det
820 525 46 16 som
881 519 41 22 här

169 553 98 22 kommer
289 554 8 22 i
320 554 66 28 fråga,
410 556 43 21 kan
475 561 50 15 man
541 556 75 20 derom
631 555 63 21 bilda
710 555 33 27 sig
758 562 27 15 en
800 556 122 27 ungefärlig

168 589 157 29 föreställning.
348 591 34 21 Då
390 591 109 27 nemligen
509 591 48 22 från
567 592 121 20 utskottets
698 591 74 27 bilaga
781 591 33 21 III
823 591 97 28 framgår

169 626 33 20 att
216 624 93 24 trafiken
324 627 13 21 å
352 626 67 22 Pielis
429 627 97 27 kanaler,
538 627 50 21 med
598 626 78 28 afdrag
687 626 25 22 af
720 628 105 26 trävaror,
836 627 85 27 utgjort

168 660 7 22 i
199 661 102 22 medeltal
322 663 78 21 endast
422 663 100 27 omkring
545 663 82 27 60,000
652 664 90 20 centner
756 670 40 20 per
811 664 30 26 år,
857 664 63 21 torde

168 697 108 27 svårligen
298 698 47 22 från
364 699 76 21 Iisvesi
455 700 157 26 vattendragen
631 699 134 22 åtminstone
780 699 33 22 för
829 706 26 15 en
871 702 49 19 när-

167 739 59 15 mare
249 733 89 22 framtid
360 727 74 29 kunna
457 736 94 20 emotses
572 736 33 20 ett
625 735 68 27 årligt
708 734 161 22 trafiktillskott
885 734 35 22 till

164 768 118 28 jernvägen
304 769 86 23 utöfver
412 770 81 28 20,000
515 770 14 21 å
551 770 83 28 30,000
658 771 98 21 centner.
788 770 43 21 För
853 777 27 15 en
896 772 24 20 så

166 804 63 28 ringa
246 804 66 22 trafik
327 806 74 21 kunna
416 806 19 27 ej
451 812 68 21 gerna
534 805 37 21 vid
584 806 131 26 jernvägens
732 806 111 26 dragande
858 812 62 16 mera

166 839 146 24 framstående
327 841 84 22 trakter
426 841 170 22 tillbakasättas.

239 876 111 23 Förnekas
372 877 44 22 kan
437 877 68 22 likväl
528 877 19 27 ej
571 879 34 20 att
627 883 27 16 en
670 877 134 21 förbindelse
820 877 96 22 emellan

161 911 91 28 jernväg
268 913 39 20 och
323 912 160 23 ofvannämnda
497 913 70 22 farled
582 913 14 22 3
612 914 71 20 måste
694 912 92 22 framstå
796 915 71 19 säsom
882 914 33 21 ett

165 947 170 28 önskningsmål.
365 948 51 22 Men
430 949 73 27 frågas
518 949 43 21 kan
577 949 79 27 tillika,
672 948 108 21 huruvida
796 949 18 26 ej
832 955 84 15 samma

164 983 43 21 mål
227 983 73 22 kunde
315 985 84 26 uppnås
414 986 29 25 på
458 991 71 15 annan
545 987 42 24 väg
601 986 28 19 än
645 990 79 21 genom
738 984 130 27 jernvägens
884 984 30 22 le-

163 1019 71 21 dande
257 1019 35 21 till
314 1019 140 28 Suonenjoki.
485 1020 11 21 I
516 1020 79 21 sådant
611 1019 103 22 afseende
730 1019 127 22 framhåller
873 1020 43 21 den

163 1053 133 23 Savolakska
304 1055 241 28 jernvägskomissonen
557 1055 143 28 möjligheten
710 1055 25 22 af
744 1055 131 27 Suonenjoki
892 1057 25 20 ås

161 1089 154 29 kanalisering.
346 1091 11 21 I
377 1091 42 22 den
439 1091 80 28 nådiga
533 1091 167 27 propositionen
716 1090 87 22 anföres
819 1091 95 22 visserli-

161 1131 42 21 gen
218 1127 34 21 att
267 1133 27 15 en
309 1127 148 27 kanalisering
472 1127 35 21 till
522 1128 70 21 större
610 1127 52 26 djup
682 1128 27 19 än
725 1125 49 22 4fot
784 1126 19 27 ej
816 1126 56 23 låter
883 1127 34 27 sig

160 1163 53 25 göra
223 1163 53 20 utan
287 1161 139 23 öfverhöfvan
437 1163 67 27 dryga
514 1163 125 27 kostnader,
651 1168 51 15 men
713 1162 37 21 det
760 1163 71 20 måste
840 1162 72 21 starkt

161 1196 7 21 i
191 1197 61 27 fråga
275 1199 75 26 sättas,
371 1198 108 22 huruvida
495 1205 26 15 en
536 1198 150 27 kanalisering
701 1197 41 22 här
756 1197 36 22 till
807 1197 107 28 betydligt

160 1233 70 21 större
249 1233 52 27 djup
320 1235 28 20 än
362 1234 16 21 4
393 1233 33 22 fot
441 1234 40 21 alls
497 1236 24 19 är
536 1233 24 22 af
573 1234 78 21 nöden.
684 1233 42 22 Oss
742 1239 63 21 synes
821 1239 48 16 som
886 1240 26 15 en

159 1267 146 29 kanslisering
312 1269 35 21 till
357 1269 14 22 5
382 1269 44 22 fots
436 1270 135 27 vattendjup,
579 1270 95 21 likasom
685 1270 13 21 &
707 1269 26 22 de
742 1269 172 22 Tavastländska

158 1304 164 28 vattendragen,
330 1311 52 16 vore
397 1312 46 15 mer
458 1308 28 19 än
501 1305 213 28 tillfyllestgörande,
724 1305 40 21 och
774 1305 58 27 gifva
843 1305 23 21 af
876 1311 36 16 oss

158 1340 122 27 uppgjorda
299 1353 30 2 —
348 1341 128 28 visserligen
497 1341 85 27 mycket
597 1340 177 28 approximativa
788 1353 31 3 —
833 1340 81 22 beräk-

157 1375 78 27 ningar
255 1376 49 21 stöd
323 1375 33 22 för
372 1377 38 21 det
424 1377 130 27 antagande,
570 1379 33 19 att
619 1377 125 22 kostnaden
759 1376 35 22 för
803 1383 27 14 en
842 1376 70 22 kana-

156 1409 92 29 lisering
262 1411 25 22 af
300 1411 132 28 Suonenjoki
448 1414 13 20 å
472 1412 34 22 till
517 1414 32 20 ett
560 1413 52 26 djup
624 1412 24 22 af
658 1412 15 22 5
684 1411 33 22 fot
727 1412 51 21 med
789 1418 26 15 en
826 1411 86 22 botten-

156 1445 70 23 bredd
236 1447 24 21 af
269 1447 29 22 30
308 1447 33 22 fot
352 1448 19 27 ej
383 1448 67 22 borde
462 1448 101 27 medtaga
573 1455 27 15 en
611 1448 97 22 kostnad
718 1447 87 22 utöfver
815 1447 99 28 300,000-

157 1482 63 21 mark
234 1482 55 22 eller
303 1483 151 28 ungefärligen
471 1484 113 21 enahanda
599 1490 93 21 summa,
704 1489 47 16 som
762 1483 34 21 för
807 1483 41 22 den
859 1490 51 21 pro-

226 1519 196 26 Jernvägsutskottets
438 1520 117 21 betänkande
570 1520 37 21 N:o
622 1521 19 20 1.
