1078 1692
366 150 24 23 U.
405 150 24 23 B.
443 163 29 4 —
487 151 65 29 Prop.
568 151 38 23 N:o
623 150 20 22 5.
847 152 12 20 3

200 218 71 22 Jemte
293 217 37 22 det
354 217 107 22 utskottet
483 217 59 28 förty
565 216 98 29 godkänt
681 216 63 23 säväl
758 216 69 28 syftet
840 216 50 22 med

133 253 40 21 den
193 252 81 28 nädiga
292 252 158 28 propositionen
465 258 45 16 som
526 252 41 22 den
583 252 34 22 till
633 252 71 28 grund
718 251 34 22 för
767 252 123 21 densamma

132 287 66 28 lagda
219 287 91 28 princip,
333 288 40 21 har
395 288 107 21 utskottet
524 286 66 23 äfven
605 286 87 22 förenat
711 286 35 28 sig
762 286 78 28 derom,
856 287 34 21 att

133 322 113 22 enahanda
260 321 99 23 befrielse
373 322 50 21 frän
433 322 137 22 förrättande
580 321 25 22 af
613 321 75 22 arbete
699 321 39 22 och
748 320 50 23 frän
807 321 83 27 bysätt-

132 356 59 28 ning,
207 362 44 17 som
266 356 83 28 tillagts
364 356 166 28 värnepligtige,
546 356 8 22 i
569 355 95 29 krigstid
677 356 82 27 jemväl
773 355 72 28 borde,
860 356 30 27 pä

132 392 45 21 sätt
199 391 8 21 i
229 391 159 27 propositionen
410 390 132 28 föreslagits,
565 390 120 22 tillkomma
706 390 83 22 befälet
808 390 25 22 af
846 390 44 22 alla

133 425 79 29 grader
226 427 56 21 samt
297 425 71 28 öfrige
382 425 117 28 krigsmän,
513 425 90 23 hvilken
618 425 154 28 utsträckning
782 425 107 22 utskottet

133 460 71 22 funnit
226 467 54 16 vara
301 460 105 28 betingad
428 460 25 22 af
470 460 42 22 den
527 462 60 20 stora
601 460 119 28 betydelse,
737 461 33 21 ett
784 460 106 28 fulltaligt

134 496 38 21 och
194 495 93 28 kunnigt
308 494 59 23 befäl
388 497 56 20 samt
465 496 83 21 största
566 494 90 29 möjliga
676 495 61 22 antal
752 494 49 22 fullt
815 494 76 23 öfvadt

133 530 104 28 manskap
257 530 69 22 mäste
341 529 76 23 utöfva
431 530 14 21 &
460 529 144 28 framgängen
619 529 26 22 af
656 529 234 29 krigsoperationerna.

132 565 50 22 Men
199 564 64 23 äfven
278 565 26 21 de
320 564 62 22 civile
397 564 184 28 tjenstemännens
595 564 39 23 vid
648 571 27 15 en
690 567 65 25 trupp
766 564 125 22 ersättande

133 600 49 22 med
196 600 74 27 andra,
288 599 28 22 dä
330 599 147 28 mobilisering
493 606 53 21 eger
560 606 53 21 rum,
629 599 69 22 skulle
713 600 49 21 med
776 599 29 22 all
815 606 75 15 sanno-

133 634 70 23 likhet
225 634 148 22 åstadkomma
395 634 66 22 oreda
477 634 41 22 och
533 634 110 28 dröjsmål,
658 634 108 22 beroende
781 634 64 22 deraf
857 636 34 20 att

134 670 41 22 den
197 670 135 28 tjensteman,
355 675 43 16 som
422 670 81 21 ersatte
523 669 42 22 den
581 669 114 28 afgående,
711 668 93 23 behöfde
818 669 73 27 någon

133 704 33 22 tid
180 704 34 22 för
228 706 35 21 att
277 706 59 20 sätta
350 704 34 28 sig
393 704 23 22 in
426 704 7 21 i
444 704 26 22 de
480 710 44 21 nya
534 703 172 23 förhållandena.
728 704 52 22 Med
790 704 102 22 afseende

133 740 62 22 såväl
209 740 55 21 härä
279 746 45 15 som
338 738 103 23 särskildt
456 739 14 21 å
485 739 42 21 den
543 739 113 27 svårighet
671 740 34 20 att
714 738 36 22 för
759 738 133 28 sjukvården

133 774 8 22 i
163 774 43 22 fält
228 774 82 22 erhålla
332 773 127 28 tillräckligt
478 774 61 21 antal
554 774 83 27 läkare,
650 780 46 16 som
710 773 39 23 vid
763 775 129 26 truppernas

133 810 107 22 ställande
256 810 14 21 å
284 809 94 28 krigsfot
388 808 109 22 sannolikt
506 809 57 21 skall
577 810 65 26 möta,
653 809 40 21 har
703 809 108 22 utskottet
821 810 71 20 ansett

134 844 34 27 sig
182 844 54 21 böra
251 843 148 23 omformulera
414 845 12 20 2
441 849 62 16 mom.
519 843 26 22 af
559 845 11 20 1
587 845 13 25 &
615 843 98 28 sålunda,
730 845 34 20 att
774 843 119 22 detsamma

135 879 103 22 omfattar
259 879 49 27 alla,
324 885 44 16 som
382 878 35 22 till
431 878 152 28 krigsmakten
598 879 59 27 höra,
673 880 57 20 samt
744 878 66 28 gifvit
824 878 70 28 sagda

133 916 94 20 moment
249 914 57 27 plats
328 914 70 21 såsom
421 920 26 15 en
467 913 95 22 särskild
581 914 14 25 &
617 913 41 22 sist
679 913 8 22 i
708 913 185 28 författningsför-

135 949 78 27 slaget.
248 949 46 22 Och
317 949 35 21 får
374 948 108 22 utskottet
505 948 72 22 såsom
599 948 129 27 ytterligare
750 948 48 22 skäl
820 947 73 22 härför

134 983 135 22 beträffande
285 983 26 22 de
326 982 64 23 civile
404 983 176 28 tjenstemännen
595 983 38 22 vid
647 984 65 26 trupp
727 982 121 28 framhålla,
859 984 35 20 att

135 1018 68 27 desse,
219 1018 69 28 enligt
303 1017 104 28 förslaget
422 1017 33 22 till
469 1017 102 28 strafflag
586 1017 35 22 för
628 1017 71 22 finska
709 1017 114 28 militären,
833 1017 9 22 i
851 1017 42 22 fält

135 1053 119 27 underlyda
276 1052 93 22 nämnda
388 1052 38 28 lag
447 1052 40 22 och
509 1052 86 22 således
614 1052 8 21 i
642 1051 94 29 krigstid
751 1051 65 24 äfven
831 1052 61 22 torde

134 1088 54 22 böra
201 1087 9 22 i
224 1087 68 28 öfrigt
305 1083 108 37 likställas
428 1087 48 22 med
489 1087 120 28 krigsmän.

203 1122 65 22 Utom
282 1122 58 22 hvad
355 1119 106 25 utskottet
475 1128 53 21 nyss
543 1122 107 27 anmärkt,
666 1122 40 21 har
722 1122 118 22 detsamma
855 1121 37 23 vid

135 1157 134 28 granskning
292 1156 24 22 af
335 1157 153 27 lagförslagets
510 1158 49 20 text
581 1156 72 22 funnit
672 1157 62 22 ordet
755 1156 135 28 ,krigsman*

134 1193 74 21 kunna
222 1193 54 27 utgå
291 1198 26 15 ur
332 1194 11 19 1
360 1198 60 15 mom.
435 1191 25 22 af
473 1193 12 20 1
502 1192 19 27 $,
538 1193 54 20 enär
606 1191 70 28 sagda
690 1191 39 22 ord
743 1191 35 22 för
788 1197 26 16 en
824 1191 68 28 riktig

135 1226 140 29 uppfattning
290 1227 25 21 af
326 1226 94 22 nämnda
434 1227 94 21 moment
544 1226 19 28 ej
581 1228 25 19 är
621 1225 110 29 behöfligt.

203 1261 34 22 En
260 1261 165 27 omständighet,
449 1267 44 15 som
515 1260 26 22 af
562 1261 108 22 utskottet
683 1261 19 27 ej
718 1261 68 22 heller
801 1260 91 22 lemnats

135 1296 116 28 obeaktad,
260 1299 26 19 är
296 1296 133 27 stadgandet
435 1296 33 21 uti
477 1297 26 20 10
515 1297 13 25 $
539 1295 26 22 af
573 1295 189 28 ofvanäberopade
769 1295 123 28 Kejserliga

135 1331 136 28 Förordning
279 1331 49 22 utaf
334 1331 41 22 den
383 1333 27 19 23
418 1330 45 22 Juli
472 1333 62 25 1868,
541 1331 70 28 enligt
617 1331 84 22 hvilket
708 1331 111 28 gäldenär,
825 1330 67 22 sedan

134 1366 43 22 han
198 1366 34 22 för
253 1366 73 27 någon
343 1365 63 22 skuld
421 1365 58 23 varit
493 1366 78 27 bysatt
583 1366 54 22 eller
650 1365 73 22 hållen
738 1365 34 22 till
788 1365 80 27 arbete,
883 1364 9 22 i

134 1401 75 27 regeln
224 1401 18 27 ej
260 1407 58 15 mera
332 1400 35 22 får
381 1400 35 22 för
430 1406 81 16 samma
525 1400 66 22 skuld
606 1401 56 26 ånyo
677 1400 99 27 bysättas
791 1399 53 22 eller
858 1399 34 22 till

135 1435 75 22 arbete
224 1435 94 28 tvingas,
334 1435 37 22 der
386 1435 18 27 ej
421 1435 25 22 så
461 1437 25 20 är
501 1436 35 20 att
550 1435 44 22 han
609 1441 26 16 ur
645 1433 247 29 bysättningsfängelset

135 1469 52 23 eller
208 1469 50 22 från
280 1470 86 22 arbetet
387 1469 128 28 egenvilligt
531 1469 86 23 afvikit.
647 1469 45 22 Och
706 1469 67 22 hafva
788 1469 56 22 inom
860 1470 31 20 ut-

203 1510 139 23 Lagutskottets
355 1509 116 18 betänkande
483 1510 36 17 N:o
531 1510 17 17 2.
