1078 1692
379 139 23 21 U.
417 138 24 23 B.
457 151 26 4 —
499 139 64 29 Prop.
579 140 37 22 N:o
631 140 15 22 1.

408 411 204 30 Lagutskottets
630 411 168 25 betänkande
817 412 38 24 N:o
874 411 12 23 6

339 446 8 22 i
362 446 120 29 anledning
491 446 26 23 af
522 447 59 23 Hans
591 447 126 29 Kejserliga
724 447 114 29 Majestäts
848 447 39 23 nä-

340 480 52 29 diga
411 482 136 28 proposition
567 488 34 16 om
619 482 95 28 ändring
729 482 27 23 af
768 481 23 23 51
805 482 41 22 och
860 481 28 23 52

340 518 24 23 $$
377 516 6 22 i
392 516 252 30 Landtdagsordningen
658 516 26 23 af
697 516 42 23 den
750 516 22 23 15
783 516 30 29 (3)
824 516 64 29 April

338 550 58 28 1869,
416 550 155 24 innehållande
593 552 82 28 tillägg
694 558 33 16 om
748 551 140 23 motionsrätt

338 584 37 24 för
392 585 129 24 Ständerna.

201 654 77 23 Denna
293 655 79 27 nädiga
386 656 133 29 proposition
535 656 39 22 har
589 656 23 22 af
625 656 101 27 samtliga
741 656 63 22 ständ
819 656 69 22 blifvit

133 689 7 21 i
156 688 102 23 afseende
273 689 13 22 &
301 688 156 24 förberedande
477 690 130 28 behandling
623 690 144 23 öfverlemnad
782 690 32 22 till
832 690 55 28 Lag-

133 723 115 27 utskottet,
264 730 46 15 som
325 723 29 28 pä
368 724 93 27 begäran
478 724 85 22 erhällit
579 725 34 22 del
629 724 22 22 af
665 725 26 21 de
702 725 6 21 i
719 725 122 28 Kejserliga
850 724 38 22 Se-

134 760 65 19 naten
215 758 6 21 i
237 758 67 22 saken
319 758 112 22 tillkomna
445 758 128 28 handlingar
582 760 56 21 samt
648 758 239 28 Generalguvernörens

135 792 113 28 yttranden
264 792 6 22 i
286 792 115 28 anledning
416 792 23 22 af
453 793 36 22 det
503 793 79 27 beslut,
599 793 59 22 hvari
675 793 121 23 Ständerna
809 793 35 22 vid
854 799 33 16 se-

135 829 61 20 naste
212 827 104 27 landtdag
330 827 7 21 i
353 829 73 20 ämnet
440 829 94 20 stannat.
550 828 103 21 Deremot
668 828 39 21 har
715 828 115 26 utskottet,
841 834 47 15 som

134 861 62 22 aktat
215 861 75 28 nödigt
308 861 64 22 hafva
388 861 31 22 till
433 861 68 22 hands
516 861 79 28 jemväl
611 861 27 22 de
652 862 36 21 vid
704 862 101 21 ärendets
821 861 67 22 hand-

134 896 100 27 läggning
253 896 7 21 i
280 896 41 22 den
337 897 35 21 vid
389 896 214 23 Statssekretariatet
622 896 90 22 tillsatta
726 897 87 22 Komitö
827 895 61 23 förda

133 931 115 27 protokoll,
264 932 56 21 samt
335 932 73 21 ansett
422 931 33 27 sig
470 931 29 28 pä
513 931 70 27 grund
598 931 22 21 af
634 933 26 19 49
677 932 11 25 $
704 931 6 21 i
725 930 162 28 Regeringsfor-

133 971 50 16 men
198 965 22 22 af
234 965 41 22 den
292 967 25 19 21
334 965 93 27 Augusti
444 967 53 20 1772
515 965 40 22 och
567 967 26 20 40
604 965 13 26 &
628 965 7 21 i
645 965 243 28 Landtdagsordningen

134 1006 40 21 ega
189 999 175 28 grundlagsenlig
379 1001 44 20 rätt
433 1001 33 20 att
477 1000 48 21 dem
537 999 145 27 utbekomma,
693 1005 76 22 genom
778 998 110 23 skrifvelse

133 1034 46 22 från
195 1034 120 28 Kejserliga
335 1034 106 22 Senatens
457 1034 114 22 Allmänna
590 1034 70 22 kansli
676 1033 22 22 af
712 1034 42 21 den
770 1036 12 19 7
802 1033 86 22 inneva-

133 1069 67 22 rande
215 1069 58 22 Mars
289 1069 154 26 underrättats,
459 1070 33 20 att
507 1069 120 22 utskottets
643 1068 7 21 i
661 1068 79 22 sådant
750 1067 56 29 syfte
814 1068 75 28 gjorda

134 1103 100 23 anhållan
248 1104 49 25 icke
312 1104 83 21 kunnat
409 1103 100 22 villfaras.

201 1138 167 22 Motionsrätten
388 1137 51 22 eller
453 1137 133 28 rättigheten
601 1137 33 22 till
648 1137 240 28 lagstiftningsinitiativ

133 1173 7 21 i
163 1173 82 23 sädana
267 1172 79 28 frägor,
370 1179 45 15 som
434 1172 33 22 för
489 1172 33 21 sin
541 1172 84 27 lösning
646 1171 96 23 erfordra
761 1172 126 22 samverkan

133 1207 23 22 af
168 1209 76 26 regent
264 1207 40 22 och
324 1207 96 26 ständer,
435 1207 40 21 har
490 1206 22 22 af
527 1207 61 22 älder
603 1207 121 21 tillkommit
739 1206 94 23 svenska
848 1206 40 23 och

132 1242 70 22 finska
217 1241 79 23 folkets
307 1241 32 22 till
350 1241 87 27 riksdag
448 1241 131 22 församlade
589 1243 181 26 representanter,
782 1247 49 16 men
838 1241 50 27 blef,

133 1277 72 22 säsom
223 1277 87 26 bekant,
327 1276 96 28 upphäfd
438 1282 78 21 genom
531 1276 128 27 Förenings-
676 1275 40 22 och
731 1275 157 22 Säkerhetsak-

133 1313 36 20 ten
189 1311 23 22 af
230 1311 25 22 är
276 1313 60 24 1789,
354 1311 40 22 och
411 1310 72 28 ingick
501 1311 86 22 säledes
603 1311 48 22 icke
667 1310 32 22 uti
714 1310 38 22 det
766 1317 41 21 nya
823 1311 65 20 stats-

133 1347 68 27 skick,
220 1353 47 15 som
286 1346 91 21 Finland
397 1345 68 22 erhöll
480 1345 55 22 efter
551 1346 33 21 sin
599 1345 97 27 förening
711 1345 49 22 med
775 1344 112 29 Ryssland.

201 1381 95 22 Sälunda
314 1380 58 23 hade
390 1380 41 23 den
449 1380 33 22 för
497 1385 27 17 en
539 1380 80 28 lycklig
633 1379 135 28 lagstiftning
782 1379 106 23 erforder-

131 1418 44 27 liga
186 1417 117 28 jemvigten
318 1416 29 28 pä
358 1415 65 31 detta
437 1414 87 23 område
534 1414 70 23 blifvit
613 1414 133 27 väsentligen
757 1413 66 24 störd.
839 1414 49 23 Men

201 1455 139 24 Lagutskottets
352 1454 116 20 betänkande
480 1455 37 18 N:o
529 1455 18 18 6.
