1078 1692
477 144 34 22 N:o
525 144 20 22 8.
845 145 13 19 9

336 224 129 34 Förslag
483 224 44 26 till
541 224 155 34 förordning,
715 223 128 34 angående
860 224 28 26 de

268 278 52 26 nya
339 271 144 27 skatternas
502 270 132 27 införande
652 270 10 26 i
680 270 115 33 Wiborgs
813 270 51 26 län.

202 339 70 22 Sedan
296 340 40 21 den
361 346 77 20 genom
462 340 144 26 kungörelsen
631 340 21 20 af
676 340 41 20 den
741 340 27 20 26
784 339 105 21 Februari

133 375 53 21 1828
203 374 131 22 föreskrifna
354 374 190 27 skattläggningen
564 375 2 20 i
584 374 102 26 Wiborgs
702 374 35 20 län
754 380 88 15 numera
858 373 30 22 öf-

130 408 85 27 vergätt
238 409 70 21 länets
332 409 101 26 samtliga
457 409 81 21 skatte-
558 409 39 21 och
613 409 195 26 kronolägenheter
822 409 66 27 jemte

131 444 26 20 de
173 443 201 27 frälselägenheter,
398 443 85 21 hvilkas
500 443 139 21 innehafvare
655 443 75 27 sjelfve
754 443 41 21 slik
821 443 69 21 skatt-

131 478 101 26 läggning
256 478 109 25 ästundat,
389 478 86 26 varder,
492 478 48 20 med
561 478 91 26 ändring
669 478 22 20 af
706 478 24 26 $$
749 478 17 25 1,
783 479 18 25 6,
819 479 18 25 7,
855 478 33 25 10,

133 513 32 25 14,
191 513 24 20 17
240 512 39 21 och
302 513 28 19 20
346 512 6 20 i
368 512 94 21 nämnda
485 512 130 26 kungörelse
634 512 110 21 äfvensom
763 512 23 20 af
799 512 24 27 $$
842 512 46 25 117,

136 547 46 25 123,
207 547 46 25 124,
280 547 46 25 127,
354 547 44 25 131,
425 547 40 20 132
483 546 40 22 och
541 548 39 20 133
596 546 6 21 i
620 546 143 26 reglementet
779 546 110 26 angående

133 581 161 20 landtmäteriet
318 580 23 21 af
356 580 39 21 den
414 582 25 20 15
455 581 43 26 Maj
517 582 54 20 1848
588 583 56 19 samt
660 581 26 21 de
702 581 5 20 i
724 580 49 22 stöd
790 580 22 21 af
826 580 63 21 dessa

132 614 154 27 författningar
320 615 126 21 meddelade
464 610 7 37 =
481 615 253 27 skattläggningsutslag,
766 614 124 26 härigenom

134 649 102 26 stadgadt
252 655 46 15 som
314 649 72 26 följer:

489 689 11 27 8
519 691 17 19 1.

205 730 46 20 Den
276 735 76 21 genom
376 730 79 26 nådiga
479 729 124 21 manifestet
625 730 23 20 af
670 730 41 20 den
727 730 12 20 9
756 729 60 26 April
835 728 53 21 1840

132 764 122 25 faststälda,
271 764 6 20 i
295 764 70 26 öfriga
381 764 60 20 delar
457 764 23 20 af
495 764 74 20 landet
579 764 101 26 gällande
690 763 155 26 undervisning
856 763 33 21 för

134 798 150 20 rubelskatten
300 798 55 20 skall
369 798 80 26 jemväl
466 798 109 26 tillämpas
591 798 6 20 i
614 798 102 26 Wiborgs
732 798 44 26 län;
795 797 39 21 och
851 797 38 21 bör

134 832 65 21 alltså
214 832 6 20 i
236 832 70 21 länets
323 832 208 27 markegångstaxor
546 832 47 21 från
610 832 39 21 och
666 833 48 20 med
730 832 24 21 år
772 832 53 21 1886
842 833 47 19 vär-

133 866 37 21 det
193 866 33 21 för
249 872 25 15 en
299 866 136 21 skatterubel
451 866 109 21 beräknas
575 867 49 20 med
639 868 33 19 tre
688 867 83 26 kappar
786 865 103 28 spanmål,

134 900 82 21 hälften
237 901 39 26 råg
292 901 38 20 och
347 901 82 20 hälften
446 901 61 26 korn,
524 907 25 15 en
566 901 71 27 kappe
651 901 68 26 hafre,
735 903 33 18 tre
784 900 106 27 skålpund

133 936 59 19 smör
216 935 37 20 och
278 935 37 21 två
331 935 106 26 skålpund
454 935 52 26 talg,
523 935 55 21 efter
593 935 75 27 hvarje
684 935 35 21 års
736 934 154 22 medelmarke-

135 969 64 26 gång,
216 972 56 18 samt
287 969 114 22 femtiosex
417 970 63 26 penni
497 970 7 20 i
521 970 106 21 kontanta
642 970 124 26 penningar.

490 1033 11 26 &
517 1033 20 20 2.

207 1072 44 21 Det
267 1072 243 28 uppskattningsvärde,
535 1079 53 21 som,
608 1073 68 26 enligt
691 1073 24 28 $$
733 1074 46 25 119,
798 1073 39 21 123
853 1072 39 21 och

137 1107 38 20 127
192 1106 7 21 i
215 1106 143 27 reglementet
380 1107 111 26 angående
514 1107 162 21 landtmäteriet
700 1107 23 21 af
744 1107 40 21 den
806 1107 25 20 15
848 1106 43 27 Maj

137 1141 60 26 1848,
215 1141 35 20 vid
266 1141 164 27 skattläggning
445 1142 70 20 åsatts
531 1142 53 20 eller
595 1141 115 22 framdeles
722 1142 81 21 åsättes
814 1141 78 21 krono-

137 1175 39 20 och
189 1175 197 26 skattelägenheter
405 1176 3 20 i
425 1176 102 26 Wiborgs
544 1177 42 25 län,
603 1176 94 27 förhöjes
713 1177 48 20 med
778 1182 24 15 en
814 1175 78 27 tredje-

135 1209 44 26 del;
197 1209 39 21 och
252 1209 97 22 kommer
364 1211 32 20 ett
411 1210 82 21 mantal
509 1210 93 21 sålunda
618 1212 32 19 att
665 1212 110 19 motsvara
785 1210 62 26 tjugu
858 1215 35 16 ru-

135 1243 34 21 bel
186 1243 7 21 i
209 1243 59 21 skatt
284 1246 57 19 samt
356 1244 74 27 hvarje
445 1244 149 21 hundradedel
605 1245 22 20 af
634 1245 103 20 mantalet
745 1245 62 26 tjugu
816 1243 78 27 kopek.

491 1307 11 26 $
519 1308 19 19 3.

206 1346 57 21 Från
287 1347 39 20 och
350 1347 34 20 för
403 1347 24 20 år
449 1347 54 20 1886
520 1348 89 25 utgöres
626 1347 22 20 af
662 1347 78 20 krono-
756 1347 39 21 och
811 1346 82 21 skatte-

135 1381 127 20 hemmanen
279 1381 6 20 i
302 1381 59 20 länet
377 1381 54 21 efter
448 1381 63 21 deras
528 1381 72 21 åsatta
615 1387 42 21 nya
672 1381 81 21 mantal
770 1381 59 21 såväl
838 1380 55 21 före-

136 1415 94 20 nämnda
245 1415 133 27 rubelränta,
391 1421 46 15 som
453 1415 80 26 tionde,
550 1415 70 21 denna
637 1421 74 15 senare
727 1415 74 26 utlaga
816 1414 78 21 beräk-

137 1449 42 20 nad
203 1449 54 21 efter
281 1455 25 15 en
330 1449 40 22 och
390 1455 25 15 en
432 1449 47 21 half
493 1451 68 19 tunna
577 1449 97 27 spanmål
690 1449 34 22 för
740 1449 109 24 mantalet,
865 1449 29 21 äf-
