1078 1692
348 142 80 22 Ständ.
443 143 37 22 Sv.
497 155 26 3 —
539 143 70 28 Prop.
625 143 41 22 N:o
680 143 20 22 4.
862 144 12 20 9

512 207 31 19 D.
573 206 104 26 Vigter.

282 254 41 21 Ett
334 255 96 27 kilogram
441 255 106 27 (franska
554 255 114 29 kilogram-

350 289 54 27 me),
412 289 32 27 på
451 289 73 27 finska
533 290 140 27 kilogramma,

350 322 86 22 indelas
460 323 204 21 inn
684 324 64 28 1,000
764 331 63 21 gram.

282 356 41 21 Ett
337 362 56 22 gram
405 356 103 28 (franska
515 359 114 26 gramme),
637 358 32 26 på

351 390 72 27 finska
447 397 98 21 gramma,
559 391 87 22 indelas
660 392 48 22 i'10
724 393 112 27 decigram.

282 424 40 22 Ett
352 425 103 27 decigram
481 425 106 27 (franska
615 426 53 21 deci-

349 460 114 26 gramme),
478 459 85 22 indelas
578 460 28 20 i.
631 472 4 4 -
658 472 5 4 +
682 461 26 21 10
724 462 119 26 centigram.

283 492 41 22 Ett
346 494 112 26 centigram
478 493 107 28 (franska
603 494 65 21 centi-

350 528 113 27 gramme),
479 528 86 21 indelas
579 528 28 21 i-
632 540 4 4 -
660 540 4 4 -
683 529 26 21 10
725 530 114 26 milligram.

283 561 69 26 1,000
366 562 105 28 kilogram
487 562 119 22 benämnas
631 574 4 4 -
660 574 4 5 -
684 568 25 16 en
725 564 41 21 ton.

284 597 46 26 1100
356 596 106 28 kilogram
486 597 51 21 eller
561 597 31 21 10
607 604 62 21 gram

354 631 70 21 kallas.
467 643 1 4 <
494 643 2 4 <
524 643 1 4 <
551 643 2 4 <
578 642 4 6 <
606 643 5 5 <
635 643 32 5 vr
687 632 29 22 ett
732 632 32 22 lod
780 632 118 28 (metriskt)

355 676 94 28 Tillägg:

354 710 65 22 Mom.
435 711 19 21 1.
485 710 185 28 Användningen
687 711 28 27 af
727 711 128 27 registerton
870 710 36 22 vid

285 744 178 28 skeppsmätning
484 744 120 28 upphäfves
621 744 45 22 icke
681 752 77 20 genom
772 745 74 21 denna
861 745 45 27 för-

286 779 100 27 ordning.

354 813 65 21 Mom.
435 814 21 20 2.
487 813 52 22 Den
555 814 70 21 säsom
640 814 116 27 dynamisk
770 813 63 22 enhet
847 813 10 21 i
869 813 35 21 in-

285 847 106 22 dustriela
406 847 129 22 mekaniken
553 848 101 27 tjenande
669 847 111 22 säkallade
794 847 111 26 hästkraf-

286 883 36 20 ten
345 881 120 27 fastställes
488 881 33 22 till
546 882 29 21 75
593 881 177 29 kilogrammeter,
786 881 35 22 det
835 883 27 19 är
878 881 28 20 75

285 915 104 28 kilogram
413 915 82 28 lyftade
517 922 29 15 en
568 917 66 20 meter
656 916 50 28 högt
721 916 33 27 pä
773 922 28 15 en
816 915 88 22 sekund.

285 949 68 22 Detta
376 950 55 21 mått
453 949 62 27 skall,
538 950 38 21 der
591 952 73 19 annat
678 949 58 28 aftal
750 949 44 22 icke
810 948 96 28 träffats,

287 984 73 28 läggas
383 983 34 22 till
437 984 74 27 grund
533 984 36 21 vid
588 984 109 27 pröfning
719 984 28 27 af
759 982 148 28 kraftmaskin

286 1018 51 22 eller
351 1020 73 19 motor.

355 1052 65 21 Mom.
442 1052 20 21 3.
498 1052 40 22 Via
561 1051 169 23 bestämmandet
751 1051 28 28 af
796 1050 110 27 finhalten

286 1087 38 21 hos
339 1087 134 27 förarbetadt
485 1087 53 28 guld
553 1087 52 21 eller
620 1086 74 27 silfver
708 1085 56 22 skall
778 1085 42 22 den
834 1084 34 22 del
882 1084 26 27 af

287 1121 129 28 legeringen,
431 1127 45 14 som
491 1122 84 26 utgöres
591 1120 28 27 af
631 1121 50 20 rent
694 1119 52 28 guld
761 1119 51 21 eller
825 1117 81 28 silfver,

286 1155 104 28 angifvas
405 1155 9 20 i
430 1154 150 22 tusendedelar
596 1154 28 27 af
635 1154 49 21 hela
698 1153 78 28 vigten.

571 1223 53 27 $4

358 1262 17 21 I
395 1262 116 22 allmänna
531 1262 102 26 rörelsen,
649 1261 127 22 hvarunder
790 1259 120 29 inbegripes

287 1297 89 26 handel,
392 1296 97 28 uppdörd
503 1298 57 20 samt
573 1296 26 21 de
615 1295 109 28 tillfällen,
740 1295 28 21 dä
782 1294 37 21 vid
832 1293 78 28 fullgö-

287 1331 69 22 rande
379 1331 31 27 af
428 1330 144 29 förpligtelser
587 1330 56 21 mått
656 1329 51 22 eller
720 1329 46 28 vigt
780 1327 132 29 ifrägakom-

289 1372 51 20 mer,
356 1365 36 21 mä
414 1365 44 21 icke
481 1365 74 22 andra
577 1366 32 19 än
631 1364 41 21 här
686 1364 9 21 i
711 1363 75 22 landet
800 1361 112 28 behörigen

283 1399 115 28 justerade
414 1399 37 22 och
465 1399 119 27 stämplade
598 1399 60 25 mått,
669 1398 68 27 vigter
748 1397 37 21 och
795 1395 117 29 vägnings-

287 1434 91 27 redskap
394 1433 124 22 användas.
