1078 1692
477 164 35 22 N:o
528 164 21 22 6.
852 166 12 20 3

134 233 106 21 häfvande
265 232 22 22 af
309 232 264 27 rustningsskyldigheten
597 235 65 25 utgör
686 233 74 21 derför
783 239 26 15 en
829 234 65 20 rätts-

134 268 67 26 fråga,
227 268 64 21 hvars
314 268 98 26 lössning
435 267 64 21 beror
523 268 78 20 endast
617 267 22 21 af
654 268 158 26 allmängiltiga
828 269 65 19 rätts-

135 308 93 21 normer,
243 302 7 20 i
266 302 53 26 följd
342 301 78 21 hvaraf
433 302 49 20 med
497 302 153 26 upphörandet
665 302 23 21 af
703 302 77 27 sjelfva
795 302 99 21 rättsför-

134 336 145 22 förhållandet
295 336 26 21 de
338 336 87 20 dermed
441 336 145 27 förknippade
601 336 173 22 förbindelserna
785 336 28 27 på
824 338 70 20 ömse-

135 372 60 20 sidor
218 371 62 21 äfven
303 370 93 22 förfalla.
428 371 38 21 Ett
489 371 164 21 åsidosättande
678 372 22 20 af
715 372 63 21 dessa
794 372 102 26 rättsliga

135 406 143 27 grundsatser
301 406 70 20 skulle
387 405 97 21 deremot
500 406 71 20 lemna
586 406 89 27 frågans
692 406 86 26 lösning
789 408 51 19 utan
852 406 45 21 fast

136 440 69 27 grund
230 440 38 21 och
292 440 98 26 förlägga
414 436 125 25 densamma
555 440 28 27 på
598 441 129 26 godtyckets
744 440 87 22 område
846 441 50 21 med

136 476 43 20 alla
194 475 49 21 dess
259 474 113 27 vanskliga
388 474 39 22 och
443 474 176 27 mångskiftande
635 475 85 27 följder.
744 475 50 21 Men
805 475 91 21 emedan

136 510 92 20 nämnda
251 509 193 21 rättsförhållande
467 508 129 22 fortbestått
619 510 69 21 under
707 510 37 21 två
760 510 77 25 sekler,
853 509 43 21 kan

139 544 36 21 det
190 544 136 25 förutsättas,
346 544 32 20 att
394 544 68 20 under
478 544 71 20 denna
567 544 63 26 långa
645 544 95 27 tidrymd
756 544 81 21 sådana
853 544 43 20 för-

138 578 95 22 ändrade
249 577 184 27 omständigheter
449 578 89 26 inträdt,
555 578 74 21 hvilka
644 579 35 20 vid
696 585 25 15 en
732 578 131 28 upplösning
875 578 22 21 af

138 613 119 21 detsamma
280 612 114 21 framkalla
418 618 40 21 nya
482 612 136 27 berättigade
639 613 93 27 anspråk
749 613 39 21 och
803 614 95 20 motsva-

137 647 66 21 rande
227 646 126 27 eftergifter.
388 646 82 21 Dessas
501 647 135 21 bedömande
667 648 39 21 och
736 648 163 26 uppskattande

137 684 79 24 utgöra
231 681 73 27 frågor
320 681 33 21 för
369 681 39 26 sig,
424 681 73 21 hvilka
513 681 47 22 icke
576 682 110 27 upphäfva
700 682 165 27 tillämpningen
877 682 23 21 af

139 716 157 22 ofvanberörda
312 715 100 27 rättsliga
427 716 124 26 grundsats,
567 716 72 21 såsom
656 717 54 20 enda
721 718 132 20 rättesnöret
863 716 35 21 för

138 757 26 15 en
180 751 27 27 på
223 751 91 21 rättvisa
330 750 39 21 och
384 750 100 26 billighet
499 750 100 26 grundad
615 751 137 27 uppgörelse.
778 751 74 21 Såsom
864 751 34 21 så-

139 786 56 21 dana
216 785 130 21 förändrade
364 784 149 22 förhållanden
531 786 62 21 torde
609 786 47 20 icke
672 786 68 20 andra
756 786 72 20 kunna
844 792 53 20 upp-

139 820 76 26 gifvas,
238 822 26 18 än
281 820 36 20 det
332 820 24 20 år
374 820 54 20 1723
444 819 117 21 utfärdade
578 820 102 21 förbudet
695 822 58 19 emot
768 820 130 26 förmedling

140 854 23 21 af
184 853 130 22 rusthällens
335 853 103 22 skattetal
455 853 40 22 och
511 854 41 21 den
569 854 103 21 inverkan
688 854 209 27 rustningsskyldig-

139 889 63 21 heten
222 888 40 22 och
278 889 40 20 den
334 888 97 21 deremot
447 889 115 26 svarande,
578 889 48 20 från
642 889 83 20 kronan
741 889 108 26 utgående
864 895 34 15 er-

139 924 123 26 sättningen
286 923 53 21 eller
355 923 218 26 rustningsräntorna
589 923 83 21 kunnat
687 923 74 22 utöfva
777 923 13 22 å
805 923 95 21 rusthål-

140 958 45 21 lens
202 958 99 27 salupris.

211 992 63 21 Hvad
290 992 55 21 först
360 992 68 27 angår
443 992 144 21 omförmälda
603 992 78 21 förbud
698 994 58 19 emot
766 991 131 22 rusthållens

140 1027 207 26 skatteförmedling,
372 1026 64 21 hafva
458 1027 169 21 innehafvarene
643 1027 23 21 af
680 1027 119 21 rusthållen
816 1026 83 27 derige-

139 1067 50 16 nom
206 1064 55 19 satts
277 1067 26 15 ur
319 1061 62 21 stånd
398 1063 32 19 att
445 1061 100 26 begagna
561 1067 26 15 en
603 1061 69 26 öfrige
688 1061 212 26 lägenhetsinnehaf-

140 1102 53 15 vare
215 1095 163 22 tillkommande
401 1095 91 26 förmon,
515 1096 51 21 med
589 1095 41 22 den
652 1095 83 27 påföljd
753 1097 33 20 att
801 1095 55 21 efter
872 1095 29 21 all

143 1131 137 21 sannolikhet
302 1137 26 14 en
352 1130 34 21 del
410 1130 92 21 rusthåll
518 1130 41 21 har
575 1130 34 27 sig
624 1130 58 21 åsatt
698 1132 31 19 ett
744 1131 7 20 i
767 1129 135 22 förhållande

143 1165 32 21 till
196 1165 149 26 egoförmoner
362 1166 69 20 större
448 1165 81 20 mantal
547 1166 27 19 än
590 1165 68 20 andra
673 1165 27 26 på
716 1171 82 15 samma
814 1166 35 19 ort
864 1164 37 21 be-

139 1199 88 27 fintliga
250 1199 100 22 roterade
364 1199 106 26 hemman,
486 1199 85 21 hvilket
585 1199 190 21 missförhållande
791 1199 48 21 åter
854 1199 47 20 icke

140 1235 44 20 kan
201 1234 105 27 afhjelpas
322 1233 78 22 endast
414 1239 78 21 genom
508 1233 154 27 upphäfvande
678 1233 23 22 af
715 1233 93 22 nämnda
818 1233 86 26 förbud,

145 1269 73 21 derest
233 1269 7 20 i
256 1268 66 27 öfrigt
341 1267 252 28 gällandeistadganden
609 1268 111 26 angående
736 1267 167 22 skatteförmed-

141 1303 46 26 ling
210 1303 67 21 borde
300 1303 115 26 tillämpas.
445 1302 33 21 En
503 1302 114 27 sjelffallen
640 1302 52 27 följd
708 1302 24 21 af
746 1303 60 20 detta
821 1301 83 22 förhål-

141 1337 64 22 lande
228 1339 24 20 är
277 1339 33 19 att
325 1343 25 15 en
367 1337 204 26 skatteförmedling
587 1337 7 20 i
609 1337 87 27 hänsigt
712 1337 33 21 till
761 1337 27 21 de
803 1336 100 25 rusthäll,

143 1372 38 21 der
198 1378 24 15 en
240 1371 66 22 sädan
322 1371 42 22 kan
380 1371 118 25 erfordras,
514 1371 41 21 bör
571 1371 75 26 föregä
662 1371 40 22 den
714 1371 109 21 allmänna
834 1371 70 26 regle-

142 1407 52 26 ring
219 1406 23 21 af
257 1406 100 26 samtliga
372 1405 133 22 rusthällens
521 1405 111 27 ställning,
648 1405 88 21 hvarom
752 1411 29 15 nu
797 1407 24 19 är
837 1405 68 26 fräga.

142 1440 82 21 Likaså
240 1440 62 21 torde
318 1439 126 27 billigheten
460 1439 75 22 fordra
551 1441 34 20 att
600 1440 70 21 denna
680 1439 225 26 skatteförmedlings-

139 1474 78 27 åtgärd
242 1475 129 21 verkställes
395 1474 29 27 pä
445 1474 146 21 statsverkets
608 1474 126 26 bekostnad,
750 1474 7 21 i
773 1473 84 22 hvilket
875 1473 32 21 af-
