1078 1692
222 147 26 21 10
437 147 19 23 U.
472 146 19 23 B.
507 158 28 5 —
551 146 54 28 Prop.
622 146 32 23 N:o
669 146 19 23 4.

191 205 90 26 upptogs
304 203 80 27 frågan,
407 203 65 27 enligt
493 203 73 27 nådigt
584 202 148 27 förordnande,
748 202 22 22 af
782 202 102 28 styrelsen
902 200 39 23 och

193 244 26 15 en
234 237 79 22 komité
328 237 97 22 tillsattes
439 237 34 21 för
487 238 32 20 att
533 236 99 22 utarbeta
646 236 78 27 förslag
738 236 7 21 i
760 238 75 20 ämnet.

262 413 90 21 Medelst
373 413 142 28 föreliggande
530 414 76 26 nådiga
621 414 130 27 proposition
766 413 39 21 har
819 413 59 22 Hans
893 413 49 27 Kej-

195 447 76 27 serliga
286 448 106 27 Majestät,
405 448 65 27 jemte
485 448 152 22 framhållande
652 450 32 20 att
698 448 119 22 Ständerna
830 448 34 21 vid
874 448 68 21 landt-

196 482 66 26 dagen
286 482 140 22 1863—1864
446 482 79 22 uttalat
546 482 31 27 sig
599 482 32 22 till
646 482 81 22 förmån
742 482 32 21 för
789 482 118 21 införandet
922 481 22 22 af

195 516 35 22 det
253 516 100 22 metriska
376 518 100 26 systemet
497 516 33 21 för
551 517 54 21 mått
621 516 38 22 och
674 516 50 27 vigt,
739 516 57 22 velat
810 516 7 21 i
833 516 65 22 nåder
912 516 30 21 in-

194 550 71 21 hemta
287 550 129 22 Ständernas
437 551 99 27 yttrande
551 550 58 22 öfver
623 552 31 20 ett
669 551 27 27 på
711 550 63 27 sagde
789 552 77 26 system
881 556 61 20 grun-

195 584 51 22 dadt
268 601 5 8 ,
274 584 85 27 förslag
376 584 32 21 till
423 584 122 28 förordning
560 584 108 27 angående
683 585 54 21 mått
752 584 39 22 och
806 584 43 26 vigt
863 584 7 21 i
885 584 58 22 Stor-

194 618 152 22 furstendömet
366 619 102 21 Finland"
487 621 55 19 samt
559 619 32 21 till
606 619 129 21 Ständernas
750 618 116 27 antagande
880 618 63 22 fram-

194 652 44 27 lagt
261 654 31 20 ett
314 670 5 8 ,
320 652 86 28 förslag
427 653 31 21 till
481 653 122 27 förordning
620 652 108 28 angående
744 652 102 22 särskilda
860 654 83 20 räntors

195 686 39 22 och
256 686 158 28 skattebelopps
436 687 126 27 erläggande
585 686 53 22 efter
654 687 97 21 metriskt
765 687 53 21 mått
833 686 38 22 och
886 686 56 27 vigt"

198 720 106 22 äfvensom
322 721 7 20 i
344 721 151 27 sammanhang
510 722 86 20 dermed
611 721 33 21 till
660 721 128 21 Ständernas
803 720 97 28 yttrande
915 720 29 21 öf-

197 754 115 22 verlemnat
327 757 31 19 ett
374 772 8 8 ,
387 755 78 27 förslag
480 755 32 21 till
527 756 127 26 reglemente
663 756 33 20 för
704 755 103 27 justering
818 755 39 21 och
866 756 78 26 stämp-

195 788 43 27 ling
257 788 21 22 af
294 790 60 25 mått,
371 789 43 27 vigt
430 790 39 20 och
483 789 191 27 vägningsredskap
689 791 55 19 samt
760 796 33 14 om
809 789 60 21 deras
883 788 60 26 form,

195 822 148 22 konstruktion
366 824 39 21 och
427 824 158 21 betecknande"
601 824 40 21 och
656 825 30 20 ett
702 840 5 7 ,
708 823 85 26 förslag
807 822 32 21 till
854 822 90 21 instruk-

194 857 45 20 tion
254 856 32 21 för
298 857 189 27 justeringsverket
502 857 7 21 i
524 857 110 22 Finland".

263 890 168 22 Vidkommande
452 891 53 22 först
526 891 73 26 frågan
622 897 34 16 om
676 891 100 21 metriska
789 891 110 27 systemets
913 890 31 21 in-

195 923 87 22 förande
296 925 7 20 i
318 925 73 21 landet
404 925 67 22 finner
485 925 104 22 utskottet
603 926 69 26 någon
688 925 113 26 anledning
815 924 46 21 icke
874 924 71 21 kunna

196 957 112 22 förefinnas
324 961 31 19 att
370 965 28 15 nu
413 959 72 27 frångå
496 959 128 22 Ständernas
640 959 109 21 uttalande
759 959 35 21 vid
805 959 140 21 1863—1864

196 993 62 20 årens
272 992 108 27 landtdag.
405 993 10 22 I
430 994 37 21 sitt
479 993 235 28 petitionsbetänkande
724 993 34 21 vid
769 993 54 22 1877
833 993 35 21 års
878 992 67 21 landt-

197 1026 41 27 dag
259 1026 83 27 yttrade
365 1027 218 22 Ekonomiutskottet:
607 1044 9 9 ,
621 1027 74 26 Såsom
716 1027 78 21 bekant
815 1029 24 19 är
854 1027 35 21 det
903 1032 43 15 me-

195 1060 68 21 triska
278 1062 101 26 systemet
395 1061 106 27 grundadt
515 1062 27 26 på
557 1064 79 18 metern
652 1063 55 20 samt
722 1061 47 21 dess
778 1060 168 21 underafdelnin-

195 1094 54 26 gar
241 1090 12 35 i
260 1094 86 27 tionde-,
357 1095 118 22 hundrade-
484 1095 39 22 och
533 1095 155 26 tusendedelar,
699 1094 106 22 äfvensom
816 1094 47 21 dess
875 1095 70 25 mång-

195 1127 73 27 falder,
288 1128 102 22 likaledes
408 1129 65 27 enligt
487 1129 72 22 tiotals
573 1129 149 26 beräkningen,
738 1129 68 21 såsom
822 1128 123 27 längdmått,

195 1161 39 22 och
256 1161 72 22 vidare
343 1162 81 21 utfördt
441 1163 94 26 sålunda,
551 1165 32 19 att
597 1164 104 26 ytmåtten
716 1164 76 25 utgöra
806 1162 140 27 qvadraterna

197 1196 28 26 på
239 1195 146 28 längdmåtten
400 1197 39 21 och
454 1197 142 27 rymdmåtten
610 1197 96 22 kuberna
720 1197 28 26 på
764 1196 111 25 desamma,
886 1195 60 22 hvar-

198 1229 52 22 efter
272 1230 70 27 vigten
364 1230 23 21 af
408 1233 30 18 ett
460 1231 65 21 bland
547 1231 61 21 dessa
629 1231 54 21 mått
700 1232 48 19 rent
763 1231 71 20 vatten
850 1229 34 21 vid
898 1229 47 21 dess

195 1265 79 20 största
288 1264 70 21 täthet
372 1263 103 23 bestämts
490 1265 69 21 såsom
571 1265 125 26 vigtsenhet.
722 1264 70 27 Nyare
801 1269 145 21 noggrannare

195 1297 181 28 undersökningar
393 1298 62 21 hafva
477 1299 33 21 väl
532 1298 118 27 ådagalagt,
666 1300 32 19 att
713 1297 129 22 sistnämnde
857 1297 89 21 bestäm-

195 1331 55 27 ning,
266 1331 75 22 liksom
357 1332 41 21 den
412 1332 153 27 ursprungliga,
581 1332 64 27 enligt
659 1331 86 22 hvilken
760 1334 81 19 metern
856 1331 48 21 bort
914 1333 33 20 ut-

195 1367 52 24 göra
258 1365 68 27 jemnt
341 1372 26 15 en
383 1367 28 20 40
426 1366 143 21 milliondedel
579 1366 22 21 af
611 1373 25 15 en
646 1365 114 22 meridians
770 1365 71 27 längd,
856 1365 46 21 icke
912 1371 35 15 va-

194 1399 29 21 rit
236 1399 60 26 fullt
311 1400 69 24 exakt,
397 1400 39 21 och
451 1396 32 25 att
499 1400 166 27 denärationella
680 1399 75 27 grund,
770 1405 45 16 som
831 1405 47 15 man
893 1399 54 27 åsyf-

195 1434 33 20 tat
242 1435 32 19 att
288 1433 55 27 gifva
359 1434 36 21 det
412 1434 101 22 metriska
527 1436 106 25 systemet,
648 1434 8 21 i
671 1434 60 21 detta
745 1433 105 26 afseende,
864 1434 82 25 strängt

195 1468 66 25 taget,
283 1467 46 22 icke
351 1467 119 22 förefinnes.
500 1468 31 21 På
546 1468 47 21 dess
608 1467 110 28 praktiska
733 1466 160 23 användbarhet
908 1466 38 22 har

263 1506 188 19 Ekonomiutskottets
464 1507 115 18 betänkande
592 1507 37 18 N:o
641 1507 17 17 2.
