1078 1692
201 149 12 21 4
367 148 24 22 U,
404 148 24 22 B.
439 158 23 8 «r
473 148 63 24 Prop,
548 148 57 24 N:ris
614 149 28 21 16
655 148 40 22 och
707 149 31 20 37.

179 206 121 28 Uleåborgs
319 207 45 26 län;
384 207 85 24 hvartill
489 207 56 23 dock
563 209 57 21 ännu
639 207 53 22 böra
711 208 74 26 läggas
800 207 107 27 skogarna
922 207 13 23 &

180 241 27 25 de
223 241 127 24 donationer
365 242 6 20 i
386 241 101 27 Wiborgs
501 242 43 26 läm,
561 242 38 20 der
613 241 258 27 storskiftesplaceringar
886 241 49 23 här-

179 275 69 26 intills
263 275 48 23 icke
326 277 37 25 egt
377 282 53 18 rum.

249 309 41 21 Vid
309 309 62 27 fråga
386 310 59 22 såväl
460 316 33 17 om
510 310 155 26 dispositionen
680 310 24 21 af
717 310 34 23 till
767 310 122 27 kronopark
904 309 30 22 el-

180 343 32 25 ler
227 343 74 27 odlipg
317 344 46 23 icke
379 344 75 26 tjenlig
469 344 195 27 kronoskogsmark
684 350 46 16 som
749 344 39 22 ock
803 350 34 15 om
853 344 27 22 de
894 344 40 22 all-

179 379 80 25 männma
274 378 158 27 bestämningar
451 378 110 27 angående
580 378 146 27 samfällighet
744 378 96 27 tillhörig
859 378 75 28 skogs-

178 412 67 26 mark,
261 412 73 24 hvilka
348 412 66 23 borde
430 412 49 27 ingå
493 412 8 24 i
516 412 136 27 skogslagen,
668 412 39 23 har
718 412 106 23 utskottet
836 413 98 21 emeller-

178 445 31 25 tid
228 446 70 24 funnit
316 446 32 27 sig
367 446 53 24 böra
434 449 51 24 taga
502 446 81 28 hänsyn
602 447 33 22 till
655 447 37 21 det
711 447 136 27 synnerligen
870 446 64 22 önsk-

178 480 67 24 värda
260 480 76 26 deruti,
352 482 32 22 att
399 480 110 28 möjlighet
524 481 39 21 och
580 482 64 26 utväg
659 480 91 22 beredes
761 480 33 22 till
807 480 126 27 åvägabrin-

177 514 71 26 gande
262 514 24 21 af
299 514 24 22 så
338 514 86 23 kallade
439 514 207 28 kommunalskogar,
662 514 54 23 eller
732 514 80 23 sådana
827 514 34 22 för
873 514 61 22 kom-

177 554 75 19 muner
270 548 54 22 eller
342 548 169 27 samfälligheter
529 555 161 21 gemensamma
708 548 86 30 skogar,
813 548 71 22 hvilka
899 548 34 22 för

177 582 140 28 delegarenes
339 583 89 27 räkning
450 583 155 27 tillgodogöras
628 584 5 20 i
657 583 95 27 enlighet
770 583 48 21 med
838 583 94 22 hushåll-

177 616 144 27 ningsplaner,
336 617 119 27 uppgjorda
475 618 68 21 under
557 618 109 26 garantier
685 617 34 22 för
734 618 63 21 deras
812 617 120 22 ändamåls-

177 650 101 28 enlighet,
290 651 39 25 och
345 651 7 21 i
364 651 66 23 sådan
443 652 108 26 egenskap
563 652 119 23 bibehållas
698 652 98 22 odelade.
815 652 47 21 Den
874 653 59 20 stora

177 686 73 26 nyttan
266 684 24 23 af
303 685 73 27 dylika
390 686 251 27 gemensamhetsskogar
652 686 56 22 både
720 686 34 21 för
764 686 168 22 intressenterne

177 718 76 28 sjelfve
269 720 40 22 och
324 719 34 21 för
373 720 37 21 det
424 720 108 24 allmänna
546 720 40 23 har
601 720 67 22 under
684 726 76 16 senare
770 720 32 21 tid
813 720 70 22 blifvit
892 720 40 22 allt

176 759 59 19 mera
253 753 128 22 framhållen
400 754 38 22 och
455 754 79 28 jemväl
554 754 120 22 bekräftats
694 754 23 21 af
739 754 40 22 den
802 754 130 26 erfarenhet,

176 792 48 16 man
240 794 34 14 om
291 788 47 21 dem
354 788 74 22 vunnit
442 788 7 21 i
464 789 67 21 andra
550 789 81 26 länder,
650 789 65 22 bland
734 790 65 20 annat
813 788 7 21 i
837 788 93 26 Sverige.

175 820 85 28 Frågan
284 822 73 21 härom
380 822 108 23 äfvensom
511 829 35 15 om
569 823 27 21 de
622 823 94 27 speciela
741 822 189 27 omständigheter,

175 855 73 24 hvilka
264 856 69 24 skulle
349 856 86 27 påkalla
453 857 213 27 kommunalskogars
686 857 101 22 bildande
808 857 124 26 isynnerhet

174 889 15 23 å
204 889 26 24 de
246 890 132 23 vidsträckta
394 891 193 28 donationsgodsen
602 891 8 21 i
625 891 102 27 Wiborgs
743 891 42 26 län,
800 891 40 21 der
849 891 82 27 skogen

174 922 7 22 i
199 923 119 25 allmänhet
339 925 71 21 blifvit
428 925 34 23 väl
481 925 100 26 bevarad,
601 932 48 17 men
668 927 51 20 utan
739 931 27 17 en
780 925 59 27 dylik
854 925 76 27 åtgärd

173 957 110 25 sannolikt
304 959 40 26 går
366 965 26 17 en
412 965 49 17 snar
479 959 125 24 förstörelse
623 959 33 24 till
676 961 76 25 mötes,
771 959 39 22 har
826 959 105 23 utskottet

173 991 104 25 särskildt
291 992 117 25 behandlat
422 994 31 22 uti
469 994 36 21 det
519 994 117 27 utlåtande,
652 1000 47 15 som
718 993 111 27 utskottet,
845 993 27 27 på
887 995 44 20 sätt

173 1024 111 25 ofvanföre
300 1029 126 25 omnämnts,
441 1028 7 21 i
463 1030 72 19 ämnet
549 1027 101 22 aflemnat
664 1028 34 21 till
714 1027 166 28 statsutskottet,
896 1028 34 22 för

172 1060 33 23 att
219 1061 117 22 ständerna
352 1061 111 27 delgifvas,
478 1063 39 20 och
532 1062 86 21 hvartill
633 1062 107 21 utskottet
754 1062 85 23 således
849 1062 81 23 tillåter

171 1093 34 26 sig
222 1093 96 23 hänvisa.
349 1095 10 21 I
382 1095 139 25 betraktande
544 1096 119 24 emellertid
687 1097 24 21 af
732 1097 37 21 det
786 1103 29 15 nu
837 1097 94 27 antydda

171 1126 40 26 har
226 1128 107 25 ntskottet
348 1131 71 22 ansett
433 1130 81 22 sådana
529 1131 108 22 allmänna
655 1131 135 26 stadganden
805 1131 53 21 böra
872 1131 58 23 finna

170 1161 58 27 Plats
243 1162 8 21 i
266 1162 137 29 skogslagen,
421 1164 72 23 hvilka
511 1167 38 19 äro
569 1165 81 26 egnade
670 1167 34 19 att
721 1165 128 26 möjliggöra
863 1165 67 22 inrät-

170 1195 76 26 tandet
260 1196 25 25 af
298 1198 117 24 omordade
430 1199 236 26 samfällighetsskogar
681 1199 40 21 och
736 1201 33 19 att
779 1199 104 26 betrygga
892 1199 37 22 de-

169 1235 36 19 ras
221 1230 147 28 fortbeständ;
384 1232 40 21 och
438 1233 33 24 till
487 1233 54 27 följd
556 1233 63 23 häraf
632 1233 39 23 har
688 1233 107 22 utskottet
803 1232 35 24 för
852 1233 78 23 sådant

168 1264 100 25 ändamål
284 1265 92 28 vidtagit
394 1267 67 26 några
479 1267 116 27 ändringar
615 1267 7 21 i
643 1267 43 22 den
705 1267 79 26 nådiga
801 1267 128 27 propositio-

167 1303 49 20 nen.
246 1298 114 26 Utskottet
376 1301 40 24 har
434 1301 90 24 sälunda
543 1301 118 28 föreslagit,
680 1303 34 21 att
732 1301 82 23 kronan
833 1301 95 27 tillhörig

167 1331 137 29 skogsmark,
323 1339 48 20 som
389 1334 94 25 hvarken
502 1335 104 24 särskildt
626 1336 34 22 för
679 1336 34 27 sig
732 1335 55 23 eller
803 1335 9 21 i
830 1334 98 28 förening

167 1366 49 24 med
238 1373 78 21 annan,
338 1374 78 21 genom
437 1369 44 28 köp
503 1369 54 22 eller
578 1370 73 27 utbyte
674 1375 85 18 vunnen
784 1369 51 27 jord
856 1369 72 23 kunde

165 1399 119 28 lämpligen
299 1402 110 25 användas
424 1403 34 24 till
473 1403 128 28 kronopark,
620 1404 99 27 nybygge
734 1403 55 22 eller
802 1403 125 28 kronotorp,

165 1433 67 25 måtte
247 1435 8 21 i
270 1435 92 26 främsta
377 1439 92 22 rummet
483 1438 96 23 tilldelas
593 1437 151 28 angränsande
754 1437 124 27 lägenheter
893 1438 35 23 sä,

234 1474 48 22 Lag-
295 1476 30 16 och
336 1476 171 20 Ekonomiutskottets
518 1477 106 19 hatänkande
635 1478 36 17 N:o
683 1477 19 17 3.
