1078 1692
212 144 13 21 2
389 142 68 22 Sänd.
473 142 36 22 Sv.
527 154 27 3 —
569 142 70 26 Prop.
656 140 40 22 N:o
711 140 21 21 8.

185 205 77 29 öfriga
276 204 102 22 Finland
395 204 160 22 skatterubeln
571 203 75 29 enligt
660 203 46 21 den
720 203 8 21 i
744 202 157 29 kungörelsen
913 202 27 21 af

184 240 45 22 den
245 242 12 19 5
272 240 63 21 Mars
351 240 53 21 1841
421 239 112 28 stadgade
548 237 202 29 undervisningen
763 237 99 29 uppgått
872 237 8 21 i
890 244 47 14 me-

184 274 73 22 deltal
274 273 38 21 till
330 274 12 21 6
358 273 66 21 mark
438 274 13 21 9
465 272 72 29 penni
553 272 44 22 och
612 272 76 28 enligt
702 272 96 21 Eders
813 271 125 29 Kejser-

184 308 66 28 liga
265 307 165 29 Majestäts
446 306 131 22 Ständerna
592 306 121 28 förelagda
727 305 88 29 nådiga
830 305 105 29 proposi-

183 342 52 21 tion
251 342 120 27 angående
387 341 58 21 efter
459 340 110 22 metriskt
578 341 59 21 mått
648 340 108 28 afpassad
766 340 171 28 undervisning

183 376 37 21 för
242 375 162 21 skatterubeln
426 374 75 22 skulle
523 375 36 21 för
581 374 73 28 sagda
676 375 26 21 år
724 376 84 26 utgöra
823 374 83 22 endast
923 374 14 21 5

183 410 67 22 mark
266 410 26 21 27
308 410 77 28 penni.
416 409 35 22 Då
465 408 131 22 emellertid
612 408 45 22 den
672 408 119 22 kamerala
805 408 130 29 likformig-

184 444 47 27 het,
255 450 48 15 som
326 445 35 19 ett
383 443 98 22 ordnadt
503 443 179 22 skatteväsende
705 443 96 26 fordrar,
823 443 51 21 icke
890 443 47 21 kan

185 478 91 28 vinnas,
299 479 57 20 utan
380 479 34 20 att
429 477 34 22 för
478 478 54 21 hela
547 478 81 21 landet
643 480 33 18 ett
692 478 60 21 enda
767 477 111 21 skattetal
894 478 43 21 och

185 520 30 14 en
247 519 133 21 gemensam
408 512 170 28 undervisning
603 512 94 26 införes,
720 512 64 21 finna
806 511 131 23 Ständerna

187 547 39 21 det
248 554 56 14 vara
327 546 7 21 i
357 546 37 22 sin
416 546 99 28 ordning
533 548 40 26 att,
593 546 93 28 jemlikt
702 546 183 28 propositionen,
909 546 27 21 de

185 580 199 29 undervisningar
406 580 35 22 för
458 580 161 22 skatterubeln
637 580 8 21 i
663 580 111 28 Wiborgs
794 580 45 27 län,
857 580 81 21 hvilka

185 616 56 27 ingå
257 615 8 21 i
280 615 156 28 kungörelsen
451 615 26 21 af
490 614 45 22 den
545 615 28 21 26
584 614 113 22 Februari
709 616 62 24 1828,
782 614 51 22 icke
844 614 92 22 komma

187 651 35 20 att
240 650 9 20 i
272 649 71 29 sagda
365 649 39 21 län
419 648 70 22 lända
503 649 38 21 till
556 649 161 25 efterrättelse,
734 648 121 22 hvaremot
870 649 67 22 Stän-

186 684 72 21 derna
280 683 52 21 icke
354 683 79 21 kunna
449 683 126 28 godkänna
590 684 41 26 att,
647 683 75 21 såsom
737 683 8 21 i
760 682 177 29 propositionen

186 718 103 26 föreslås,
313 718 27 20 de
363 718 35 20 uti
421 717 156 29 kungörelsen
601 717 26 21 af
647 717 44 21 den
714 718 13 20 5
750 717 61 21 Mars
829 717 52 21 1841
898 716 40 22 be-

186 751 90 21 stämda
298 751 43 21 och
364 755 63 17 ännu
449 751 108 29 gällande
580 751 102 28 grunder
701 751 35 21 för
749 750 187 29 jordskatternas

185 786 131 28 utgörande
338 785 78 29 blefve
438 786 53 20 från
513 785 44 21 och
579 785 36 21 för
633 786 25 20 år
678 786 54 21 1886
748 785 8 21 i
771 785 111 28 Wiborgs
897 785 39 21 län

185 819 136 28 tillämpade
342 819 43 22 och
400 820 52 20 med
469 820 53 21 1889
539 819 36 21 års
591 820 89 27 ingång
695 819 45 21 den
755 826 47 20 nya
817 819 59 21 efter
890 826 47 14 me-

185 853 71 21 triskt
277 854 59 21 mått
358 853 121 28 afpassade
501 853 201 28 undervisningen
724 853 119 21 derstädes
860 853 76 21 seder-

185 894 63 14 mera
271 887 83 22 införd.
385 887 80 22 Såsom
483 887 71 21 ofvan
570 887 96 28 angifna
681 887 89 21 värden
784 887 31 28 på
830 887 27 21 de
874 887 62 21 olika

186 921 189 22 skatterublerna
396 921 84 27 utvisa,
504 921 140 28 öfverstiger
665 921 120 28 nämligen
800 921 45 20 den
860 921 76 28 enligt

185 963 33 14 nu
238 955 109 29 gällande
362 955 103 28 grunder
480 955 115 28 utgående
609 955 149 28 jordskatten
773 955 51 21 icke
841 955 95 28 obetyd-

185 989 46 29 ligt
246 989 41 21 det
300 989 86 29 belopp
402 989 132 22 densamma
549 989 76 28 enligt
640 989 45 21 den
700 989 135 28 föreslagna
855 989 85 21 under-

185 1023 128 29 visningen
335 1023 59 22 efter
415 1023 108 22 metriskt
539 1025 87 26 system
641 1023 76 22 skulle
733 1025 90 26 utgöra.
853 1023 83 28 Enligt

187 1057 46 22 den
255 1057 87 28 nådiga
364 1057 176 28 propositionen
563 1057 75 22 skulle
658 1057 99 22 sålunda
769 1057 84 29 jorden
868 1058 8 21 i
891 1057 50 22 Wi-

186 1091 70 28 borgs
278 1091 40 22 län
342 1091 45 22 den
409 1091 73 22 första
503 1091 66 22 tiden
592 1091 58 22 efter
670 1091 45 22 den
730 1099 48 20 nya
793 1091 145 22 beskattnin-

186 1132 58 22 gens
265 1125 123 22 införande
411 1125 92 22 komma
524 1127 35 20 att
581 1127 84 26 utgöra
680 1133 29 14 en
724 1125 73 28 högre
813 1125 78 28 afgäld
909 1129 29 17 än

186 1159 131 22 framdeles.
346 1159 37 21 Då
402 1159 129 22 emellertid
547 1159 45 22 den
607 1167 47 20 nya
668 1159 184 28 beskattningen
868 1159 8 21 i
892 1159 45 22 alla

185 1193 43 22 fall
249 1193 79 22 blefve
351 1193 96 21 förenad
465 1193 52 22 med
533 1200 29 14 en
576 1193 118 28 väsentlig
710 1193 176 28 skattehöjning
902 1193 36 22 för

184 1227 228 28 jordlägenheterna,
429 1227 44 22 och
487 1227 40 21 det
542 1227 77 21 derför
634 1234 68 21 synes
719 1227 122 28 olämpligt
857 1229 34 19 att
900 1229 37 26 yt-

185 1261 112 28 terligare
315 1263 77 26 stegra
408 1261 188 28 skattebeloppet
611 1261 74 21 under
700 1261 28 21 de
739 1261 74 21 första
823 1262 61 27 åren,
896 1265 44 18 när

187 1295 178 28 svårigheterna
380 1295 25 22 af
418 1295 45 22 den
478 1302 47 21 nya
540 1295 130 28 ordningen
686 1295 60 21 dock
761 1297 59 19 mest
835 1299 57 24 göra
903 1295 36 28 sig

186 1329 112 26 känbara,
314 1336 54 15 anse
385 1329 130 22 Ständerna
534 1331 36 20 att
585 1329 45 22 den
644 1329 136 22 nuvarande
792 1329 149 28 jordskatten

186 1363 9 21 i
217 1363 112 28 Wiborgs
351 1363 40 21 län
414 1363 71 22 borde
507 1363 130 22 tillsvidare
660 1362 141 23 oförändrad
824 1364 57 27 utgå
896 1364 44 21 och

187 1397 45 22 den
254 1404 49 21 nya
321 1397 183 28 beskattningen
519 1397 94 27 införas,
629 1397 59 21 först
702 1397 30 21 då
748 1397 45 21 den
807 1397 132 28 föreslagna

186 1431 8 21 i
216 1431 110 21 metriskt
348 1431 59 21 mått
422 1431 119 28 uttryckta
556 1431 203 28 undervisningen
774 1431 90 21 komme
880 1433 34 20 att
929 1432 8 21 i

186 1465 53 21 hela
255 1465 81 22 landet
351 1465 125 28 tillämpas,
491 1465 56 22 eller
562 1465 52 22 från
629 1465 43 22 och
688 1465 53 22 med
757 1465 25 21 år
799 1466 60 21 1889.
