1078 1692
225 121 13 21 2
394 121 80 23 Ständ.
490 121 37 23 Sv.
542 133 27 4 —
585 121 69 27 Prop.
672 120 40 22 N:o
726 120 19 22 3.

199 183 45 23 den
265 183 179 29 ifrågavarande
463 184 178 29 förordningens
656 192 62 21 egna
733 184 41 23 ord
788 184 71 23 borde
873 185 9 22 i
897 183 45 24 den

198 225 50 22 nya
269 218 167 29 författningen
458 218 129 31 användas,
609 219 38 22 till
669 218 58 31 följd
749 219 85 23 hvaraf
846 218 97 24 berörda

199 252 111 30 paragraf
323 252 68 24 äfven
406 253 80 23 blifvit
500 254 9 22 i
523 253 86 29 antydt
623 254 61 28 syfte
698 253 164 29 omredigerad.

269 286 36 23 På
329 287 77 28 grund
428 288 25 22 af
473 288 40 23 det
527 288 102 30 anförda,
645 288 23 23 få
683 288 130 23 Ständerna
827 287 115 23 underdå-

198 322 65 28 nigst
277 322 105 22 anmäla:

402 383 33 19 att
456 380 126 23 Ständerna
605 381 87 28 antagit
706 380 42 22 den
762 380 122 28 föreslagna
898 380 44 28 för-

336 415 127 29 fattningen
484 416 47 21 med
552 416 71 21 sädan
644 415 96 28 ändring
762 416 34 21 att
808 415 42 21 den
863 414 80 22 komme

336 451 34 20 att
383 450 83 22 erhålla
480 450 97 28 följande
592 450 88 27 lydelse:

437 516 131 27 Förordning,
591 515 108 27 angående
721 514 125 22 afskaffande
860 514 21 22 af
896 514 46 27 kop-

404 561 44 21 par-
465 555 37 21 och
517 554 133 22 tennafraden
666 554 54 21 samt
735 559 66 16 annan
815 553 83 22 dermed
908 553 35 21 lik-

404 595 57 22 artad
477 595 173 27 skattskyldighet.

619 658 45 25 $1

406 698 99 28 Koppar-
529 698 36 21 och
589 696 119 28 tennafrad
731 696 32 21 till
784 696 86 20 kronan
888 694 56 22 skall

340 734 54 26 från
409 734 37 21 och
459 734 47 20 med
521 733 27 21 år
562 732 59 22 1886
634 732 44 21 icke
692 731 74 22 vidare
780 732 91 26 utgöras.

501 820 2 2 .
619 798 11 23 8
646 796 18 20 2.

406 837 45 21 Det
469 836 117 28 stadgande
606 836 9 20 i
629 835 79 28 Kongl.
725 834 99 21 Plakatet
839 832 36 22 och
890 832 54 21 För-

336 872 123 27 ordmingen
481 871 42 21 den
544 870 31 21 27
596 869 95 28 Augusti
710 868 62 26 1723,
788 867 66 28 enligt
868 866 78 22 hvilket

336 906 59 22 skatt
408 905 72 22 kunde
491 905 106 28 päläggas
612 904 131 27 brytningen
758 903 28 27 af
797 902 71 22 andra
883 901 62 22 oädla

336 940 102 27 metaller,
458 942 31 19 än
504 939 81 28 koppar
600 939 37 21 och
652 940 59 24 tenn,
728 937 108 27 äfvensom
851 935 94 28 tillgodo-

336 975 107 28 görandet
457 975 28 27 af
496 973 186 29 metallegeringar
697 971 37 23 och
749 971 115 22 allehamda
878 970 67 21 mine-

337 1009 68 22 ralier
428 1009 36 22 och
486 1009 87 27 myttiga
595 1007 99 28 fossilier,
718 1006 56 28 berg-
789 1005 37 22 och
835 1005 111 28 jordarter

338 1044 28 27 af
385 1043 56 22 hvad
462 1049 71 16 namn
555 1043 24 20 de
601 1048 55 15 vara
674 1041 42 26 mä,
732 1040 77 22 varder
823 1039 123 27 härigenom

336 1077 123 28 upphäfvet.

274 1134 118 23 Finlands
407 1133 100 24 Ständer
521 1132 134 24 framhärda
670 1135 40 20 etc.

275 1180 149 29 Helsingfors
439 1179 46 24 den
500 1180 14 21 4
529 1179 64 23 Mars
609 1179 59 22 1885.

330 1403 119 22 Helsingfors,
462 1403 16 16 J.
491 1402 65 18 Simelii
569 1402 95 22 arfvingars
676 1401 82 21 tryckeri.
773 1401 43 16 1885
