1078 1692
379 151 19 23 U.
412 143 21 30 B.
453 148 22 18 —
494 146 54 32 Mog:
565 150 32 23 N:o
612 146 30 27 16.
841 148 22 20 11

213 207 134 23 Beträffande
361 208 46 22 äter
422 208 41 21 den
477 207 99 27 inkomst,
595 213 44 15 som
654 207 48 21 frän
712 205 184 23 bränvinsskatten

145 248 50 15 vore
220 242 32 21 för
274 242 270 22 kommunikationsfonden
568 243 32 20 tt
617 241 101 27 päräkna,
734 241 39 21 har
786 240 110 22 Utskottet

145 275 34 21 för
194 276 23 21 &r
233 277 53 21 1886
303 277 81 27 antagit
398 277 36 21 det
453 276 8 21 i
477 276 40 21 den
533 276 77 26 nädiga
623 275 159 27 propositionen
796 273 100 28 uppgifna

145 310 77 27 belopp
247 310 111 27 3,835,000
383 308 66 28 mark,
471 310 111 22 hvaremot
603 310 111 22 Utskottet
728 309 34 21 för
776 309 50 21 ären
843 308 53 21 1887

145 344 41 21 och
202 344 53 22 1888
280 346 70 20 ansett
371 344 31 28 sig
424 344 46 22 icke
485 344 73 22 kunna
571 344 52 27 följa
637 344 42 22 den
692 344 33 21 uti
739 342 158 28 propositionen

145 378 113 27 uppstälda
280 378 147 28 beräkningen.
467 378 112 22 Utskottet
601 378 39 22 har
654 378 107 27 nämligen
775 379 54 19 trott
843 376 31 26 sig
889 376 8 20 i

147 412 59 22 detta
220 412 36 22 fall
271 413 52 21 böra
337 413 32 21 till
384 413 68 27 grund
467 412 33 22 för
515 413 46 21 sina
576 412 95 27 kalkyler
686 412 62 27 lägga
764 412 34 21 det
813 410 23 22 af
842 410 55 22 Eko-

146 446 162 22 nomiutskottet
323 446 124 22 framstälda
461 446 81 28 förslag
556 453 34 15 om
605 446 242 27 tillverkningsskattens
861 444 37 21 hö-

143 480 66 27 jande
233 481 32 21 till
292 483 8 18 1
327 481 60 21 mark
409 482 27 20 60
451 482 64 26 penni
530 488 38 20 per
582 481 70 21 kanna
667 480 95 22 bränvin.
792 480 33 21 Dä
840 479 58 21 detta

147 515 221 22 Ekonomiutskottets
392 515 79 27 förslag
494 515 40 22 och
556 515 67 21 andra
637 514 48 22 utaf
698 514 98 22 bemälda
810 513 88 22 Utskott

146 548 113 22 förordade
281 549 162 27 bestämningar,
467 550 45 21 ifall
538 550 107 21 desamma
659 549 63 21 vinna
737 548 97 26 behörigt
849 547 50 27 god-

146 583 119 27 kännande,
280 584 106 21 sannolikt
400 584 86 22 komma
501 586 32 19 att
548 584 65 22 verka
627 590 25 15 en
667 583 152 25 inskränkning
829 581 23 21 af
857 581 42 21 till-

146 618 218 27 verkningsbeloppet,
380 618 38 22 har
433 618 112 22 Utskottet
559 618 103 22 beräknat
677 618 41 21 den
733 618 66 26 ärliga
806 615 93 23 tillverk-

146 652 78 26 ningen
248 652 32 21 till
302 653 74 21 endast
398 654 13 20 3
435 653 98 27 miljoner
548 653 87 25 kannor,
651 652 76 22 medan
742 650 157 28 propositionen

147 686 35 21 vid
198 692 26 15 en
238 686 58 21 skatt
311 686 23 22 af
348 688 10 20 1
375 687 60 21 mark
449 688 28 20 40
492 688 64 26 penni
571 687 8 21 i
595 687 58 21 detta
668 686 98 22 afseende
781 684 118 28 upptagit
887 680 17 39 4

146 720 98 27 miljoner
258 720 87 22 kannor.

216 755 72 27 Enligt
302 755 174 22 Statsutskottets
491 755 136 27 uppfattning
641 754 68 22 skulle
716 754 82 22 säledes
808 752 92 28 följande

147 788 72 27 kalkyl
233 788 72 22 kunna
319 790 116 26 uppställas
451 790 109 26 angående
575 788 186 22 bränvinsskatten
775 788 67 21 under
850 786 49 22 åren

149 823 54 21 1887
218 823 39 20 och
274 824 60 21 1888.
364 823 123 21 Beräknadt
501 823 224 27 tillverkningsbelopp

147 856 115 27 3,000,000
277 857 80 21 kannor
372 857 13 21 ä
401 858 10 20 1
428 857 61 22 mark
504 858 28 21 60
546 853 75 63 penni
652 873 4 4 .
672 857 43 26 Fmp
730 855 119 26 4,800,000:
865 867 29 2 —

148 889 216 29 Utskänkningsskatt
402 907 4 4 .
436 908 5 5 .
473 906 5 6 .
510 907 4 5 .
616 907 83 9 PSN
768 889 82 26 30,000:
869 901 22 3 —

466 907 88 46 Summa
567 909 93 44 inkomst
675 931 42 27 Fr
732 930 119 27 4,830,000:
869 941 23 3 —

147 964 107 22 hvarifrån
270 965 48 27 afgä
332 965 32 21 till
379 965 66 22 andra
460 965 100 22 ändamål
572 965 83 27 jemlikt

177 999 173 22 Statsutskottets
364 999 155 28 framställning
533 1000 8 21 i
556 1000 47 21 dess
617 999 36 22 be-

177 1033 105 22 tänkande
291 1034 107 27 angäende
409 1034 160 27 propositionen
577 1034 39 21 N:o
625 1035 26 21 28
682 1051 12 8 .,
733 1033 117 26 1,230,000:
868 1044 25 3 —

523 1064 140 41 Återstående
678 1075 42 26 Fn
736 1073 119 27 3,600,000:

148 1107 72 22 hvilka
234 1108 65 27 enligt
314 1108 174 22 Statsutskottets
506 1109 80 26 förslag
606 1108 156 27 inyssnämnda
768 1106 134 22 betänkande

146 1141 70 22 skulle
230 1142 84 22 tillfalla
328 1143 279 21 kommunikationsfonden.

216 1176 11 21 I
248 1176 215 22 öfverensstämmelse
482 1177 50 22 med
547 1177 119 22 Utskottets
682 1175 132 23 förestående
829 1174 74 22 beräk-

148 1209 75 28 ningar
244 1211 68 21 skulle
335 1211 92 27 följande
449 1211 122 28 tillgångar
587 1211 70 21 derför
672 1217 51 15 vara
738 1211 32 20 för
786 1209 116 21 kommuni-

147 1261 163 22 kationsfonden
325 1264 32 19 att
371 1262 95 27 päräkna
481 1262 71 21 under
557 1262 179 55 Janpenotan
746 1261 158 21 1886—1888:

148 1295 125 27 Behällning
287 1295 47 22 från
350 1296 72 21 1885.
455 1312 4 4 .
491 1312 4 5 .
527 1312 4 4 .
599 1313 4 4 <
635 1311 4 4 so
670 1311 4 4 +
705 1311 4 5 +
741 1294 119 27 1,693,860:
878 1305 26 3 —

148 1329 158 22 Nettoinkomst
325 1330 46 21 frän
386 1330 133 27 Helsingfors

178 1363 218 22 —Tavastehus—8:t
414 1359 13 37 —
435 1364 86 21 Peters-

177 1397 63 28 burgs
260 1398 89 27 jernväg
370 1397 21 26 (å
406 1399 115 25 2,200,000

175 1432 146 26 FE)...
425 1447 5 5 +
461 1448 4 5 .
481 1433 44 26 Fm
555 1433 117 24 6,600,000:
690 1444 25 3 —

414 1471 119 28 Transport
549 1473 118 25 6,600,000:
684 1484 27 3 —
743 1471 118 27 1,693,860:
877 1482 29 3 —

216 1511 148 18 Statsuiskottets
378 1511 117 18 betänkande
509 1513 35 16 N:o
557 1512 29 17 15.
