1078 1692
354 131 24 22 U.
393 131 23 22 B.
431 144 30 3 —
476 132 62 27 Prop.
553 132 40 21 N:o
610 130 34 22 13.
811 132 42 20 107

135 210 38 15 ma
195 204 63 28 gång
276 205 83 27 utgöra
374 210 29 14 en
425 202 48 22 lika
495 202 53 22 kort
569 202 55 22 eller
639 202 91 29 kortare
746 201 139 22 förbindelse

135 239 98 22 emellan
255 238 123 22 nordvesta
400 238 101 22 Finland
517 238 43 22 och
575 238 34 22 S:t
625 238 139 28 Petersburg
779 245 48 14 som
842 237 44 22 den

137 274 27 22 af
171 274 114 22 utskottet
298 274 122 22 förordade
430 274 311 29 sammanbindningsbanan.
764 273 123 22 Afständet

136 310 53 22 från
211 310 70 22 Wasa
304 310 42 22 och
367 310 129 28 Jyväskylä
511 310 38 21 till
563 310 93 28 Kuopio
671 310 45 22 blir
730 310 67 28 längs
813 308 73 22 denna

135 346 57 22 linie
209 348 11 20 7
237 346 43 22 och
295 346 37 22 till
347 346 102 22 Joensuu
466 346 27 22 11
509 345 42 22 mil
565 346 92 22 kortare
673 349 29 18 än
717 345 65 22 öfver
794 344 92 30 Kieppi.

137 382 36 22 Då
194 390 54 14 man
263 382 114 22 dessutom
392 384 36 20 tar
443 382 8 22 i
466 382 153 22 betraktande
635 384 34 19 att
684 389 37 15 om
735 382 76 21 banan
826 380 60 23 ifrån

138 418 94 30 Kuopio
250 418 35 22 uti
300 426 28 14 en
344 417 94 23 framtid
453 418 102 21 kommer
571 419 35 20 att
621 417 130 22 utsträckas
766 417 37 21 till
818 417 68 22 Uleä-

137 453 58 30 borg
210 454 42 22 och
268 454 94 28 Torneå,
377 453 37 22 för
430 455 34 20 att
479 454 41 21 der
535 454 78 22 ställas
628 454 9 21 i
647 453 139 23 förbindelse
796 453 52 22 med
858 461 28 14 en

138 490 175 27 nordhafsbana,
334 489 197 22 transitotrafiken
546 490 67 29 längs
628 489 199 23 Puumala-banan
841 489 46 22 blir

139 527 12 20 7
173 526 14 21 &
201 526 14 22 9
230 525 42 22 mil
286 526 92 21 kortare
395 529 29 18 än
439 532 38 15 om
491 528 77 26 vägen
583 526 72 21 måste
671 528 65 26 tagas
752 525 65 22 öfver
831 524 56 22 Kai-

139 561 58 29 piais
220 561 54 22 eller
292 561 112 28 Kouvola,
420 568 67 22 synes
503 562 50 28 mig
568 569 49 14 som
632 568 37 15 om
684 561 202 27 Puumala-banan,

138 600 69 19 ätven
221 597 63 22 hvad
299 597 159 29 anslutningar
473 597 38 22 till
524 597 177 29 jornvägsnätet
716 596 102 29 beträffa,
835 604 52 22 eger

137 632 115 22 företräde
267 633 93 21 framför
376 640 29 14 en
420 633 181 29 Kaipiais-bana.

211 668 135 22 Kostnaden
361 669 37 21 för
414 676 28 14 en
455 668 100 30 jernväg
570 668 52 22 frän
632 668 92 30 Kuopio
734 668 38 22 till
782 668 105 29 Kaipiais

138 704 47 22 blir
199 704 74 30 enligt
288 704 124 22 utskottets
425 704 129 29 beräkning
566 705 129 27 15,533,397
706 704 67 22 mark
782 704 38 22 via
831 703 55 23 Suo-

138 740 93 29 nenjoki
246 740 43 22 och
306 741 129 27 16,173,500
450 740 67 22 mark
528 740 40 22 via
578 740 146 30 Leppävirta,
734 740 36 22 till
780 739 107 34 Kouvola

139 776 129 28 15,858,397
284 776 65 22 mark
364 776 38 22 via
418 776 141 28 Suonenjoki
574 776 43 22 och
633 777 130 27 16,498,500
773 775 66 23 mark
848 775 39 22 via

138 811 146 29 Leppävirta.
307 812 62 22 Frän
383 812 93 28 Kuopio
491 812 38 21 till
543 812 100 28 Wiborg
657 812 46 22 blir
712 812 128 22 kostnaden
850 811 38 22 via

138 846 88 23 Imatra
242 848 130 27 19,234,650
386 847 67 22 mark
467 847 44 22 och
524 847 39 22 via
573 847 92 22 Jääskis
677 848 130 28 19,414,700
817 846 71 23 mark.

139 883 54 22 Men
210 890 53 15 man
278 883 41 22 bör
334 883 146 29 ihägkomma
496 885 35 20 att
546 883 114 22 bandelen
677 883 84 22 Imatra
779 883 109 28 -Wiborg

140 919 124 28 (3,840,000
271 919 73 28 mark)
355 919 55 22 eller
420 919 117 22 eventuelt
548 919 113 22 bandelen
686 919 202 28 Jääskis-Wiborg

139 955 123 27 (2,520,000
277 955 72 27 mark)
365 955 73 21 såsom
453 962 131 21 gemensam
599 955 52 21 med
666 955 44 21 den
720 954 118 23 blifvande
848 954 40 22 ka-

138 990 75 21 relska
228 990 76 22 banan
318 990 50 22 icke
384 991 40 21 bör
439 991 55 28 ingä
510 991 35 21 uti
561 999 29 14 en
603 991 141 29 jemförande
754 990 134 29 beräkning,

139 1026 25 21 sä
179 1025 92 29 mycket
285 1033 62 15 mera
362 1033 48 15 som
426 1027 12 20 &
454 1026 71 22 andra
541 1027 66 21 sidän
617 1027 127 21 kostnaden
754 1027 37 21 för
801 1027 87 28 spärets

138 1062 159 28 presumerade
312 1062 161 29 utsträckning
488 1063 51 21 frän
555 1063 105 28 Kaipiais
671 1063 55 21 eller
736 1062 107 22 Kouvola
852 1061 37 22 till

138 1097 70 22 hamn
222 1097 41 22 vid
278 1098 86 21 Finska
379 1098 70 22 viken
463 1098 81 22 blifvit
560 1098 123 23 utlemnad.
706 1097 127 23 Anmärkas
847 1097 42 22 bör

138 1133 69 22 också
226 1135 35 20 att
283 1128 41 27 uti
342 1133 167 30 ofvanangifna
523 1134 99 22 kostnad
638 1135 37 21 för
690 1133 198 23 Puumala-banan

139 1168 45 22 den
198 1169 28 22 70
236 1172 62 19 verst
313 1169 69 29 långa
396 1169 115 22 bandelen
528 1164 118 39 Hietanen
664 1164 95 39 Immala
773 1171 30 28 pä
813 1169 76 30 grund

139 1204 28 22 af
187 1205 80 21 okulär
287 1205 171 29 undersökning
473 1205 67 29 ingär
556 1206 53 21 med
624 1207 116 27 6.424,950
754 1205 66 22 mark
835 1205 55 22 eller

140 1241 80 27 91,785
242 1241 66 22 mark
330 1249 40 21 per
385 1243 68 20 verst.
485 1241 43 22 Om
543 1242 69 21 ocksä
626 1242 57 21 bron
698 1242 65 21 öfver
778 1241 112 22 Puumala

139 1276 65 29 sund,
219 1276 116 23 beräknad
351 1279 34 20 att
400 1278 67 21 kosta
483 1279 12 20 1
512 1277 83 30 miljon
610 1278 70 28 mark,
694 1278 66 29 ingär
770 1278 35 21 uti
816 1277 74 22 denna

139 1311 202 30 kostnadssumma,
358 1321 67 20 synes
439 1313 50 29 mig
502 1313 60 22 dock
572 1315 34 20 ett
617 1314 80 21 sädant
707 1314 47 29 pris
765 1321 56 14 vara
832 1313 58 21 efter

138 1348 56 21 vära
216 1347 160 23 förhällanden
399 1350 25 21 sä
445 1348 64 29 högt,
526 1351 35 20 att
577 1349 39 22 det
631 1349 40 22 vid
687 1357 29 14 en
730 1355 160 23 noggrannare

137 1382 333 31 instrumentalundersökning
486 1385 136 28 antagligen
636 1384 46 23 kan
698 1385 88 29 ganska
798 1383 92 30 mycket

138 1418 124 23 reduceras.

197 1453 12 22 I
224 1453 78 30 hvarje
318 1455 42 22 fall
374 1455 46 22 blir
436 1455 139 23 differensen
590 1456 9 22 i
614 1456 98 22 kostnad
724 1456 97 22 emellan
831 1455 59 22 före-

212 1497 195 26 Jernvägsutskottets
423 1498 118 20 betänkande
557 1499 39 20 N:o
611 1500 18 18 1.
890 1490 3 2 I
