1078 1692
402 144 91 22 U;'B:.-—
504 146 61 24 Prop.
578 146 79 19 N:o'12.
725 171 10 14 N
866 146 12 18 3

208 212 2 2 *
226 204 165 23 Statsutskottet
404 204 69 22 finner
487 204 33 21 väl
536 204 47 21 icke
597 206 32 19 att
643 204 59 21 detta
721 203 183 28 jernvägsföretag

159 240 54 20 värit
228 239 22 21 af
264 240 40 20 den
320 239 132 21 brädskande
467 238 145 22 beskaffenhet
627 240 31 20 att
672 238 48 22 med
731 239 55 21 dess
794 237 110 22 utförande

158 274 45 20 icke
219 272 68 22 skulle
302 273 81 21 kunnat
398 273 22 21 få
433 273 52 21 bero
499 272 34 22 till
549 273 48 21 dess
613 273 123 21 ständernas
753 272 105 27 samtycke
872 272 32 21 in-

158 308 98 24 hemtats,
272 307 38 21 och
334 313 61 21 synes
418 307 36 21 det
468 306 115 27 Utskottet,
606 308 32 20 att
655 307 115 21 ständerna
784 306 23 22 sä
822 301 83 33 mycket

158 342 66 21 hellre
248 342 47 21 bort
318 342 88 20 beredas
429 341 84 21 tillfälle
533 343 32 19 att
582 343 57 25 yttra
661 341 35 27 sig
716 340 59 22 öfver
790 343 31 19 ett
835 340 70 22 direkt

158 376 80 27 förslag
260 376 46 21 frän
330 376 123 26 regeringen
477 382 32 15 om
533 376 80 21 banans
626 376 133 28 byggande,
785 381 43 19 som
847 377 57 19 stän-

162 411 71 26 derna,
245 410 67 27 enligt
326 410 53 21 hvad
396 410 61 22 ofvan
473 410 73 26 visats,
561 410 107 22 tillförene
682 410 114 26 ingalunda
810 410 95 21 förordat

159 445 67 21 denna
246 444 241 28 jernvägsförbindelses
511 444 132 27 anläggande
665 444 33 22 för
714 446 80 20 statens
809 444 95 27 räkning,

159 480 72 21 Ehuru
254 480 114 25 dessutom,
392 479 68 21 säsom
477 479 39 21 den
533 479 77 27 nädiga
624 479 156 27 propositionen
796 478 61 22 äfven
872 480 32 19 ut-

159 514 61 25 talar,
244 514 39 20 den
308 513 32 21 för
362 513 160 27 ifrägavarande
535 514 90 26 jernväg
640 514 122 21 beräknade
777 513 88 21 kostnad
881 514 24 20 är

159 548 72 21 alltför
246 548 94 27 betydlig
354 547 33 21 för
402 549 31 20 att
451 549 118 20 motsvaras
584 548 23 21 af
621 548 39 21 den
676 547 161 26 trafikinkomst,
859 553 44 15 som

159 582 67 21 under
248 589 26 14 en
297 582 49 27 läng
362 582 28 21 tid
414 582 78 21 framät
506 582 40 21 kan
563 588 51 16 vara
629 582 33 22 för
676 582 67 22 banan
760 584 30 19 att
805 581 99 28 päräkna,

161 617 38 21 och
216 616 106 28 företaget
336 616 89 22 sälunda
439 616 27 28 pä
481 616 61 27 länge
557 617 46 21 icke
619 617 94 21 kommer
728 618 32 20 att
774 616 68 22 lemna
858 616 47 21 skä-

159 652 34 26 lig
208 653 61 19 ränta
284 651 26 27 pä
326 652 36 20 det
376 651 52 21 derä
441 651 104 27 nedlagda
561 651 109 27 kapitalet,
685 657 62 16 anser
766 650 139 22 Statsutskot-

159 688 30 19 tet
208 686 53 21 dock
284 688 36 24 att,
336 686 28 21 dä
382 686 193 27 byggnadsarbetet
597 686 108 21 allaredan
728 686 98 26 :vidtagit,
849 687 55 19 stän-

159 720 65 21 derna
242 720 47 22 icke
308 720 70 21 kunna
392 720 137 26 undandraga
544 720 33 27 sig
592 722 31 19 att
638 720 73 22 bifalla
726 720 32 21 till
774 720 39 21 den
829 719 76 27 nädiga

158 754 158 27 propositionen
340 754 51 22 eller
414 756 31 20 att
463 754 68 21 tillåta
554 755 36 21 det
612 754 135 22 oftanämnda
763 754 75 22 bibana
852 754 7 20 i
874 753 28 22 af-

159 789 77 21 seende
256 788 13 22 &
287 788 134 27 förvaltning,
436 788 110 22 underhåll
563 789 38 21 och
617 789 155 21 inkomsternas
786 788 119 26 fördelning

162 823 118 21 införlifvas
296 824 46 19 med
353 823 153 26 Helsingfors—
518 823 144 21 Tavastehus—
674 818 33 36 S:t
714 823 129 26 Petersburg
848 822 57 27 jern-

159 859 47 24 väg.
236 857 95 21 Bibanan
348 857 46 21 frän
411 857 79 21 Simola
505 857 76 21 station
593 857 32 21 till
634 857 172 22 Willmanstrand
815 859 24 19 är
847 857 58 21 dess-

159 893 57 19 utom
240 891 90 22 alldeles
353 891 33 22 för
407 891 54 26 kort,
484 891 33 21 för
539 893 32 20 att
589 898 25 15 en
630 891 91 22 särskild
737 891 167 22 administration

163 926 67 21 skulle
246 926 33 21 för
294 926 123 21 densamma
431 926 113 27 lämpligen
567 926 71 21 kunna
652 926 158 27 ifrägakomma,
829 925 76 22 medan

159 960 46 21 åter.
220 960 49 21 dess
285 959 129 27 förvaltning
430 960 5 21 i
452 960 152 27 sammanhang
619 961 47 20 med
682 960 147 22 hufvudbanan
845 959 60 22 torde

159 995 133 26 synnerligen
310 995 40 20 lätt
365 995 70 20 kunna
451 994 94 27 försiggä
561 995 38 21 och
615 995 46 21 icke
675 995 75 21 kräfva
760 993 145 28 nägra'nämn-

159 1029 64 21 värda
238 1029 122 21 kostnader.

226 1063 31 21 På
278 1063 68 26 grund
369 1063 22 21 af
412 1063 53 21 hvad
488 1063 111 22 Utskottet
613 1064 89 21 sålunda
717 1063 46 22 haft
777 1065 50 19 äran
843 1062 61 21 ofvan

159 1097 73 21 anföra
247 1097 33 21 får
295 1097 110 22 Utskottet
419 1098 108 21 vördsamt
542 1097 80 22 föreslå
637 1099 31 20 att

395 1145 88 23 landets
501 1145 121 30 höglofliga
641 1145 100 24 Ständer
759 1145 35 23 uti
809 1144 42 23 sitt
862 1151 43 16 un-

362 1179 127 30 derdåniga
506 1187 56 16 svar
579 1179 15 24 å
611 1180 44 23 den
672 1179 86 30 nådiga
766 1178 139 32 propositio-

361 1221 44 16 nen
422 1213 52 24 ville
491 1213 115 30 förklara,
625 1215 33 22 att
678 1213 130 24 Ständerna
822 1212 84 30 bifallit

362 1247 84 30 dertill,
469 1249 34 22 att
533 1248 99 24 bibanan
660 1247 245 26 Simola—Willman-

361 1282 82 23 stramd
469 1283 9 22 i
495 1282 108 29 afseende
621 1283 15 23 å
651 1283 150 30 förvaltning,
819 1281 86 24 under-

362 1316 47 23 håll
435 1317 40 23 och
497 1317 167 24 inkomsternas
681 1317 132 30 fördelning
831 1316 75 29 inför-

362 1350 68 29 lifvas
447 1351 51 23 med
507 1351 179 30 Helsingfors—
694 1350 213 26 Tavastehus—
875 1346 36 40 S:t

361 1385 140 30 Petersburg
513 1386 108 30 jernväg.

224 1481 132 17 Statsutskottets
368 1481 102 17 betänkande
482 1482 34 16 N:o
530 1484 15 15 &.
