1078 1692
477 129 35 22 N:o
528 128 21 23 6.
839 128 23 21 11

134 196 153 26 krigsbefälets
310 197 78 21 besvär
408 196 23 22 af
445 196 40 22 den
504 198 25 20 16
546 196 97 22 Oktober
660 198 54 20 1723
731 196 104 27 stadgade
850 196 43 21 för-

139 230 43 20 bud
206 233 44 19 mot
266 230 130 28 förmedling
412 231 23 21 af
449 232 94 20 rusthäll
559 232 99 26 upphöra
673 233 33 19 att
721 231 107 27 framgent
843 236 51 15 vara

139 264 105 26 gällande.

208 299 32 21 De
256 300 6 20 i
278 300 78 26 Kongl.
379 300 144 26 kungörelsen
547 300 41 21 den
604 301 13 20 4
633 300 43 27 Maj
702 301 54 21 1778
780 300 114 21 faststälda

139 333 87 27 afgifter
241 334 33 21 för
290 334 233 27 rusthällareombyten
539 341 40 21 ega
595 335 47 21 icke
657 335 75 21 vidare
747 341 54 15 rum.

213 472 74 22 Skulle
304 473 119 21 emellertid
439 473 76 27 frågan
531 479 35 15 om
578 473 275 27 rustningsskyldighetens
864 472 31 21 af-

141 506 96 27 lyftande
253 507 39 21 och
308 507 232 26 rotevakansafgiftens
551 507 158 28 eftergifvande
720 508 18 25 ej
750 508 67 20 heller
826 508 69 20 denna

137 542 57 26 gäng
216 542 73 20 kunna
311 542 39 20 hos
374 541 121 22 Ständerna
518 542 65 21 vinna
606 542 33 21 sin
655 542 91 26 lösning,
763 542 61 20 torde
840 541 55 21 dock

138 575 77 27 frågan
231 582 33 15 om
282 582 24 15 en
323 576 107 26 reglering
445 576 24 21 af
483 576 41 21 den
540 577 125 21 nuvarande
676 576 218 21 rusthällsvakansaf-

138 610 68 26 giften
223 611 38 21 och
278 611 136 21 densammas
430 611 119 27 bringande
551 606 12 36 i
560 612 48 20 ett
624 611 80 27 skäligt
717 611 134 21 förhållande
861 611 33 21 till

137 645 27 20 de
187 645 153 27 uppoffringar,
356 646 82 20 kronan
458 646 119 21 vidkännes
594 646 33 21 för
643 646 138 26 rustningens
797 647 98 25 upprätt-

139 679 106 28 hällande,
254 680 47 21 icke
317 680 53 21 böra
384 680 165 27 undanskjutas.
572 680 47 22 Den
635 680 47 22 frän
691 680 119 22 rusthällen
819 687 28 14 nu
862 682 32 19 ut-

140 714 82 26 gäende
238 714 172 27 vakansafgiften
426 717 24 19 är
466 715 24 21 sä
505 715 69 27 ringa,
586 717 33 19 att
629 716 49 20 dess
690 715 161 27 sammanlagda
859 715 37 21 be-

137 748 50 27 lopp
210 749 47 21 icke
280 756 37 14 ens
341 751 120 19 motsvarar
485 750 36 20 det
538 750 162 26 sammanlagda
716 750 101 26 beloppet
832 749 23 21 af
869 749 26 21 de

137 785 197 25 augmentsräntor,
351 790 44 14 som
412 783 23 21 af
449 784 83 20 kronan
549 784 89 21 afstätts
654 784 32 20 till
698 784 166 21 innehafvarene
874 783 23 21 af

139 818 127 26 rusthällen,
291 818 39 21 och
352 818 79 26 följden
455 818 23 21 af
493 819 61 21 detta
569 818 189 22 missförhällande
774 820 24 19 är
813 820 32 19 att
859 818 37 20 vid

137 851 27 21 de
191 851 62 22 flesta
276 853 119 20 rusthällen
418 853 174 26 vakansafgiften
615 853 33 21 till
672 853 52 20 fullo
750 853 101 21 betäckes
874 852 23 21 af

138 889 218 24 augmentsräntorna
379 887 39 21 och
442 889 33 19 att
490 887 47 21 icke
554 887 21 21 fä
592 887 92 21 rusthäll
700 887 75 26 finnas,
792 887 37 21 der
845 893 51 20 aug-

141 923 175 19 mentsräntorna
336 921 133 27 öfverskjuta
485 922 181 26 vakansafgiften,
683 922 139 27 hvarigenom
837 921 59 21 inne-

142 955 115 22 hafvarene
273 956 23 21 af
317 957 63 20 dessa
403 956 99 25 rusthäll,
526 957 7 20 i
550 957 75 20 stället
647 958 32 19 att
702 957 33 20 till
759 956 82 21 kronan
864 962 32 15 er-

141 990 64 26 lägga
231 997 26 14 en
284 990 69 27 afgift,
377 991 23 20 af
426 991 83 20 kronan
536 991 99 26 uppbära
661 991 81 26 ärligen
767 991 46 20 icke
835 990 63 27 ringa

145 1024 86 27 belopp.
261 1025 110 21 Ehuruväl
394 1032 25 14 en
443 1025 129 27 fullständig
595 1025 223 22 öfverensstämmelse
834 1025 63 20 emel-

140 1059 35 20 lan
199 1059 280 27 rusthällsvakansafgiften
499 1060 40 21 och
555 1060 217 26 rustningsräntorna
786 1059 47 21 icke
849 1059 48 25 kan,

140 1096 51 18 utan
211 1095 69 20 större
300 1094 108 26 rubbning
431 1094 6 21 i
463 1094 133 21 rusthällens
620 1094 99 27 salupris,
743 1094 29 27 pä
794 1099 25 15 en
842 1092 56 27 gäng

139 1127 143 28 genomföras,
307 1129 56 20 lärer
388 1129 54 20 dock
467 1135 26 14 en
517 1129 68 20 sådan
612 1129 91 26 ändring
724 1129 7 20 i
754 1127 144 27 vakansafgif-

137 1164 36 19 ten
203 1162 53 21 böra
279 1163 87 26 bringas
388 1163 32 20 till
451 1163 71 26 ständ,
547 1165 32 19 att
603 1163 123 21 densamma
749 1165 100 18 närmare
871 1164 27 19 än

139 1203 28 14 nu
192 1198 24 19 är
238 1197 68 26 fallet,
330 1197 82 27 lämpas
437 1197 55 21 efter
516 1197 103 27 beloppet
644 1197 23 21 af
691 1197 26 21 de
738 1197 160 26 rustningsrän-

137 1233 41 24 tor,
203 1237 46 15 som
274 1231 126 26 rusthällen,
424 1231 53 21 hvar
499 1231 34 21 för
557 1232 40 27 sig,
621 1231 42 22 fätt
686 1232 33 26 sig
740 1231 103 26 anslagne
860 1230 38 21 och

137 1267 33 19 att
186 1265 7 20 i
210 1266 55 21 intet
287 1265 38 22 fall
346 1265 174 27 vakansafgiften
537 1265 98 22 kommer
650 1267 33 20 att
698 1265 128 26 understiga
841 1266 57 19 rust-

138 1299 78 21 hällets
232 1302 195 25 augmentsräntor.

210 1335 74 20 Redan
308 1335 35 20 vid
367 1334 211 27 indelningsverkets
601 1335 113 20 införande
737 1340 71 21 synas,
831 1333 67 26 enligt

137 1368 56 21 hvad
216 1369 61 21 äldre
298 1369 130 26 handlingar
443 1369 87 26 antyda,
555 1369 59 20 olika
635 1369 95 26 grunder
745 1368 71 21 blifvit
831 1367 67 27 följda

139 1403 35 20 vid
200 1404 228 26 rustningsräntornas
451 1403 164 21 bestämmande
634 1403 7 20 i
656 1403 88 26 hänsigt
762 1403 33 20 till
811 1402 26 21 de
853 1403 45 19 sär-

140 1437 73 21 skilda
236 1438 239 27 dragonregementena.
507 1437 98 22 Sålunda
620 1437 120 27 uppgifves,
756 1439 33 18 att
803 1437 23 20 åt
841 1437 57 20 rust-
