<?xml version="1.0" encoding="UTF-8"?>
<alto xmlns="http://www.loc.gov/standards/alto/ns-v3#" xmlns:xlink="http://www.w3.org/1999/xlink" xmlns:xsi="http://www.w3.org/2001/XMLSchema-instance" xsi:schemaLocation="http://www.loc.gov/standards/alto/ns-v3# http://www.loc.gov/alto/v3/alto-3-0.xsd">
	<Description>
		<MeasurementUnit>pixel</MeasurementUnit>
		<sourceImageInformation>
			<fileName>/tmp/tess_cm6hz007_input.PNG</fileName>
		</sourceImageInformation>
		<OCRProcessing ID="OCR_0">
			<ocrProcessingStep>
				<processingSoftware>
					<softwareName>tesseract 5.3.4</softwareName>
				</processingSoftware>
			</ocrProcessingStep>
		</OCRProcessing>
	</Description>
	<Layout>
		<Page WIDTH="1078" HEIGHT="1692" PHYSICAL_IMG_NR="0" ID="page_0">
			<PrintSpace HPOS="0" VPOS="0" WIDTH="1078" HEIGHT="1692">
				<ComposedBlock ID="cblock_0" HPOS="416" VPOS="155" WIDTH="253" HEIGHT="33">
					<TextBlock ID="block_0" HPOS="416" VPOS="155" WIDTH="253" HEIGHT="33">
						<TextLine ID="line_0" HPOS="416" VPOS="155" WIDTH="253" HEIGHT="33">
							<String ID="string_0" HPOS="416" VPOS="156" WIDTH="19" HEIGHT="25" WC="0.52" CONTENT="U."/><SP WIDTH="15" VPOS="156" HPOS="435"/>
							<String ID="string_1" HPOS="450" VPOS="156" WIDTH="21" HEIGHT="24" WC="0.85" CONTENT="B."/><SP WIDTH="16" VPOS="156" HPOS="471"/>
							<String ID="string_2" HPOS="487" VPOS="170" WIDTH="28" HEIGHT="5" WC="0.88" CONTENT="—"/><SP WIDTH="16" VPOS="170" HPOS="515"/>
							<String ID="string_3" HPOS="531" VPOS="158" WIDTH="55" HEIGHT="30" WC="0.86" CONTENT="Prop,"/><SP WIDTH="15" VPOS="158" HPOS="586"/>
							<String ID="string_4" HPOS="601" VPOS="155" WIDTH="34" HEIGHT="27" WC="0.37" CONTENT="H:o"/><SP WIDTH="13" VPOS="155" HPOS="635"/>
							<String ID="string_5" HPOS="648" VPOS="156" WIDTH="21" HEIGHT="26" WC="0.95" CONTENT="4."/>
						</TextLine>
					</TextBlock>
				</ComposedBlock>
				<ComposedBlock ID="cblock_1" HPOS="300" VPOS="212" WIDTH="616" HEIGHT="272">
					<TextBlock ID="block_1" HPOS="300" VPOS="212" WIDTH="616" HEIGHT="272">
						<TextLine ID="line_1" HPOS="302" VPOS="212" WIDTH="259" HEIGHT="29">
							<String ID="string_6" HPOS="302" VPOS="212" WIDTH="15" HEIGHT="22" WC="0.92" CONTENT="5"/><SP WIDTH="14" VPOS="212" HPOS="317"/>
							<String ID="string_7" HPOS="331" VPOS="212" WIDTH="103" HEIGHT="29" WC="0.95" CONTENT="deciliter,"/><SP WIDTH="14" VPOS="212" HPOS="434"/>
							<String ID="string_8" HPOS="448" VPOS="213" WIDTH="113" HEIGHT="28" WC="0.96" CONTENT="äfvensom"/>
						</TextLine>
						<TextLine ID="line_2" HPOS="302" VPOS="246" WIDTH="187" HEIGHT="29">
							<String ID="string_9" HPOS="302" VPOS="247" WIDTH="50" HEIGHT="28" WC="0.85" CONTENT="1!/,"/><SP WIDTH="14" VPOS="247" HPOS="352"/>
							<String ID="string_10" HPOS="366" VPOS="246" WIDTH="123" HEIGHT="28" WC="0.90" CONTENT="hektoliter;"/>
						</TextLine>
						<TextLine ID="line_3" HPOS="369" VPOS="281" WIDTH="226" HEIGHT="28">
							<String ID="string_11" HPOS="369" VPOS="281" WIDTH="20" HEIGHT="27" WC="0.92" CONTENT="b)"/><SP WIDTH="9" VPOS="281" HPOS="389"/>
							<String ID="string_12" HPOS="398" VPOS="281" WIDTH="43" HEIGHT="28" WC="0.96" CONTENT="för"/><SP WIDTH="13" VPOS="281" HPOS="441"/>
							<String ID="string_13" HPOS="454" VPOS="283" WIDTH="52" HEIGHT="21" WC="0.94" CONTENT="våta"/><SP WIDTH="15" VPOS="283" HPOS="506"/>
							<String ID="string_14" HPOS="521" VPOS="290" WIDTH="74" HEIGHT="14" WC="0.96" CONTENT="varor:"/>
						</TextLine>
						<TextLine ID="line_4" HPOS="300" VPOS="316" WIDTH="309" HEIGHT="28">
							<String ID="string_15" HPOS="300" VPOS="316" WIDTH="38" HEIGHT="26" WC="0.95" CONTENT="20,"/><SP WIDTH="16" VPOS="316" HPOS="338"/>
							<String ID="string_16" HPOS="354" VPOS="316" WIDTH="35" HEIGHT="25" WC="0.96" CONTENT="10,"/><SP WIDTH="15" VPOS="316" HPOS="389"/>
							<String ID="string_17" HPOS="404" VPOS="316" WIDTH="21" HEIGHT="28" WC="0.95" CONTENT="5,"/><SP WIDTH="14" VPOS="316" HPOS="425"/>
							<String ID="string_18" HPOS="439" VPOS="318" WIDTH="16" HEIGHT="20" WC="0.95" CONTENT="2"/><SP WIDTH="14" VPOS="318" HPOS="455"/>
							<String ID="string_19" HPOS="469" VPOS="317" WIDTH="39" HEIGHT="21" WC="0.96" CONTENT="och"/><SP WIDTH="16" VPOS="317" HPOS="508"/>
							<String ID="string_20" HPOS="524" VPOS="319" WIDTH="13" HEIGHT="20" WC="0.92" CONTENT="1"/><SP WIDTH="16" VPOS="319" HPOS="537"/>
							<String ID="string_21" HPOS="553" VPOS="318" WIDTH="56" HEIGHT="25" WC="0.96" CONTENT="liter,"/>
						</TextLine>
						<TextLine ID="line_5" HPOS="301" VPOS="350" WIDTH="252" HEIGHT="28">
							<String ID="string_22" HPOS="301" VPOS="350" WIDTH="21" HEIGHT="26" WC="0.96" CONTENT="5,"/><SP WIDTH="14" VPOS="350" HPOS="322"/>
							<String ID="string_23" HPOS="336" VPOS="351" WIDTH="16" HEIGHT="20" WC="0.96" CONTENT="2"/><SP WIDTH="14" VPOS="351" HPOS="352"/>
							<String ID="string_24" HPOS="366" VPOS="350" WIDTH="40" HEIGHT="21" WC="0.96" CONTENT="och"/><SP WIDTH="14" VPOS="350" HPOS="406"/>
							<String ID="string_25" HPOS="420" VPOS="352" WIDTH="14" HEIGHT="20" WC="0.95" CONTENT="1"/><SP WIDTH="14" VPOS="352" HPOS="434"/>
							<String ID="string_26" HPOS="448" VPOS="351" WIDTH="105" HEIGHT="27" WC="0.95" CONTENT="deciliter,"/>
						</TextLine>
						<TextLine ID="line_6" HPOS="301" VPOS="384" WIDTH="146" HEIGHT="26">
							<String ID="string_27" HPOS="301" VPOS="384" WIDTH="15" HEIGHT="22" WC="0.92" CONTENT="5"/><SP WIDTH="14" VPOS="384" HPOS="316"/>
							<String ID="string_28" HPOS="330" VPOS="384" WIDTH="117" HEIGHT="26" WC="0.91" CONTENT="centiliter;"/>
						</TextLine>
						<TextLine ID="line_7" HPOS="368" VPOS="418" WIDTH="293" HEIGHT="30">
							<String ID="string_29" HPOS="368" VPOS="420" WIDTH="20" HEIGHT="25" WC="0.63" CONTENT="ec)"/><SP WIDTH="10" VPOS="420" HPOS="388"/>
							<String ID="string_30" HPOS="398" VPOS="418" WIDTH="42" HEIGHT="27" WC="0.93" CONTENT="för"/><SP WIDTH="14" VPOS="418" HPOS="440"/>
							<String ID="string_31" HPOS="454" VPOS="420" WIDTH="101" HEIGHT="28" WC="0.95" CONTENT="mätning"/><SP WIDTH="14" VPOS="420" HPOS="555"/>
							<String ID="string_32" HPOS="569" VPOS="420" WIDTH="30" HEIGHT="28" WC="0.96" CONTENT="af"/><SP WIDTH="11" VPOS="420" HPOS="599"/>
							<String ID="string_33" HPOS="610" VPOS="421" WIDTH="51" HEIGHT="21" WC="0.96" CONTENT="ved:"/>
						</TextLine>
						<TextLine ID="line_8" HPOS="301" VPOS="452" WIDTH="615" HEIGHT="32">
							<String ID="string_34" HPOS="301" VPOS="452" WIDTH="55" HEIGHT="22" WC="0.76" CONTENT="mått"/><SP WIDTH="14" VPOS="452" HPOS="356"/>
							<String ID="string_35" HPOS="370" VPOS="452" WIDTH="30" HEIGHT="27" WC="0.96" CONTENT="af"/><SP WIDTH="11" VPOS="452" HPOS="400"/>
							<String ID="string_36" HPOS="411" VPOS="454" WIDTH="20" HEIGHT="24" WC="0.96" CONTENT="4,"/><SP WIDTH="15" VPOS="454" HPOS="431"/>
							<String ID="string_37" HPOS="446" VPOS="455" WIDTH="16" HEIGHT="21" WC="0.94" CONTENT="2"/><SP WIDTH="10" VPOS="455" HPOS="462"/>
							<String ID="string_38" HPOS="472" VPOS="454" WIDTH="39" HEIGHT="22" WC="0.87" CONTENT="och"/><SP WIDTH="11" VPOS="454" HPOS="511"/>
							<String ID="string_39" HPOS="522" VPOS="456" WIDTH="14" HEIGHT="20" WC="0.91" CONTENT="1"/><SP WIDTH="10" VPOS="456" HPOS="536"/>
							<String ID="string_40" HPOS="546" VPOS="456" WIDTH="175" HEIGHT="28" WC="0.42" CONTENT="gvadratreters"/><SP WIDTH="9" VPOS="456" HPOS="721"/>
							<String ID="string_41" HPOS="730" VPOS="454" WIDTH="186" HEIGHT="30" WC="0.95" CONTENT="genomskärning."/>
						</TextLine>
					</TextBlock>
				</ComposedBlock>
				<ComposedBlock ID="cblock_2" HPOS="300" VPOS="554" WIDTH="580" HEIGHT="141">
					<TextBlock ID="block_2" HPOS="511" VPOS="554" WIDTH="194" HEIGHT="33">
						<TextLine ID="line_9" HPOS="511" VPOS="554" WIDTH="194" HEIGHT="33">
							<String ID="string_42" HPOS="511" VPOS="554" WIDTH="49" HEIGHT="25" WC="0.86" CONTENT="III."/><SP WIDTH="35" VPOS="554" HPOS="560"/>
							<String ID="string_43" HPOS="595" VPOS="555" WIDTH="110" HEIGHT="32" WC="0.87" CONTENT="Vigter."/>
						</TextLine>
					</TextBlock>
					<TextBlock ID="block_3" HPOS="300" VPOS="596" WIDTH="580" HEIGHT="99">
						<TextLine ID="line_10" HPOS="300" VPOS="596" WIDTH="420" HEIGHT="31">
							<String ID="string_44" HPOS="300" VPOS="597" WIDTH="37" HEIGHT="27" WC="0.94" CONTENT="50,"/><SP WIDTH="15" VPOS="597" HPOS="337"/>
							<String ID="string_45" HPOS="352" VPOS="596" WIDTH="38" HEIGHT="28" WC="0.95" CONTENT="20,"/><SP WIDTH="15" VPOS="596" HPOS="390"/>
							<String ID="string_46" HPOS="405" VPOS="598" WIDTH="35" HEIGHT="27" WC="0.95" CONTENT="10,"/><SP WIDTH="17" VPOS="598" HPOS="440"/>
							<String ID="string_47" HPOS="457" VPOS="598" WIDTH="21" HEIGHT="27" WC="0.96" CONTENT="5,"/><SP WIDTH="15" VPOS="598" HPOS="478"/>
							<String ID="string_48" HPOS="493" VPOS="599" WIDTH="16" HEIGHT="21" WC="0.95" CONTENT="2"/><SP WIDTH="14" VPOS="599" HPOS="509"/>
							<String ID="string_49" HPOS="523" VPOS="598" WIDTH="39" HEIGHT="22" WC="0.90" CONTENT="och"/><SP WIDTH="15" VPOS="598" HPOS="562"/>
							<String ID="string_50" HPOS="577" VPOS="600" WIDTH="14" HEIGHT="20" WC="0.93" CONTENT="1"/><SP WIDTH="15" VPOS="600" HPOS="591"/>
							<String ID="string_51" HPOS="606" VPOS="598" WIDTH="114" HEIGHT="29" WC="0.96" CONTENT="kilogram,"/>
						</TextLine>
						<TextLine ID="line_11" HPOS="300" VPOS="630" WIDTH="569" HEIGHT="30">
							<String ID="string_52" HPOS="300" VPOS="630" WIDTH="52" HEIGHT="28" WC="0.96" CONTENT="500,"/><SP WIDTH="14" VPOS="630" HPOS="352"/>
							<String ID="string_53" HPOS="366" VPOS="632" WIDTH="52" HEIGHT="27" WC="0.96" CONTENT="200,"/><SP WIDTH="16" VPOS="632" HPOS="418"/>
							<String ID="string_54" HPOS="434" VPOS="633" WIDTH="50" HEIGHT="25" WC="0.96" CONTENT="100,"/><SP WIDTH="16" VPOS="633" HPOS="484"/>
							<String ID="string_55" HPOS="500" VPOS="633" WIDTH="35" HEIGHT="27" WC="0.96" CONTENT="50,"/><SP WIDTH="15" VPOS="633" HPOS="535"/>
							<String ID="string_56" HPOS="550" VPOS="632" WIDTH="38" HEIGHT="28" WC="0.96" CONTENT="20,"/><SP WIDTH="16" VPOS="632" HPOS="588"/>
							<String ID="string_57" HPOS="604" VPOS="633" WIDTH="35" HEIGHT="27" WC="0.96" CONTENT="10,"/><SP WIDTH="15" VPOS="633" HPOS="639"/>
							<String ID="string_58" HPOS="654" VPOS="633" WIDTH="21" HEIGHT="27" WC="0.96" CONTENT="5,"/><SP WIDTH="23" VPOS="633" HPOS="675"/>
							<String ID="string_59" HPOS="698" VPOS="634" WIDTH="8" HEIGHT="20" WC="0.93" CONTENT="2"/><SP WIDTH="15" VPOS="634" HPOS="706"/>
							<String ID="string_60" HPOS="721" VPOS="632" WIDTH="38" HEIGHT="22" WC="0.85" CONTENT="och"/><SP WIDTH="16" VPOS="632" HPOS="759"/>
							<String ID="string_61" HPOS="775" VPOS="633" WIDTH="13" HEIGHT="21" WC="0.93" CONTENT="1"/><SP WIDTH="14" VPOS="633" HPOS="788"/>
							<String ID="string_62" HPOS="802" VPOS="639" WIDTH="67" HEIGHT="21" WC="0.92" CONTENT="gram."/>
						</TextLine>
						<TextLine ID="line_12" HPOS="333" VPOS="658" WIDTH="547" HEIGHT="37">
							<String ID="string_63" HPOS="333" VPOS="658" WIDTH="137" HEIGHT="34" WC="0.96" CONTENT="(Återstoden"/><SP WIDTH="14" VPOS="658" HPOS="470"/>
							<String ID="string_64" HPOS="484" VPOS="666" WIDTH="23" HEIGHT="22" WC="0.96" CONTENT="af"/><SP WIDTH="13" VPOS="666" HPOS="507"/>
							<String ID="string_65" HPOS="520" VPOS="666" WIDTH="36" HEIGHT="29" WC="0.90" CONTENT="&amp;:n"/><SP WIDTH="14" VPOS="666" HPOS="556"/>
							<String ID="string_66" HPOS="570" VPOS="667" WIDTH="71" HEIGHT="22" WC="0.93" CONTENT="säsom"/><SP WIDTH="13" VPOS="667" HPOS="641"/>
							<String ID="string_67" HPOS="654" VPOS="666" WIDTH="8" HEIGHT="22" WC="0.96" CONTENT="i"/><SP WIDTH="14" VPOS="666" HPOS="662"/>
							<String ID="string_68" HPOS="676" VPOS="672" WIDTH="21" HEIGHT="16" WC="0.96" CONTENT="n."/><SP WIDTH="15" VPOS="672" HPOS="697"/>
							<String ID="string_69" HPOS="712" VPOS="666" WIDTH="168" HEIGHT="28" WC="0.95" CONTENT="propositionen)."/>
						</TextLine>
					</TextBlock>
				</ComposedBlock>
				<ComposedBlock ID="cblock_3" HPOS="443" VPOS="763" WIDTH="328" HEIGHT="69">
					<TextBlock ID="block_4" HPOS="443" VPOS="763" WIDTH="328" HEIGHT="69">
						<TextLine ID="line_13" HPOS="536" VPOS="763" WIDTH="143" HEIGHT="29">
							<String ID="string_70" HPOS="536" VPOS="763" WIDTH="31" HEIGHT="29" WC="0.88" CONTENT="$$"/><SP WIDTH="14" VPOS="763" HPOS="567"/>
							<String ID="string_71" HPOS="581" VPOS="765" WIDTH="15" HEIGHT="21" WC="0.92" CONTENT="6"/><SP WIDTH="15" VPOS="765" HPOS="596"/>
							<String ID="string_72" HPOS="611" VPOS="763" WIDTH="39" HEIGHT="22" WC="0.96" CONTENT="och"/><SP WIDTH="14" VPOS="763" HPOS="650"/>
							<String ID="string_73" HPOS="664" VPOS="764" WIDTH="15" HEIGHT="21" WC="0.93" CONTENT="7"/>
						</TextLine>
						<TextLine ID="line_14" HPOS="443" VPOS="803" WIDTH="328" HEIGHT="29">
							<String ID="string_74" HPOS="443" VPOS="804" WIDTH="80" HEIGHT="25" WC="0.92" CONTENT="(säsom"/><SP WIDTH="14" VPOS="804" HPOS="523"/>
							<String ID="string_75" HPOS="537" VPOS="803" WIDTH="8" HEIGHT="22" WC="0.96" CONTENT="i"/><SP WIDTH="14" VPOS="803" HPOS="545"/>
							<String ID="string_76" HPOS="559" VPOS="810" WIDTH="22" HEIGHT="16" WC="0.96" CONTENT="n."/><SP WIDTH="16" VPOS="810" HPOS="581"/>
							<String ID="string_77" HPOS="597" VPOS="803" WIDTH="174" HEIGHT="29" WC="0.95" CONTENT="propositionen)."/>
						</TextLine>
					</TextBlock>
				</ComposedBlock>
				<ComposedBlock ID="cblock_4" HPOS="292" VPOS="900" WIDTH="624" HEIGHT="407">
					<TextBlock ID="block_5" HPOS="579" VPOS="900" WIDTH="50" HEIGHT="28">
						<TextLine ID="line_15" HPOS="579" VPOS="900" WIDTH="50" HEIGHT="28">
							<String ID="string_78" HPOS="579" VPOS="900" WIDTH="16" HEIGHT="28" WC="0.91" CONTENT="$"/><SP WIDTH="13" VPOS="900" HPOS="595"/>
							<String ID="string_79" HPOS="608" VPOS="901" WIDTH="21" HEIGHT="21" WC="0.89" CONTENT="8."/>
						</TextLine>
					</TextBlock>
					<TextBlock ID="block_6" HPOS="296" VPOS="933" WIDTH="620" HEIGHT="170">
						<TextLine ID="line_16" HPOS="363" VPOS="933" WIDTH="551" HEIGHT="34">
							<String ID="string_80" HPOS="363" VPOS="933" WIDTH="73" HEIGHT="33" WC="0.94" CONTENT="Äfven"/><SP WIDTH="14" VPOS="933" HPOS="436"/>
							<String ID="string_81" HPOS="450" VPOS="939" WIDTH="40" HEIGHT="21" WC="0.93" CONTENT="der"/><SP WIDTH="13" VPOS="939" HPOS="490"/>
							<String ID="string_82" HPOS="503" VPOS="939" WIDTH="72" HEIGHT="22" WC="0.96" CONTENT="sådan"/><SP WIDTH="14" VPOS="939" HPOS="575"/>
							<String ID="string_83" HPOS="589" VPOS="939" WIDTH="123" HEIGHT="28" WC="0.96" CONTENT="anledning"/><SP WIDTH="11" VPOS="939" HPOS="712"/>
							<String ID="string_84" HPOS="723" VPOS="939" WIDTH="35" HEIGHT="21" WC="0.93" CONTENT="till"/><SP WIDTH="9" VPOS="939" HPOS="758"/>
							<String ID="string_85" HPOS="767" VPOS="939" WIDTH="147" HEIGHT="28" WC="0.91" CONTENT="omjustering,"/>
						</TextLine>
						<TextLine ID="line_17" HPOS="296" VPOS="972" WIDTH="620" HEIGHT="29">
							<String ID="string_86" HPOS="296" VPOS="979" WIDTH="45" HEIGHT="15" WC="0.94" CONTENT="som"/><SP WIDTH="26" VPOS="979" HPOS="341"/>
							<String ID="string_87" HPOS="367" VPOS="973" WIDTH="9" HEIGHT="20" WC="0.91" CONTENT="i"/><SP WIDTH="26" VPOS="973" HPOS="376"/>
							<String ID="string_88" HPOS="402" VPOS="973" WIDTH="15" HEIGHT="28" WC="0.91" CONTENT="$"/><SP WIDTH="26" VPOS="973" HPOS="417"/>
							<String ID="string_89" HPOS="443" VPOS="975" WIDTH="15" HEIGHT="19" WC="0.92" CONTENT="7"/><SP WIDTH="24" VPOS="975" HPOS="458"/>
							<String ID="string_90" HPOS="482" VPOS="973" WIDTH="145" HEIGHT="28" WC="0.91" CONTENT="omförmäles,"/><SP WIDTH="23" VPOS="973" HPOS="627"/>
							<String ID="string_91" HPOS="650" VPOS="973" WIDTH="46" HEIGHT="22" WC="0.92" CONTENT="icke"/><SP WIDTH="16" VPOS="973" HPOS="696"/>
							<String ID="string_92" HPOS="712" VPOS="972" WIDTH="128" HEIGHT="29" WC="0.91" CONTENT="föreligger,"/><SP WIDTH="24" VPOS="972" HPOS="840"/>
							<String ID="string_93" HPOS="864" VPOS="972" WIDTH="52" HEIGHT="22" WC="0.91" CONTENT="böra"/>
						</TextLine>
						<TextLine ID="line_18" HPOS="296" VPOS="1006" WIDTH="619" HEIGHT="29">
							<String ID="string_94" HPOS="296" VPOS="1007" WIDTH="55" HEIGHT="21" WC="0.95" CONTENT="mått"/><SP WIDTH="22" VPOS="1007" HPOS="351"/>
							<String ID="string_95" HPOS="373" VPOS="1007" WIDTH="39" HEIGHT="22" WC="0.93" CONTENT="och"/><SP WIDTH="14" VPOS="1007" HPOS="412"/>
							<String ID="string_96" HPOS="426" VPOS="1008" WIDTH="75" HEIGHT="27" WC="0.92" CONTENT="vigter,"/><SP WIDTH="14" VPOS="1008" HPOS="501"/>
							<String ID="string_97" HPOS="515" VPOS="1014" WIDTH="46" HEIGHT="15" WC="0.96" CONTENT="som"/><SP WIDTH="15" VPOS="1014" HPOS="561"/>
							<String ID="string_98" HPOS="576" VPOS="1008" WIDTH="9" HEIGHT="21" WC="0.95" CONTENT="i"/><SP WIDTH="15" VPOS="1008" HPOS="585"/>
							<String ID="string_99" HPOS="600" VPOS="1008" WIDTH="115" HEIGHT="21" WC="0.93" CONTENT="allmänna"/><SP WIDTH="15" VPOS="1008" HPOS="715"/>
							<String ID="string_100" HPOS="730" VPOS="1007" WIDTH="94" HEIGHT="22" WC="0.93" CONTENT="rörelsen"/><SP WIDTH="15" VPOS="1007" HPOS="824"/>
							<String ID="string_101" HPOS="839" VPOS="1006" WIDTH="76" HEIGHT="29" WC="0.92" CONTENT="begag-"/>
						</TextLine>
						<TextLine ID="line_19" HPOS="296" VPOS="1040" WIDTH="618" HEIGHT="29">
							<String ID="string_102" HPOS="296" VPOS="1047" WIDTH="46" HEIGHT="21" WC="0.94" CONTENT="nas,"/><SP WIDTH="24" VPOS="1047" HPOS="342"/>
							<String ID="string_103" HPOS="366" VPOS="1040" WIDTH="29" HEIGHT="27" WC="0.96" CONTENT="af"/><SP WIDTH="16" VPOS="1040" HPOS="395"/>
							<String ID="string_104" HPOS="411" VPOS="1041" WIDTH="64" HEIGHT="22" WC="0.93" CONTENT="deras"/><SP WIDTH="14" VPOS="1041" HPOS="475"/>
							<String ID="string_105" HPOS="489" VPOS="1041" WIDTH="143" HEIGHT="28" WC="0.90" CONTENT="innehafvare"/><SP WIDTH="14" VPOS="1041" HPOS="632"/>
							<String ID="string_106" HPOS="646" VPOS="1042" WIDTH="67" HEIGHT="21" WC="0.93" CONTENT="minst"/><SP WIDTH="14" VPOS="1042" HPOS="713"/>
							<String ID="string_107" HPOS="727" VPOS="1041" WIDTH="64" HEIGHT="21" WC="0.93" CONTENT="kvart"/><SP WIDTH="14" VPOS="1041" HPOS="791"/>
							<String ID="string_108" HPOS="805" VPOS="1041" WIDTH="68" HEIGHT="28" WC="0.96" CONTENT="tredje"/><SP WIDTH="15" VPOS="1041" HPOS="873"/>
							<String ID="string_109" HPOS="888" VPOS="1041" WIDTH="26" HEIGHT="21" WC="0.94" CONTENT="år"/>
						</TextLine>
						<TextLine ID="line_20" HPOS="296" VPOS="1074" WIDTH="392" HEIGHT="29">
							<String ID="string_110" HPOS="296" VPOS="1075" WIDTH="36" HEIGHT="21" WC="0.96" CONTENT="till"/><SP WIDTH="9" VPOS="1075" HPOS="332"/>
							<String ID="string_111" HPOS="341" VPOS="1074" WIDTH="102" HEIGHT="29" WC="0.96" CONTENT="förnyad"/><SP WIDTH="8" VPOS="1074" HPOS="443"/>
							<String ID="string_112" HPOS="451" VPOS="1075" WIDTH="112" HEIGHT="28" WC="0.93" CONTENT="justering"/><SP WIDTH="15" VPOS="1075" HPOS="563"/>
							<String ID="string_113" HPOS="578" VPOS="1075" WIDTH="110" HEIGHT="28" WC="0.88" CONTENT="aflemnas."/>
						</TextLine>
					</TextBlock>
					<TextBlock ID="block_7" HPOS="292" VPOS="1109" WIDTH="624" HEIGHT="198">
						<TextLine ID="line_21" HPOS="362" VPOS="1109" WIDTH="552" HEIGHT="29">
							<String ID="string_114" HPOS="362" VPOS="1109" WIDTH="35" HEIGHT="21" WC="0.92" CONTENT="De"/><SP WIDTH="14" VPOS="1109" HPOS="397"/>
							<String ID="string_115" HPOS="411" VPOS="1109" WIDTH="74" HEIGHT="28" WC="0.92" CONTENT="vigter,"/><SP WIDTH="16" VPOS="1109" HPOS="485"/>
							<String ID="string_116" HPOS="501" VPOS="1116" WIDTH="46" HEIGHT="15" WC="0.96" CONTENT="som"/><SP WIDTH="14" VPOS="1116" HPOS="547"/>
							<String ID="string_117" HPOS="561" VPOS="1109" WIDTH="127" HEIGHT="29" WC="0.96" CONTENT="understiga"/><SP WIDTH="16" VPOS="1109" HPOS="688"/>
							<String ID="string_118" HPOS="704" VPOS="1111" WIDTH="29" HEIGHT="19" WC="0.93" CONTENT="ett"/><SP WIDTH="15" VPOS="1111" HPOS="733"/>
							<String ID="string_119" HPOS="748" VPOS="1109" WIDTH="115" HEIGHT="28" WC="0.92" CONTENT="decigram,"/><SP WIDTH="11" VPOS="1109" HPOS="863"/>
							<String ID="string_120" HPOS="874" VPOS="1111" WIDTH="40" HEIGHT="19" WC="0.95" CONTENT="äro"/>
						</TextLine>
						<TextLine ID="line_22" HPOS="295" VPOS="1140" WIDTH="619" HEIGHT="31">
							<String ID="string_121" HPOS="295" VPOS="1143" WIDTH="22" HEIGHT="27" WC="0.96" CONTENT="ej"/><SP WIDTH="13" VPOS="1143" HPOS="317"/>
							<String ID="string_122" HPOS="330" VPOS="1140" WIDTH="161" HEIGHT="25" WC="0.96" CONTENT="underkastade"/><SP WIDTH="14" VPOS="1140" HPOS="491"/>
							<String ID="string_123" HPOS="505" VPOS="1143" WIDTH="42" HEIGHT="22" WC="0.93" CONTENT="den"/><SP WIDTH="14" VPOS="1143" HPOS="547"/>
							<String ID="string_124" HPOS="561" VPOS="1144" WIDTH="149" HEIGHT="27" WC="0.91" CONTENT="omjustering,"/><SP WIDTH="16" VPOS="1144" HPOS="710"/>
							<String ID="string_125" HPOS="726" VPOS="1143" WIDTH="87" HEIGHT="22" WC="0.91" CONTENT="hvarom"/><SP WIDTH="12" VPOS="1143" HPOS="813"/>
							<String ID="string_126" HPOS="825" VPOS="1143" WIDTH="9" HEIGHT="21" WC="0.96" CONTENT="i"/><SP WIDTH="9" VPOS="1143" HPOS="834"/>
							<String ID="string_127" HPOS="843" VPOS="1143" WIDTH="71" HEIGHT="22" WC="0.95" CONTENT="denna"/>
						</TextLine>
						<TextLine ID="line_23" HPOS="293" VPOS="1177" WIDTH="623" HEIGHT="28">
							<String ID="string_128" HPOS="293" VPOS="1177" WIDTH="18" HEIGHT="28" WC="0.90" CONTENT="$"/><SP WIDTH="21" VPOS="1177" HPOS="311"/>
							<String ID="string_129" HPOS="332" VPOS="1179" WIDTH="28" HEIGHT="19" WC="0.93" CONTENT="är"/><SP WIDTH="21" VPOS="1179" HPOS="360"/>
							<String ID="string_130" HPOS="381" VPOS="1177" WIDTH="77" HEIGHT="28" WC="0.91" CONTENT="sagdt;"/><SP WIDTH="18" VPOS="1177" HPOS="458"/>
							<String ID="string_131" HPOS="476" VPOS="1177" WIDTH="95" HEIGHT="22" WC="0.92" CONTENT="börande"/><SP WIDTH="14" VPOS="1177" HPOS="571"/>
							<String ID="string_132" HPOS="585" VPOS="1177" WIDTH="55" HEIGHT="22" WC="0.96" CONTENT="dock"/><SP WIDTH="14" VPOS="1177" HPOS="640"/>
							<String ID="string_133" HPOS="654" VPOS="1177" WIDTH="88" HEIGHT="22" WC="0.93" CONTENT="sådana"/><SP WIDTH="15" VPOS="1177" HPOS="742"/>
							<String ID="string_134" HPOS="757" VPOS="1178" WIDTH="73" HEIGHT="27" WC="0.91" CONTENT="vigter,"/><SP WIDTH="15" VPOS="1178" HPOS="830"/>
							<String ID="string_135" HPOS="845" VPOS="1177" WIDTH="29" HEIGHT="22" WC="0.96" CONTENT="då"/><SP WIDTH="16" VPOS="1177" HPOS="874"/>
							<String ID="string_136" HPOS="890" VPOS="1177" WIDTH="26" HEIGHT="21" WC="0.96" CONTENT="de"/>
						</TextLine>
						<TextLine ID="line_24" HPOS="295" VPOS="1211" WIDTH="621" HEIGHT="28">
							<String ID="string_137" HPOS="295" VPOS="1211" WIDTH="109" HEIGHT="28" WC="0.92" CONTENT="begagnas"/><SP WIDTH="22" VPOS="1211" HPOS="404"/>
							<String ID="string_138" HPOS="426" VPOS="1212" WIDTH="14" HEIGHT="20" WC="0.90" CONTENT="å"/><SP WIDTH="21" VPOS="1212" HPOS="440"/>
							<String ID="string_139" HPOS="461" VPOS="1211" WIDTH="84" HEIGHT="28" WC="0.96" CONTENT="apotek,"/><SP WIDTH="23" VPOS="1211" HPOS="545"/>
							<String ID="string_140" HPOS="568" VPOS="1212" WIDTH="37" HEIGHT="21" WC="0.92" CONTENT="vid"/><SP WIDTH="16" VPOS="1212" HPOS="605"/>
							<String ID="string_141" HPOS="621" VPOS="1211" WIDTH="146" HEIGHT="28" WC="0.90" CONTENT="förrättande"/><SP WIDTH="14" VPOS="1211" HPOS="767"/>
							<String ID="string_142" HPOS="781" VPOS="1212" WIDTH="135" HEIGHT="21" WC="0.96" CONTENT="visitationer"/>
						</TextLine>
						<TextLine ID="line_25" HPOS="292" VPOS="1245" WIDTH="623" HEIGHT="28">
							<String ID="string_143" HPOS="292" VPOS="1245" WIDTH="92" HEIGHT="28" WC="0.91" CONTENT="pröfvas"/><SP WIDTH="23" VPOS="1245" HPOS="384"/>
							<String ID="string_144" HPOS="407" VPOS="1249" WIDTH="63" HEIGHT="24" WC="0.95" CONTENT="samt,"/><SP WIDTH="23" VPOS="1249" HPOS="470"/>
							<String ID="string_145" HPOS="493" VPOS="1253" WIDTH="34" HEIGHT="14" WC="0.96" CONTENT="om"/><SP WIDTH="14" VPOS="1253" HPOS="527"/>
							<String ID="string_146" HPOS="541" VPOS="1246" WIDTH="26" HEIGHT="21" WC="0.93" CONTENT="de"/><SP WIDTH="14" VPOS="1246" HPOS="567"/>
							<String ID="string_147" HPOS="581" VPOS="1246" WIDTH="76" HEIGHT="22" WC="0.93" CONTENT="dervid"/><SP WIDTH="14" VPOS="1246" HPOS="657"/>
							<String ID="string_148" HPOS="671" VPOS="1246" WIDTH="55" HEIGHT="21" WC="0.96" CONTENT="eller"/><SP WIDTH="14" VPOS="1246" HPOS="726"/>
							<String ID="string_149" HPOS="740" VPOS="1246" WIDTH="61" HEIGHT="27" WC="0.93" CONTENT="eljest"/><SP WIDTH="14" VPOS="1246" HPOS="801"/>
							<String ID="string_150" HPOS="815" VPOS="1245" WIDTH="100" HEIGHT="28" WC="0.91" CONTENT="befinnas"/>
						</TextLine>
						<TextLine ID="line_26" HPOS="296" VPOS="1279" WIDTH="225" HEIGHT="28">
							<String ID="string_151" HPOS="296" VPOS="1279" WIDTH="101" HEIGHT="28" WC="0.96" CONTENT="oriktiga,"/><SP WIDTH="16" VPOS="1279" HPOS="397"/>
							<String ID="string_152" HPOS="413" VPOS="1279" WIDTH="108" HEIGHT="23" WC="0.95" CONTENT="kasseras."/>
						</TextLine>
					</TextBlock>
				</ComposedBlock>
				<ComposedBlock ID="cblock_5" HPOS="294" VPOS="1360" WIDTH="620" HEIGHT="145">
					<TextBlock ID="block_8" HPOS="294" VPOS="1360" WIDTH="620" HEIGHT="145">
						<TextLine ID="line_27" HPOS="579" VPOS="1360" WIDTH="50" HEIGHT="27">
							<String ID="string_153" HPOS="579" VPOS="1360" WIDTH="16" HEIGHT="27" WC="0.93" CONTENT="$"/><SP WIDTH="14" VPOS="1360" HPOS="595"/>
							<String ID="string_154" HPOS="609" VPOS="1361" WIDTH="20" HEIGHT="20" WC="0.92" CONTENT="9."/>
						</TextLine>
						<TextLine ID="line_28" HPOS="441" VPOS="1383" WIDTH="10" HEIGHT="11">
							<String ID="string_155" HPOS="441" VPOS="1383" WIDTH="10" HEIGHT="11" WC="0.86" CONTENT="+"/>
						</TextLine>
						<TextLine ID="line_29" HPOS="356" VPOS="1403" WIDTH="498" HEIGHT="29">
							<String ID="string_156" HPOS="356" VPOS="1404" WIDTH="87" HEIGHT="27" WC="0.96" CONTENT="(Första"/><SP WIDTH="14" VPOS="1404" HPOS="443"/>
							<String ID="string_157" HPOS="457" VPOS="1411" WIDTH="64" HEIGHT="16" WC="0.96" CONTENT="mom."/><SP WIDTH="16" VPOS="1411" HPOS="521"/>
							<String ID="string_158" HPOS="537" VPOS="1405" WIDTH="70" HEIGHT="22" WC="0.96" CONTENT="såsom"/><SP WIDTH="14" VPOS="1405" HPOS="607"/>
							<String ID="string_159" HPOS="621" VPOS="1405" WIDTH="8" HEIGHT="21" WC="0.93" CONTENT="i"/><SP WIDTH="14" VPOS="1405" HPOS="629"/>
							<String ID="string_160" HPOS="643" VPOS="1411" WIDTH="19" HEIGHT="15" WC="0.91" CONTENT="n."/><SP WIDTH="17" VPOS="1411" HPOS="662"/>
							<String ID="string_161" HPOS="679" VPOS="1403" WIDTH="175" HEIGHT="29" WC="0.96" CONTENT="propositionen)."/>
						</TextLine>
						<TextLine ID="line_30" HPOS="367" VPOS="1443" WIDTH="547" HEIGHT="29">
							<String ID="string_162" HPOS="367" VPOS="1443" WIDTH="43" HEIGHT="22" WC="0.96" CONTENT="Vid"/><SP WIDTH="8" VPOS="1443" HPOS="410"/>
							<String ID="string_163" HPOS="418" VPOS="1445" WIDTH="100" HEIGHT="27" WC="0.96" CONTENT="mätning"/><SP WIDTH="7" VPOS="1445" HPOS="518"/>
							<String ID="string_164" HPOS="525" VPOS="1444" WIDTH="30" HEIGHT="27" WC="0.96" CONTENT="af"/><SP WIDTH="6" VPOS="1444" HPOS="555"/>
							<String ID="string_165" HPOS="561" VPOS="1451" WIDTH="72" HEIGHT="21" WC="0.96" CONTENT="varor,"/><SP WIDTH="10" VPOS="1451" HPOS="633"/>
							<String ID="string_166" HPOS="643" VPOS="1451" WIDTH="45" HEIGHT="15" WC="0.96" CONTENT="som"/><SP WIDTH="10" VPOS="1451" HPOS="688"/>
							<String ID="string_167" HPOS="698" VPOS="1450" WIDTH="77" HEIGHT="21" WC="0.96" CONTENT="genom"/><SP WIDTH="9" VPOS="1450" HPOS="775"/>
							<String ID="string_168" HPOS="784" VPOS="1443" WIDTH="59" HEIGHT="22" WC="0.93" CONTENT="olika"/><SP WIDTH="10" VPOS="1443" HPOS="843"/>
							<String ID="string_169" HPOS="853" VPOS="1443" WIDTH="61" HEIGHT="28" WC="0.91" CONTENT="ifyll-"/>
						</TextLine>
						<TextLine ID="line_31" HPOS="294" VPOS="1477" WIDTH="620" HEIGHT="28">
							<String ID="string_170" HPOS="294" VPOS="1478" WIDTH="110" HEIGHT="27" WC="0.90" CONTENT="ningssätt"/><SP WIDTH="22" VPOS="1478" HPOS="404"/>
							<String ID="string_171" HPOS="426" VPOS="1477" WIDTH="70" HEIGHT="28" WC="0.96" CONTENT="blifva"/><SP WIDTH="22" VPOS="1477" HPOS="496"/>
							<String ID="string_172" HPOS="518" VPOS="1485" WIDTH="45" HEIGHT="14" WC="0.96" CONTENT="mer"/><SP WIDTH="21" VPOS="1485" HPOS="563"/>
							<String ID="string_173" HPOS="584" VPOS="1479" WIDTH="53" HEIGHT="20" WC="0.96" CONTENT="eller"/><SP WIDTH="20" VPOS="1479" HPOS="637"/>
							<String ID="string_174" HPOS="657" VPOS="1477" WIDTH="87" HEIGHT="22" WC="0.96" CONTENT="mindre"/><SP WIDTH="14" VPOS="1477" HPOS="744"/>
							<String ID="string_175" HPOS="758" VPOS="1477" WIDTH="105" HEIGHT="28" WC="0.93" CONTENT="packade,"/><SP WIDTH="17" VPOS="1477" HPOS="863"/>
							<String ID="string_176" HPOS="880" VPOS="1478" WIDTH="34" HEIGHT="21" WC="0.92" CONTENT="så-"/>
						</TextLine>
					</TextBlock>
				</ComposedBlock>
				<ComposedBlock ID="cblock_6" HPOS="226" VPOS="1517" WIDTH="401" HEIGHT="21">
					<TextBlock ID="block_9" HPOS="226" VPOS="1517" WIDTH="401" HEIGHT="21">
						<TextLine ID="line_32" HPOS="226" VPOS="1517" WIDTH="401" HEIGHT="21">
							<String ID="string_177" HPOS="226" VPOS="1517" WIDTH="192" HEIGHT="21" WC="0.91" CONTENT="Ekonomiutskottets"/><SP WIDTH="12" VPOS="1517" HPOS="418"/>
							<String ID="string_178" HPOS="430" VPOS="1517" WIDTH="117" HEIGHT="18" WC="0.96" CONTENT="betänkande"/><SP WIDTH="12" VPOS="1517" HPOS="547"/>
							<String ID="string_179" HPOS="559" VPOS="1517" WIDTH="38" HEIGHT="18" WC="0.95" CONTENT="N:o"/><SP WIDTH="12" VPOS="1517" HPOS="597"/>
							<String ID="string_180" HPOS="609" VPOS="1517" WIDTH="18" HEIGHT="18" WC="0.96" CONTENT="2."/>
						</TextLine>
					</TextBlock>
				</ComposedBlock>
			</PrintSpace>
		</Page>
	</Layout>
</alto>
