1078 1692
403 134 24 19 U.
439 133 23 19 B.
475 144 22 4 —
508 133 63 24 Prop.
583 133 37 19 N:o
633 134 19 18 9.
869 133 11 18 5

151 191 139 28 parcellering
306 191 155 27 otvifvelaktigt
479 192 68 21 skulle
566 192 7 20 i
588 192 73 27 hvarje
676 191 38 22 fall
728 191 64 22 hafva
805 191 41 21 den
860 190 44 22 väl-

151 226 93 26 görande
259 225 86 28 påföljd,
360 227 32 20 att
407 226 26 21 de
448 226 113 27 obesuttne
582 226 122 27 derigenom
722 226 103 21 bereddes
839 226 65 25 utväg

152 261 33 19 att
199 259 77 22 lättare
291 260 40 21 och
346 260 120 26 antagligen
485 260 49 21 med
552 260 83 22 mindre
652 260 94 21 kostnad
761 260 39 21 och
815 258 90 28 omgång

152 293 108 21 förvärfva
274 294 32 26 sig
321 295 47 25 eget
380 294 123 26 jordstycke
522 296 28 19 än
568 300 77 20 genom
664 294 124 26 afsöndring
805 292 22 22 af
843 292 62 21 mark

152 327 47 21 från
215 327 82 21 enskild
312 334 87 20 persons
417 328 106 26 lägenhet,
542 328 39 21 har
599 328 107 22 utskottet
723 329 71 20 ansett
807 328 32 26 sig
853 326 53 22 böra

152 361 107 27 tillstyrka
277 362 129 26 antagandet
428 361 23 22 af
471 362 41 21 den
534 362 78 27 nådiga
633 362 161 27 propositionen
815 360 62 22 äfven
899 361 7 20 i

153 395 69 21 denna
238 395 41 22 del.

222 429 42 21 Till
278 429 60 21 detta
352 429 38 21 sitt
404 429 69 21 beslut
488 429 39 21 har
542 429 106 22 utskottet
662 429 118 22 emellertid
794 429 47 21 icke
851 428 56 22 ledts

154 465 82 19 ensamt
251 463 23 21 af
287 463 79 21 tanken
384 463 28 27 på
430 464 40 20 den
488 464 46 21 Jösa
551 464 159 26 befolkningen.
739 463 112 22 Utskottet
868 462 39 22 har

153 497 71 21 funnit
245 498 41 21 den
307 498 121 26 föreslagna
445 498 247 27 lagstiftningsåtgärden
711 498 118 22 motiverad
847 496 61 22 äfven

155 531 65 27 deraf,
236 533 32 20 att
286 532 129 26 rättigheten
432 532 34 21 för
484 532 129 22 kommunen
630 532 33 22 till
681 532 156 22 vidsträcktare
849 531 59 27 jord-

155 566 140 27 parcellering
307 566 79 27 jemväl
402 566 42 21 kan
459 566 66 21 blifva
540 566 33 22 till
588 568 45 20 stor
651 568 62 26 nytta
731 566 130 22 omedelbart
875 564 33 22 för

156 600 129 21 kommunen
300 600 53 27 sjelf,
368 600 70 21 såsom
453 600 128 27 exempelvis
595 600 36 22 vid
646 600 61 28 fråga
722 606 34 16 om
772 599 136 23 anskaffande

156 634 21 21 at
191 634 55 28 plats
262 633 33 22 för
313 634 113 26 folkskola,
445 634 187 27 kommunalstuga
650 641 27 15 m.
696 641 27 15 m.
745 634 49 27 dyl.,
813 634 51 22 eller
882 632 27 22 dä

156 668 88 26 tillfälle,
261 668 69 21 såsom
345 668 7 20 i
367 668 102 22 närheten
485 668 22 22 af
521 669 55 26 stad,
592 668 66 28 gifves
673 669 33 21 till
721 667 156 29 disponerande
888 666 22 22 af

153 702 50 27 jord
217 702 28 27 pä
260 704 31 19 ett
305 702 122 26 förmänligt
445 704 43 20 sätt
505 702 92 22 medelst
615 703 47 21 dess
681 702 128 28 upplätande
824 701 33 22 till
871 701 39 21 vil-

155 736 87 22 lalotter
260 736 50 21 eller
324 736 33 22 till
372 736 80 27 platser
466 736 34 22 för
515 736 127 22 industriela
656 737 152 27 anläggningar
823 742 20 15 o.
857 742 17 14 s.
889 742 20 14 v.

157 770 45 22 Och
216 770 120 21 oberoende
350 770 24 22 af
386 770 38 22 allt
439 770 60 22 detta
516 771 45 21 tala
575 771 27 21 de
617 770 109 22 ofvanföre
744 770 93 22 berörda
851 769 58 28 prin-

157 804 75 27 cipiela
250 804 74 22 skälen
338 804 33 21 för
387 804 149 27 medgifvande
548 805 79 27 jemväl
646 805 22 21 ät
682 805 101 21 kommun
798 804 23 21 af
833 803 77 27 ifräga-

157 838 93 21 varande
265 838 220 27 undantagsställning
504 839 7 20 i
525 838 100 23 afseende
641 839 12 21 &
667 838 243 22 besuttenhetsvilkoren

157 872 35 21 vid
207 872 152 27 egostyckning
374 873 40 20 och
426 872 181 28 jordafsöndring.

226 906 62 21 Efter
302 908 32 19 att
349 907 90 21 sälunda
454 907 63 21 hafva
532 909 67 25 yttrat
615 908 32 26 sig
662 913 35 15 om
709 907 201 21 hufvudmomenten

158 941 7 20 i
181 941 39 20 den
236 941 78 26 nädiga
332 941 157 26 propositionen
512 941 39 27 gär
573 941 106 22 utskottet
701 943 31 19 att
751 940 119 22 framställa
885 940 27 21 de

158 975 115 26 ändringar
288 975 6 20 i
310 975 129 26 densamma,
453 975 66 26 jemte
535 975 74 22 skälen
625 975 33 21 till
674 975 54 27 dem,
748 981 46 16 som
809 974 104 21 utskottet

159 1009 35 21 vid
209 1009 49 21 dess
274 1009 130 26 granskning
418 1009 7 20 i
441 1009 66 27 detalj
523 1009 70 21 funnit
608 1009 32 26 sig
655 1009 53 22 böra
723 1009 86 21 föreslä.

227 1042 37 21 Uti
286 1042 16 28 $
323 1044 13 19 1
355 1045 63 24 göres
437 1043 130 26 rättigheten
585 1043 33 21 till
638 1043 152 28 egostyckning
809 1042 12 21 ä
835 1042 78 21 krono-

160 1077 97 21 hemman
276 1077 106 21 beroende
405 1077 64 21 bland
491 1079 66 19 annat
573 1077 24 21 af
611 1079 32 19 att
656 1079 133 25 guvernören
803 1088 30 4 —
848 1076 65 21 sedan

159 1111 89 21 ärendet
264 1111 47 21 haft
325 1111 41 21 den
382 1111 91 27 omgäng
485 1111 34 28 38
531 1112 6 20 i
551 1111 153 27 förordningen
716 1112 41 21 den
769 1111 26 22 19
810 1110 104 21 Februari

161 1145 54 22 1883
230 1145 33 21 för
278 1145 74 21 frälse-
369 1145 39 22 och
427 1145 196 27 skattelägenheter
642 1145 139 22 föreskrifver
799 1157 25 3 —
841 1145 73 20 derom

159 1179 62 27 gjord
244 1179 118 27 ansökning
381 1179 90 26 bifaller,
488 1179 119 27 hvarjemte
625 1181 134 25 guvernören
778 1179 84 21 anvisas
882 1180 32 19 att

160 1213 74 21 härvid
257 1213 81 22 förfara
361 1213 27 27 pä
410 1215 43 19 sätt
475 1213 74 22 vidare
565 1214 6 20 i
591 1214 15 21 4
624 1213 12 28 &
655 1213 23 21 af
694 1219 82 15 samma
790 1212 125 27 förordning

161 1247 93 26 stadgas.
284 1247 58 21 Enär
358 1247 90 21 sålunda
463 1247 70 26 någon
549 1247 127 26 hänvisning
691 1247 46 21 icke
752 1249 63 24 göres
829 1247 33 20 till
873 1246 42 21 för-

160 1281 129 27 ordningens
304 1281 14 22 5
333 1281 19 27 $,
368 1281 67 26 enligt
450 1281 86 21 hvilken
552 1283 140 25 guvernören,
709 1281 27 21 då
751 1281 42 21 han
805 1280 67 21 finner
883 1281 33 26 sig

161 1315 18 27 ej
195 1315 72 21 kunna
286 1315 74 21 bifalla
382 1315 118 26 ansökning
523 1321 34 15 om
581 1315 151 27 egostyckning
752 1315 12 21 å
784 1315 75 20 frälse-
877 1314 39 21 och

160 1349 175 26 skattehemman,
358 1351 52 24 äger
431 1349 71 26 skjuta
521 1349 66 21 saken
607 1349 34 21 till
660 1349 129 26 häradsrätt,
808 1348 109 21 hvarefter

161 1383 48 21 med
224 1383 76 26 frågan
318 1383 105 21 huruvida
446 1383 139 27 styckningen
608 1383 42 21 kan
672 1383 82 21 tillåtas
773 1383 55 21 skall
844 1382 73 21 vidare

161 1417 91 21 förfaras
274 1417 28 27 på
324 1419 44 19 sätt
389 1423 34 16 om
442 1417 109 21 tvistemål
570 1419 25 19 är
613 1417 107 27 stadgadt,
738 1417 24 21 så
780 1417 61 21 torde
855 1415 64 22 häraf

229 1457 45 20 Lag-
287 1457 29 16 och
328 1457 169 17 Ekonomiutskottets
509 1457 105 18 betänkande
625 1457 33 18 N:o
672 1457 15 16 1.
