1078 1692
204 135 12 21 2
404 136 24 22 U.
444 136 23 22 B.
484 150 29 3 —
528 137 61 29 Prop.
605 138 38 22 N:o
660 137 34 23 14.

248 201 44 22 Det
307 202 55 22 lider
378 202 84 23 säledes
479 204 56 21 intet
551 204 81 28 tvifvel,
649 205 33 20 att
697 203 55 28 icke,
764 204 70 21 säsom
857 203 7 21 i
880 202 44 22 Nä-

175 237 50 27 diga
240 238 163 27 propositionen
419 240 134 27 framhälles,
564 240 65 22 Wasa
643 239 201 28 jernvägsbyggnad
855 240 69 20 måste

175 279 63 15 anses
260 280 52 16 vara
327 274 145 29 ofullbordad,
487 276 57 22 ända
559 276 35 22 till
610 276 49 21 dess
673 276 180 27 jernvägsspären
868 275 56 21 ledts

175 310 42 21 ned
236 309 35 22 till
288 310 66 22 sådan
370 312 125 27 hamnplats
511 312 7 21 i
533 312 143 27 Nikolaistad,
694 312 38 21 der
747 311 128 27 tillräckligt
890 312 34 20 ut-

175 352 82 20 rymme
273 346 43 22 kan
332 347 91 22 beredas
439 348 34 22 för
489 348 80 28 upplag
585 348 24 22 af
622 354 64 16 varor
702 347 23 22 af
739 348 43 21 alla
798 347 52 27 slag.
882 346 43 22 Det

176 382 94 28 område,
287 389 46 15 som
349 390 29 15 nu
392 386 25 19 är
428 384 133 27 disponibelt
571 384 34 22 för
616 384 60 22 detta
686 384 102 21 ändamål
798 383 59 21 invid
866 383 58 27 jern-

175 419 79 26 vägens
270 418 154 29 hamnbrygga,
441 422 25 20 är
481 420 90 22 alldeles
588 420 148 27 otillräckligt.

250 466 92 23 Stadens
368 468 190 28 upplagsmagasin
575 468 32 22 för
623 469 63 27 tjära,
702 467 105 28 spanmä!,
825 467 41 22 salt
885 466 39 22 och

175 503 69 21 andra
259 503 72 27 gröfre
352 510 63 16 varor
430 506 37 20 äro
484 505 67 21 sedan
567 505 105 27 gammalt
687 504 107 27 uppförda
809 504 7 21 i
831 503 93 22 Brändö.

176 539 42 21 Det
239 546 39 15 var
298 540 84 22 derföre
402 540 91 22 alldeles
509 541 112 27 naturligt,
637 542 33 20 att
684 540 149 22 Nikolaistads
849 539 75 21 affärs-

175 577 50 19 män
248 576 39 21 och
304 576 198 28 stadsfullmäktige
519 577 70 21 skulle
605 577 87 21 försöka
707 576 22 22 fä
742 576 181 27 jernvägsspären

175 612 83 26 dragna
273 612 35 21 till
324 612 70 22 denna
410 613 64 26 plats.
496 613 83 21 Förrän
595 613 64 21 Wasa
673 613 91 27 jernväg
782 618 37 15 var
841 611 79 27 färdig-

174 647 71 27 byggd
269 647 123 23 inlemnade
412 648 199 28 stadsfullmäktige
633 649 6 21 i
658 648 91 22 Januari
767 648 57 21 1883
841 654 25 14 en
882 653 40 15 un-

175 683 104 27 derdänig
295 684 101 22 anhållan
412 684 35 22 till
462 684 61 22 Hans
535 684 122 28 Kejserliga
665 683 188 27 Majestät
772 678 11 38 i
794 683 55 27 detta
861 682 62 28 syfte.

174 718 112 28 Derjemte
302 720 86 21 anhöllo
410 720 205 28 stadsfullmäktige,
637 722 32 20 att
686 720 153 26 jernvägsspär
862 718 61 22 äfven

176 755 70 21 skulle
262 755 61 22 ledas
339 756 34 21 till
390 756 88 22 stadens
495 756 96 28 packhus
608 757 39 21 och
664 756 158 27 ängbätskajer.

250 799 66 26 Öfver
334 804 70 22 denna
416 804 101 22 anhållan
528 804 136 22 infordrades
674 804 66 21 Wasa
756 803 167 27 jernvägsbyge-

175 840 54 20 nads
245 840 95 21 komitös
356 841 108 26 yttrande.
481 840 10 21 I
508 840 113 21 skrifvelse
629 840 34 21 till
671 840 121 26 Kejserliga
801 838 125 22 Senaten.af

175 875 42 21 den
230 876 11 20 1
258 875 59 22 Mars
335 876 57 22 1883
403 876 57 22 utlät
469 877 33 27 sig
510 877 105 27 komiten,
624 878 32 20 att
663 875 261 28 jernvägsanlägeningen

175 911 80 21 mellan
277 911 145 23 Tammerfors
444 913 40 21 och
505 913 136 21 Nikolaistad
662 912 80 21 utförts
758 911 8 22 i
781 917 96 21 noggran
894 910 30 22 öf-

174 948 204 21 verensstämmelse
394 949 50 30 med
460 949 41 21 den
517 948 34 21 för
567 949 125 21 densamma
706 947 93 27 Nädigst
810 947 115 21 faststälda

174 983 58 28 plan,
250 983 68 28 enligt
333 984 88 22 hvilken
434 985 118 27 jernvägen
568 985 7 21 i
591 985 138 21 Nikolaistad
741 984 96 21 sträcker
848 983 33 27 sig
891 983 34 20 till

175 1019 104 22 stranden
295 1020 23 21 af
336 1020 124 27 Mariepark
485 1023 53 19 nära
561 1021 86 21 Brändö
670 1021 39 20 bro
731 1020 40 21 och
788 1020 37 21 der
840 1019 86 26 utlöper

174 1055 7 20 i
195 1055 131 27 jernvägens
342 1056 155 28 hamnbrygga,
514 1058 53 20 utan
583 1058 33 20 att
626 1058 68 26 nägra
706 1056 100 27 sidospär
816 1055 34 22 till
861 1055 64 27 pack-

173 1091 66 21 huset
260 1091 54 22 eller
333 1092 87 21 Brändö
441 1093 65 21 hamn
523 1093 50 26 ingä
588 1093 95 21 hvarken
700 1092 6 21 i
724 1092 67 27 sagda
806 1091 51 27 plan
873 1090 53 22 eller

174 1126 214 29 kostnadsförslaget
403 1128 33 21 för
449 1128 124 27 jernvägen.

251 1175 62 22 Hvad
336 1176 187 27 jernvägsspärets
548 1176 129 27 uträckning
700 1175 34 22 till
755 1175 119 27 packhuset
890 1174 36 22 be-

173 1209 83 29 träffar,
278 1217 64 16 anser
362 1212 35 21 väl
410 1210 100 23 komiten
527 1214 32 19 att
575 1212 61 21 detta
652 1217 50 16 vore
720 1210 141 27 fördelaktigt
877 1210 49 22 huf-

173 1247 152 27 vudsakligast
348 1247 34 22 för
404 1248 150 22 Nikolaistads
578 1247 129 22 trafikanter
730 1247 40 22 och
796 1247 130 26 handlande,

173 1288 49 16 men
240 1283 28 21 dä
284 1284 77 21 staden
378 1283 48 23 icke
441 1284 96 27 erbjudit
552 1284 74 21 vidare
641 1283 77 28 bidrag
733 1283 35 22 till
785 1282 95 22 arbetets
892 1284 34 20 ut-

171 1318 93 22 förande
280 1321 28 19 än
324 1321 34 19 att
373 1319 156 22 kostnadsfritt
545 1319 89 28 upplåta
642 1319 70 26 mark,
720 1319 44 21 kan
772 1318 97 22 komiten
878 1318 47 21 icke

173 1354 111 27 tillstyrka
300 1355 62 22 bifall
373 1355 34 22 till
422 1355 210 28 stadsfullmäktiges
644 1354 161 27 framställning
816 1354 7 21 i
833 1353 93 22 berörda

173 1390 42 27 del,
230 1390 60 21 helst
305 1391 48 21 icke
369 1392 71 26 nägon
457 1391 110 27 svärighet
582 1393 70 20 möter
666 1393 33 19 att
710 1390 115 22 framdeles
837 1389 88 28 utlägga

172 1427 52 25 spär
247 1426 34 21 till
306 1427 127 27 packhuset,
458 1427 73 21 derest
551 1427 152 21 erfarenheten
724 1426 71 21 skulle
816 1425 58 27 gifva
890 1425 36 22 vid

171 1461 87 22 handen
274 1463 34 20 att
324 1463 78 20 sädant
418 1469 51 15 vore
485 1462 104 27 behöfligt
605 1463 33 21 för
651 1463 131 26 jernvägens
802 1461 123 21 ändamäls-

171 1496 73 28 enliga
260 1497 134 28 trafikering.

240 1540 197 25 Jernvägsutskottets
453 1541 117 20 betänkande
585 1538 43 23 N:o
644 1542 20 19 2.
