1078 1692
378 142 24 19 U.
414 142 24 18 B.
451 152 21 3 —
485 141 67 24 Prop.
559 141 39 19 N:o
610 141 19 19 9.

367 439 72 30 Lag-
466 438 56 24 och
548 437 335 25 Ekonomiutskottets

333 478 200 25 betänkande
558 478 47 24 N:o
627 478 12 23 1
662 477 8 23 i
692 476 139 30 anledning
858 476 28 24 af

335 518 73 24 Hans
443 518 145 31 Kejserliga
623 518 136 31 Majestäts
791 516 93 30 nådiga

334 558 158 32 proposition
510 558 133 31 angående
662 558 80 30 några
758 556 127 24 särskilda

336 599 56 30 slag
425 598 28 24 af
485 597 191 32 egostyckning
710 597 49 24 och
790 595 95 33 jordaf-

338 638 125 31 söndring.

198 718 165 26 Ifrågavarande
377 717 78 27 nådiga
469 717 134 26 proposition
617 717 39 21 har
672 716 24 22 af
708 718 32 20 tre
751 716 68 26 stånd,
827 721 59 15 nem-

130 753 57 26 ligen
209 752 89 26 Preste-,
321 752 103 26 Borgare-
447 752 39 20 och
509 751 171 26 Bondestånden,
700 751 129 21 remitterats
853 750 33 20 till

130 787 55 26 Lag-
201 786 39 21 och
255 786 219 25 Ekonomiutskottet,
489 786 34 20 till
537 786 54 26 följd
605 785 77 21 hvaraf
694 785 117 25 Utskottet,
833 785 53 19 utan

131 820 76 21 hinder
226 820 22 21 af
265 822 33 19 att
315 820 157 26 Ridderskapet
487 820 40 20 och
542 820 70 20 Adeln
626 819 119 27 hänskjutit
760 818 126 27 propositio-

131 860 43 15 nen
189 854 33 21 till
236 853 219 26 Ekonomiutskottet,
467 854 33 21 till
512 853 131 27 behandling
652 853 99 27 upptagit
759 853 127 20 densamma.

132 888 57 21 Från
204 888 119 27 Kejserliga
338 888 103 21 Senatens
461 888 107 21 allmänna
583 887 69 22 kansli
666 887 40 21 har
720 887 112 21 Utskottet
846 885 42 22 fått

132 923 108 25 emottaga
263 922 36 21 det
321 921 145 26 meddelande,
489 923 33 19 att
544 921 67 27 några
633 921 127 27 handlingar
778 921 7 20 i
799 920 89 21 ärendet

133 955 49 22 icke
201 955 75 21 funnes
294 955 40 21 hos
353 955 92 22 Senaten
464 957 32 19 att
515 955 61 27 tillgå
591 957 55 19 samt
661 957 32 19 att
708 955 35 21 vid
759 955 47 21 dess
821 954 67 21 hand-

133 990 100 26 läggning
248 989 110 22 derstädes
374 990 131 26 omröstning
521 990 18 27 ej
555 990 67 21 heller
637 989 107 22 förefallit.

202 1127 48 21 Den
272 1127 78 26 nådiga
371 1127 160 27 propositionen
550 1127 57 21 afser
621 1127 8 21 i
643 1127 87 21 främsta
744 1127 97 26 rummet,
857 1127 33 20 att

135 1162 22 21 åt
172 1161 41 22 åbo
228 1161 13 21 å
257 1161 168 22 kronohemman
439 1161 80 22 bereda
539 1167 26 16 en
580 1161 93 22 likartad
687 1161 84 21 förmån
786 1160 22 22 af
821 1160 69 21 utvid-

135 1197 41 26 gad
197 1197 43 20 rätt
262 1197 32 20 att
316 1195 82 27 förfoga
421 1195 58 22 öfver
501 1195 33 21 sin
555 1195 156 22 innehafvande
730 1195 50 27 jord
801 1195 90 21 medelst

135 1229 145 22 öfverlåtande
296 1229 23 22 af
332 1230 59 21 delar
406 1230 61 21 deraf
479 1230 34 21 till
529 1230 74 26 andra,
617 1236 45 15 som
678 1229 97 26 omsider,
792 1229 53 21 efter
856 1229 36 21 det

135 1264 104 21 förbuden
254 1265 46 20 mot
315 1264 141 27 skattskyldig
469 1264 60 27 jords
544 1264 122 27 minskning
680 1264 68 21 under
762 1264 71 21 sekler
846 1263 46 26 lagt

135 1298 76 21 hinder
234 1298 7 21 i
263 1300 67 25 vägen
353 1298 77 26 derför,
452 1298 71 21 blifvit
539 1305 78 20 genom
631 1299 152 26 förordningen
798 1298 7 21 i
820 1299 72 20 ämnet

136 1332 41 21 den
194 1332 26 21 19
235 1332 119 21 December
371 1333 55 20 1864
441 1332 115 21 tillerkänd
572 1339 63 20 egare
650 1332 23 21 af
681 1333 73 20 frälse-
763 1332 40 21 och
811 1331 81 22 skatte-

135 1366 101 21 hemman
251 1366 40 21 och
307 1366 121 21 sedermera
442 1372 77 21 genom
533 1366 152 27 förordningen
701 1367 41 20 den
754 1367 26 21 19
788 1365 105 22 Februari

137 1400 55 21 1883
207 1401 27 20 än
248 1400 74 21 vidare
336 1400 109 27 utvidgad.
467 1400 50 21 Med
531 1400 137 27 åberopande
684 1400 22 21 af
720 1401 32 20 att
765 1399 128 22 kronohem-

135 1440 50 15 man
207 1440 88 15 numera
317 1434 27 26 gå
365 1435 8 20 i
394 1434 35 21 arf
445 1434 56 21 efter
519 1436 54 19 nära
588 1441 43 20 nog
646 1441 81 15 samma
740 1434 94 27 grunder
848 1439 46 15 som

205 1473 37 21 Lag
262 1474 29 15 och
305 1473 168 17 Ekonomiutskottets
484 1474 107 16 betänkande
603 1473 35 17 N:o
652 1474 16 16 1.
