1078 1692
343 149 21 19 U.
378 149 22 19 B.
413 160 20 3 —
448 149 62 24 Prop.
524 150 56 18 N:ris
592 150 23 18 16
628 150 39 18 och
680 150 27 18 37.
858 150 22 18 39

596 207 15 28 $
627 208 34 20 53.

387 246 54 22 Lika
456 247 49 21 med
521 247 12 27 $
548 247 27 21 58
591 247 65 27 enligt
672 248 76 21 altern.
763 247 29 28 a).

215 281 10 21 I
244 280 154 28 sammanhang
417 282 47 20 med
483 281 64 21 ofvan
563 282 91 21 berörda
673 282 133 27 proposition
821 282 40 21 N:o
878 282 26 21 16

142 321 39 15 om
202 315 120 27 antagande
340 315 24 21 af
381 315 101 27 skogslag
501 315 40 21 har
559 316 33 20 till
611 316 117 21 ständerna
740 316 80 27 jemväl
836 315 69 22 öfver-

146 350 92 21 lemnats
258 349 47 22 icke
323 350 92 21 allenast
434 350 81 26 förslag
530 350 33 21 till
580 350 128 26 kungörelse
724 350 109 27 angående
849 350 55 21 hvad

147 384 36 21 vid
202 384 163 27 tillämpningen
384 384 22 21 af
424 384 128 27 skogslagen
571 385 6 20 i
597 385 57 21 vissa
673 384 38 22 fall
727 384 55 22 skall
797 384 108 27 iakttagas

146 420 52 20 utan
214 418 40 22 ock
269 418 81 28 förslag
365 419 33 21 till
414 418 136 27 kungörelse,
565 419 147 21 innefattande
727 419 76 27 tillägg
810 419 33 21 till
852 418 52 22 kun-

141 453 107 27 görelsen
263 454 41 20 den
319 454 27 21 27
362 453 119 21 December
497 453 55 22 1877
569 454 116 26 angående,
702 454 64 20 bland
782 455 70 25 annat,
868 459 37 15 an-

147 488 102 27 läggning
264 487 23 21 af
301 488 213 27 nybyggeshemman,
530 488 105 21 hvardera
650 488 7 21 i
672 488 102 21 afseende
782 483 9 36 ä
786 487 118 28 yttrande

142 522 45 21 -och
205 522 34 21 för
257 524 33 19 att
306 522 58 27 tjena
382 522 32 21 till
430 522 128 28 upplysning
574 522 35 22 vid
624 522 186 28 handläggningen
825 522 24 22 af
861 521 43 22 för-

149 556 70 28 slaget
233 556 34 22 till
282 556 107 27 skogslag.

217 591 42 21 Vid
274 591 158 27 granskningen
447 591 24 21 af
485 592 64 21 dessa
565 592 81 26 förslag
662 592 39 20 har
716 591 105 22 utskottet
836 590 70 22 funnit

143 626 39 26 :sig
200 626 53 21 böra
271 626 121 21 framställa
410 626 166 27 anmärkningar
595 628 57 19 emot
671 626 67 27 nägra
757 626 60 22 delar
832 625 24 22 af
869 625 36 22 de-

147 666 92 21 samma;
255 660 105 27 nemligen
376 660 132 22 beträffande
524 660 55 22 först
594 660 143 27 kungörelsen
748 666 34 16 om
792 660 114 27 iakttagel-

142 700 41 16 :ser
198 695 35 21 vid
249 695 161 27 tillämpningen
426 694 24 22 af
463 695 140 27 skogslagen:

216 729 35 21 Då
266 729 37 21 det
317 729 5 21 i
340 730 15 26 &
370 730 12 19 7
398 729 145 27 föreskrifves,
559 731 32 19 att
606 729 96 21 tillstånd
718 728 23 22 af
755 730 106 26 guvernör
872 728 33 21 till
928 732 2 2 '

149 764 127 27 försäljning
294 763 24 21 af
335 764 132 26 skogsalster
485 763 56 21 ifrän
560 763 53 22 flera
632 764 124 26 lägenheter
775 764 131 26 gemensamt

143 798 102 26 tillhörig
267 797 133 27 skogsmark,
424 798 64 21 bland
508 797 73 21 hvilka
599 798 125 26 lägenheter
742 797 69 22 finnas
829 797 77 21 krono-

148 832 100 21 hemman
268 832 53 21 eller
341 832 98 26 boställe,
458 832 35 21 må
511 832 70 27 gifvas
599 832 55 21 blott
673 832 5 20 i
698 832 38 21 fall
752 832 36 21 det
803 832 57 21 visas
875 832 32 21 att

146 866 83 27 skogen
249 872 76 21 genom
345 866 55 27 årlig
418 866 91 26 tillväxt,
528 865 86 22 utöfver
631 866 154 27 afverkningen
800 865 33 22 för
849 865 57 22 dele-

143 907 95 20 garenes
257 902 48 25 eget
321 900 69 29 behof,
407 901 82 20 lemnar
504 900 87 21 tillfälle
609 901 32 21 till
660 901 40 21 den
720 900 126 27 ifrågasatta
864 900 43 21 för-

147 935 129 27 säljningen,
291 935 25 21 så
330 935 40 21 har
384 935 107 21 utskottet
505 935 121 21 emellertid
643 937 76 24 ansett,
736 937 32 20 att
775 935 131 21 tillståndets

148 969 141 22 meddelande
309 969 19 27 ej
345 969 66 21 borde
426 971 63 24 göras
505 969 108 22 beroende
629 969 23 22 af
666 969 68 28 dylikt
748 969 71 22 vilkor
833 969 8 21 i
856 969 50 21 hän-

144 1004 63 21 delse
226 1004 92 21 allenast
337 1003 132 27 öfvermoget
487 1003 68 26 virke,
575 1003 116 22 vindfällen
711 1004 53 21 eller
783 1003 123 22 förtorkade

145 1039 50 20 träd
214 1040 38 19 äro
267 1038 89 21 afsedda
371 1040 32 19 att
418 1038 106 27 försäljas.
555 1038 32 27 Ty
602 1038 32 21 till
650 1038 42 27 god
707 1037 147 28 skogsskötsel
869 1037 38 22 hö-

144 1079 39 15 rer
199 1073 31 26 ju,
253 1075 31 18 att
299 1073 80 26 skogen
400 1072 79 21 befrias
498 1072 48 21 från
565 1073 79 26 dylika,
664 1073 112 21 derstädes
794 1072 19 27 ej
834 1072 72 21 vidare

145 1107 93 27 nyttiga,
253 1109 51 19 utan
319 1107 35 21 för
368 1107 93 26 skogens
476 1107 86 21 tillväxt
578 1107 119 27 hinderliga
712 1107 96 21 föremål.

216 1141 42 22 Vid
273 1141 62 27 fräga
350 1148 34 15 om
400 1141 15 28 $
431 1143 21 23 4,
468 1147 46 15 som
530 1141 120 22 innehäller
666 1141 164 27 bestämningar,
841 1141 65 22 bland

142 1178 77 25 annat,
235 1182 34 15 om
285 1176 129 27 anläggning
430 1175 23 22 af
467 1179 47 24 torp
527 1175 12 22 å
552 1175 150 28 kyrkoherde-,
718 1176 121 27 kapellans-
854 1176 53 21 eller

146 1210 147 26 klockarebol,
309 1210 82 21 tilläter
406 1211 33 26 sig
454 1210 107 21 utskottet
576 1216 95 22 upprepa
686 1210 32 21 sin
734 1211 65 21 redan
811 1209 96 22 ofvanfö-

148 1251 23 14 re
190 1245 77 26 gjorda
286 1244 85 22 erinran
391 1245 80 26 derom,
491 1246 32 20 att
538 1245 8 20 i
561 1245 171 26 presterskapets
747 1244 123 28 privilegier
885 1244 24 22 af

147 1279 42 21 den
213 1279 27 22 16
263 1279 97 22 Oktober
379 1279 55 22 1723
453 1279 50 27 ingå
521 1279 133 26 stadganden
674 1279 91 21 rörande
784 1279 65 21 sättet
868 1278 39 22 och

147 1313 97 22 vilkoren
263 1313 34 22 för
315 1313 73 28 dylika
407 1313 167 27 anläggningars
591 1313 121 26 utförande,
727 1313 7 22 i
749 1313 96 27 enlighet
859 1313 48 22 med

147 1347 73 22 hvilka
235 1348 133 27 stadganden
385 1347 56 28 förty
456 1347 69 22 mäste
540 1347 93 22 förfaras
649 1347 55 21 intill
720 1348 48 21 dess
779 1347 84 27 önsklig
871 1349 36 19 än-

144 1382 68 27 dring
227 1382 31 21 uti
274 1382 67 27 sagda
356 1382 124 27 privilegier
495 1382 42 21 kan
553 1382 8 21 i
577 1382 48 27 laga
641 1382 91 27 ordning
745 1381 161 28 ävägabringas.

217 1416 59 21 Enär
298 1417 26 20 de
347 1417 6 20 i
376 1415 16 28 $
412 1417 14 19 7
444 1416 127 21 meddelade
591 1416 187 27 bestämningarna
797 1415 110 28 angäende

143 1450 91 22 hvilken
250 1452 43 20 rätt
308 1451 32 21 till
358 1450 115 27 svedjande
489 1450 132 22 tillkommer
637 1451 47 25 den,
704 1457 45 15 som
768 1450 28 27 pä
806 1450 69 27 grund
886 1450 23 21 af

218 1491 46 21 Lag-
277 1491 29 18 och
320 1491 170 17 Ekonomiutskotteis
502 1490 105 18 betänkande
620 1490 34 17 N:o
666 1491 17 16 3.
