1078 1692
207 155 11 18 2
429 154 23 19 U.
465 154 57 19 B.
506 148 12 36 —
535 153 62 24 Prop.
609 152 36 20 N:o
657 152 30 19 12.

185 213 37 20 sitt
244 212 133 22 betänkande
401 219 32 15 om
457 213 84 21 landets
560 212 147 22 stambanenät
725 210 111 26 föreslagit
850 209 31 21 till
898 214 36 16 an-

186 247 108 27 läggning,
310 247 58 21 såväl
386 248 62 20 linien
471 248 112 20 Davidstad
607 246 89 27 Kuopio
712 252 44 15 som
772 245 39 21 ock
819 245 63 20 linien
891 243 43 21 Wi-

186 282 74 26 borg—
269 281 95 22 Joensuu
386 282 83 21 komme
491 284 32 18 att
539 282 76 21 beröra
630 280 105 22 särskilda
750 280 59 20 delar
825 278 22 22 af
861 279 25 21 de
902 277 32 21 till

187 316 84 21 Saimen
288 316 93 21 hörande
396 316 161 26 vattendragen,
574 316 39 21 och
628 315 44 21 ifall
690 321 24 15 en
734 314 77 21 bibana
825 312 110 22 Willman-

187 350 95 21 strand—
290 343 80 38 Simola
392 347 60 24 äfven
477 350 68 21 skulle
568 350 88 26 utföras,
679 348 72 23 blefve
769 348 83 21 således
868 347 68 21 denna

187 384 34 21 del
237 383 23 22 af
275 384 71 22 landet
361 384 85 22 försedd
462 385 47 21 med
527 384 143 27 mångfaldiga
694 383 37 21 och
751 383 52 27 dyra
820 381 116 22 kommuni-

189 418 194 27 kationsanstalter,
398 419 71 21 hvilka
484 419 51 27 föga
550 419 69 21 skulle
634 419 107 20 motsvara
756 417 81 21 landets
853 415 83 27 tillgän-

187 459 46 21 gar:
248 453 38 21 och
310 452 32 22 för
359 454 63 21 tiden
445 454 93 24 varande
561 452 138 22 ekonomiska
721 450 152 22 förhållanden.
906 450 31 21 På

189 487 68 27 grund
272 487 24 32 af
309 487 54 22 hvad
388 482 109 27 Utskottet
512 487 91 22 sälunda
626 486 76 26 anfört,
722 486 92 26 föreslog
829 484 109 22 Utskottet

189 523 31 19 att
235 517 114 26 ständerna
364 522 50 21 ville
429 522 89 26 besluta,
535 524 32 19 att
582 521 33 21 för
631 520 95 22 tillfället
740 520 46 21 icke
801 520 85 26 vidtaga
901 518 36 22 nä-

189 562 40 20 gon
246 556 74 26 ätgärd
344 556 35 21 för'
400 556 42 22 den
459 555 234 28 jernvägsförbindelse
716 554 89 22 emellan
828 554 109 20 Willman-

189 591 73 21 strand
284 590 39 22 och
346 590 80 22 Simola
448 590 85 27 station,
557 596 44 16 som
620 588 116 29 petitionen
753 588 83 27 äsyftat.
859 587 78 21 Härtill

189 625 73 21 biföllo
278 624 61 22 äfven
355 626 119 20 ständerna.

258 659 41 21 Vid
316 660 54 21 1882
385 660 35 21 års
435 656 108 30 landtdag,
559 660 27 21 dä
601 666 25 15 en
642 658 89 28 petition
754 664 33 14 om
803 657 89 21 nämnde
908 656 30 21 bi-

191 694 65 21 banas
273 694 109 27 byggande
397 694 27 27 pä
439 696 81 20 statens
535 694 117 22 bekostnad
669 693 53 27 ånyo
738 692 134 25 inlemnades,
884 692 54 20 utta-

190 728 48 22 lade
261 729 33 26 sig
315 729 209 27 Jernvägsutskottet
547 730 5 20 i
576 727 221 23 öfverensstämmelse
819 727 46 20 med
884 726 55 20 hvad

191 762 111 22 Utskottet
316 763 35 21 vid
367 763 127 27 föregäende
511 764 145 20 ständermöte
672 762 64 21 redan
748 761 120 21 framhällit.
885 760 54 21 Bon-

192 797 112 21 deständet
318 798 66 26 ansäg
400 798 37 20 allt
452 798 131 21 fortfarande
598 799 32 19 att
645 796 61 22 äfven
722 797 69 20 denna
798 795 86 27 petition
893 794 46 22 icke

191 832 66 20 borde
279 832 32 20 till
334 832 68 26 någon
426 832 125 21 ständernas
573 832 74 27 åtgärd
664 830 116 22 föranleda.
816 830 32 20 De
861 831 33 19 tre
910 829 30 21 öf-

192 865 47 26 riga
254 865 88 30 stånden
358 866 50 21 ville
424 866 124 27 visserligen
564 866 46 21 icke
627 865 86 22 förorda
735 864 80 21 banans
830 863 110 22 utförande

193 899 32 22 för
241 901 81 20 statens
338 900 95 27 räkning,
449 901 87 20 emedan
553 900 72 21 Saima
639 899 127 26 vattendrag
780 898 69 21 kunde
857 897 84 21 komma

193 936 31 19 att
238 935 27 26 på
280 935 66 20 andra
362 935 76 21 ställen
453 935 88 22 beröras
557 935 22 21 af
594 935 26 21 de
636 933 128 26 stambanor,
781 939 43 14 som
840 938 55 15 woro
911 931 30 22 af-

193 969 69 21 sedda
281 970 32 19 att
334 968 114 22 framdeles:
472 969 79 27 byggas
573 969 33 21 till
625 968 84 27 Kuopio
724 967 39 22 och
778 967 100 25 Joensuu,
895 972 46 15 men

193 1003 27 21 dä
235 1009 26 16 en
282 1003 231 27 jernvägsförbindelse
537 1004 89 21 emellan
650 1001 175 23 Willmanstrand
848 1000 39 22 och
910 1000 32 22 Si-

193 1037 57 22 mola
265 1038 77 21 station
359 1038 6 21 i
381 1038 43 21 alla
437 1038 40 21 fall
493 1038 70 21 skulle
577 1037 89 22 inverka
681 1037 27 26 pä
722 1037 27 20 de
764 1036 91 21 trakters
870 1034 72 22 trafik-

193 1071 155 27 förhällanden,
365 1078 45 15 som
426 1073 92 26 omgifva
533 1073 91 20 nämnda
642 1072 158 26 vattensystem,
816 1070 49 21 ville
881 1069 62 21 dessa

193 1106 62 21 stånd
270 1106 54 21 dock
339 1107 108 27 tillstyrka
462 1113 25 24 en
503 1107 129 22 subvention:
644 1105 23 22 af
682 1104 123 22 statsmedel
821 1104 31 21 till
864 1105 31 20 ett
906 1103 36 22 be-

193 1140 49 27 lopp
257 1140 23 21 af
293 1141 92 26 450,000
400 1141 59 21 mark
475 1141 22 22 åt
511 1140 188 23 Willmarstrands
715 1139 47 21 stad
784 1139 52 20 eller
851 1138 93 21 enskildt

193 1175 71 26 bolag,
279 1181 45 15 som
340 1175 71 22 kunde
426 1176 82 21 erhälla
523 1175 124 22 koncession
664 1174 34 21 för
714 1173 132 26 anläggande
861 1172 23 21 af
894 1171 49 22 ifrä-

194 1209 122 26 gavarande
330 1210 62 21 bana.
727 1205 2 2 I

263 1243 31 22 På
306 1244 55 26 skäl,
378 1250 47 15 :som
439 1245 40 21 den
495 1245 77 26 nådiga
587 1243 165 28 propositionen:
762 1241 93 27 antyder,
864 1241 38 20 har
912 1246 33 15 re-

194 1278 103 27 geringen
313 1279 118 20 emellertid
447 1279 69 21 funnit
532 1279 97 26 lämpligt
644 1279 32 20 att
690 1277 44 21 låta
750 1276 90 26 anlägga
855 1275 90 20 nämnda

194 1313 78 20 bibana
287 1312 28 27 pä
330 1314 81 20 statens
428 1313 123 21 bekostnad.
581 1311 161 28 Propositionen
760 1310 98 27 upplyser
873 1309 72 21 vidare

195 1348 31 20 att:
248 1347 24 21 af
292 1347 107 21 allmänna
421 1348 123 21 statsmedel
568 1347 72 21 härför
662 1345 104 27 anslagits
788 1351 24 14 en
829 1343 118 22 summa'af

195 1381 113 26 1,312,000-
323 1381 67 26 mark,
408 1382 67 21 under
490 1381 152 27 förutsättning
662 1381 32 20 att
708 1380 69 21 denna
790 1379 95 26 jernväg,
900 1383 44 15 som

195 1415 81 22 erhölle.
299 1421 81 16 samma
402 1416 99 27 spårvidd
524 1422 45 15 som
591 1414 159 25 hufvudbanan,
765 1413 60 26 fingo
835 1411 111 22 trafikeras

195 1451 48 20 med
261 1451 80 20 'dennas
358 1450 115 22 lokomotiv
489 1451 38 21 och
543 1450 68 27 öfriga
627 1449 81 26 rörliga
723 1447 103 22 materiel,

264 1491 133 17 Statsutskottets
410 1490 103 18 betänkande
525 1491 34 16 N:o
573 1492 14 14 8.
793 1488 1 6 :
