1078 1692
377 140 24 22 U.
417 140 22 22 B.
455 153 30 3 —
501 139 62 29 Prop.
578 140 40 22 N:o
636 139 33 22 13.
843 139 28 21 29

224 206 11 21 I
250 207 38 21 det
304 206 129 27 föregående
449 206 65 22 hafva
528 206 29 21 de
572 206 49 21 skäl
637 206 91 26 anförts,
745 212 47 15 som
807 204 46 22 tala
867 204 35 21 för

150 244 34 20 att
204 243 13 21 å
232 242 104 22 framtida
352 242 127 22 stambanor
494 242 8 21 i
517 241 76 22 landet
609 248 83 15 samma
707 241 194 27 byggnadssystem

149 277 56 22 skall
227 277 118 28 tillämpas,
368 284 47 15 som
438 277 112 22 faststälts
573 277 34 22 för
630 277 66 22 Wasa
720 277 40 21 och
780 276 121 26 Uleåborgs

147 313 233 28 jernvägsbyggnader,
404 313 40 21 och
467 312 35 22 får
527 313 111 22 utskottet
659 313 8 21 i
695 313 62 21 detta
778 311 124 23 hänseende

150 349 90 22 hänvisa
255 349 35 21 till
307 349 57 22 1882
380 350 36 20 års
432 349 101 21 ständers
549 348 74 22 beslut
639 348 7 22 i
662 348 74 22 saken.

224 384 76 22 Såsom
321 391 27 15 en
370 384 95 22 särdeles
487 384 109 27 väsentlig
616 384 140 27 bestämning
771 384 62 27 ingår
848 383 54 26 deri,

149 422 34 20 att
202 421 77 27 tågens
298 420 112 27 hastighet
426 421 13 21 å
453 420 73 22 banan
542 420 34 22 får
592 421 74 26 uppgå
681 420 35 21 till
731 420 65 27 högst
810 420 37 21 två
862 414 46 26 och

151 463 27 15 en
193 456 48 22 half
255 456 38 22 mil
309 456 8 22 i
332 456 98 22 timmen.

224 492 35 22 Då
273 492 8 22 i
297 492 149 27 föreliggande
463 492 81 27 nådiga
559 492 138 28 proposition
712 491 123 22 emellertid
846 490 56 22 före-

153 528 42 22 slås
217 530 33 19 att
266 528 70 21 denna
353 527 145 28 farhastighet
514 528 35 21 väl
565 528 8 21 i
588 528 85 27 princip
689 528 71 21 skulle
776 526 126 26 bibehållas,

153 564 59 22 såväl
232 564 34 22 för
286 563 160 22 ofvannämnda
465 563 76 28 banor,
564 570 47 15 som
628 564 34 21 för
677 564 43 21 den
735 569 30 15 nu
780 562 123 27 föreslagna

151 599 149 27 Kuopio—S:t
320 599 209 27 Michel—Kaipiais
549 599 80 27 banan,
651 606 50 15 men
717 600 34 20 att
767 600 13 20 &
792 599 111 26 jernvägs-

152 635 117 27 styrelsens
288 634 102 28 pröfning
405 634 56 28 finge
477 635 118 21 ankomma
611 637 33 19 att
660 635 7 21 i
683 634 109 22 särskilda
807 634 38 21 fall
861 633 42 21 öka

153 671 69 21 denna
243 671 113 27 hastighet
376 671 57 21 ända
453 670 35 22 till
504 672 34 20 tre
554 671 39 21 mil
610 671 6 21 i
633 670 97 28 timmen,
747 670 34 22 får
796 670 108 21 utskottet

151 706 79 28 afgifva
245 706 95 27 följande
356 706 119 22 utlåtande.

225 742 44 22 Vill
284 742 167 27 tillämpningen
467 742 24 22 af
506 742 164 27 ifrågavarande
681 742 138 26 bestämning
829 747 35 15 om
876 746 27 16 en

151 778 77 27 högsta
246 778 146 27 farhastighet
412 778 39 21 har
469 779 68 26 något
557 778 59 21 olika
640 778 140 27 uppfattning
796 777 57 27 gjort
869 776 34 26 sig

150 814 106 26 gällande,
273 814 40 20 och
329 816 25 18 är
370 814 37 21 det
423 813 86 22 derföre
521 814 23 21 af
558 814 72 21 nöden
641 816 33 19 att
684 814 85 26 utreda,
780 813 57 21 hvad
845 812 57 21 1877

152 849 88 22 —1878
259 850 35 20 års
311 849 97 27 ständer,
424 850 29 26 pä
467 850 72 26 grund
555 849 24 22 af
593 856 27 15 en
636 849 33 22 för
685 849 124 22 ändamålet
825 847 81 22 tillsatt

152 885 154 21 kommissions
312 884 131 28 tillstyrkan,
449 885 37 21 vid
491 884 122 23 fixerandet
621 885 24 22 af
651 885 172 26 farhastigheten
832 884 74 26 egent-

154 920 58 27 ligen
227 920 73 21 afsett.

226 955 130 22 Utlåtandet
371 962 35 15 om
423 956 190 27 tåghastighetens
628 957 112 27 betydelse
752 956 83 21 inleder
846 955 60 21 kom-

156 992 118 21 missionen
295 992 50 21 med
364 993 32 20 att
417 991 88 22 anföra:
523 994 34 19 att
572 992 34 21 för
621 991 200 22 frambefordrande
837 989 24 22 af
874 991 34 20 ett

153 1029 36 26 tåg
210 1034 34 15 om
268 1028 27 21 12
316 1027 85 22 lastade
420 1034 82 21 vagnar
517 1028 80 27 uppför
613 1028 122 27 stigningar
752 1027 23 21 af
790 1027 50 21 1:100
857 1025 51 22 med

152 1063 111 27 hastighet
278 1063 24 21 af
316 1063 43 28 2!/,
376 1063 38 21 mil
430 1063 7 21 i
453 1063 93 21 timmen
562 1063 110 22 erfordras
688 1065 32 20 ett
735 1062 121 22 lokomotiv
872 1067 35 15 om

154 1099 29 22 20
197 1101 50 19 tons
263 1099 53 27 vigt,
333 1099 79 22 medan
428 1099 42 21 den
487 1100 155 21 motsvarande
658 1099 119 27 rälsvigten
792 1097 70 22 blefve
879 1097 28 21 15

154 1135 21 20 &
189 1141 39 20 per
244 1134 94 27 löpande
354 1135 39 27 fot,
410 1135 53 21 eller
476 1135 48 27 just
540 1135 27 21 de
583 1141 95 21 normer,
694 1141 47 15 som
758 1134 34 21 för
806 1134 53 20 våra
874 1139 34 15 se-

152 1172 63 19 naste
238 1169 227 28 jernvägsbyggnader
491 1170 130 27 tillämpats.
658 1170 70 21 Häraf
752 1169 63 28 följer
841 1170 34 20 att
902 1168 6 21 i

153 1206 102 27 skarpare
276 1205 124 28 stigningar
421 1212 35 15 om
478 1207 41 20 1:90
541 1207 41 20 och
605 1207 48 26 1:so,
676 1207 82 20 sådana
774 1206 27 21 de
816 1205 8 21 i
840 1203 69 23 öfver-

153 1241 165 22 ensstämmelse
344 1241 50 22 med
420 1241 184 22 kommissionens
630 1242 82 27 förslag
736 1241 136 22 förekomma
896 1241 14 20 &

154 1277 66 21 Wasa
233 1277 99 27 jernväg,
347 1277 139 26 hastigheten
503 1277 77 22 ställer
597 1277 34 28 sig
646 1277 92 28 mindre,
748 1277 80 21 medan
844 1276 42 21 den
897 1276 13 20 å

153 1319 158 21 gynsammare,
335 1313 105 21 särskildt
462 1312 67 27 plana
553 1313 62 22 delar
638 1313 24 21 af
682 1313 80 27 banan,
783 1314 54 19 utan
860 1317 50 15 men

153 1354 50 15 vare
224 1348 34 27 sig
280 1349 34 21 för
333 1348 160 27 öfverbyggnad
510 1348 55 22 eller
579 1349 101 21 rullande
695 1348 101 22 materiel
811 1347 44 22 kan
871 1347 39 20 nå-

156 1385 38 25 got
209 1384 60 21 ökas.

226 1419 12 21 I
260 1419 40 22 sitt
321 1419 166 28 slutpästäende
508 1420 94 22 föreslår
616 1420 182 22 kommissionen:
816 1419 46 27 »att
878 1417 33 22 för

153 1454 27 21 de
202 1454 105 22 framtida
325 1456 144 27 jernvägarne
491 1456 7 21 i
514 1455 96 22 Finland
626 1462 27 15 en
668 1456 78 27 högsta
762 1454 112 27 hastighet
888 1452 26 23 af

154 1490 37 20 två
210 1490 40 21 och
270 1497 27 14 en
312 1490 49 22 half
374 1491 40 21 mil
429 1491 8 21 i
452 1491 93 22 timmen
562 1493 70 20 måtte
647 1491 123 22 tillsvidare
785 1496 47 16 som
848 1495 63 15 norm

225 1531 197 26 Jernvägsutskottets
438 1533 119 20 betänkande
573 1531 43 23 N:o
632 1534 17 19 1.
