1078 1692
351 131 23 20 U.
386 131 23 19 B.
422 141 21 4 —
455 131 57 24 Prop
524 132 55 20 N:ris
590 132 23 18 16
625 132 36 19 och
675 130 29 21 37.
867 133 11 17 5

357 190 35 24 uti
412 190 43 30 27,
479 190 99 24 28-och
599 191 34 23 29
654 191 46 31 $$;
723 190 49 24 böte
787 190 56 30 från
862 190 40 25 och

357 230 51 24 med
426 231 34 23 tre
478 230 36 24 till
531 230 41 24 och
588 230 51 24 med
657 230 131 24 tvåhundra
805 231 74 25 mark.

223 270 33 20 5:0
271 268 15 29 $
301 270 30 20 49
346 268 26 28 ($
386 269 28 21 50
429 268 63 28 enligt
506 268 158 28 betänkandet).

222 303 194 27 Ridderskapet
430 303 40 21 och
485 303 82 22 Adeln
581 304 39 21 har
634 304 165 21 äterremitterat
813 303 47 27 $:en
870 303 32 21 för

154 339 27 21 de
195 338 45 22 deri
257 338 87 26 intagna
365 337 259 28 straffbestämningarnas
630 333 9 36 .
644 338 118 26 bringande
776 337 8 21 i
798 337 104 22 öfverens-

153 372 120 22 stämmelse
287 372 49 21 med
350 372 106 21 allmänna
470 372 73 26 lagens
556 372 132 27 stadganden
704 378 34 15 om
754 372 61 21 straff
819 371 33 22 för
859 372 43 21 del-

154 406 96 28 aktighet
264 406 8 21 i
286 406 62 22 stöld.

222 440 200 22 Presteständet
438 440 40 22 har
495 440 93 27 beslutit,
608 439 31 23 att
653 441 55 21 efter
723 441 65 21 orden
803 442 63 20 "vare
880 440 22 22 å-

153 468 65 29 dömd
232 475 62 27 högst
308 477 33 19 tre
354 474 126 28 fjerdedelar
495 475 23 21 af
527 475 36 21 det
573 469 72 28 straff'*
656 476 68 21 skulle
734 475 60 27 fogas
804 482 26 15 en
839 476 24 21 sä
872 476 30 26 ly-

155 509 69 22 dande
238 509 76 21 bisats:
330 508 98 22 *hvartill
442 509 189 27 gerningsmannen
645 509 43 22 kan
703 510 65 21 blifva
783 510 84 26 dömd",
875 510 27 27 pä

153 543 79 22 finska:
248 542 78 28 *johon
340 542 100 22 rikoksen
455 543 80 27 tekijää
549 545 82 20 saattaa
645 544 112 21 tuomita.

169 578 175 26 Borgare-
366 577 40 22 och
431 577 200 23 Bondeständen
659 578 64 22 hafva
751 578 94 27 godkänt
866 578 36 21 be-

153 612 123 22 tänkandet.

222 646 33 21 Dä
269 645 145 22 förstnämnda
428 646 63 21 ständ
501 646 70 22 blifvit
586 648 81 20 ensamt
682 653 34 15 om
731 647 37 21 sitt
782 646 69 22 beslut
865 653 37 15 an-

151 680 83 28 gäende
256 680 102 22 äverkans
376 680 135 22 likställande
529 681 49 21 med
592 681 62 26 stöld,
669 682 56 20 samt
739 681 28 21 dä
781 681 41 21 den
836 681 66 21 redan

155 714 23 22 af
190 714 36 22 två
240 714 62 22 stånd
316 710 119 31 godkända,
443 714 164 28 formuleringen
621 715 24 22 af
656 715 45 28 $:ns
716 715 52 21 sista
782 716 43 20 sats
837 715 64 27 enligt

151 749 119 26 utskottets
288 749 64 21 tanke
367 754 49 22 eger
430 749 108 22 företräde
551 750 87 26 framför
652 750 42 21 den
708 750 23 21 af
743 749 158 22 Presteständet

153 780 99 38 antagna,
267 777 121 27 hemställer
402 783 105 22 utskottet

391 838 34 21 att
440 834 173 33 Ridderskapet
630 836 40 24 och
687 836 77 23 Adeln
772 838 59 21 samt
841 836 59 23 Pre-

356 876 125 23 steständet
502 868 61 38 ville,
585 877 10 22 i
617 876 70 23 likhet
708 876 50 23 med
779 875 28 24 de
825 875 75 30 öfriga

358 915 110 31 Ständen,
493 916 123 30 godkänna
637 915 150 25 betänkandet
807 915 10 24 i
838 915 62 30 före-

356 956 102 24 varande
476 956 37 23 del
531 950 159 35 oförändradt.

223 999 102 28 Slutligen
340 999 32 22 får
386 1000 106 22 utskottet
506 1001 153 21 vördsammast
673 1001 77 21 föreslå

390 1055 35 21 att
441 1053 161 30 Ridderkapet
619 1053 40 24 och
676 1053 77 24 Adeln
770 1052 69 24 måtte
845 1052 57 30 god-

357 1093 76 23 känna
455 1093 69 29 äfven
545 1093 76 30 öfriga
639 1093 35 24 till
690 1093 108 24 utskottet
815 1092 87 24 återre-

356 1133 121 24 mitterade
495 1133 45 31 $$.

222 1183 61 21 Hvad
297 1183 65 22 sedan
376 1183 66 27 angår
462 1184 135 21 alternativet
613 1183 24 28 b)
655 1183 23 22 af
694 1183 115 22 utskottets
827 1183 75 26 lagför-

153 1217 52 27 slag,
220 1217 24 21 så
265 1217 63 22 hafva
350 1217 74 22 endast
449 1216 84 23 Preste-
559 1218 39 21 och
622 1217 163 22 Bondestånden
807 1217 67 26 ingått
895 1217 8 20 i

153 1251 129 27 granskning
304 1251 22 22 af
346 1251 123 22 detsamma.
499 1252 102 21 Deremot
625 1252 39 21 har
687 1251 156 28 Ridderskapet
864 1251 40 21 och

153 1285 69 21 Adeln
240 1285 86 22 beslutit
344 1287 32 20 att
394 1286 43 21 låta
452 1286 49 21 med
511 1286 155 27 granskningen
688 1285 61 22 deraf
768 1286 58 25 bero,
849 1285 55 21 intill

154 1319 48 22 dess
220 1319 80 22 visshet
313 1320 91 27 vunnits,
420 1320 105 21 huruvida
540 1320 140 27 lagutskottet
693 1320 71 21 hunne
779 1319 78 27 afgifva
867 1319 36 22 be-

153 1353 108 22 tänkande
275 1355 8 20 i
297 1355 114 26 anledning
425 1354 23 21 af
461 1354 77 27 nådiga
553 1355 158 27 propositionen
729 1360 34 15 om
786 1353 117 27 antagande

153 1387 24 22 af
197 1389 77 20 allmän
295 1388 95 27 strafflag
408 1389 33 21 för
458 1389 92 21 Finland
568 1395 27 15 m.
614 1395 27 15 m.
660 1390 61 25 samt,
739 1389 8 20 i
765 1388 66 21 sådan
852 1387 51 21 hän-

153 1421 65 28 delse,
238 1429 34 15 om
286 1423 91 21 nämnda
391 1423 137 21 betänkande
542 1423 71 22 kunde
631 1425 56 19 ännu
701 1423 35 21 vid
751 1423 70 21 denna
834 1421 69 22 landt-

223 1463 69 20 Bihang
304 1462 28 17 till
344 1463 44 21 Lag-
400 1463 30 16 och
442 1463 168 17 Ekonomiutskottets
621 1462 104 21 betänkande
736 1462 36 17 N:o
784 1461 17 17 3.
