1078 1692
465 107 57 22 N:o
538 106 31 23 8.

414 389 64 21 Hans
499 388 148 28 Kejserliga
668 389 137 27 Majestäts
822 388 72 27 nådiga

347 424 124 26 proposition
495 423 30 21 till
550 424 93 21 Finlands
660 424 93 26 Ständer,
770 429 31 15 om
817 423 77 21 afskaf-

345 458 60 21 fande
421 458 20 21 af
457 458 85 26 koppar-
559 458 38 22 och
613 457 133 23 tennafraden
759 458 53 21 samt
826 463 65 16 annan

346 492 81 22 dermed
444 492 85 22 likartad
547 492 176 28 skattskyldighet.

213 555 36 21 Uti
266 555 134 27 underdänig
416 555 113 21 skrifvelse
547 555 22 21 af
584 556 41 20 den
641 556 25 20 21
684 556 60 26 April
763 556 53 20 1882
831 555 64 21 hafva

141 590 103 20 Finlands
261 590 35 20 vid
312 591 86 19 senaste
413 590 104 26 landtdag
533 590 131 21 församlade
686 590 92 21 Ständer
794 590 101 20 framhäl-

139 625 32 26 lit,
188 624 101 21 hurusom
306 624 115 27 afgifterna
437 625 12 20 å
466 624 91 27 koppar-
574 625 40 21 och
630 624 220 27 tenntillverkningen
861 626 33 18 ut-

140 659 75 26 gjorde
238 659 41 21 den
303 659 55 21 enda
374 659 139 21 äterstäende
529 659 90 21 direkta
634 660 58 20 skatt
708 659 6 21 i
731 659 74 21 landet
820 660 27 25 pä
864 658 30 21 in-

140 693 90 21 dustriel
246 693 137 27 produktion,
400 693 66 21 sedan
486 693 147 27 tiondejernet
652 694 38 20 och
709 693 185 21 hammarskatten

139 734 76 20 genom
239 727 79 27 nädiga
341 727 152 27 förordningen
518 728 41 20 den
577 728 26 20 10
619 728 104 21 Februari
744 728 54 21 1868
814 727 80 21 afskaf-

139 762 42 20 fats
205 762 39 20 och
268 762 121 20 Ständerna
411 762 35 20 vid
469 762 94 21 nämnde
586 762 104 26 landtdag
714 762 84 26 antagit
815 762 80 26 nädiga

140 796 161 26 propositionen
318 802 33 15 om
367 796 167 27 gvarnskattens
546 796 158 27 upphäfvande.
730 796 33 21 Dä
774 796 120 21 emellertid

139 837 82 14 samma
237 830 54 27 skäl,
308 837 45 14 som
368 830 108 21 föranledt
487 830 144 21 afskaffandet
643 831 23 20 af
675 831 69 26 öfriga
752 830 141 21 förenämnda

140 865 228 26 produktionsskatter
382 865 78 26 jemväl
472 865 73 21 talade
557 865 33 20 för
601 865 161 26 upphäfvandet
771 865 23 21 af
802 865 92 26 koppar-

140 899 39 21 och
202 899 150 27 tennafraden,
376 901 55 18 samt
455 901 52 19 enär
530 901 69 25 nägra
615 900 67 20 andra
702 899 104 27 metaller,
823 901 71 19 säsom

139 934 57 26 zink,
219 933 78 27 nickel,
320 933 35 27 bly
371 934 48 20 med
435 933 58 28 flere,
509 934 82 27 hvilka,
611 934 67 27 enligt
694 934 101 27 gällande
810 933 84 21 författ-

139 968 83 27 ningar,
239 969 69 20 måste
325 975 63 14 anses
405 969 160 20 underkastade
580 969 221 26 tillverkningsskatt,
815 968 80 27 jemväl

138 1002 67 21 borde
221 1002 80 21 befrias
318 1003 48 20 frän
382 1003 125 20 densamma
523 1004 29 25 pä
569 1003 112 21 enahanda
697 1003 71 26 grund
784 1009 45 14 som
839 1003 55 26 jern,

138 1037 82 26 koppar
237 1037 38 20 och
293 1039 57 24 tenn,
366 1036 64 21 hafva
447 1037 122 21 Ständerna
585 1037 7 21 i
609 1037 172 27 underdänighet
797 1037 97 26 anhällit,

140 1073 31 19 att
195 1071 254 21 nästsammanträdande
473 1071 94 21 Ständer
590 1073 68 20 mätte
683 1071 122 27 föreläggas
829 1071 66 26 nädig

140 1105 133 26 proposition
290 1112 33 14 om
340 1105 132 22 afskaffande
488 1105 23 21 af
525 1106 93 27 koppar-
630 1106 38 21 och
685 1105 143 22 tennafraden
839 1107 57 19 samt

140 1140 41 21 den
197 1140 189 27 skattskyldighet,
404 1146 51 19 som,
472 1140 69 27 enligt
552 1140 100 27 gällande
665 1140 160 27 författningar,
837 1142 58 19 ännu

140 1174 69 21 hvilar
224 1175 28 26 pä
267 1174 167 27 tillverkningen
451 1174 23 21 af
488 1175 70 20 andra
574 1175 63 20 oädla
652 1175 105 20 metaller.

211 1209 49 20 Med
277 1209 109 26 undantag
397 1209 23 20 af
429 1209 177 21 försöksarbeten
617 1209 13 20 å
641 1209 67 26 några
723 1208 169 27 kopparmalms-

139 1243 143 26 anledningar
298 1243 5 20 i
320 1243 115 26 Tammela,
451 1243 60 27 Ingo,
523 1243 128 27 Pudasjärvi
663 1243 39 21 och
713 1243 110 21 Kuusamo
833 1243 62 20 sock-

139 1283 46 21 nar,
210 1277 142 26 Enontaipale
375 1277 72 26 kapell
471 1277 48 22 med
536 1277 52 22 flere
605 1279 64 26 orter,
685 1278 39 20 har
740 1277 85 21 landets
842 1277 52 26 kop-

139 1311 181 27 partillverkning
342 1312 138 21 uteslutande
503 1313 106 25 grundats
633 1313 27 26 på
676 1312 90 21 malmer
781 1312 48 20 från
845 1311 48 21 Ori-

137 1346 58 26 järvi
211 1346 39 21 och
266 1346 128 21 Pitkäranta
410 1346 113 21 malmfält.

219 1380 39 21 Vid
283 1380 92 27 Orijärvi
402 1381 130 26 päbörjades
557 1381 196 27 malmbrytningen
780 1381 67 20 under
872 1381 24 20 är

140 1415 53 20 1758
217 1415 39 20 och
280 1415 187 26 nedsmältningen
483 1415 23 20 af
522 1415 96 21 derifrän
635 1415 97 21 erhållna
750 1415 89 21 malmer
855 1414 40 21 har
