1078 1692
209 165 16 22 4
439 166 20 22 U.
475 166 20 22 B.
513 180 25 2 —
552 167 53 29 Prop.
622 168 32 22 N:o
672 166 30 23 11.

181 228 71 22 borde
261 228 61 22 fästa
330 230 205 28 uppmärksamhet
550 230 41 21 vid
602 238 29 13 en
646 230 112 28 möjligen
770 232 64 19 snart
844 229 96 22 förestå-

181 262 59 22 ende
263 263 137 29 förändring
423 264 26 21 af
469 264 182 28 lagstiftningen
667 264 119 28 angående
802 264 77 21 böters
894 264 46 22 för-

181 297 115 29 vandling
318 298 43 21 och
385 298 140 28 fördelning,
549 298 121 22 hvaremot
692 299 8 21 i
724 298 45 21 den
788 298 152 28 formulering

180 332 174 27 prestaståndet
376 332 70 28 gifvit
470 334 128 20 momentet
620 333 52 21 icke
695 332 73 28 tagits
790 332 91 28 hänsyn
902 332 37 22 till

181 365 77 22 denna
279 366 179 28 omständighet.
489 367 12 21 I
515 367 154 21 betraktande
686 366 67 22 deraf
766 368 35 20 att
815 366 9 21 i
839 366 40 22 det
894 366 45 22 för-

181 400 51 28 slag
254 400 38 21 till
314 408 33 21 ny
370 401 112 28 strafflag,
506 408 49 14 som
573 401 66 21 torde
661 400 75 22 blifva
754 408 32 14 nu
800 400 139 22 församlade

181 434 95 22 ständer
298 435 124 28 förelagdt,
442 436 68 28 ingår
533 443 28 14 en
577 435 126 21 förändrad
718 435 120 27 likformig
856 435 84 21 fördel-

181 468 58 29 ning
255 469 43 21 och
314 469 150 29 förvandling
480 470 26 21 af
519 470 46 21 alla
580 470 72 27 böter,
669 469 96 21 föreslår
779 469 117 21 utskottet
910 476 29 15 en

181 503 191 29 omformulering
396 504 26 21 af
441 504 180 28 ifrågavarande
644 506 108 25 moment,
773 510 49 14 som
836 506 104 19 närmast

181 537 104 22 ansluter
300 538 36 28 sig
352 538 38 21 till
406 538 203 28 borgareståndets
625 538 82 21 beslut.

252 572 199 28 Borgareståndet
474 573 41 21 har
539 573 69 21 äfven
631 572 126 29 uppdragit
772 572 116 22 utskottet
903 574 36 19 att

180 606 79 21 indela
282 606 44 22 den
349 607 131 28 föreslagna
496 607 166 27 förordningen
678 607 8 20 i
702 606 113 22 särskilda
830 614 108 21 paragra-

181 639 39 28 fer,
244 640 98 22 sålunda
365 643 35 19 att
419 641 80 29 hvarje
515 641 50 21 deri
581 640 188 22 förekommande
784 643 103 20 moment
901 642 36 20 ut-

181 674 81 28 gjorde
286 682 29 13 en
338 675 111 28 paragraf
469 676 36 20 för
527 676 42 27 sig.
601 676 63 21 Enär
682 675 117 21 utskottet
814 675 79 21 funnit
908 682 29 14 en

180 708 72 21 sådan
268 709 125 28 indelning
408 710 80 21 kunna
503 710 52 22 leda
571 710 38 21 till
624 712 72 19 större
711 709 175 28 beqvämlighet
896 709 42 21 vid

180 742 179 28 förordningens
382 744 153 28 åberopande,
559 744 42 22 har
623 752 29 13 en
676 744 71 21 sådan
766 744 82 27 åtgärd
863 743 26 21 af
901 745 37 19 ut-

180 776 89 22 skottet
284 777 120 28 vidtagits,
420 778 100 21 hvarvid
536 779 116 21 utskottet
667 780 78 19 ansett
760 778 39 20 det
814 785 55 13 vara
886 778 52 21 sak-

180 810 102 28 enligast
297 814 35 18 att
351 812 156 22 sammanföra
523 812 72 22 andra
611 812 42 22 och
669 812 74 28 tredje
759 814 127 19 momentet
900 812 38 21 till

179 851 29 14 en
224 851 134 21 gemensam
373 846 114 27 paragraf.

251 879 11 20 I
279 879 238 22 öfverensstämmelse
537 881 51 20 med
605 881 62 20 hvad
683 880 116 21 utskottet
815 880 51 21 haft
882 884 55 17 äran

180 913 80 21 anföra
276 913 35 22 får
326 914 116 21 utskottet
457 915 168 21 vördsammast
640 915 84 22 föreslå

387 957 32 18 att
436 955 121 21 Ständerna
572 956 9 20 i
595 956 36 20 sitt
646 963 50 13 svar
712 955 13 20 ä
740 955 40 20 den
795 955 81 27 nådiga
883 962 53 20 pro-

316 989 119 26 positionen
451 990 64 20 mätte
530 989 107 26 förklara,
660 992 32 18 att
715 989 25 20 de
755 989 44 20 icke
810 989 78 26 funnit
902 989 34 21 det

318 1023 46 20 deri
382 1023 128 28 föreslagna
526 1024 163 27 lagstadgandet
704 1026 107 18 motsvara
827 1023 33 21 det
875 1023 60 28 äsyf-

317 1057 48 20 tade
386 1058 128 27 ändamålet,
540 1058 101 25 hvarföre
664 1057 122 21 Ständerna
801 1057 36 26 för
851 1058 35 20 sin
901 1057 33 21 del

317 1093 84 26 antagit
416 1099 25 14 en
456 1093 118 26 sälydande

237 1147 121 28 Förordning,
375 1148 94 27 angående
484 1149 65 21 förbud
565 1151 36 20 mot
617 1149 94 26 hingstars
726 1148 119 28 utsläppande
861 1149 11 21 &

444 1190 100 20 gemensam
560 1183 110 22 hetesmark.

531 1231 15 25 $
561 1232 19 19 1

249 1267 86 28 Hingst,
359 1275 45 14 som
428 1272 25 18 är
477 1270 58 25 öfver
558 1273 27 17 ett
608 1271 26 19 år
648 1270 101 27 gammal,
766 1270 34 20 mä
820 1269 20 27 ej
855 1269 81 27 utsläp-

174 1307 43 20 pas
236 1302 32 25 pä
290 1306 129 23 gemensamt
443 1303 47 27 bete,
511 1304 122 21 hvarunder
650 1304 121 27 inbegripas
794 1304 80 26 jemväl
899 1304 37 20 od-

177 1335 49 20 lade
248 1336 38 20 och
309 1336 122 28 inhägnade
453 1340 58 25 ägor,
535 1339 28 20 dä
579 1339 60 20 dessa
655 1338 76 21 härtill
746 1337 116 21 användas.

530 1391 51 25 $2

250 1427 80 28 Bryter
352 1429 71 26 någon
447 1432 42 18 mot
511 1430 56 20 detta
586 1429 84 27 förbud
686 1429 47 20 med
748 1429 59 27 vilja,
824 1429 44 20 böte
877 1429 59 26 från

177 1460 38 20 och
234 1462 48 19 med
292 1461 78 27 femtio
388 1464 33 20 till
437 1463 36 21 och
488 1464 47 20 med
549 1464 190 25 etthundrajemtio
755 1463 68 26 mark;
838 1463 49 20 sker
902 1463 34 21 det

175 1501 75 23 genom
267 1497 151 28 försummelse
440 1499 50 20 eller
513 1499 136 24 vårdslöshet,
670 1505 49 15 vare
741 1497 33 21 bot
784 1497 57 28 från
857 1498 29 21 tio
902 1498 34 24 till
