1078 1692
218 143 24 20 12
320 143 78 23 Ständ.
415 144 35 22 Sv.
468 156 24 3 —
509 145 71 27 Prop.
597 144 59 23 N:ris
672 144 28 22 16
716 144 44 22 och
774 144 35 22 37.

187 206 38 26 ($$
240 205 27 22 27
288 205 43 21 och
352 207 26 21 28
400 209 59 19 samt
481 207 74 21 första
578 209 126 19 momentet
723 207 26 21 af
761 208 13 26 $
790 208 26 20 29
833 206 8 22 i
857 206 45 22 den
917 206 26 21 af

187 239 133 22 Ständerna
342 243 102 26 antagna
467 242 157 28 skogslagen).
656 242 131 22 Ständerna
806 241 70 21 hafva
890 240 51 22 der-

187 274 48 21 före
250 274 10 20 i
275 274 101 22 nämnda
392 276 125 21 afseenden
533 276 203 28 förfullständigat
751 276 58 26 $:en.

254 308 89 22 Minsta
357 309 178 29 bötesbeloppet
550 310 36 21 för
601 310 40 21 det
656 311 8 20 i
679 311 13 25 $
708 310 28 21 42
751 311 126 20 törutsatta
890 308 50 22 väl-

185 342 81 21 landet
282 343 26 20 af
320 343 75 21 brand
418 344 69 21 hafva
506 344 131 22 Ständerna
653 346 77 19 ansett
744 344 57 21 böra
817 343 120 21 nedsättas

187 376 38 21 till
240 376 69 28 tjugu
324 378 72 21 mark.
414 378 128 28 hvarjemte
559 378 120 28 uttrycket
694 378 154 28 ,torfmosse*,
864 378 76 20 såsom

186 410 36 22 för
244 411 95 27 mycket
361 412 130 26 inskränkt,
509 413 92 28 utbytts
619 414 61 20 emot
696 412 72 22 orden
784 418 84 22 ,mosse
884 411 58 21 eller

187 444 71 22 kärr*.

255 480 43 20 Ett
313 481 121 21 uttalande
450 481 71 27 deraf,
538 483 33 19 att
587 481 28 21 de
631 481 35 20 uti
682 482 27 26 $$
727 482 31 24 13,
777 482 32 26 14,
821 482 26 20 21
859 480 43 21 och
913 481 27 21 26

187 514 8 20 i
211 521 31 13 nu
258 516 104 26 antagna
378 515 127 28 lagförslag
521 515 112 28 stadgade
648 515 230 27 inskränkningarna
888 514 9 21 i
908 514 33 21 af-

187 548 84 21 seende
295 550 13 20 å
330 550 124 27 nyttjande
479 551 25 20 af
520 550 59 28 skog
594 550 63 28 gälla
673 550 70 20 äfven
759 550 87 20 sådana
861 549 80 28 skogs-

187 582 97 28 marker,
309 591 48 13 som
380 584 95 21 tillhöra
497 584 90 21 kronan
610 584 56 21 eller
690 584 163 28 samfällighet,
869 583 71 21 hafva

187 617 133 22 Ständerna
335 618 79 22 funnit
430 619 56 21 böra
501 622 116 25 upptagas
633 618 8 21 i
657 626 29 13 en
701 625 33 21 ny
749 619 12 26 $
778 631 27 3 —
821 620 12 25 $
849 619 33 21 45.

256 653 29 25 88
300 653 34 27 46,
350 654 34 26 47,
401 654 34 26 48,
451 655 26 20 49
494 653 43 21 och
553 654 28 21 50
591 653 207 21 öfverensstämma
806 652 53 21 med
866 653 28 26 $$
905 652 35 26 45,

186 686 34 26 46,
236 686 34 26 47,
287 687 27 21 48
331 686 43 22 och
389 688 27 20 49
433 687 7 21 i
456 687 182 28 propositionen,
663 686 52 21 med
730 686 121 28 undantag
867 686 25 21 af
905 688 35 19 att

186 720 8 20 i
209 721 13 25 $
237 721 28 21 48
282 720 206 22 dersammastädes
511 728 30 14 en
562 720 190 29 omformulering
775 720 113 29 vidtagits
904 720 36 21 för

186 754 118 22 vinnande
321 755 26 21 af
360 757 73 19 större
449 755 118 28 tydlighet
583 755 44 21 och
643 755 190 28 spräkriktighet.

255 788 43 22 Uti
313 790 13 26 $
342 790 33 25 51,
393 797 47 14 som
458 792 127 19 motsvarar
596 791 13 25 $
620 791 27 20 50
658 790 7 20 i
676 789 183 28 propositionen,
870 788 71 22 hafva

187 822 131 21 Ständerna
342 826 77 19 ansett
441 824 36 28 sig
499 824 56 21 böra
577 824 77 20 införa
668 825 35 19 ett
718 823 85 28 tillägg
820 823 120 28 angäende

186 856 148 22 fördelandet
350 858 26 20 af
389 858 234 27 skadeersättningen
638 857 36 21 för
690 857 103 21 åverkan
808 857 13 21 å
835 860 105 18 utarren-

186 890 71 21 derad
272 891 128 28 kronojord
416 892 8 21 i
439 891 110 22 händelse
565 891 89 28 skogen
670 891 40 21 der
726 895 25 17 är
767 891 99 22 indelad,

253 925 35 21 De
304 925 101 22 derefter
421 926 146 21 äterstäende
583 927 27 26 $$
626 927 83 20 52—57
722 929 39 18 äro
772 925 49 22 lika
835 925 102 28 lydande

185 959 52 20 med
247 960 165 21 motsvarande
428 961 26 25 $$
470 961 83 20 51—56
564 960 8 20 i
582 959 183 29 propositionen,
780 960 102 21 förutom
897 961 41 25 att,

186 993 29 21 dä
231 993 28 21 de
276 993 8 21 i
300 993 44 21 den
359 994 63 21 förra
438 994 67 21 delen
521 994 26 21 af
559 994 75 28 tredje
651 996 127 19 momentet
794 994 53 21 utaf
860 995 13 26 &
888 995 28 20 52
932 994 8 20 i

185 1027 179 28 propositionen
379 1028 116 28 ingäende
511 1028 204 21 bestämmelserna
731 1031 66 25 synts
809 1028 131 21 Ständerna

185 1061 100 28 erbjuda
300 1062 130 29 tillräcklig
445 1063 93 28 garanti
553 1063 36 21 för
605 1065 34 19 att
654 1063 79 27 ohägn
748 1062 44 21 och
802 1062 104 21 vanvärd
918 1063 25 20 af

186 1095 58 28 skog
261 1096 13 21 &
289 1097 105 27 prestbol
409 1097 72 21 varda
502 1097 129 28 behörigen
648 1096 112 27 beifrade,
776 1097 39 20 det
831 1097 8 20 i
855 1103 87 14 samma

184 1132 104 19 moment
303 1130 81 21 vidare
400 1131 133 28 föreslagna
548 1131 140 28 stadgandet
704 1133 35 18 att
752 1130 191 29 kontraktsprost

183 1164 90 28 jemväl
295 1165 58 27 egde
376 1165 9 20 i
408 1165 83 21 sädant
514 1165 109 21 afseende
643 1165 97 28 vidtaga
755 1164 82 29 ätgärd
852 1166 89 19 ansetts

183 1198 82 21 kunna
280 1199 125 26 undvaras,
417 1199 61 21 helst
488 1199 246 29 kontraktsprostarne
750 1199 118 21 allaredan
883 1199 58 20 äroi

184 1232 110 28 gällande
311 1233 116 28 kyrkolag
442 1233 84 28 älagda
542 1236 35 19 att
591 1233 42 21 vid
648 1233 26 21 af
687 1233 53 20 dem
751 1232 145 21 anställande
907 1232 35 21 vi-

185 1266 125 21 sitationer
324 1267 133 22 undersöka
467 1268 147 27 prestbolens
623 1267 112 28 byggnad
744 1267 44 21 och
798 1266 63 21 häfd.
884 1266 58 22 Sist-

183 1300 101 21 berörda
306 1301 39 21 del
368 1301 27 21 af
412 1304 127 19 momentet
553 1302 42 21 har
610 1301 147 22 fördenskull
772 1301 26 21 af
811 1300 131 22 Ständerna

183 1334 129 22 uteslutits.

254 1369 72 21 Hvad
342 1369 72 22 sedan
430 1370 71 27 angär
516 1369 87 28 nädiga
618 1369 177 28 propositionen
810 1369 43 21 N:o
869 1369 28 20 37
908 1368 33 21 in-

182 1403 138 22 nefattande
344 1404 136 21 alternativt
502 1404 87 28 förslag
612 1403 38 22 till
668 1403 90 28 lydelse
774 1403 36 21 för
825 1403 116 21 särskilda

182 1438 28 25 $$
226 1437 8 20 i
250 1437 40 21 det
313 1437 133 22 Ständerna
465 1438 121 28 förelagda
601 1438 113 27 förslaget
729 1437 38 21 till
783 1437 116 28 skogslag,
916 1438 26 20 sä
