1078 1692
355 148 33 22 U.
404 147 35 23 B.
456 160 27 2 —
500 147 92 27 Prop.
608 146 54 23 N:o
680 146 44 22 14.

374 402 222 29 Jernvägsutskottets
616 402 136 22 betänkande
767 403 38 21 N:o
822 401 12 22 2
851 401 7 21 i
874 406 34 16 an-

334 439 88 28 ledning
442 438 25 22 af
485 439 56 22 Hans
561 438 121 30 Kejserliga
703 438 108 29 Majestäts
832 436 78 29 nådiga

333 474 127 30 proposition
487 474 110 29 angående
623 474 123 29 byggandet
767 474 25 22 af
811 480 26 16 en
854 474 56 28 jern-

336 512 52 28 vägs
404 511 77 22 bibana
497 511 48 22 från
559 511 135 22 Nikolaistad
704 510 35 22 till
750 510 82 22 Brändö
843 509 68 22 hamn.

235 572 105 28 Samtliga
361 572 63 22 stånd
443 572 64 21 hafva
523 572 123 22 remitterat
662 573 41 21 den
719 572 80 27 nådiga
814 571 97 28 proposi-

163 610 74 21 tionen
253 608 34 22 till
302 608 218 27 jernvägsutskottet,
536 608 119 27 hvarjemte
669 608 183 27 Borgareståndet
862 607 50 21 låtit

164 645 33 21 sin
218 644 76 22 remiss
318 644 86 27 åtföljas
420 643 23 22 af
458 644 41 21 den
516 644 7 21 i
539 644 66 22 saken
622 644 113 28 förelupna
752 644 159 22 diskussionen.

164 682 31 20 På
211 681 61 27 gjord
288 680 102 21 anhållan
406 680 39 21 har
462 680 108 22 utskottet
586 680 110 22 dessutom
711 680 42 21 fått
765 682 109 24 emottaga
886 680 26 20 de

164 717 36 21 vid
216 716 101 22 ärendets
333 716 134 26 beredning
454 711 15 36 i
483 716 121 27 Kejserliga
615 716 93 22 Senaten
719 716 116 21 tillkomna
845 715 67 22 hand-

165 752 77 28 lingar,
262 752 68 27 jemte
351 752 200 27 protokollsutdrag
572 752 59 21 öfver
650 752 75 22 dervid
741 752 113 21 förefallen
870 757 44 15 om-

165 788 105 28 röstning,
287 788 109 21 äfvensom
422 787 47 21 från
489 783 171 31 Öfverstyrelsen
676 788 34 22 för
725 788 53 22 lots-
794 788 39 21 och
849 787 65 27 fyrin-

165 824 125 27 rättningen
320 824 7 20 i
350 823 74 21 landet
448 830 26 14 en
498 824 63 21 karta
588 824 58 21 öfver
669 824 124 21 farvattnen
819 824 97 21 närmast

165 859 145 28 Nikolaistad,
327 859 49 22 med
392 859 52 21 derå
460 861 85 20 utsatta
560 860 134 27 vattendjup.

246 895 33 21 En
300 895 24 21 af
343 895 149 22 Nikolaistads
513 898 176 24 representanter
709 896 40 21 har
765 895 103 28 slutligen
884 895 34 21 itll

167 931 109 22 utskottet
298 931 142 21 öfverlemnat
460 931 79 28 utdrag
561 938 25 15 ur
601 931 137 28 protokollet,
754 931 59 22 fördt
828 931 36 22 vid
879 930 37 22 Ni-

166 967 121 22 kolaistads
307 967 201 27 handelsförenings
530 968 160 21 sammanträde
715 968 41 21 den
783 968 28 21 24
827 967 90 22 Januari

169 1003 64 27 1885,
250 1005 57 20 samt
323 1009 26 15 en
370 1003 24 21 af
413 1003 28 22 59
461 1003 24 21 af
498 1003 141 22 förenämnda
656 1005 60 21 stads
732 1004 111 27 invånare,
860 1003 56 22 deri-

167 1039 67 22 bland
250 1041 32 20 ett
297 1039 71 22 flertal
384 1039 134 28 trafikanter,
536 1040 163 23 undertecknad
715 1040 73 22 skrift.

242 1147 142 27 Riktigheten
400 1147 24 22 af
438 1148 42 21 den
496 1148 91 28 princip,
604 1155 46 15 som
667 1150 28 25 på
706 1155 77 15 senare
794 1148 58 22 tider
862 1148 58 27 gjort

173 1183 32 27 sig
221 1183 107 27 gällande,
345 1185 33 19 att
391 1183 7 21 i
408 1183 25 22 de
442 1183 39 22 fall
491 1184 38 21 der
537 1185 117 26 jernvägen
665 1184 131 27 utmynnar
788 1179 13 37 i
807 1190 28 15 en
844 1184 75 21 hamn-

169 1218 58 27 plats
250 1218 53 21 eller
326 1219 64 21 berör
414 1225 26 15 en
462 1220 75 27 sådan,
553 1220 76 27 bringa
645 1221 126 21 densamma
787 1220 7 21 i
809 1219 112 28 möjligast

173 1254 137 21 omedelbara
326 1255 40 21 och
383 1255 85 22 direkta
484 1255 132 22 förbindelse
632 1257 50 20 med
703 1255 217 28 sjökommunikatio-

169 1295 49 22 nen,
236 1289 61 22 torde
314 1290 47 21 icke
377 1297 90 15 numera
483 1291 115 22 bestridas.
623 1292 132 21 Fördelarne
766 1292 24 21 af
799 1293 32 20 ett
843 1291 78 22 sådant

173 1327 152 26 arrangement
348 1326 34 21 för
405 1327 118 27 jernvägen
546 1328 39 21 och
609 1328 257 27 sjökommunikationen,
887 1327 34 21 för

171 1361 158 22 trafikanterna
344 1363 40 20 och
400 1362 75 22 landet
491 1363 7 21 i
515 1363 50 22 dess
581 1363 73 22 helhet
670 1366 36 19 äro
717 1364 132 27 uppenbara.
874 1363 47 21 Den

171 1397 114 27 möjlighet
305 1398 35 21 till
360 1398 75 27 billiga
454 1398 185 29 fraktkostnader,
656 1406 46 15 som
719 1401 26 20 de
762 1399 160 27 fullkomligare

171 1434 198 26 transportmedlen
394 1435 96 27 erbjuda,
507 1435 39 21 bör
570 1436 47 21 icke
638 1437 62 26 göras
717 1435 112 22 illusorisk
845 1441 77 21 genom

171 1470 33 20 att
224 1475 27 15 en
272 1469 84 22 mindre
378 1469 124 28 fullkomlig
518 1471 40 21 och
575 1471 83 22 således
675 1472 75 27 dyrare
768 1471 133 22 mellanlänk
918 1470 7 21 i

171 1504 55 21 form
243 1504 23 22 af
280 1505 162 27 hästtransport
458 1506 108 27 inskjutes
583 1507 138 21 deremellan.

244 1547 195 25 Jernvägsutskottets
455 1548 118 20 betänkande
589 1549 36 19 N:o
641 1550 19 19 2.
