1078 1692
307 146 81 23 Ständ.
404 146 37 23 Sv.
457 158 26 4 —
500 147 71 27 Prop.
587 147 40 21 N:o
641 146 33 22 15.
827 146 13 22 3

109 208 223 24 nikationsfondens
351 208 118 23 ordinarie
487 208 130 23 inkomster
633 208 43 22 och
692 208 96 28 utgifter
803 206 64 24 torde

110 243 99 23 komma
226 244 34 20 att
275 242 101 28 gestalta
391 243 38 27 sig
445 244 65 20 ännu
526 242 196 28 ofördelaktigare
738 242 56 23 efter
808 241 58 23 slut-

110 276 107 24 förandet
232 276 25 22 af
270 276 29 22 de
314 276 183 23 österbottniska
512 276 107 23 banorna
631 276 45 22 och
687 276 45 22 den
743 274 125 24 tillernade

109 312 132 30 jernvägen
265 317 86 21 genom
373 310 125 30 Savolaks,
521 311 75 21 innan
615 310 55 22 efter
690 310 79 28 någon
784 309 35 23 tid
835 309 33 23 af-

112 346 146 26 kastningen
273 344 52 22 från
341 344 69 22 dessa
426 344 149 23 sistnämnda
588 344 74 22 banor
673 344 81 23 blifvit
764 351 47 21 nog
821 346 47 20 stor

112 380 34 22 för
165 381 34 20 att
216 381 120 20 motsvara
358 378 133 23 desammas
513 378 292 30 förvaltningskostnader,
824 378 44 22 och

112 413 32 23 då
159 414 8 22 i
183 413 49 22 alla
246 412 44 23 fall
305 412 136 23 inkomsten
456 412 51 23 från
523 414 214 28 statsjernvägarne
748 414 26 21 är
784 412 84 23 under-

113 446 87 24 kastad
216 447 93 28 ganska
323 446 125 29 betydliga
458 446 175 29 fluktuationer,
644 446 116 23 beroende
770 446 26 23 af
803 446 67 23 kom-

113 481 111 23 mersiela
234 481 44 22 och
289 480 74 23 andra
374 480 155 23 ekonomiska
539 480 173 31 förhållanden,
720 481 72 23 hafva
799 480 69 24 Stän-

113 516 74 23 derna
207 518 76 20 ansett
298 517 32 21 ett
346 514 161 23 förstärkande
524 515 25 23 af
561 514 322 24 kommunikationsfonden
871 510 15 38 -

113 551 35 23 för
163 551 80 27 någon
258 549 35 23 tid
308 550 86 22 framåt
408 556 57 16 vara
480 549 135 23 önskvärdt.
645 549 91 23 Härvid
746 550 44 22 har
800 550 69 22 Stän-

115 585 84 23 dernas
215 584 213 29 uppmärksamhet
443 583 120 30 sjelffallet
578 584 57 22 fästs
650 583 42 23 vid
707 584 28 22 de
745 584 39 22 till
795 591 74 15 amor-

113 618 224 24 tissementsfonden
361 618 132 28 inflytande
513 619 85 29 räntor,
617 618 92 30 hvilka,
724 618 74 23 sedan
814 618 55 22 1862

115 654 38 22 års
175 652 41 23 lån
238 652 82 23 blifvit
342 651 125 23 öfverfördt
491 652 39 22 till
554 652 315 29 kommunikationsfonden,

115 687 53 23 icke
183 694 49 15 mer
249 686 113 23 erfordras
377 686 38 22 till
430 686 152 22 bestridande
597 686 26 23 af
635 686 74 28 sagda
722 686 52 24 låns
786 687 84 22 annui-

115 724 58 20 teter
188 721 44 23 och
248 728 50 15 som
312 720 97 30 jemlikt
424 720 46 22 den
488 720 133 23 Ständerna
639 720 105 28 delgifna
760 721 109 29 approxi-

115 756 90 22 mativa
220 754 118 30 kalkylen
354 754 64 23 öfver
433 754 158 23 statsfondens
604 754 130 28 tillgångar
744 755 44 22 och
799 754 73 23 behof

116 789 75 23 under
215 790 55 22 åren
295 790 140 21 1886—1888
459 791 87 20 ansetts
565 789 142 22 åtminstone
722 788 75 24 delvis
813 788 57 23 eller

115 824 40 22 till
171 826 32 19 ett
218 823 87 28 belopp
322 823 24 22 af
359 824 92 27 248,000
471 822 68 23 mark
559 822 84 23 kunna
660 823 34 22 för
710 822 73 23 andra
798 822 72 23 ända-

116 857 49 23 mål
184 857 142 28 disponeras.
356 857 38 22 Då
408 856 78 23 likväl
502 856 78 23 denna
595 857 140 28 öfverföring
750 857 38 22 till
803 856 67 23 kom-

117 890 251 24 munikationsfonden
383 891 25 22 af
422 898 29 15 en
471 890 39 23 del
531 891 24 22 af
573 889 297 24 amortissementsfondens

116 924 134 30 inflytande
264 926 80 21 räntor
359 925 67 22 beror
441 925 25 22 af
478 924 89 23 Eders
589 925 170 30 Kejserliga
781 925 89 29 Maje-

116 961 71 21 stäts
209 958 89 29 nådiga
320 959 76 30 bifall,
419 959 72 22 hafva
507 959 132 22 Ständerna
654 959 83 23 endast
752 958 119 23 eventuelt

117 994 112 29 upptagit
251 993 99 22 berörda
372 994 93 27 248,000
485 993 69 22 mark
569 1001 38 14 om
623 994 48 22 året
685 994 77 22 såsom
778 1001 29 15 en
821 992 50 23 till-

116 1028 65 28 gång
197 1028 8 21 i
220 1027 162 23 förstnämnda
396 1027 62 22 fond.

186 1061 84 23 Såsom
286 1069 28 14 en
330 1061 184 29 utgångspunkt
524 1061 34 23 för
568 1061 81 23 vidare
659 1061 160 28 beräkningar
830 1067 40 16 an-

116 1095 93 29 gående
231 1095 310 23 kommunikationsfonden
556 1095 73 23 hafva
643 1095 132 23 Ständerna
789 1095 82 22 främst

116 1129 55 24 sökt
185 1129 130 30 uppskatta
324 1129 99 23 fondens
434 1129 128 23 sannolika
572 1129 116 28 ställning
698 1129 41 23 vid
750 1130 120 27 utgången

117 1163 26 23 af
150 1163 161 23 innevarande
321 1163 184 29 budgetsperiod
516 1163 57 23 eller
581 1163 83 23 ultimo
672 1164 128 22 December
809 1163 62 29 1885,

117 1198 9 22 i
140 1197 95 23 hvilket
250 1197 109 23 afseende
372 1197 133 23 Ständerna
514 1197 107 30 uppstält
630 1197 103 30 följande
743 1196 88 29 kalkyl
839 1196 32 23 öf-

117 1238 41 16 ver
173 1231 99 23 fondens
288 1231 131 28 tillgångar
434 1232 45 22 och
491 1232 100 27 utgifter
605 1231 75 23 under
695 1232 27 21 år
736 1231 62 22 1885.

414 1309 162 26 Tillgångar.

117 1367 148 30 Behållning
280 1369 52 22 från
348 1369 25 22 år
384 1369 56 22 1884
448 1368 88 29 (enligt
545 1368 70 23 Stän-

187 1402 85 23 dernas
295 1402 298 29 statsutskottsberäkning
609 1404 7 21 i
