1078 1692
206 146 12 19 6
520 146 35 20 N:o
571 146 18 21 7.

249 214 43 21 För
305 214 123 27 jemförelse
444 215 7 21 i
466 215 56 21 hvad
538 216 50 20 mån
604 215 76 21 värdet
696 214 23 22 af
733 214 148 22 skatterubeln
898 220 36 14 en-

177 248 40 28 ligt
241 248 154 22 ofvanstående
422 256 28 14 nu
473 249 124 27 föreslagna
621 249 155 27 undervisning
799 248 136 27 understiger

179 284 162 21 skatterubelns
365 284 65 21 värde
453 284 68 27 enligt
541 284 100 27 gällande
660 284 155 26 undervisning
830 285 104 25 upptages

178 318 40 21 här
238 318 80 26 jemväl
341 318 135 22 sistnämnda
498 319 66 21 värde
584 318 55 22 efter
657 319 54 21 1883
728 319 35 21 års
779 318 155 22 medelmarke-

179 353 124 27 gångspris:

208 532 96 27 Nylands
321 532 35 22 län
394 550 4 4 :
430 550 4 4 so
466 550 4 4 s
501 549 4 4 so
537 550 4 5 s
573 551 4 4 =
609 550 4 5 &
645 551 5 4 &
682 550 4 5 &
718 551 4 4 a
754 550 4 4 +
818 535 12 19 6

208 561 46 27 Åbo
270 567 40 21 och
326 568 144 27 Björneborgs
486 569 35 20 län
540 585 2 5 .
574 585 4 4 .
610 586 4 4 .
646 585 4 5 .
684 585 2 4 «
718 586 4 4 .
757 557 41 42 «|
818 569 12 20 5
874 565 61 36 9035]

209 602 133 21 Tavastehus
359 602 35 21 län
537 620 4 4 x
573 620 4 4 a
818 604 12 20 6
934 603 1 3 |

209 636 100 27 Wiborgs
324 637 36 21 län

209 670 31 22 S:t
255 671 91 21 Michels
364 672 34 20 län
430 689 4 4 J
467 689 4 4 .
503 689 40 4 sc
575 689 41 4 sco
648 688 39 5 oc
718 689 40 4 cc
819 673 12 19 6
892 672 24 27 15

209 706 85 26 Kuopio
310 706 52 21 län.
393 723 4 4 .
430 723 4 4 <
466 722 3 4 =
501 723 257 5 ke.
818 707 12 20 6
874 707 39 26 |341

209 740 65 21 Wasa
290 741 36 20 län
429 758 76 4 RS
537 758 40 4 FR
609 758 4 4 x
646 758 4 4 m
682 758 4 4 x
718 758 4 4 om
754 758 4 4 i
818 742 12 20 6
859 753 1 17 |
889 741 39 27 5%

181 780 2 16 |
209 774 121 28 Uleåborgs
346 775 35 21 län
402 792 1 4 .
434 792 4 4 .
469 793 5 4 2
507 792 2 4 2
541 793 5 4 0
577 792 4 4 2
613 792 145 5 000.
780 767 17 40 |
818 776 12 20 6
859 771 1 32 |
877 776 38 26 108

253 832 61 21 Hans
330 833 121 26 Kejserliga
466 833 103 27 Majestät
585 834 40 20 har
641 833 56 26 förty
713 833 58 20 velat
786 833 33 21 till
835 833 102 21 Ständer-

181 873 38 14 nas
243 867 122 26 antagande
382 867 6 21 i
403 867 67 22 näder
490 868 132 21 öfverlemna
638 867 82 27 förslag
736 867 33 21 till
785 867 129 27 författning
931 867 6 20 i

182 902 79 25 ämnet,
278 901 83 21 hvilket
376 901 81 28 förslag
473 904 24 19 är
513 902 23 21 af
549 902 96 27 följande
660 902 93 26 lydelse:

388 993 129 34 Förslag
535 993 43 27 till
590 993 154 34 förordning,
760 993 127 34 angående
899 993 39 26 be-

320 1033 139 27 räknandet
479 1034 28 26 af
524 1035 46 25 den
583 1034 59 26 från
652 1033 238 34 jordlägenheterna
900 1035 45 32 ut-

321 1073 94 34 gående
434 1075 159 32 grundskatt.

255 1143 49 21 Med
328 1144 92 27 ändring
442 1145 23 20 af
487 1145 149 26 stadgandena
652 1145 6 20 i
675 1144 79 27 nådiga
777 1143 124 22 manifestet
919 1143 23 21 af

183 1177 41 21 den
240 1178 12 20 9
269 1178 62 26 April
356 1179 60 27 1840,
433 1179 112 26 angående
568 1179 216 26 räntepersedlarnes
801 1177 137 27 omsättning,

183 1212 39 21 och
245 1212 145 27 kungörelsen
407 1213 6 20 i
430 1219 81 15 samma
527 1215 62 19 ämne
606 1213 23 21 af
643 1213 42 21 den
701 1214 12 20 5
730 1213 58 20 Mars
807 1213 59 26 1841,
884 1214 57 19 samt

183 1247 72 20 såsom
271 1247 77 26 tillägg
363 1247 33 21 till
412 1247 153 28 förordningen
582 1248 23 21 af
619 1249 43 20 den

184 1281 112 26 angående
312 1281 26 21 de
354 1288 43 20 nya
412 1282 124 21 skatternas
552 1282 114 21 införande
682 1282 7 20 i
700 1281 101 27 Wiborgs
809 1281 43 27 län,
863 1281 77 21 varder

184 1315 126 27 härigenom
327 1316 102 27 stadgadt
445 1323 45 15 som
506 1317 71 26 följer:

256 1350 57 21 Från
330 1351 39 20 och
385 1351 33 21 för
433 1352 24 20 år
476 1352 53 20 1889
547 1351 55 21 skall
619 1358 27 14 en
669 1350 122 21 rubelskatt
813 1352 88 25 utgöras
920 1351 23 20 af

185 1385 107 27 spanmål,
314 1385 62 21 bafre
392 1386 40 20 och
447 1386 128 27 penningar,
592 1388 56 19 samt
665 1386 51 25 utgå
732 1385 49 21 med
797 1385 104 26 tjugufem
917 1385 24 21 li-

183 1421 33 18 ter
232 1419 86 27 (4,5485
339 1420 92 27 kappar)
454 1420 104 27 spanmål,
575 1420 82 21 hälften
674 1421 39 25 råg
728 1419 38 21 och
784 1419 82 21 hälften
876 1419 61 28 korn,

183 1453 31 22 tio
237 1453 51 22 liter
304 1455 84 26 (1,8194
409 1455 92 27 kappar)
517 1455 61 21 hafre
594 1455 40 21 och
651 1455 105 20 kontanta
772 1454 119 27 penningar
906 1455 34 21 till
