1078 1692
380 182 20 22 U.
416 183 20 21 B.
452 195 28 3 —
495 183 52 27 Prop.
564 183 31 21 N:o
612 182 31 22 11.
850 180 14 22 5

137 247 61 21 orter
219 246 42 21 hos
284 253 36 15 oss
344 250 63 18 ännu
429 246 52 22 icke
503 246 108 29 uppfylla
621 245 149 28 berättigade
786 244 105 30 anspråk,

137 280 107 22 hvarföre
268 280 39 22 det
328 288 55 14 vore
406 282 35 20 att
458 280 81 22 befara
554 282 36 20 att
604 280 288 22 kommunalstämmornas

137 315 97 21 intresse
249 315 52 21 icke
316 315 92 22 komme
424 317 35 19 att
473 315 71 21 räcka
552 315 38 21 till
599 315 35 21 för
643 314 76 22 denna
728 314 115 22 allmänna
851 320 41 15 an-

137 349 146 29 gelägenhet.

205 384 37 22 Då
256 384 117 22 utskottet
388 384 26 21 af
428 383 71 23 ofvan
515 383 106 29 antydda
635 382 189 29 betänkligheter
841 382 51 22 fun-

139 418 36 22 nit
197 418 36 29 sig
254 418 98 22 manadt
366 420 36 20 att
418 418 83 28 frångå
516 418 45 22 den
576 418 37 22 uti
628 418 46 22 den
688 417 88 29 nådiga
790 416 103 30 proposi-

140 452 79 22 tionen
238 453 38 21 till
290 452 76 29 grund
377 452 71 29 lagda
462 452 190 29 uppfattningen,
668 454 36 20 att
719 451 130 23 initiativet
856 450 38 22 till

138 486 96 23 förbuds
248 487 140 22 utfärdande
402 487 128 29 lämpligen
540 487 79 22 kunde
630 486 154 22 öfverlemnas
795 486 24 22 åt
828 486 65 21 kom-

138 521 206 29 munalstyrelsens
360 522 115 27 omtanke,
491 521 43 22 har
549 522 116 21 utskottet
681 522 46 20 sett
742 521 36 27 sig
793 519 99 22 föranlå-

139 558 35 20 tet
189 558 35 20 att
238 556 125 22 formulera
378 558 35 20 ett
428 556 98 22 allmänt
541 556 178 28 lagstadgande,
730 553 162 23 innefattande

139 592 36 20 ett
189 590 84 22 förbud
288 590 108 29 gällande
412 590 36 22 för
463 590 53 22 hela
531 590 87 22 landet.
648 590 47 22 Det
711 590 42 21 har
768 589 51 21 icke
835 587 57 23 und-

139 625 53 28 gått
213 625 232 27 ekonomiutskottet,
467 627 35 19 att
517 624 94 29 frågans
626 623 163 23 beskaffenhet
803 622 91 28 härige-

139 666 55 14 nom
208 658 81 22 blifvit
304 658 125 23 förändrad
443 659 9 21 i
467 659 46 21 den
521 660 60 27 mån,
593 661 35 19 att
638 658 160 28 beredningen
807 657 27 22 af
839 656 55 22 den-

140 700 87 15 samma
241 693 116 22 måhända
372 693 78 22 kunde
464 700 66 15 anses
545 693 127 28 rätteligen
680 692 131 22 tillkomma
819 692 75 28 lagut-

140 728 101 26 skottet;
261 735 53 14 men
337 728 117 22 utskottet
476 728 43 21 har
537 728 52 22 icke
605 729 77 20 ansett
698 727 76 21 denna
788 725 106 23 formella

140 762 174 28 omständighet
324 762 56 22 böra
391 764 84 26 utgöra
485 763 74 27 något
568 762 84 22 hinder
662 762 36 22 för
708 759 187 30 framläggandet

141 796 26 22 af
180 796 39 22 det
233 796 93 28 förslag,
343 797 116 21 utskottet
471 796 112 29 uppgjort
595 796 37 22 till
640 796 94 28 frågans
743 794 153 28 fullständiga

140 830 100 22 lösande.

209 864 47 23 Vid
278 865 141 21 affattandet
441 865 26 22 af
483 865 40 21 det
538 865 162 28 ifrågakomna
715 862 181 31 lagstadgandet

141 899 43 22 har
205 899 117 22 utskottet
344 899 53 22 sökt
419 900 118 28 uppställa
553 899 127 22 detsamma
696 899 8 21 i
720 895 176 26 öfverensstäm-

141 933 71 22 melse
234 933 53 22 med
308 933 116 22 likartade
447 934 147 28 stadganden
619 934 9 21 i
649 933 93 28 Nådiga
757 931 140 24 Förordnin-

141 975 46 21 gen
211 975 37 14 om
270 971 67 25 ägors
359 968 110 21 fredande
489 970 63 19 emot
568 968 73 21 skada
658 968 27 21 af
698 967 103 29 husdjur,
816 965 81 29 gifven

143 1002 45 21 den
211 1002 26 21 19
258 1002 128 22 December
402 1002 62 22 1864.
495 1002 120 22 Förbudet
630 1002 42 22 har
687 1002 81 21 blifvit
782 999 116 24 utsträckt

142 1036 39 21 till
203 1036 107 29 hingstar
333 1037 8 20 i
364 1037 127 21 allmänhet
511 1037 66 22 öfver
592 1038 35 20 ett
643 1037 35 21 års
694 1036 70 27 ålder,
780 1035 49 22 dels
844 1033 54 22 med

143 1070 129 29 anledning
290 1071 26 21 af
328 1071 62 21 hvad
406 1071 29 21 de
451 1071 38 21 till
503 1070 293 29 jordbruksexpeditionen
810 1067 88 23 inford-

142 1105 55 22 rade
220 1105 147 28 yttrandena,
384 1106 30 27 på
429 1107 46 20 sätt
494 1105 72 22 ofvan
574 1105 125 27 anmärkts,
715 1103 119 23 innehålla
849 1101 49 22 dels

143 1139 52 22 med
217 1139 93 28 hänsyn
332 1140 38 21 till
392 1139 45 22 den
461 1140 120 28 svårighet
605 1139 44 22 och
673 1139 28 22 de
717 1139 126 28 omgångar
858 1136 40 21 det

143 1174 75 22 skulle
239 1173 121 22 föranleda
382 1177 36 18 att
440 1175 8 20 i
464 1174 189 22 förekommande
669 1173 41 22 fall
725 1172 88 27 utreda,
829 1171 69 21 huru-

144 1209 55 22 vida
221 1216 29 13 en
272 1208 82 29 hingst
369 1216 55 14 vore
439 1209 96 21 hunnen
551 1209 38 21 till
604 1209 46 21 den
665 1208 64 22 ålder
744 1207 45 22 och
803 1212 55 15 vore
874 1205 25 21 så

144 1243 69 27 felfri,
229 1245 36 19 att
280 1243 52 22 dess
347 1243 154 28 utsläppande
516 1244 31 27 på
562 1250 133 21 gemensam
704 1240 133 24 betesmark
847 1239 51 22 icke

143 1277 72 22 borde
237 1284 57 15 vara
308 1277 124 28 förbjudet.
463 1278 55 21 Man
534 1277 67 22 torde
617 1277 117 22 dessutom
748 1276 9 21 i
772 1274 128 23 allmänhet

144 1312 25 22 få
191 1314 91 25 antaga,
306 1313 36 20 att
364 1311 40 22 det
424 1312 50 28 just
493 1315 26 18 är
534 1311 28 22 de
579 1312 37 21 till
631 1311 127 28 afvelsdjur
774 1309 126 28 olämpliga

145 1346 143 28 hingstarne,
306 1353 48 14 som
369 1346 135 29 lössläppas,
521 1350 56 17 enär
593 1346 83 22 sådant
687 1345 51 22 icke
749 1345 59 22 låter
819 1344 81 21 förena

145 1381 37 28 sig
205 1380 52 21 med
279 1380 46 21 den
348 1380 189 28 omsorgsfullare
561 1380 64 28 vård,
647 1387 49 14 som
716 1386 72 21 egnas
803 1377 97 29 dugliga

146 1414 187 28 afvelshingstar.

215 1449 33 21 På
264 1449 28 21 de
308 1449 50 21 skäl
373 1449 116 21 utskottet
504 1449 53 21 haft
573 1453 55 18 äran
643 1447 81 24 anföra
739 1447 36 24 får
785 1445 116 24 utskottet

145 1483 89 23 derföre
249 1483 119 23 vördsamt
383 1483 84 24 föreslå
