1078 1692
390 136 81 22 Ständ.
487 136 37 23 Sv.
541 148 28 4 —
584 136 70 28 Prop.
672 136 39 22 N:o
726 136 21 22 4.

316 200 47 27 före
384 200 62 21 1887
466 200 37 21 års
525 200 78 28 början
623 200 110 21 kommit
725 196 13 37 i
749 200 54 22 bruk
818 200 36 21 och
869 200 68 28 enligt

316 234 79 22 hittills
416 234 103 28 gällande
541 234 155 22 bestämmelser
718 234 20 28 ej
752 234 59 22 varit
825 234 111 29 justering

316 269 163 26 underkastadt,
505 275 50 15 men
574 269 69 28 enligt
656 268 168 28 föreskrifterna
838 269 9 21 i
861 269 73 22 denna

316 302 130 29 förordning
469 303 36 21 bör
523 303 98 28 justeras
637 303 36 21 och
688 302 108 28 stämplas,
812 310 50 14 vare
878 303 56 28 skyl-

316 337 36 28 dig
374 339 34 20 att
428 338 47 27 före
495 338 111 28 utgången
622 337 27 28 af
661 338 67 27 sagda
742 338 27 20 år
784 337 69 22 sådan
864 338 68 27 juste-

316 371 50 28 ring
382 372 121 28 ombesörja.

593 435 15 27 $
624 434 31 21 15.

384 474 182 28 Användningen
589 474 28 27 af
633 474 24 22 de
670 480 76 22 genom
760 474 73 21 denna
848 473 84 27 förord-

314 508 56 28 ning
385 508 88 28 införda
489 516 46 20 nya
551 509 54 21 mått
621 509 36 21 och
672 509 68 28 vigter
754 510 27 20 är
796 508 7 21 i
817 508 114 22 allmänna

312 542 96 22 rörelsen
424 544 85 21 tillåten
527 544 71 21 under
613 543 191 28 öfvergängstiden,
821 542 53 28 från
889 542 42 21 den

312 577 12 21 1
348 577 101 22 Januari
472 578 61 21 1887
554 578 33 21 till
609 578 41 21 den
673 577 13 21 1
704 577 101 22 Januari
819 577 62 25 1892,
896 576 34 22 sä-

311 611 70 27 framt
392 614 105 24 parterne
512 612 71 22 derom
598 612 78 28 förena
692 612 36 28 sig.

379 645 57 27 Den,
452 653 45 15 som
511 646 71 22 under
597 646 73 22 denna
687 646 30 21 tid
732 646 8 21 i
751 646 67 27 öppen
831 645 99 22 handels-

311 679 57 23 lokal
383 680 80 22 önskar
479 680 94 28 begagna
587 681 25 21 de
622 687 46 21 nya
679 680 82 22 måtten
774 680 37 22 och
823 680 104 28 vigterna,

310 714 37 22 bör
368 715 80 21 sådant
472 715 170 28 tillkännagifva
662 722 76 21 genom
761 714 77 29 tydligt
852 714 77 27 anslag

310 748 8 21 i
334 749 86 22 lokalen
441 750 47 21 med
510 750 113 27 bifogamde
646 749 27 27 af
685 756 27 14 en
729 749 61 22 tabell
804 749 36 27 för
850 749 78 28 jemfö-

309 783 53 21 relse
385 784 91 21 emellan
498 784 25 21 de
543 784 74 28 gamla
640 784 36 21 och
694 784 25 21 de
734 790 45 21 nya
794 784 82 21 måtten
891 783 35 21 och

310 817 104 28 vigterna.

587 847 16 28 S
618 846 32 21 16.

378 885 34 22 De
428 893 47 20 nya
489 887 82 21 måtten
587 887 37 21 och
638 887 100 28 vigterna
752 887 59 21 skola
826 886 53 27 från
890 885 36 22 och

309 920 46 21 med
378 921 42 20 den
438 921 12 20 1
466 921 101 22 Januari
581 921 62 21 1887
656 921 116 22 användas
786 921 35 21 vid
833 922 94 25 postver-

307 953 39 27 ket,
372 954 147 27 tullväsendet,
543 957 82 20 statens
643 955 121 28 jernvägar
782 955 36 21 och
833 954 93 28 apoteks-

307 989 103 20 väsendet
424 991 56 19 samt
495 989 54 27 från
565 989 36 22 och
617 989 46 22 med
678 989 42 22 den
734 989 12 21 1
758 989 100 22 Januari
868 988 59 21 1890

306 1023 36 21 vid
357 1023 31 22 all
403 1023 98 22 kronans
515 1023 101 28 uppbörd.

381 1057 74 22 Under
469 1058 54 21 åren
539 1058 124 22 1887-1891
679 1057 59 22 skola
753 1058 25 21 de
788 1057 69 28 årliga
868 1063 58 15 mar-

306 1091 190 28 kegångstaxorna
518 1095 108 25 wppgöras
648 1092 54 27 efter
724 1092 51 21 både
790 1092 35 21 det
838 1091 88 22 härtills

304 1125 103 28 gällande
430 1126 37 21 och
489 1127 35 20 det
543 1133 33 15 nu
591 1126 91 28 införda
696 1127 103 26 systemet,
816 1125 110 22 hvaremot

305 1159 226 30 medelmarkegången
547 1161 60 21 ända
624 1161 32 21 till
672 1161 37 21 och
725 1161 45 21 med
785 1161 26 20 år
824 1160 59 21 1888
893 1159 31 22 be-

305 1194 84 22 räknas
404 1195 138 22 uteslutande
557 1195 54 28 efter
626 1195 35 22 det
674 1195 74 28 gamla
763 1196 98 26 systemet
868 1197 57 19 samt

304 1228 55 27 från
374 1229 38 21 och
427 1230 47 21 med
488 1230 27 21 år
529 1229 60 22 1889
602 1229 138 22 uteslutande
754 1229 55 27 efter
823 1229 35 21 det
870 1235 52 21 nya.

373 1263 120 28 Angående
515 1263 123 29 evalvering
661 1263 27 28 af
700 1263 57 22 vissa
772 1263 87 22 kronan
874 1263 50 21 eller

303 1297 100 22 enskilda
419 1299 139 26 räntetagare
574 1298 160 21 tillkommande
748 1299 79 20 räntor
841 1297 37 21 och
888 1297 34 27 af-

300 1331 73 27 gifter,
404 1331 111 28 äfvensom
545 1332 111 28 angående
679 1332 188 27 undervisningen
888 1331 36 27 för

302 1365 153 27 skatterubeln,
471 1367 78 21 varder
564 1366 104 21 särskildt
682 1366 104 28 stadgadt.

376 1399 74 22 Under
472 1401 49 21 hela
545 1401 188 28 öfvergångstiden
755 1400 59 21 skola
839 1399 45 22 alla
899 1399 29 28 af

300 1434 107 27 styrelsen
430 1435 117 27 utfärdade
571 1437 64 20 taxor
658 1435 37 21 och
710 1434 158 29 förordningar
884 1440 40 15 an-
