1078 1692
397 157 23 23 U.
436 158 23 22 B.
475 170 27 3 —
517 158 65 28 Prop.
601 156 37 24 N:o
654 156 20 23 5.

429 471 204 29 Lagutskottets
645 470 103 30 förslag
759 470 35 23 till
805 476 103 17 samman-

357 506 116 28 jemkning
495 506 26 22 af
533 506 27 22 de
575 506 70 22 delvis
660 505 132 29 skiljaktiga
807 504 79 29 beslut,
902 504 7 22 i

360 540 77 23 hvilka
452 540 93 23 stånden
562 540 90 23 stannat
667 540 37 22 vid
713 540 163 28 behandlingen
887 539 25 22 af

360 575 58 23 Hans
430 575 125 29 Kejserliga
563 575 114 29 Majestäts
685 575 83 29 nådiga
775 574 135 30 proposition

361 610 114 29 angående
490 610 126 29 krigsmans
631 610 129 29 bysättning
775 610 39 22 och
830 608 80 24 förrät-

360 645 66 23 tande
449 645 26 23 af
491 645 89 23 ädömdt
599 645 77 23 arbete
695 645 35 23 för
746 644 126 30 aftjenande
888 644 25 22 af

362 680 58 28 gäld.

223 750 31 22 Af
272 750 26 22 de
317 750 107 22 utskottet
436 749 86 29 jemlikt
537 751 27 21 67
580 750 13 28 &
608 749 247 29 Landtdagsordningen
869 748 41 23 till-

155 784 71 22 stälda
240 784 196 28 protokollsutdrag
449 784 8 22 i
472 784 61 22 detta
544 784 79 22 ärende
633 785 40 21 har
683 784 107 22 utskottet
798 784 111 32 inhemtat,

156 820 33 21 att
204 819 47 22 dess
266 819 138 22 betänkande
418 818 73 23 blifvit
507 819 24 22 af
544 819 161 27 Ridderskapet
720 820 39 21 och
774 818 68 23 Adeln
853 820 56 20 samt

154 853 185 28 Borgareständet
361 853 140 22 oförändradt
523 855 96 26 antaget,
640 854 112 22 hvaremot
771 853 84 22 Preste-
870 853 39 21 och

155 888 172 28 Bondeständen,
346 888 68 27 jemte
432 888 37 22 det
493 888 25 22 de
536 888 8 21 i
563 888 71 28 öfriga
649 889 59 22 delar
724 888 97 28 godkänt
835 888 73 21 betän-

155 923 87 27 kandet,
263 923 89 22 beslutit
366 923 34 21 till
416 925 12 19 2
444 924 13 25 $
472 923 8 21 i
496 923 40 22 den
552 923 124 28 föreslagna
690 923 153 28 förordningen
858 924 53 26 göra

156 959 32 21 ett
210 957 79 28 tillägg
308 957 7 22 i
336 957 95 28 enlighet
446 957 48 22 med
510 958 41 21 den
566 957 149 22 betänkandet
729 957 102 28 bifogade
846 963 66 16 reser-

156 992 107 29 vationen,
287 993 39 22 och
350 992 164 22 Bondeständet
537 993 107 22 dessutom
667 993 106 27 anmärkt,
796 993 33 21 att
851 992 61 22 ordet

157 1027 122 27 ySotilasta*
304 1027 29 28 pä
356 1027 70 22 första
447 1027 67 22 raden
534 1027 8 22 i
563 1029 10 20 1
593 1029 14 25 &
626 1027 24 22 af
663 1027 165 28 förordningens
843 1027 69 22 finska

155 1063 47 21 text
216 1062 66 22 borde
297 1061 112 22 uteslutas.

222 1096 146 22 Erkännande
391 1096 157 28 befogenheten
571 1096 24 22 af
612 1097 132 22 sistnämnda
760 1095 149 28 anmärkning,

153 1131 38 22 ber
212 1131 106 22 utskottet
341 1131 23 22 få
386 1133 59 20 rätta
467 1131 94 22 berörda
580 1137 76 22 genom
672 1131 135 22 förbiseende
822 1130 37 23 vid
874 1130 37 22 det

155 1166 68 22 finska
238 1166 143 27 exemplarets
396 1165 117 28 tryckning
527 1165 114 22 tillkomna
655 1165 137 28 felaktighet.

224 1200 248 29 Tillfåstadkommande
487 1200 24 22 af
520 1200 66 28 nödig
597 1200 185 28 samstämmighet
792 1200 7 21 i
809 1199 102 22 ständens

156 1235 70 22 beslut
248 1235 34 22 får
304 1235 108 22 utskottet
430 1235 81 27 vidare,
532 1237 52 20 enär
603 1237 81 20 tvänne
702 1235 66 22 stånd
787 1236 52 20 utan
853 1234 59 27 skilj.

156 1269 98 28 aktighet
276 1270 96 27 godkänt
394 1271 12 20 2
426 1271 13 25 $
454 1269 69 22 sådan
539 1270 122 21 densamma
676 1270 61 27 lyder
752 1270 8 21 i
775 1269 40 22 den
831 1269 81 28 nådiga

155 1304 158 28 propositionen
337 1305 39 21 och
396 1304 81 27 jemväl
500 1304 24 21 af
545 1305 107 22 utskottet
672 1305 33 21 till
720 1303 123 29 antagande
857 1303 55 22 före-

157 1339 83 28 slagits,
256 1339 111 22 vördsamt
381 1339 113 22 hemställa

291 1403 103 22 huruvida
410 1403 41 22 icke
467 1403 82 22 Preste-
566 1403 35 22 och
617 1403 167 22 Bondestånden
798 1401 52 27 ville,
866 1402 47 21 med

256 1438 132 27 frångående
409 1438 26 26 af
450 1438 49 21 sina
518 1438 9 21 i
545 1440 72 19 ämnet
636 1438 58 27 förut
713 1437 80 27 fattade
812 1436 71 27 beslut,
904 1438 8 19 i

257 1472 61 22 likhet
340 1472 47 21 med
408 1472 155 27 Ridderskapet
586 1472 36 22 och
641 1472 68 21 Adeln
729 1473 55 20 samt
805 1471 106 27 Borgare-

224 1512 75 23 Bihang
313 1512 29 17 till
354 1511 141 23 Lagutskottets
508 1512 117 17 betänkande
638 1513 36 16 N:o
686 1513 16 17 2.
