1078 1692
205 151 27 21 22

310 150 79 24 Ständ.
404 151 35 23 Sv.
455 164 28 3 —
499 152 70 27 Prop.
586 152 61 21 N:ris
664 151 28 22 16
706 151 44 22 och
765 151 33 23 37,

589 216 17 23 $
617 214 37 21 24.

371 260 70 26 Hvar,
465 267 44 15 som
531 261 14 21 &
568 260 45 28 lega
635 261 51 21 eller
703 262 55 20 emot
772 263 73 19 annat
859 260 73 28 beting

315 294 95 22 innehar
426 294 50 22 eller
491 294 83 22 brukar
589 302 91 14 annans
694 295 68 26 mark,
779 296 35 20 mä
829 296 20 27 ej
857 294 73 28 svedja

315 330 56 20 utan
382 328 142 29 jordegarens
540 329 35 27 lof.

588 387 17 23 8
619 385 33 21 25.

374 430 43 22 Till
439 430 114 28 svedjande
575 430 103 28 Nhänföres
695 430 20 28 ej
730 430 111 28 bränning
857 430 27 27 af
895 429 33 21 ris

314 464 36 22 och
366 466 73 20 annat
453 464 56 28 affal
523 465 36 21 vid
573 465 197 28 skogsafverkning,
786 465 27 21 dä
827 464 72 22 stället
908 462 21 29 ej

314 499 104 28 begagnas
435 499 33 21 till
483 499 72 28 odling
571 500 25 26 af
611 500 43 26 säd,
670 501 58 19 utan
743 499 139 27 bränningen
892 498 36 28 af-

314 540 34 14 ser
370 534 33 20 att
424 533 107 27 förbättra
550 533 43 21 bete
608 534 50 20 eller
673 533 100 27 befordra
787 533 141 27 uppkomsten

314 566 27 27 af
353 572 31 22 ny
399 566 56 28 skog.

587 626 18 24 $
619 623 33 21 26.

370 668 115 27 Kyttande
499 668 36 22 må
550 675 37 21 ega
603 676 50 14 rum
673 669 77 21 endast
764 669 14 21 å
793 676 82 14 mossar
890 668 38 22 och

313 702 54 21 kärr
382 704 56 20 samt
452 703 36 21 vid
502 703 106 28 nyodling
623 703 28 27 af
662 703 62 22 mark
735 703 34 21 till
778 704 87 27 ständig
876 702 52 22 åker

314 736 50 22 eller
380 739 49 26 äng.

572 800 57 28 Kap.
645 800 25 22 V.

545 845 34 22 Om
595 845 103 27 skogseld.

585 904 18 23 $
617 902 34 21 27.

370 946 93 22 Enhvar
477 949 28 19 är
519 947 108 27 förbjudet
637 947 50 22 att
678 942 12 36 i
697 947 49 27 skog
756 947 51 21 eller
817 947 46 21 dess
873 948 53 19 när-

313 981 65 20 maste
391 981 111 27 granskap
517 982 115 27 upptända
646 981 39 27 eld,
701 981 28 22 då
739 981 60 22 stark
810 981 54 22 blåst
875 980 52 22 eller

313 1014 61 22 torka
389 1015 70 21 råder.

585 1067 16 26 $
615 1066 35 21 28.

368 1109 30 26 Ej
411 1109 66 22 heller
491 1111 36 21 må
541 1111 74 28 någon
629 1112 57 20 utan
701 1110 100 22 tillstånd
815 1110 51 21 eller
880 1111 47 20 rätt

310 1144 43 21 nöd
368 1147 97 25 uppgöra
479 1145 33 21 eld
527 1145 14 21 å
556 1145 67 26 mark,
645 1145 87 21 hvilken
746 1145 26 27 af
786 1151 80 15 annan
881 1151 46 21 eges

310 1177 51 22 eller
376 1178 87 22 besittes.

583 1233 17 23 $
613 1231 34 20 29.

366 1275 81 22 Innan
469 1275 33 22 eld
523 1278 104 25 uppgöres
646 1276 9 21 i
673 1275 52 22 eller
739 1275 63 22 invid
817 1275 55 28 skog,
889 1275 37 21 bör

309 1309 122 22 växttäcket
446 1309 33 22 till
493 1310 69 21 minst
575 1317 28 14 en
614 1310 50 21 alns
673 1309 64 22 bredd
747 1309 70 22 rundt
827 1309 99 28 omkring

309 1343 111 22 eldstaden
435 1343 103 28 afskalas.

365 1376 58 27 Den,
445 1383 44 15 som
511 1377 39 21 vill
572 1376 88 22 bränna
682 1376 49 21 sved
750 1376 52 21 eller
816 1376 108 27 kyttland,

308 1410 84 28 afrödje
407 1411 77 28 skogen
499 1410 137 29 deromkring
651 1410 37 22 och
699 1410 94 28 borttage
803 1410 123 21 växttäcket

308 1444 34 21 till
364 1445 68 26 ofvan
454 1445 96 28 angifna
573 1445 63 22 bredd
656 1446 57 21 samt
734 1444 112 28 ombesörje
864 1446 34 20 att
911 1444 15 21 å
