1078 1692
266 148 83 23 Ständ.
364 149 37 23 Sv.
418 162 27 3 —
461 150 69 28 Prop.
548 150 63 23 N:ris
627 151 28 22 16
670 152 44 22 och
728 152 36 22 37.
839 152 27 22 23

294 212 76 26 stället,
386 212 71 21 sävidt
471 212 83 28 möjligt
568 215 33 24 är,
617 213 71 27 finnes
705 216 75 19 vatten
794 214 37 21 och
845 213 65 28 nödig

296 246 89 27 redskap
401 248 33 20 att
448 246 72 22 släcka
531 247 74 26 elden;
621 248 81 27 tillsäge
711 248 36 21 ock
754 248 156 28 rägrannarne

296 282 33 19 att
348 287 54 15 vara
420 280 85 22 beredde
521 282 38 24 att,
575 281 9 21 i
599 281 42 27 fall
656 281 28 27 af
696 281 65 28 behof,
778 281 84 27 skynda
877 279 34 22 till

295 314 63 27 hjelp.

353 348 30 28 Ej
398 348 34 21 må
447 348 48 26 den,
511 355 44 14 som
569 349 102 27 uppgjort
685 349 33 21 eld
732 349 9 21 i
756 349 54 27 skog,
825 348 48 22 sved
883 347 28 22 el-

297 382 31 20 ler
342 382 108 27 kyttland,
474 382 71 22 lemna
567 383 72 21 stället
655 384 58 20 utan
727 383 65 27 nödig
807 382 104 28 eftersyn,

300 416 73 21 inman
388 416 61 22 elden
464 418 27 19 är
506 416 86 22 alldeles
607 417 72 21 släckt.

570 470 17 23 $
601 468 35 20 50.

358 508 140 26 Uppkommer
520 508 99 27 skogseld,
643 508 58 21 skola
709 514 104 22 grannar
827 507 85 27 skynda

296 541 33 21 dit
343 542 35 26 för
393 543 33 20 att
441 542 77 20 släcka.
552 542 69 27 Tager
635 542 69 27 faran
721 542 39 26 till,
776 541 55 21 skall
845 543 67 19 nästa

298 576 76 20 krono-
390 576 49 21 eller
454 576 140 28 skogsbetjent
616 576 51 21 eller
681 576 187 28 forsttjensteman
883 575 28 21 el-

298 610 30 20 ler
344 610 27 27 af
382 610 130 21 kommunen
535 610 147 27 tilläfventyrs
704 610 76 21 utsedd
802 610 70 21 ledare
888 609 28 27 af

298 643 51 22 slikt
370 644 236 28 eldsläckningsarbete,
630 646 72 20 straxt
723 644 55 28 efter
792 644 35 21 det
841 644 24 20 de
878 650 34 21 ge-

297 684 51 15 nom
369 678 101 21 markens
488 685 62 21 egare
565 678 51 21 eller
631 678 128 21 annorledes
774 678 43 26 fått
832 677 80 21 under-

299 712 85 21 rättelse
402 719 31 14 om
449 712 128 28 skogselden,
588 712 160 21 sammankalla
760 712 75 27 nödigt
845 711 66 21 släck-

298 746 172 28 ningsmanskap
483 752 77 22 genom
575 746 81 21 utsänd
666 746 103 27 budkafle,
780 752 44 14 som
833 745 80 27 skynd-

298 781 56 20 samt
376 780 55 21 skall
453 780 170 27 frambefordras
645 780 63 27 ifrån
728 780 56 27 gård
804 779 34 21 till
850 779 61 28 gård.

303 814 106 26 Utfärdas
424 813 97 27 budkafle
537 814 28 26 af
577 820 80 15 annan
672 816 31 19 än
713 813 153 27 kronobetjent,
878 812 36 22 bör

299 847 121 22 kännedom
443 854 33 14 om
499 847 42 21 den
563 847 103 28 vidtagna
684 847 106 28 åtgärden
804 847 70 21 denne
889 847 25 21 så

299 881 45 28 fort
358 881 34 22 ske
408 882 45 21 kan
466 881 112 22 meddelas.

356 915 38 22 Då
409 915 96 28 budkafle
521 915 102 26 anländt,
639 915 55 21 skall
709 921 27 15 en
752 915 105 27 arbetsför
862 921 52 21 per-

300 956 38 15 son
358 949 54 28 från
430 950 64 21 hvart
508 949 87 28 matlag,
612 949 84 27 försedd
710 949 47 21 med
773 948 142 21 tillhandsva-

300 984 75 26 rande,
392 984 64 27 nödig
471 983 255 28 eldsläckningsredskap,
742 984 57 20 utan
813 981 103 28 wppehåll

300 1017 82 28 begifva
397 1017 31 28 sig
445 1017 33 21 till
493 1017 143 21 brandstället
650 1017 37 20 och
702 1017 37 20 der
754 1015 96 28 fullgöra
859 1015 57 22 hvad

301 1052 88 21 ledaren
404 1051 27 28 af
443 1051 205 28 släckningsarbetet
662 1051 78 20 honom
754 1049 146 28 föreskrifver.

579 1103 15 26 $
609 1102 32 21 31.

357 1142 48 21 För
426 1142 130 22 hämmande
579 1141 26 28 af
626 1141 92 28 skogseld
732 1141 37 21 må
783 1139 135 28 släcknings-

302 1177 113 26 manskap,
431 1178 58 20 utan
503 1176 100 27 afseende
616 1176 13 21 å
639 1182 89 21 egarens
742 1174 130 27 motsägelse,
887 1173 31 27 ef-

303 1213 31 19 ter
349 1211 213 27 omständigheterna
581 1209 56 28 fälla
652 1209 100 22 mötande
768 1208 55 28 skog,
837 1207 81 28 gräfva

302 1245 70 26 diken,
389 1244 151 27 undanskaffa
555 1243 118 28 hägnader,
689 1243 101 22 antända
802 1240 78 23 moteld
890 1240 28 21 el-

302 1280 31 21 ler
355 1279 88 28 vidtaga
463 1279 73 21 andra
551 1278 36 27 för
601 1277 135 22 ändamälets
750 1275 114 22 vinnande
879 1276 39 19 nö-

302 1314 50 27 diga
367 1313 112 28 åtgärder;
495 1312 37 21 och
547 1313 78 20 ersätte
640 1311 48 26 den,
704 1317 44 15 som
762 1309 101 28 farelden
872 1307 46 22 vål-

304 1348 37 26 lat,
358 1347 31 22 all
403 1347 125 27 härigenom
543 1346 143 27 uppkommen
700 1345 74 21 skada.

577 1398 15 27 $
609 1397 35 20 32.

362 1438 117 27 Manskap,
495 1444 44 15 som
555 1437 35 27 för
604 1436 113 27 släckning
727 1435 28 27 af
762 1433 94 28 skogseld
865 1439 54 20 upp-
