1078 1692
212 152 30 22 22
515 152 38 23 N:o
570 152 29 22 16.

182 219 87 24 skottet,
284 218 86 22 hvilken
385 218 55 22 dock
456 219 18 27 ej
491 218 34 23 må
540 219 68 21 sättas
619 218 65 28 högre
696 218 27 21 än
734 217 32 22 till
776 217 81 22 hälften
868 217 66 26 deraf,

182 253 56 21 skall
260 253 139 21 tillerkännas
421 253 229 22 boställsinnehafvare
671 252 71 22 såsom
766 252 117 28 ersättning
902 252 34 21 för

182 288 92 27 skogens
290 288 81 21 skötsel
386 288 40 21 och
440 288 59 26 vård,
514 289 56 21 samt
585 288 55 21 huru
655 287 68 22 denne
739 286 41 22 bör
790 287 33 21 för
833 288 70 20 resten
914 286 23 22 af

182 322 66 28 sagde
270 322 116 22 öfverskott
408 324 54 26 göra
484 323 57 25 redo,
564 322 89 22 såframt
671 322 213 22 öfverenskommelse
901 328 33 15 om

182 357 49 22 dess
247 357 88 21 lösande
351 358 48 21 med
414 358 43 21 viss
473 356 54 30 årlig
542 358 190 27 penningesumma
748 356 33 22 för
796 356 97 22 bestämd
904 356 31 21 tid

182 392 18 28 ej
224 392 42 21 kan
288 392 81 22 träffas.
399 391 234 29 Hushållningsplanen
656 392 56 21 skall
731 391 67 22 sedan
813 392 22 21 af
849 391 85 22 förrätt-

181 427 154 27 ningsmannen
351 427 101 22 insändas
468 427 33 21 till
516 426 177 29 Forststyrelsen,
710 427 38 21 der
763 426 123 22 densamma
896 432 37 14 un-

182 461 77 28 dergår
281 462 136 28 granskning,
436 462 65 21 innan
518 462 40 21 den
573 462 8 20 i
596 461 100 22 afseende
712 460 13 22 å
740 460 138 22 fastställelse
895 466 38 15 un-

183 495 112 23 derställes
312 496 104 22 Senatens
431 496 273 28 Ekonomiedepartement.

249 530 64 22 Hvad
334 531 7 21 i
364 530 36 22 det
421 530 129 28 föregående
573 532 24 20 är
619 531 101 27 stadgadt
742 530 91 22 rörande
853 530 80 27 uppgö-

185 565 66 21 rande
275 565 23 22 af
316 564 199 30 hushällningsplan
531 566 40 22 och
587 566 48 22 dess
650 565 144 22 befordrande
798 560 43 39 till
853 564 81 23 stadfä-

183 600 70 26 stelse,
269 599 55 23 skall
341 600 40 21 ock
396 600 108 28 tillämpas
519 601 8 21 i
542 600 103 22 händelse
660 600 84 28 planen,
761 599 34 23 vid
811 599 26 22 de
848 598 85 23 revisio-

182 641 44 19 ner,
242 641 46 15 som
304 634 61 22 hvart
384 634 71 22 tionde
472 634 24 23 är
511 635 61 22 skola
587 636 23 20 af
623 635 149 21 forstmästare
788 633 13 22 å
815 633 119 23 boställena

182 668 133 27 verkställas,
331 669 73 21 dervid
418 669 97 22 befinnes
530 671 69 21 tarfva
614 669 90 27 ändring
720 668 52 22 eller
787 668 93 22 rättelse.

250 704 49 21 Den
322 705 77 27 anpart
421 704 22 21 af
465 704 149 28 afkastningen
633 703 47 22 frän
695 703 103 22 boställes
815 703 57 27 skog,
888 710 45 14 som

183 738 18 27 ej
225 738 120 22 tillerkänts
368 738 48 22 dess
438 738 143 26 innehafvare,
597 738 96 22 tillfaller
708 738 90 27 kronan,
813 736 87 23 såframt
916 738 17 26 ej

184 772 100 22 bostället
299 774 24 20 är
338 772 97 28 upplåtet
451 773 22 21 åt
488 773 139 29 kyrkoherde,
643 772 102 28 kapellan
761 772 52 22 eller
827 772 107 26 klockare,

181 806 8 22 i
211 806 80 22 hvilket
309 807 38 22 fall
362 808 66 27 sagde
443 810 78 26 anpart
536 808 128 21 tillkommer
680 807 163 27 församlingens
858 806 76 29 kyrko-

181 841 71 22 kassa.

347 909 8 6 N
527 906 12 27 8
556 906 32 21 13.

250 945 45 22 Vill
314 945 47 26 den,
380 952 45 15 som
441 945 92 22 boställe
549 946 33 21 för
596 946 65 27 tjenst
676 944 96 28 besitter,
790 945 50 21 derä
855 945 79 27 svedje-

181 980 56 21 bruk
256 980 51 21 idka
322 980 64 21 innan
402 981 61 21 mark
478 981 73 21 härtill
565 987 76 21 genom
657 978 277 29 skogshushällningsplans

179 1015 151 22 fastställande
345 1015 78 22 honom
439 1015 100 28 anvisats,
555 1015 52 22 söke
623 1014 71 23 dertill
709 1013 97 22 tillstånd
821 1013 69 22 såsom
905 1014 29 27 i$

181 1049 27 21 10
224 1049 69 28 säges.

529 1113 11 27 8
558 1113 31 21 14.

248 1147 47 27 Åbo
318 1152 13 22 &
353 1153 167 22 kronohemman
542 1153 57 22 inom
620 1153 69 22 Wasa
708 1153 40 22 och
762 1152 120 29 Uleåborgs
899 1153 35 21 län

180 1186 35 21 mä
238 1187 23 21 af
283 1187 111 22 Guvernör
417 1187 118 28 berättigas
555 1189 32 20 att
602 1188 54 21 efter
670 1187 101 28 utsyning
787 1187 40 22 och
841 1187 92 22 bestäm-

182 1221 83 26 mande,
282 1229 46 14 som
344 1229 25 14 en
384 1221 56 29 gäng
455 1223 34 21 för
505 1223 43 21 alla
563 1223 22 21 af
599 1223 145 21 landtmätare
760 1222 52 21 eller
827 1222 107 28 forsttjen-

179 1257 81 20 steman
277 1257 131 26 verkställes,
424 1257 33 21 till
473 1257 162 28 tjärubränning
645 1257 7 22 i
664 1257 65 27 årligt
740 1257 86 27 omlopp
837 1256 97 29 begagna

179 1297 26 14 en
221 1291 150 22 sextiondedel
387 1292 23 21 af
424 1293 138 27 lägenhetens
579 1292 93 28 växtliga
688 1291 133 28 skogsmark,
837 1292 46 21 med
898 1291 36 22 vil-

179 1324 39 22 kor
227 1327 33 19 att
270 1325 64 22 minst
344 1326 73 22 trettio
430 1327 82 21 fröträd
521 1327 13 21 ä
542 1327 127 21 tunnlandet
680 1326 135 28 gvarlemnas
825 1327 56 20 ända
890 1326 44 21 tills

179 1359 91 28 förnyad
285 1360 124 29 afverkning
424 1361 34 22 för
474 1361 192 28 tjärutillverkning
682 1360 12 22 ä
706 1361 72 21 stället
788 1359 33 23 fär
831 1367 39 21 ega
880 1367 53 15 rum.

247 1395 60 20 Inom
330 1395 68 28 öfriga
421 1395 36 22 län
473 1395 33 22 mä
521 1397 112 20 Guvernör
647 1396 7 21 i
670 1395 96 28 enlighet
781 1395 48 21 med
845 1396 39 20 den
899 1395 8 21 i
922 1396 12 27 &

181 1429 7 19 1
216 1429 94 27 antyddä
332 1431 68 26 grund
424 1431 98 21 meddela
539 1431 181 22 kronohemmans
735 1430 41 22 åbo
792 1429 96 22 tillstånd
903 1431 31 20 att

178 1462 33 21 till
226 1463 163 30 tjärubränning
404 1466 98 21 använda
517 1465 88 23 stäende
621 1466 60 27 skog.
