1078 1692
215 154 12 20 6
435 156 19 23 U.
470 156 20 23 B.
507 169 27 4 —
551 156 54 30 Prop.
623 157 32 23 N:o
671 157 19 24 6.

186 210 131 23 vanstäende
340 213 66 21 tabell
428 213 100 28 framgär,
551 214 74 22 alltför
646 215 109 27 betydliga
776 215 33 21 för
825 217 32 19 att
871 215 73 21 kunna

186 245 75 21 endast
276 246 28 26 pä
319 246 60 22 detta
393 248 43 20 sätt
450 248 117 26 förklaras;
583 250 53 20 utan
646 249 67 21 mäste
729 249 112 21 Utskottet
851 250 92 20 tvärtom

185 278 117 23 förutsätta
324 282 38 25 att,
385 281 34 21 vid
442 282 264 22 rusthällsinstitutionens
728 283 117 27 införande,
868 289 25 16 en
909 282 35 22 del

185 312 255 28 lägenhetsinnehafvare,
463 316 33 21 till
517 316 54 28 följd
595 317 23 21 af
639 317 104 21 särskilda
762 317 181 27 omständigheter

186 347 40 21 och
241 348 200 28 ortsförhällanden,
457 350 83 26 lyckats
563 351 133 22 tillförsäkra
711 352 31 26 sig
758 353 69 20 större
842 351 100 25 fördelar,

185 382 76 20 medan
284 382 48 22 äter
353 384 74 26 andra,
449 384 34 22 för
497 384 135 28 fullgörande
647 386 24 21 af
688 386 113 21 enahanda
815 385 127 27 skyldighet,

184 416 95 26 tvungits
295 416 72 28 ätnöja
382 418 32 27 sig
428 419 49 21 med
491 419 82 21 mindre
597 420 125 26 ersättning.
753 420 112 21 Likaledes
880 419 62 21 torde

184 456 60 15 mera
258 451 100 22 afseende
373 452 62 22 hafva
450 453 69 21 blifvit
534 453 81 21 fästadt
633 454 35 21 vid
683 453 259 27 lägenhetsinnehafvare-

184 490 38 15 nes
243 485 98 28 förmäga
362 488 33 20 att
410 488 68 20 under
499 488 44 21 alla
565 488 149 21 förhällanden
728 488 92 27 fullgöra
835 488 45 21 sina
896 487 46 21 äta-

183 519 91 26 ganden,
298 522 26 19 än
339 521 35 21 vid
396 522 157 27 ersättningens
576 522 40 21 och
638 522 181 27 prestationernas
841 522 101 21 inbördes

183 554 160 26 motsvarighet.
374 556 33 20 En
422 556 34 21 del
472 556 91 22 rusthäll
578 556 63 21 hafva
660 556 89 22 sälunda
764 556 68 22 under
846 556 94 21 tidernas

183 587 50 27 lopp
249 588 90 22 kommit
352 590 8 20 i
375 590 124 27 ätnjutande
515 591 23 21 af
549 591 94 21 faktiska
662 591 126 27 privilegier,
803 591 7 21 i
826 591 36 21 det
876 591 64 21 deras

182 621 108 23 förmoner
312 624 92 26 uppgätt
425 625 33 21 till
481 624 65 28 högre
569 625 78 27 belopp
663 626 27 20 än
705 625 234 27 rustningskostnaden.

183 655 68 22 Dessa
272 656 108 23 förmoner
402 658 64 22 hafva
480 659 68 31 under
563 665 26 15 en
604 665 46 15 mer
665 660 27 20 än
707 658 167 28 tvähundraärig
888 658 52 22 häfd

183 689 24 22 sä
222 692 156 22 sammanvuxit
393 693 48 21 med
457 693 119 22 rusthällen
591 695 33 19 att
640 694 25 21 de
681 694 83 26 antagit
778 693 129 21 karaktären
918 693 24 21 af

182 724 82 27 verklig
286 726 103 26 egendom
405 729 55 19 samt
479 727 153 27 obestridligen
647 728 23 20 af
684 728 36 20 det
734 728 107 20 allmänna
856 727 83 21 medve-

182 759 75 21 tandet
279 760 112 22 betraktas
414 762 38 20 och
475 762 67 21 redan
557 762 62 26 länge
635 762 121 21 betraktats
771 761 28 27 pä
814 762 60 20 detta
888 762 50 20 sätt.

183 792 45 22 Och
244 794 60 21 detta
318 795 48 21 icke
376 797 53 19 utan
443 796 52 21 skäl.
527 796 30 27 Ty
572 796 247 26 rusthällsinrättningen
829 795 110 27 grundade

182 827 33 27 sig
228 828 28 26 pä
272 829 106 21 särskilda
394 830 225 21 öfverenskommelser
635 830 77 21 mellan
728 832 70 19 staten
814 830 39 21 och
866 829 73 27 hvarje

181 861 84 22 enskild
280 863 141 26 rusthällare;
437 864 40 21 och
491 864 66 21 bland
579 867 67 18 annat
661 864 168 21 tillförsäkrades
845 863 47 22 dem
908 863 32 21 uti

181 895 77 28 Kungl.
274 897 152 28 förordningen
441 899 40 21 och
491 899 141 26 reglementet
639 898 24 21 af
669 899 41 20 den
718 899 12 20 5
738 898 90 21 Januari
837 898 54 21 1684
906 899 33 20 ut-

181 930 119 27 tryckligen
315 933 39 25 att,
371 932 24 21 sä
410 933 62 26 länge
488 933 145 21 rusthällaren
647 933 110 21 förmädde
772 933 59 20 hälla
846 932 31 21 sin
891 931 48 22 full-

182 964 94 27 komliga
298 967 126 26 montering,
448 967 77 27 ,sädan
547 974 46 15 som
609 967 42 22 hon
673 973 29 15 nu
725 967 48 21 utaf
786 966 75 27 Kongl.
878 966 61 27 Maj:t

181 998 49 27 sjelf
249 1001 25 19 är
289 1001 80 21 vorden
392 1001 34 21 vid
441 1002 232 26 generalmönstringar
692 1001 66 27 gillad
773 1001 40 21 och
828 1000 110 27 godkänd*

180 1032 68 22 skulle
263 1034 64 27 ingen
342 1035 63 21 hafva
420 1036 59 21 makt
493 1037 33 20 att
541 1035 70 22 rubba
627 1035 52 22 eller
693 1037 50 19 röra
758 1035 84 21 honom.

249 1067 41 22 Om
305 1069 62 21 äfven
382 1070 121 21 sedermera
517 1070 32 21 uti
565 1071 55 20 1719
637 1069 39 22 och
693 1070 54 21 1772
763 1069 35 21 ärs
813 1069 125 26 Regerings-

179 1101 79 22 former
274 1103 169 22 statsmakterna
457 1103 134 22 förbehällits
607 1105 44 20 rätt
666 1105 33 20 att
709 1103 108 27 upphäfva
827 1102 112 22 rusthälls-

179 1135 155 27 institutionen,
358 1143 51 16 voro
433 1138 54 21 dock
509 1138 72 27 dylika
602 1138 148 27 försäkringar
765 1137 80 27 egnade
860 1139 33 19 att
908 1137 31 20 in-

178 1169 58 26 gifva
250 1170 157 23 rusthällarene
422 1172 41 21 den
477 1172 154 27 föreställning,
643 1172 36 21 det
690 1172 26 21 de
731 1172 76 21 endast
821 1177 50 15 vore
886 1171 53 26 plig-

179 1203 43 26 tige
245 1205 34 20 att
301 1205 101 27 antingen
424 1206 22 21 in
461 1207 78 20 natura
553 1205 93 28 fullgöra
661 1206 32 21 sin
708 1205 231 27 rustningsskyldighet

178 1237 54 22 eller
247 1238 40 21 ock
303 1239 72 22 derför
390 1240 81 27 utgifva
485 1247 27 14 en
526 1240 152 21 motsvarande
693 1240 124 26 ersättning.
841 1239 31 21 De
882 1240 57 20 rust-

177 1271 51 26 håll,
244 1272 74 22 hvilka
333 1273 88 27 ätnjutit
435 1276 70 19 större
520 1274 115 26 förmoner,
652 1274 63 21 hafva
730 1273 90 22 sålunda
829 1273 109 26 verkligen

177 1305 87 22 erhållit
288 1308 31 20 ett
333 1307 67 27 högre
422 1308 71 26 värde,
517 1308 88 22 hvarför
619 1309 27 20 de
662 1308 60 21 äfven
738 1308 35 21 vid
788 1307 150 26 försäljningar

177 1341 137 27 naturligtvis
329 1341 97 28 betingat
441 1342 32 27 sig
487 1342 67 27 högre
569 1343 44 26 pris
629 1345 27 18 än
671 1342 67 21 andra
753 1342 44 21 lika
813 1343 66 24 stora,
889 1347 50 16 men

176 1374 84 22 mindre
275 1375 89 28 lyckligt
378 1376 82 22 lottade
475 1377 130 27 lägenheter.
636 1376 82 22 Sådant
732 1376 40 21 har
782 1375 102 26 inträffat,
898 1375 40 22 och

176 1408 164 28 nödvändigtvis
362 1409 56 22 måst
440 1411 92 26 inträffa,
553 1411 19 26 ej
587 1411 91 21 allenast
694 1411 60 25 efter,
770 1412 53 19 utan
837 1409 40 22 ock
892 1409 46 22 före

175 1441 26 22 år
224 1443 62 26 1809,
309 1444 77 21 medan
409 1445 98 26 rytteriet
522 1447 58 19 ännu
599 1451 77 20 genom
692 1444 98 27 rustning
805 1443 133 27 uppställdes

175 1475 41 22 och
231 1477 29 26 på
276 1483 26 16 en
316 1478 32 21 tid
364 1479 27 21 då
406 1479 82 21 således
503 1479 46 21 icke
565 1479 70 27 någon
651 1479 71 21 kunde
737 1478 82 27 hoppas
830 1479 39 24 att,
880 1480 58 20 emot

244 1517 152 18 Statsutskottets
409 1517 117 18 betänkande
539 1518 38 17 N:o
591 1518 16 17 6.
