<?xml version="1.0" encoding="UTF-8"?>
<alto xmlns="http://www.loc.gov/standards/alto/ns-v3#" xmlns:xlink="http://www.w3.org/1999/xlink" xmlns:xsi="http://www.w3.org/2001/XMLSchema-instance" xsi:schemaLocation="http://www.loc.gov/standards/alto/ns-v3# http://www.loc.gov/alto/v3/alto-3-0.xsd">
	<Description>
		<MeasurementUnit>pixel</MeasurementUnit>
		<sourceImageInformation>
			<fileName>/tmp/tess_esira3_f_input.PNG</fileName>
		</sourceImageInformation>
		<OCRProcessing ID="OCR_0">
			<ocrProcessingStep>
				<processingSoftware>
					<softwareName>tesseract 5.3.4</softwareName>
				</processingSoftware>
			</ocrProcessingStep>
		</OCRProcessing>
	</Description>
	<Layout>
		<Page WIDTH="1078" HEIGHT="1692" PHYSICAL_IMG_NR="0" ID="page_0">
			<PrintSpace HPOS="0" VPOS="0" WIDTH="1078" HEIGHT="1692">
				<ComposedBlock ID="cblock_0" HPOS="317" VPOS="146" WIDTH="537" HEIGHT="25">
					<TextBlock ID="block_0" HPOS="317" VPOS="146" WIDTH="537" HEIGHT="25">
						<TextLine ID="line_0" HPOS="317" VPOS="146" WIDTH="537" HEIGHT="25">
							<String ID="string_0" HPOS="317" VPOS="147" WIDTH="23" HEIGHT="19" WC="0.92" CONTENT="U."/><SP WIDTH="12" VPOS="147" HPOS="340"/>
							<String ID="string_1" HPOS="352" VPOS="147" WIDTH="59" HEIGHT="19" WC="0.73" CONTENT="B::—"/><SP WIDTH="11" VPOS="147" HPOS="411"/>
							<String ID="string_2" HPOS="422" VPOS="147" WIDTH="63" HEIGHT="24" WC="0.92" CONTENT="Prop."/><SP WIDTH="11" VPOS="147" HPOS="485"/>
							<String ID="string_3" HPOS="496" VPOS="146" WIDTH="57" HEIGHT="20" WC="0.93" CONTENT="N:ris"/><SP WIDTH="10" VPOS="146" HPOS="553"/>
							<String ID="string_4" HPOS="563" VPOS="147" WIDTH="26" HEIGHT="19" WC="0.96" CONTENT="16"/><SP WIDTH="12" VPOS="147" HPOS="589"/>
							<String ID="string_5" HPOS="601" VPOS="147" WIDTH="44" HEIGHT="18" WC="0.8" CONTENT="och:"/><SP WIDTH="6" VPOS="147" HPOS="645"/>
							<String ID="string_6" HPOS="651" VPOS="146" WIDTH="31" HEIGHT="20" WC="0.8" CONTENT="87."/><SP WIDTH="150" VPOS="146" HPOS="682"/>
							<String ID="string_7" HPOS="832" VPOS="148" WIDTH="22" HEIGHT="18" WC="0.87" CONTENT="2"/>
						</TextLine>
					</TextBlock>
				</ComposedBlock>
				<ComposedBlock ID="cblock_1" HPOS="119" VPOS="204" WIDTH="759" HEIGHT="1012">
					<TextBlock ID="block_1" HPOS="119" VPOS="204" WIDTH="759" HEIGHT="639">
						<TextLine ID="line_1" HPOS="120" VPOS="204" WIDTH="757" HEIGHT="28">
							<String ID="string_8" HPOS="120" VPOS="204" WIDTH="107" HEIGHT="28" WC="0.82" CONTENT="skogslag."/><SP WIDTH="16" VPOS="204" HPOS="227"/>
							<String ID="string_9" HPOS="243" VPOS="211" WIDTH="46" HEIGHT="15" WC="0.95" CONTENT="som"/><SP WIDTH="14" VPOS="211" HPOS="289"/>
							<String ID="string_10" HPOS="303" VPOS="206" WIDTH="105" HEIGHT="21" WC="0.95" CONTENT="utskottet"/><SP WIDTH="14" VPOS="206" HPOS="408"/>
							<String ID="string_11" HPOS="422" VPOS="206" WIDTH="8" HEIGHT="20" WC="0.93" CONTENT="i"/><SP WIDTH="15" VPOS="206" HPOS="430"/>
							<String ID="string_12" HPOS="445" VPOS="205" WIDTH="152" HEIGHT="22" WC="0.92" CONTENT="ofvanstäende"/><SP WIDTH="16" VPOS="205" HPOS="597"/>
							<String ID="string_13" HPOS="613" VPOS="206" WIDTH="66" HEIGHT="20" WC="0.96" CONTENT="måtto"/><SP WIDTH="16" VPOS="206" HPOS="679"/>
							<String ID="string_14" HPOS="695" VPOS="204" WIDTH="70" HEIGHT="22" WC="0.96" CONTENT="funnit"/><SP WIDTH="15" VPOS="204" HPOS="765"/>
							<String ID="string_15" HPOS="780" VPOS="206" WIDTH="32" HEIGHT="26" WC="0.96" CONTENT="sig"/><SP WIDTH="13" VPOS="206" HPOS="812"/>
							<String ID="string_16" HPOS="825" VPOS="205" WIDTH="52" HEIGHT="21" WC="0.96" CONTENT="böra"/>
						</TextLine>
						<TextLine ID="line_2" HPOS="119" VPOS="238" WIDTH="757" HEIGHT="28">
							<String ID="string_17" HPOS="119" VPOS="238" WIDTH="88" HEIGHT="22" WC="0.96" CONTENT="förorda"/><SP WIDTH="13" VPOS="238" HPOS="207"/>
							<String ID="string_18" HPOS="220" VPOS="240" WIDTH="33" HEIGHT="20" WC="0.96" CONTENT="till"/><SP WIDTH="11" VPOS="240" HPOS="253"/>
							<String ID="string_19" HPOS="264" VPOS="240" WIDTH="119" HEIGHT="26" WC="0.96" CONTENT="antagande"/><SP WIDTH="13" VPOS="240" HPOS="383"/>
							<String ID="string_20" HPOS="396" VPOS="239" WIDTH="24" HEIGHT="21" WC="0.96" CONTENT="af"/><SP WIDTH="10" VPOS="239" HPOS="420"/>
							<String ID="string_21" HPOS="430" VPOS="240" WIDTH="121" HEIGHT="20" WC="0.96" CONTENT="ständerna."/><SP WIDTH="31" VPOS="240" HPOS="551"/>
							<String ID="string_22" HPOS="582" VPOS="239" WIDTH="49" HEIGHT="22" WC="0.96" CONTENT="Men"/><SP WIDTH="14" VPOS="239" HPOS="631"/>
							<String ID="string_23" HPOS="645" VPOS="239" WIDTH="105" HEIGHT="21" WC="0.96" CONTENT="utskottet"/><SP WIDTH="12" VPOS="239" HPOS="750"/>
							<String ID="string_24" HPOS="762" VPOS="241" WIDTH="25" HEIGHT="19" WC="0.92" CONTENT="är"/><SP WIDTH="10" VPOS="241" HPOS="787"/>
							<String ID="string_25" HPOS="797" VPOS="239" WIDTH="79" HEIGHT="26" WC="0.92" CONTENT="jemväl"/>
						</TextLine>
						<TextLine ID="line_3" HPOS="120" VPOS="272" WIDTH="756" HEIGHT="28">
							<String ID="string_26" HPOS="120" VPOS="272" WIDTH="25" HEIGHT="22" WC="0.96" CONTENT="af"/><SP WIDTH="22" VPOS="272" HPOS="145"/>
							<String ID="string_27" HPOS="167" VPOS="273" WIDTH="40" HEIGHT="21" WC="0.92" CONTENT="den"/><SP WIDTH="27" VPOS="273" HPOS="207"/>
							<String ID="string_28" HPOS="234" VPOS="273" WIDTH="61" HEIGHT="27" WC="0.88" CONTENT="åsigt,"/><SP WIDTH="27" VPOS="273" HPOS="295"/>
							<String ID="string_29" HPOS="322" VPOS="272" WIDTH="63" HEIGHT="22" WC="0.90" CONTENT="att&#39;i"/><SP WIDTH="27" VPOS="272" HPOS="385"/>
							<String ID="string_30" HPOS="412" VPOS="272" WIDTH="125" HEIGHT="28" WC="0.96" CONTENT="strafflagen"/><SP WIDTH="27" VPOS="272" HPOS="537"/>
							<String ID="string_31" HPOS="564" VPOS="273" WIDTH="39" HEIGHT="21" WC="0.96" CONTENT="bör"/><SP WIDTH="25" VPOS="273" HPOS="603"/>
							<String ID="string_32" HPOS="628" VPOS="274" WIDTH="130" HEIGHT="20" WC="0.95" CONTENT="bestämmas"/><SP WIDTH="26" VPOS="274" HPOS="758"/>
							<String ID="string_33" HPOS="784" VPOS="278" WIDTH="34" HEIGHT="16" WC="0.96" CONTENT="om"/><SP WIDTH="32" VPOS="278" HPOS="818"/>
							<String ID="string_34" HPOS="850" VPOS="272" WIDTH="26" HEIGHT="22" WC="0.96" CONTENT="de"/>
						</TextLine>
						<TextLine ID="line_4" HPOS="119" VPOS="306" WIDTH="759" HEIGHT="28">
							<String ID="string_35" HPOS="119" VPOS="306" WIDTH="75" HEIGHT="27" WC="0.92" CONTENT="frägor"/><SP WIDTH="21" VPOS="306" HPOS="194"/>
							<String ID="string_36" HPOS="215" VPOS="307" WIDTH="6" HEIGHT="21" WC="0.93" CONTENT="i"/><SP WIDTH="16" VPOS="307" HPOS="221"/>
							<String ID="string_37" HPOS="237" VPOS="307" WIDTH="224" HEIGHT="27" WC="0.91" CONTENT="skogslagsförslaget,"/><SP WIDTH="18" VPOS="307" HPOS="461"/>
							<String ID="string_38" HPOS="479" VPOS="306" WIDTH="76" HEIGHT="22" WC="0.91" CONTENT="hvilka"/><SP WIDTH="18" VPOS="306" HPOS="555"/>
							<String ID="string_39" HPOS="573" VPOS="307" WIDTH="5" HEIGHT="20" WC="0.93" CONTENT="i"/><SP WIDTH="17" VPOS="307" HPOS="578"/>
							<String ID="string_40" HPOS="595" VPOS="307" WIDTH="66" HEIGHT="27" WC="0.92" CONTENT="sagda"/><SP WIDTH="15" VPOS="307" HPOS="661"/>
							<String ID="string_41" HPOS="676" VPOS="307" WIDTH="131" HEIGHT="27" WC="0.93" CONTENT="proposition"/><SP WIDTH="14" VPOS="307" HPOS="807"/>
							<String ID="string_42" HPOS="821" VPOS="306" WIDTH="57" HEIGHT="27" WC="0.92" CONTENT="äsyf-"/>
						</TextLine>
						<TextLine ID="line_5" HPOS="119" VPOS="340" WIDTH="757" HEIGHT="27">
							<String ID="string_43" HPOS="119" VPOS="342" WIDTH="47" HEIGHT="24" WC="0.91" CONTENT="tas,"/><SP WIDTH="15" VPOS="342" HPOS="166"/>
							<String ID="string_44" HPOS="181" VPOS="343" WIDTH="56" HEIGHT="19" WC="0.95" CONTENT="samt"/><SP WIDTH="21" VPOS="343" HPOS="237"/>
							<String ID="string_45" HPOS="258" VPOS="342" WIDTH="32" HEIGHT="20" WC="0.95" CONTENT="att"/><SP WIDTH="18" VPOS="342" HPOS="290"/>
							<String ID="string_46" HPOS="308" VPOS="341" WIDTH="27" HEIGHT="21" WC="0.93" CONTENT="de"/><SP WIDTH="19" VPOS="341" HPOS="335"/>
							<String ID="string_47" HPOS="354" VPOS="341" WIDTH="139" HEIGHT="26" WC="0.79" CONTENT="stadganden,"/><SP WIDTH="16" VPOS="341" HPOS="493"/>
							<String ID="string_48" HPOS="509" VPOS="346" WIDTH="48" HEIGHT="17" WC="0.96" CONTENT="som"/><SP WIDTH="16" VPOS="346" HPOS="557"/>
							<String ID="string_49" HPOS="573" VPOS="340" WIDTH="134" HEIGHT="23" WC="0.95" CONTENT="beträffande"/><SP WIDTH="15" VPOS="340" HPOS="707"/>
							<String ID="string_50" HPOS="722" VPOS="340" WIDTH="63" HEIGHT="22" WC="0.93" CONTENT="dessa"/><SP WIDTH="18" VPOS="340" HPOS="785"/>
							<String ID="string_51" HPOS="803" VPOS="340" WIDTH="73" HEIGHT="27" WC="0.96" CONTENT="frågor"/>
						</TextLine>
						<TextLine ID="line_6" HPOS="119" VPOS="373" WIDTH="757" HEIGHT="28">
							<String ID="string_52" HPOS="119" VPOS="373" WIDTH="145" HEIGHT="28" WC="0.82" CONTENT="tilläfventyrs"/><SP WIDTH="20" VPOS="373" HPOS="264"/>
							<String ID="string_53" HPOS="284" VPOS="374" WIDTH="84" HEIGHT="21" WC="0.95" CONTENT="komme"/><SP WIDTH="22" VPOS="374" HPOS="368"/>
							<String ID="string_54" HPOS="390" VPOS="376" WIDTH="32" HEIGHT="20" WC="0.93" CONTENT="att"/><SP WIDTH="17" VPOS="376" HPOS="422"/>
							<String ID="string_55" HPOS="439" VPOS="374" WIDTH="50" HEIGHT="27" WC="0.96" CONTENT="ingå"/><SP WIDTH="18" VPOS="374" HPOS="489"/>
							<String ID="string_56" HPOS="507" VPOS="374" WIDTH="6" HEIGHT="21" WC="0.96" CONTENT="i"/><SP WIDTH="21" VPOS="374" HPOS="513"/>
							<String ID="string_57" HPOS="534" VPOS="374" WIDTH="134" HEIGHT="27" WC="0.93" CONTENT="skogslagen,"/><SP WIDTH="24" VPOS="374" HPOS="668"/>
							<String ID="string_58" HPOS="692" VPOS="374" WIDTH="70" HEIGHT="21" WC="0.92" CONTENT="blefve"/><SP WIDTH="19" VPOS="374" HPOS="762"/>
							<String ID="string_59" HPOS="781" VPOS="374" WIDTH="54" HEIGHT="21" WC="0.95" CONTENT="blott"/><SP WIDTH="18" VPOS="374" HPOS="835"/>
							<String ID="string_60" HPOS="853" VPOS="374" WIDTH="23" HEIGHT="21" WC="0.97" CONTENT="af"/>
						</TextLine>
						<TextLine ID="line_7" HPOS="120" VPOS="408" WIDTH="755" HEIGHT="27">
							<String ID="string_61" HPOS="120" VPOS="408" WIDTH="198" HEIGHT="27" WC="0.45" CONTENT="öfvergängsnatur,"/><SP WIDTH="20" VPOS="408" HPOS="318"/>
							<String ID="string_62" HPOS="338" VPOS="409" WIDTH="53" HEIGHT="20" WC="0.93" CONTENT="eller"/><SP WIDTH="22" VPOS="409" HPOS="391"/>
							<String ID="string_63" HPOS="413" VPOS="408" WIDTH="90" HEIGHT="22" WC="0.90" CONTENT="afsedda"/><SP WIDTH="22" VPOS="408" HPOS="503"/>
							<String ID="string_64" HPOS="525" VPOS="411" WIDTH="32" HEIGHT="19" WC="0.93" CONTENT="att"/><SP WIDTH="21" VPOS="411" HPOS="557"/>
							<String ID="string_65" HPOS="578" VPOS="408" WIDTH="58" HEIGHT="27" WC="0.96" CONTENT="gälla"/><SP WIDTH="22" VPOS="408" HPOS="636"/>
							<String ID="string_66" HPOS="658" VPOS="408" WIDTH="76" HEIGHT="21" WC="0.93" CONTENT="endast"/><SP WIDTH="18" VPOS="408" HPOS="734"/>
							<String ID="string_67" HPOS="752" VPOS="408" WIDTH="54" HEIGHT="21" WC="0.96" CONTENT="intill"/><SP WIDTH="20" VPOS="408" HPOS="806"/>
							<String ID="string_68" HPOS="826" VPOS="408" WIDTH="49" HEIGHT="21" WC="0.96" CONTENT="dess"/>
						</TextLine>
						<TextLine ID="line_8" HPOS="119" VPOS="442" WIDTH="754" HEIGHT="27">
							<String ID="string_69" HPOS="119" VPOS="442" WIDTH="161" HEIGHT="26" WC="0.95" CONTENT="tillämpningen"/><SP WIDTH="25" VPOS="442" HPOS="280"/>
							<String ID="string_70" HPOS="305" VPOS="442" WIDTH="23" HEIGHT="21" WC="0.95" CONTENT="af"/><SP WIDTH="24" VPOS="442" HPOS="328"/>
							<String ID="string_71" HPOS="352" VPOS="442" WIDTH="124" HEIGHT="26" WC="0.91" CONTENT="strafflagen"/><SP WIDTH="28" VPOS="442" HPOS="476"/>
							<String ID="string_72" HPOS="504" VPOS="442" WIDTH="107" HEIGHT="27" WC="0.90" CONTENT="vidtager;"/><SP WIDTH="28" VPOS="442" HPOS="611"/>
							<String ID="string_73" HPOS="639" VPOS="442" WIDTH="38" HEIGHT="22" WC="0.91" CONTENT="och"/><SP WIDTH="25" VPOS="442" HPOS="677"/>
							<String ID="string_74" HPOS="702" VPOS="442" WIDTH="63" HEIGHT="21" WC="0.91" CONTENT="hafva"/><SP WIDTH="25" VPOS="442" HPOS="765"/>
							<String ID="string_75" HPOS="790" VPOS="442" WIDTH="25" HEIGHT="21" WC="0.93" CONTENT="de"/><SP WIDTH="25" VPOS="442" HPOS="815"/>
							<String ID="string_76" HPOS="840" VPOS="448" WIDTH="33" HEIGHT="15" WC="0.92" CONTENT="an-"/>
						</TextLine>
						<TextLine ID="line_9" HPOS="119" VPOS="476" WIDTH="756" HEIGHT="26">
							<String ID="string_77" HPOS="119" VPOS="476" WIDTH="66" HEIGHT="26" WC="0.92" CONTENT="tydda"/><SP WIDTH="22" VPOS="476" HPOS="185"/>
							<String ID="string_78" HPOS="207" VPOS="476" WIDTH="199" HEIGHT="26" WC="0.92" CONTENT="skiljaktigheterna"/><SP WIDTH="23" VPOS="476" HPOS="406"/>
							<String ID="string_79" HPOS="429" VPOS="476" WIDTH="34" HEIGHT="21" WC="0.93" CONTENT="vid"/><SP WIDTH="24" VPOS="476" HPOS="463"/>
							<String ID="string_80" HPOS="487" VPOS="476" WIDTH="77" HEIGHT="21" WC="0.96" CONTENT="sådant"/><SP WIDTH="22" VPOS="476" HPOS="564"/>
							<String ID="string_81" HPOS="586" VPOS="476" WIDTH="133" HEIGHT="22" WC="0.96" CONTENT="förhållande"/><SP WIDTH="20" VPOS="476" HPOS="719"/>
							<String ID="string_82" HPOS="739" VPOS="476" WIDTH="47" HEIGHT="21" WC="0.92" CONTENT="icke"/><SP WIDTH="19" VPOS="476" HPOS="786"/>
							<String ID="string_83" HPOS="805" VPOS="476" WIDTH="70" HEIGHT="21" WC="0.92" CONTENT="föran-"/>
						</TextLine>
						<TextLine ID="line_10" HPOS="120" VPOS="508" WIDTH="754" HEIGHT="29">
							<String ID="string_84" HPOS="120" VPOS="508" WIDTH="54" HEIGHT="22" WC="0.78" CONTENT="ledt&#39;"/><SP WIDTH="16" VPOS="508" HPOS="174"/>
							<String ID="string_85" HPOS="190" VPOS="510" WIDTH="152" HEIGHT="26" WC="0.50" CONTENT="utskottetWatt"/><SP WIDTH="25" VPOS="510" HPOS="342"/>
							<String ID="string_86" HPOS="367" VPOS="510" WIDTH="108" HEIGHT="27" WC="0.94" CONTENT="tillstyrka"/><SP WIDTH="26" VPOS="510" HPOS="475"/>
							<String ID="string_87" HPOS="501" VPOS="510" WIDTH="116" HEIGHT="27" WC="0.93" CONTENT="ändringar"/><SP WIDTH="15" VPOS="510" HPOS="617"/>
							<String ID="string_88" HPOS="632" VPOS="511" WIDTH="16" HEIGHT="20" WC="0.84" CONTENT="i"/><SP WIDTH="27" VPOS="511" HPOS="648"/>
							<String ID="string_89" HPOS="675" VPOS="516" WIDTH="28" HEIGHT="15" WC="0.93" CONTENT="nu"/><SP WIDTH="25" VPOS="516" HPOS="703"/>
							<String ID="string_90" HPOS="728" VPOS="510" WIDTH="146" HEIGHT="26" WC="0.93" CONTENT="föreliggande"/>
						</TextLine>
						<TextLine ID="line_11" HPOS="119" VPOS="544" WIDTH="757" HEIGHT="27">
							<String ID="string_91" HPOS="119" VPOS="544" WIDTH="131" HEIGHT="26" WC="0.95" CONTENT="proposition"/><SP WIDTH="24" VPOS="544" HPOS="250"/>
							<String ID="string_92" HPOS="274" VPOS="550" WIDTH="34" HEIGHT="15" WC="0.95" CONTENT="n:o"/><SP WIDTH="22" VPOS="550" HPOS="308"/>
							<String ID="string_93" HPOS="330" VPOS="545" WIDTH="34" HEIGHT="21" WC="0.96" CONTENT="37."/><SP WIDTH="30" VPOS="545" HPOS="364"/>
							<String ID="string_94" HPOS="394" VPOS="544" WIDTH="25" HEIGHT="27" WC="0.94" CONTENT="Ej"/><SP WIDTH="24" VPOS="544" HPOS="419"/>
							<String ID="string_95" HPOS="443" VPOS="544" WIDTH="68" HEIGHT="21" WC="0.95" CONTENT="heller"/><SP WIDTH="22" VPOS="544" HPOS="511"/>
							<String ID="string_96" HPOS="533" VPOS="544" WIDTH="7" HEIGHT="21" WC="0.96" CONTENT="i"/><SP WIDTH="23" VPOS="544" HPOS="540"/>
							<String ID="string_97" HPOS="563" VPOS="544" WIDTH="65" HEIGHT="27" WC="0.96" CONTENT="öfrigt"/><SP WIDTH="20" VPOS="544" HPOS="628"/>
							<String ID="string_98" HPOS="648" VPOS="544" WIDTH="40" HEIGHT="21" WC="0.96" CONTENT="har"/><SP WIDTH="18" VPOS="544" HPOS="688"/>
							<String ID="string_99" HPOS="706" VPOS="544" WIDTH="105" HEIGHT="21" WC="0.93" CONTENT="utskottet"/><SP WIDTH="18" VPOS="544" HPOS="811"/>
							<String ID="string_100" HPOS="829" VPOS="544" WIDTH="47" HEIGHT="22" WC="0.90" CONTENT="fun-"/>
						</TextLine>
						<TextLine ID="line_12" HPOS="119" VPOS="577" WIDTH="756" HEIGHT="29">
							<String ID="string_101" HPOS="119" VPOS="578" WIDTH="33" HEIGHT="21" WC="0.95" CONTENT="nit"/><SP WIDTH="22" VPOS="578" HPOS="152"/>
							<String ID="string_102" HPOS="174" VPOS="577" WIDTH="46" HEIGHT="21" WC="0.96" CONTENT="skäl"/><SP WIDTH="24" VPOS="577" HPOS="220"/>
							<String ID="string_103" HPOS="244" VPOS="578" WIDTH="31" HEIGHT="20" WC="0.96" CONTENT="till"/><SP WIDTH="25" VPOS="578" HPOS="275"/>
							<String ID="string_104" HPOS="300" VPOS="578" WIDTH="66" HEIGHT="21" WC="0.96" CONTENT="andra"/><SP WIDTH="22" VPOS="578" HPOS="366"/>
							<String ID="string_105" HPOS="388" VPOS="578" WIDTH="115" HEIGHT="26" WC="0.96" CONTENT="ändringar"/><SP WIDTH="19" VPOS="578" HPOS="503"/>
							<String ID="string_106" HPOS="522" VPOS="579" WIDTH="31" HEIGHT="20" WC="0.96" CONTENT="uti"/><SP WIDTH="19" VPOS="579" HPOS="553"/>
							<String ID="string_107" HPOS="572" VPOS="578" WIDTH="95" HEIGHT="28" WC="0.96" CONTENT="lydelsen"/><SP WIDTH="16" VPOS="578" HPOS="667"/>
							<String ID="string_108" HPOS="683" VPOS="578" WIDTH="23" HEIGHT="21" WC="0.96" CONTENT="af"/><SP WIDTH="14" VPOS="578" HPOS="706"/>
							<String ID="string_109" HPOS="720" VPOS="578" WIDTH="26" HEIGHT="21" WC="0.93" CONTENT="de"/><SP WIDTH="19" VPOS="578" HPOS="746"/>
							<String ID="string_110" HPOS="765" VPOS="578" WIDTH="110" HEIGHT="21" WC="0.91" CONTENT="derstädes"/>
						</TextLine>
						<TextLine ID="line_13" HPOS="120" VPOS="611" WIDTH="755" HEIGHT="27">
							<String ID="string_111" HPOS="120" VPOS="611" WIDTH="125" HEIGHT="21" WC="0.96" CONTENT="alternativt"/><SP WIDTH="14" VPOS="611" HPOS="245"/>
							<String ID="string_112" HPOS="259" VPOS="611" WIDTH="121" HEIGHT="27" WC="0.96" CONTENT="föreslagna"/><SP WIDTH="19" VPOS="611" HPOS="380"/>
							<String ID="string_113" HPOS="399" VPOS="612" WIDTH="152" HEIGHT="26" WC="0.96" CONTENT="paragraferna"/><SP WIDTH="20" VPOS="612" HPOS="551"/>
							<String ID="string_114" HPOS="571" VPOS="614" WIDTH="25" HEIGHT="19" WC="0.96" CONTENT="än"/><SP WIDTH="17" VPOS="614" HPOS="596"/>
							<String ID="string_115" HPOS="613" VPOS="613" WIDTH="54" HEIGHT="25" WC="0.96" CONTENT="dem,"/><SP WIDTH="16" VPOS="613" HPOS="667"/>
							<String ID="string_116" HPOS="683" VPOS="612" WIDTH="72" HEIGHT="21" WC="0.92" CONTENT="hvilka"/><SP WIDTH="14" VPOS="612" HPOS="755"/>
							<String ID="string_117" HPOS="769" VPOS="612" WIDTH="106" HEIGHT="26" WC="0.92" CONTENT="betingats"/>
						</TextLine>
						<TextLine ID="line_14" HPOS="120" VPOS="645" WIDTH="755" HEIGHT="27">
							<String ID="string_118" HPOS="120" VPOS="645" WIDTH="24" HEIGHT="21" WC="0.96" CONTENT="af"/><SP WIDTH="13" VPOS="645" HPOS="144"/>
							<String ID="string_119" HPOS="157" VPOS="645" WIDTH="117" HEIGHT="21" WC="0.96" CONTENT="utskottets"/><SP WIDTH="15" VPOS="645" HPOS="274"/>
							<String ID="string_120" HPOS="289" VPOS="646" WIDTH="7" HEIGHT="20" WC="0.96" CONTENT="i"/><SP WIDTH="15" VPOS="646" HPOS="296"/>
							<String ID="string_121" HPOS="311" VPOS="646" WIDTH="37" HEIGHT="20" WC="0.96" CONTENT="det"/><SP WIDTH="13" VPOS="646" HPOS="348"/>
							<String ID="string_122" HPOS="361" VPOS="646" WIDTH="129" HEIGHT="26" WC="0.96" CONTENT="föregående"/><SP WIDTH="16" VPOS="646" HPOS="490"/>
							<String ID="string_123" HPOS="506" VPOS="646" WIDTH="131" HEIGHT="21" WC="0.96" CONTENT="motiverade"/><SP WIDTH="15" VPOS="646" HPOS="637"/>
							<String ID="string_124" HPOS="652" VPOS="646" WIDTH="40" HEIGHT="22" WC="0.96" CONTENT="och"/><SP WIDTH="14" VPOS="646" HPOS="692"/>
							<String ID="string_125" HPOS="706" VPOS="646" WIDTH="39" HEIGHT="21" WC="0.96" CONTENT="här"/><SP WIDTH="15" VPOS="646" HPOS="745"/>
							<String ID="string_126" HPOS="760" VPOS="646" WIDTH="67" HEIGHT="21" WC="0.93" CONTENT="nedan"/><SP WIDTH="11" VPOS="646" HPOS="827"/>
							<String ID="string_127" HPOS="838" VPOS="652" WIDTH="37" HEIGHT="15" WC="0.90" CONTENT="un-"/>
						</TextLine>
						<TextLine ID="line_15" HPOS="121" VPOS="678" WIDTH="755" HEIGHT="28">
							<String ID="string_128" HPOS="121" VPOS="678" WIDTH="38" HEIGHT="22" WC="0.96" CONTENT="der"/><SP WIDTH="19" VPOS="678" HPOS="159"/>
							<String ID="string_129" HPOS="178" VPOS="679" WIDTH="136" HEIGHT="21" WC="0.96" CONTENT="alternativet"/><SP WIDTH="26" VPOS="679" HPOS="314"/>
							<String ID="string_130" HPOS="340" VPOS="680" WIDTH="20" HEIGHT="25" WC="0.96" CONTENT="a)"/><SP WIDTH="23" VPOS="680" HPOS="360"/>
							<String ID="string_131" HPOS="383" VPOS="682" WIDTH="109" HEIGHT="24" WC="0.96" CONTENT="upptagna"/><SP WIDTH="15" VPOS="682" HPOS="492"/>
							<String ID="string_132" HPOS="507" VPOS="680" WIDTH="72" HEIGHT="22" WC="0.92" CONTENT="beslut"/><SP WIDTH="15" VPOS="680" HPOS="579"/>
							<String ID="string_133" HPOS="594" VPOS="681" WIDTH="5" HEIGHT="20" WC="0.96" CONTENT="i"/><SP WIDTH="16" VPOS="681" HPOS="599"/>
							<String ID="string_134" HPOS="615" VPOS="680" WIDTH="114" HEIGHT="26" WC="0.96" CONTENT="anledning"/><SP WIDTH="15" VPOS="680" HPOS="729"/>
							<String ID="string_135" HPOS="744" VPOS="680" WIDTH="23" HEIGHT="21" WC="0.93" CONTENT="af"/><SP WIDTH="13" VPOS="680" HPOS="767"/>
							<String ID="string_136" HPOS="780" VPOS="680" WIDTH="96" HEIGHT="26" WC="0.91" CONTENT="proposi-"/>
						</TextLine>
						<TextLine ID="line_16" HPOS="120" VPOS="712" WIDTH="755" HEIGHT="29">
							<String ID="string_137" HPOS="120" VPOS="712" WIDTH="45" HEIGHT="24" WC="0.93" CONTENT="tion"/><SP WIDTH="23" VPOS="712" HPOS="165"/>
							<String ID="string_138" HPOS="188" VPOS="719" WIDTH="33" HEIGHT="15" WC="0.93" CONTENT="n:o"/><SP WIDTH="23" VPOS="719" HPOS="221"/>
							<String ID="string_139" HPOS="244" VPOS="714" WIDTH="33" HEIGHT="22" WC="0.93" CONTENT="16."/><SP WIDTH="29" VPOS="714" HPOS="277"/>
							<String ID="string_140" HPOS="306" VPOS="714" WIDTH="104" HEIGHT="22" WC="0.92" CONTENT="Deremot"/><SP WIDTH="21" VPOS="714" HPOS="410"/>
							<String ID="string_141" HPOS="431" VPOS="714" WIDTH="90" HEIGHT="26" WC="0.96" CONTENT="komme,"/><SP WIDTH="24" VPOS="714" HPOS="521"/>
							<String ID="string_142" HPOS="545" VPOS="714" WIDTH="32" HEIGHT="21" WC="0.96" CONTENT="till"/><SP WIDTH="24" VPOS="714" HPOS="577"/>
							<String ID="string_143" HPOS="601" VPOS="714" WIDTH="53" HEIGHT="27" WC="0.96" CONTENT="följd"/><SP WIDTH="22" VPOS="714" HPOS="654"/>
							<String ID="string_144" HPOS="676" VPOS="714" WIDTH="24" HEIGHT="21" WC="0.96" CONTENT="af"/><SP WIDTH="13" VPOS="714" HPOS="700"/>
							<String ID="string_145" HPOS="713" VPOS="714" WIDTH="26" HEIGHT="21" WC="0.96" CONTENT="de"/><SP WIDTH="15" VPOS="714" HPOS="739"/>
							<String ID="string_146" HPOS="754" VPOS="714" WIDTH="121" HEIGHT="26" WC="0.96" CONTENT="ändringar,"/>
						</TextLine>
						<TextLine ID="line_17" HPOS="120" VPOS="746" WIDTH="754" HEIGHT="29">
							<String ID="string_147" HPOS="120" VPOS="752" WIDTH="46" HEIGHT="17" WC="0.86" CONTENT="som"/><SP WIDTH="19" VPOS="752" HPOS="166"/>
							<String ID="string_148" HPOS="185" VPOS="746" WIDTH="105" HEIGHT="23" WC="0.96" CONTENT="utskottet"/><SP WIDTH="15" VPOS="746" HPOS="290"/>
							<String ID="string_149" HPOS="305" VPOS="748" WIDTH="89" HEIGHT="27" WC="0.96" CONTENT="vidtagit"/><SP WIDTH="15" VPOS="748" HPOS="394"/>
							<String ID="string_150" HPOS="409" VPOS="748" WIDTH="7" HEIGHT="20" WC="0.96" CONTENT="i"/><SP WIDTH="14" VPOS="748" HPOS="416"/>
							<String ID="string_151" HPOS="430" VPOS="747" WIDTH="105" HEIGHT="27" WC="0.96" CONTENT="förslaget"/><SP WIDTH="15" VPOS="747" HPOS="535"/>
							<String ID="string_152" HPOS="550" VPOS="748" WIDTH="33" HEIGHT="22" WC="0.93" CONTENT="till"/><SP WIDTH="16" VPOS="748" HPOS="583"/>
							<String ID="string_153" HPOS="599" VPOS="748" WIDTH="107" HEIGHT="26" WC="0.93" CONTENT="skogslag,"/><SP WIDTH="24" VPOS="748" HPOS="706"/>
							<String ID="string_154" HPOS="730" VPOS="746" WIDTH="144" HEIGHT="28" WC="0.93" CONTENT="nummerfölj-"/>
						</TextLine>
						<TextLine ID="line_18" HPOS="121" VPOS="780" WIDTH="753" HEIGHT="28">
							<String ID="string_155" HPOS="121" VPOS="780" WIDTH="40" HEIGHT="21" WC="0.96" CONTENT="den"/><SP WIDTH="26" VPOS="780" HPOS="161"/>
							<String ID="string_156" HPOS="187" VPOS="780" WIDTH="33" HEIGHT="21" WC="0.96" CONTENT="för"/><SP WIDTH="22" VPOS="780" HPOS="220"/>
							<String ID="string_157" HPOS="242" VPOS="781" WIDTH="92" HEIGHT="21" WC="0.96" CONTENT="berörda"/><SP WIDTH="21" VPOS="781" HPOS="334"/>
							<String ID="string_158" HPOS="355" VPOS="781" WIDTH="125" HEIGHT="27" WC="0.96" CONTENT="paragrafer"/><SP WIDTH="23" VPOS="781" HPOS="480"/>
							<String ID="string_159" HPOS="503" VPOS="784" WIDTH="32" HEIGHT="18" WC="0.96" CONTENT="att"/><SP WIDTH="15" VPOS="784" HPOS="535"/>
							<String ID="string_160" HPOS="550" VPOS="782" WIDTH="66" HEIGHT="21" WC="0.96" CONTENT="blifva"/><SP WIDTH="22" VPOS="782" HPOS="616"/>
							<String ID="string_161" HPOS="638" VPOS="788" WIDTH="24" HEIGHT="15" WC="0.96" CONTENT="en"/><SP WIDTH="17" VPOS="788" HPOS="662"/>
							<String ID="string_162" HPOS="679" VPOS="788" WIDTH="75" HEIGHT="20" WC="0.96" CONTENT="annan,"/><SP WIDTH="16" VPOS="788" HPOS="754"/>
							<String ID="string_163" HPOS="770" VPOS="783" WIDTH="26" HEIGHT="19" WC="0.96" CONTENT="än"/><SP WIDTH="17" VPOS="783" HPOS="796"/>
							<String ID="string_164" HPOS="813" VPOS="781" WIDTH="40" HEIGHT="21" WC="0.96" CONTENT="den"/><SP WIDTH="15" VPOS="781" HPOS="853"/>
							<String ID="string_165" HPOS="868" VPOS="781" WIDTH="6" HEIGHT="20" WC="0.96" CONTENT="i"/>
						</TextLine>
						<TextLine ID="line_19" HPOS="120" VPOS="814" WIDTH="262" HEIGHT="29">
							<String ID="string_166" HPOS="120" VPOS="814" WIDTH="160" HEIGHT="29" WC="0.93" CONTENT="propositionen"/><SP WIDTH="15" VPOS="814" HPOS="280"/>
							<String ID="string_167" HPOS="295" VPOS="817" WIDTH="87" HEIGHT="19" WC="0.96" CONTENT="utsatta."/>
						</TextLine>
					</TextBlock>
					<TextBlock ID="block_2" HPOS="120" VPOS="847" WIDTH="756" HEIGHT="164">
						<TextLine ID="line_20" HPOS="189" VPOS="847" WIDTH="686" HEIGHT="29">
							<String ID="string_168" HPOS="189" VPOS="847" WIDTH="61" HEIGHT="22" WC="0.96" CONTENT="Efter"/><SP WIDTH="22" VPOS="847" HPOS="250"/>
							<String ID="string_169" HPOS="272" VPOS="848" WIDTH="90" HEIGHT="22" WC="0.96" CONTENT="sålunda"/><SP WIDTH="22" VPOS="848" HPOS="362"/>
							<String ID="string_170" HPOS="384" VPOS="848" WIDTH="90" HEIGHT="22" WC="0.95" CONTENT="slutförd"/><SP WIDTH="18" VPOS="848" HPOS="474"/>
							<String ID="string_171" HPOS="492" VPOS="849" WIDTH="131" HEIGHT="27" WC="0.96" CONTENT="granskning"/><SP WIDTH="15" VPOS="849" HPOS="623"/>
							<String ID="string_172" HPOS="638" VPOS="849" WIDTH="22" HEIGHT="22" WC="0.96" CONTENT="af"/><SP WIDTH="14" VPOS="849" HPOS="660"/>
							<String ID="string_173" HPOS="674" VPOS="849" WIDTH="67" HEIGHT="27" WC="0.96" CONTENT="begge"/><SP WIDTH="15" VPOS="849" HPOS="741"/>
							<String ID="string_174" HPOS="756" VPOS="850" WIDTH="27" HEIGHT="21" WC="0.96" CONTENT="de"/><SP WIDTH="15" VPOS="850" HPOS="783"/>
							<String ID="string_175" HPOS="798" VPOS="849" WIDTH="77" HEIGHT="27" WC="0.96" CONTENT="nådiga"/>
						</TextLine>
						<TextLine ID="line_21" HPOS="120" VPOS="881" WIDTH="754" HEIGHT="26">
							<String ID="string_176" HPOS="120" VPOS="881" WIDTH="184" HEIGHT="26" WC="0.78" CONTENT="propesitionerna"/><SP WIDTH="11" VPOS="881" HPOS="304"/>
							<String ID="string_177" HPOS="315" VPOS="883" WIDTH="57" HEIGHT="21" WC="0.92" CONTENT="N:ris"/><SP WIDTH="12" VPOS="883" HPOS="372"/>
							<String ID="string_178" HPOS="384" VPOS="883" WIDTH="26" HEIGHT="21" WC="0.96" CONTENT="16"/><SP WIDTH="12" VPOS="883" HPOS="410"/>
							<String ID="string_179" HPOS="422" VPOS="883" WIDTH="40" HEIGHT="21" WC="0.97" CONTENT="och"/><SP WIDTH="11" VPOS="883" HPOS="462"/>
							<String ID="string_180" HPOS="473" VPOS="883" WIDTH="27" HEIGHT="22" WC="0.96" CONTENT="37"/><SP WIDTH="11" VPOS="883" HPOS="500"/>
							<String ID="string_181" HPOS="511" VPOS="883" WIDTH="34" HEIGHT="22" WC="0.96" CONTENT="får"/><SP WIDTH="9" VPOS="883" HPOS="545"/>
							<String ID="string_182" HPOS="554" VPOS="883" WIDTH="106" HEIGHT="22" WC="0.93" CONTENT="utskottet"/><SP WIDTH="10" VPOS="883" HPOS="660"/>
							<String ID="string_183" HPOS="670" VPOS="883" WIDTH="110" HEIGHT="22" WC="0.92" CONTENT="vördsamt"/><SP WIDTH="7" VPOS="883" HPOS="780"/>
							<String ID="string_184" HPOS="787" VPOS="883" WIDTH="87" HEIGHT="22" WC="0.87" CONTENT="föreslå:"/>
						</TextLine>
						<TextLine ID="line_22" HPOS="359" VPOS="916" WIDTH="517" HEIGHT="28">
							<String ID="string_185" HPOS="359" VPOS="918" WIDTH="30" HEIGHT="19" WC="0.68" CONTENT="att"/><SP WIDTH="20" VPOS="918" HPOS="389"/>
							<String ID="string_186" HPOS="409" VPOS="916" WIDTH="82" HEIGHT="23" WC="0.91" CONTENT="lamdets"/><SP WIDTH="22" VPOS="916" HPOS="491"/>
							<String ID="string_187" HPOS="513" VPOS="916" WIDTH="118" HEIGHT="28" WC="0.92" CONTENT="Höglofliga"/><SP WIDTH="22" VPOS="916" HPOS="631"/>
							<String ID="string_188" HPOS="653" VPOS="917" WIDTH="93" HEIGHT="22" WC="0.92" CONTENT="Ständer"/><SP WIDTH="22" VPOS="917" HPOS="746"/>
							<String ID="string_189" HPOS="768" VPOS="916" WIDTH="54" HEIGHT="27" WC="0.96" CONTENT="ville,"/><SP WIDTH="20" VPOS="916" HPOS="822"/>
							<String ID="string_190" HPOS="842" VPOS="916" WIDTH="34" HEIGHT="21" WC="0.96" CONTENT="till"/>
						</TextLine>
						<TextLine ID="line_23" HPOS="325" VPOS="950" WIDTH="549" HEIGHT="27">
							<String ID="string_191" HPOS="325" VPOS="957" WIDTH="49" HEIGHT="16" WC="0.93" CONTENT="svar"/><SP WIDTH="18" VPOS="957" HPOS="374"/>
							<String ID="string_192" HPOS="392" VPOS="951" WIDTH="14" HEIGHT="20" WC="0.81" CONTENT="&amp;"/><SP WIDTH="14" VPOS="951" HPOS="406"/>
							<String ID="string_193" HPOS="420" VPOS="951" WIDTH="191" HEIGHT="26" WC="0.90" CONTENT="propositionerna,"/><SP WIDTH="16" VPOS="951" HPOS="611"/>
							<String ID="string_194" HPOS="627" VPOS="951" WIDTH="37" HEIGHT="22" WC="0.96" CONTENT="hos"/><SP WIDTH="14" VPOS="951" HPOS="664"/>
							<String ID="string_195" HPOS="678" VPOS="951" WIDTH="63" HEIGHT="21" WC="0.96" CONTENT="Hans"/><SP WIDTH="15" VPOS="951" HPOS="741"/>
							<String ID="string_196" HPOS="756" VPOS="950" WIDTH="118" HEIGHT="27" WC="0.95" CONTENT="Kejserliga"/>
						</TextLine>
						<TextLine ID="line_24" HPOS="326" VPOS="983" WIDTH="548" HEIGHT="28">
							<String ID="string_197" HPOS="326" VPOS="983" WIDTH="102" HEIGHT="28" WC="0.87" CONTENT="Majestät"/><SP WIDTH="21" VPOS="983" HPOS="428"/>
							<String ID="string_198" HPOS="449" VPOS="984" WIDTH="92" HEIGHT="27" WC="0.95" CONTENT="anmäla,"/><SP WIDTH="26" VPOS="984" HPOS="541"/>
							<String ID="string_199" HPOS="567" VPOS="985" WIDTH="34" HEIGHT="21" WC="0.93" CONTENT="det"/><SP WIDTH="18" VPOS="985" HPOS="601"/>
							<String ID="string_200" HPOS="619" VPOS="985" WIDTH="120" HEIGHT="22" WC="0.92" CONTENT="Ständerna"/><SP WIDTH="18" VPOS="985" HPOS="739"/>
							<String ID="string_201" HPOS="757" VPOS="985" WIDTH="117" HEIGHT="21" WC="0.96" CONTENT="alternativt"/>
						</TextLine>
					</TextBlock>
					<TextBlock ID="block_3" HPOS="326" VPOS="1017" WIDTH="93" HEIGHT="22">
						<TextLine ID="line_25" HPOS="326" VPOS="1017" WIDTH="93" HEIGHT="22">
							<String ID="string_202" HPOS="326" VPOS="1017" WIDTH="93" HEIGHT="22" WC="0.85" CONTENT="beslutit:"/>
						</TextLine>
					</TextBlock>
					<TextBlock ID="block_4" HPOS="321" VPOS="1052" WIDTH="553" HEIGHT="164">
						<TextLine ID="line_26" HPOS="358" VPOS="1052" WIDTH="516" HEIGHT="29">
							<String ID="string_203" HPOS="358" VPOS="1053" WIDTH="24" HEIGHT="26" WC="0.94" CONTENT="a)"/><SP WIDTH="23" VPOS="1053" HPOS="382"/>
							<String ID="string_204" HPOS="405" VPOS="1054" WIDTH="35" HEIGHT="24" WC="0.95" CONTENT="att,"/><SP WIDTH="19" VPOS="1054" HPOS="440"/>
							<String ID="string_205" HPOS="459" VPOS="1052" WIDTH="36" HEIGHT="27" WC="0.96" CONTENT="för"/><SP WIDTH="18" VPOS="1052" HPOS="495"/>
							<String ID="string_206" HPOS="513" VPOS="1053" WIDTH="40" HEIGHT="21" WC="0.93" CONTENT="den"/><SP WIDTH="15" VPOS="1053" HPOS="553"/>
							<String ID="string_207" HPOS="568" VPOS="1053" WIDTH="98" HEIGHT="22" WC="0.93" CONTENT="händelse"/><SP WIDTH="14" VPOS="1053" HPOS="666"/>
							<String ID="string_208" HPOS="680" VPOS="1053" WIDTH="121" HEIGHT="28" WC="0.93" CONTENT="skogslagen"/><SP WIDTH="14" VPOS="1053" HPOS="801"/>
							<String ID="string_209" HPOS="815" VPOS="1053" WIDTH="59" HEIGHT="25" WC="0.33" CONTENT="kom-"/>
						</TextLine>
						<TextLine ID="line_27" HPOS="325" VPOS="1087" WIDTH="549" HEIGHT="27">
							<String ID="string_210" HPOS="325" VPOS="1093" WIDTH="44" HEIGHT="14" WC="0.96" CONTENT="mer"/><SP WIDTH="22" VPOS="1093" HPOS="369"/>
							<String ID="string_211" HPOS="391" VPOS="1087" WIDTH="30" HEIGHT="20" WC="0.93" CONTENT="att"/><SP WIDTH="21" VPOS="1087" HPOS="421"/>
							<String ID="string_212" HPOS="442" VPOS="1087" WIDTH="63" HEIGHT="20" WC="0.91" CONTENT="träda"/><SP WIDTH="23" VPOS="1087" HPOS="505"/>
							<String ID="string_213" HPOS="528" VPOS="1087" WIDTH="9" HEIGHT="20" WC="0.95" CONTENT="i"/><SP WIDTH="16" VPOS="1087" HPOS="537"/>
							<String ID="string_214" HPOS="553" VPOS="1087" WIDTH="98" HEIGHT="26" WC="0.96" CONTENT="gällande"/><SP WIDTH="18" VPOS="1087" HPOS="651"/>
							<String ID="string_215" HPOS="669" VPOS="1087" WIDTH="59" HEIGHT="26" WC="0.96" CONTENT="kraft"/><SP WIDTH="14" VPOS="1087" HPOS="728"/>
							<String ID="string_216" HPOS="742" VPOS="1087" WIDTH="89" HEIGHT="27" WC="0.96" CONTENT="tidigare"/><SP WIDTH="14" VPOS="1087" HPOS="831"/>
							<String ID="string_217" HPOS="845" VPOS="1088" WIDTH="29" HEIGHT="20" WC="0.96" CONTENT="än"/>
						</TextLine>
						<TextLine ID="line_28" HPOS="325" VPOS="1119" WIDTH="548" HEIGHT="30">
							<String ID="string_218" HPOS="325" VPOS="1119" WIDTH="40" HEIGHT="22" WC="0.95" CONTENT="den"/><SP WIDTH="22" VPOS="1119" HPOS="365"/>
							<String ID="string_219" HPOS="387" VPOS="1120" WIDTH="108" HEIGHT="21" WC="0.79" CONTENT="allmänna"/><SP WIDTH="21" VPOS="1120" HPOS="495"/>
							<String ID="string_220" HPOS="516" VPOS="1121" WIDTH="105" HEIGHT="27" WC="0.93" CONTENT="strafflag,"/><SP WIDTH="18" VPOS="1121" HPOS="621"/>
							<String ID="string_221" HPOS="639" VPOS="1121" WIDTH="85" HEIGHT="22" WC="0.71" CONTENT="kvarom"/><SP WIDTH="19" VPOS="1121" HPOS="724"/>
							<String ID="string_222" HPOS="743" VPOS="1121" WIDTH="66" HEIGHT="28" WC="0.93" CONTENT="nådig"/><SP WIDTH="11" VPOS="1121" HPOS="809"/>
							<String ID="string_223" HPOS="820" VPOS="1127" WIDTH="53" HEIGHT="20" WC="0.93" CONTENT="pro-"/>
						</TextLine>
						<TextLine ID="line_29" HPOS="321" VPOS="1154" WIDTH="553" HEIGHT="28">
							<String ID="string_224" HPOS="321" VPOS="1154" WIDTH="94" HEIGHT="26" WC="0.95" CONTENT="position"/><SP WIDTH="21" VPOS="1154" HPOS="415"/>
							<String ID="string_225" HPOS="436" VPOS="1161" WIDTH="30" HEIGHT="15" WC="0.92" CONTENT="nu"/><SP WIDTH="13" VPOS="1161" HPOS="466"/>
							<String ID="string_226" HPOS="479" VPOS="1155" WIDTH="82" HEIGHT="26" WC="0.78" CONTENT="jemväl"/><SP WIDTH="17" VPOS="1155" HPOS="561"/>
							<String ID="string_227" HPOS="578" VPOS="1155" WIDTH="100" HEIGHT="27" WC="0.85" CONTENT="förelagts"/><SP WIDTH="18" VPOS="1155" HPOS="678"/>
							<String ID="string_228" HPOS="696" VPOS="1155" WIDTH="127" HEIGHT="26" WC="0.89" CONTENT="Ständerna,"/><SP WIDTH="15" VPOS="1155" HPOS="823"/>
							<String ID="string_229" HPOS="838" VPOS="1155" WIDTH="36" HEIGHT="26" WC="0.96" CONTENT="för"/>
						</TextLine>
						<TextLine ID="line_30" HPOS="324" VPOS="1187" WIDTH="357" HEIGHT="29">
							<String ID="string_230" HPOS="324" VPOS="1187" WIDTH="34" HEIGHT="21" WC="0.96" CONTENT="sin"/><SP WIDTH="15" VPOS="1187" HPOS="358"/>
							<String ID="string_231" HPOS="373" VPOS="1187" WIDTH="33" HEIGHT="22" WC="0.93" CONTENT="del"/><SP WIDTH="14" VPOS="1187" HPOS="406"/>
							<String ID="string_232" HPOS="420" VPOS="1190" WIDTH="75" HEIGHT="26" WC="0.92" CONTENT="antaga"/><SP WIDTH="16" VPOS="1190" HPOS="495"/>
							<String ID="string_233" HPOS="511" VPOS="1195" WIDTH="26" HEIGHT="15" WC="0.96" CONTENT="en"/><SP WIDTH="14" VPOS="1195" HPOS="537"/>
							<String ID="string_234" HPOS="551" VPOS="1189" WIDTH="26" HEIGHT="21" WC="0.93" CONTENT="sä"/><SP WIDTH="16" VPOS="1189" HPOS="577"/>
							<String ID="string_235" HPOS="593" VPOS="1189" WIDTH="88" HEIGHT="27" WC="0.93" CONTENT="lydande"/>
						</TextLine>
					</TextBlock>
				</ComposedBlock>
				<ComposedBlock ID="cblock_2" HPOS="358" VPOS="1228" WIDTH="515" HEIGHT="32">
					<TextBlock ID="block_5" HPOS="358" VPOS="1228" WIDTH="515" HEIGHT="32">
						<TextLine ID="line_31" HPOS="358" VPOS="1228" WIDTH="515" HEIGHT="32">
							<String ID="string_236" HPOS="358" VPOS="1228" WIDTH="127" HEIGHT="32" WC="0.56" CONTENT="Skogalag"/><SP WIDTH="16" VPOS="1228" HPOS="485"/>
							<String ID="string_237" HPOS="501" VPOS="1229" WIDTH="40" HEIGHT="25" WC="0.93" CONTENT="för"/><SP WIDTH="17" VPOS="1229" HPOS="541"/>
							<String ID="string_238" HPOS="558" VPOS="1230" WIDTH="245" HEIGHT="27" WC="0.93" CONTENT="Storfurstendömet"/><SP WIDTH="13" VPOS="1230" HPOS="803"/>
							<String ID="string_239" HPOS="816" VPOS="1230" WIDTH="57" HEIGHT="24" WC="0.90" CONTENT="Fin-"/>
						</TextLine>
					</TextBlock>
				</ComposedBlock>
				<ComposedBlock ID="cblock_3" HPOS="323" VPOS="1267" WIDTH="550" HEIGHT="191">
					<TextBlock ID="block_6" HPOS="323" VPOS="1267" WIDTH="550" HEIGHT="191">
						<TextLine ID="line_32" HPOS="324" VPOS="1267" WIDTH="70" HEIGHT="28">
							<String ID="string_240" HPOS="324" VPOS="1267" WIDTH="70" HEIGHT="28" WC="0.83" CONTENT="land."/>
						</TextLine>
						<TextLine ID="line_33" HPOS="552" VPOS="1301" WIDTH="98" HEIGHT="31">
							<String ID="string_241" HPOS="552" VPOS="1301" WIDTH="63" HEIGHT="31" WC="0.95" CONTENT="Kap."/><SP WIDTH="16" VPOS="1301" HPOS="615"/>
							<String ID="string_242" HPOS="631" VPOS="1302" WIDTH="19" HEIGHT="23" WC="0.96" CONTENT="1."/>
						</TextLine>
						<TextLine ID="line_34" HPOS="358" VPOS="1340" WIDTH="515" HEIGHT="31">
							<String ID="string_243" HPOS="358" VPOS="1340" WIDTH="36" HEIGHT="21" WC="0.92" CONTENT="Om"/><SP WIDTH="24" VPOS="1340" HPOS="394"/>
							<String ID="string_244" HPOS="418" VPOS="1341" WIDTH="85" HEIGHT="22" WC="0.92" CONTENT="kronan"/><SP WIDTH="23" VPOS="1341" HPOS="503"/>
							<String ID="string_245" HPOS="526" VPOS="1342" WIDTH="135" HEIGHT="23" WC="0.92" CONTENT="omedelbart"/><SP WIDTH="18" VPOS="1342" HPOS="661"/>
							<String ID="string_246" HPOS="679" VPOS="1343" WIDTH="100" HEIGHT="28" WC="0.87" CONTENT="tillhörig"/><SP WIDTH="19" VPOS="1343" HPOS="779"/>
							<String ID="string_247" HPOS="798" VPOS="1343" WIDTH="75" HEIGHT="27" WC="0.93" CONTENT="skogs-"/>
						</TextLine>
						<TextLine ID="line_35" HPOS="323" VPOS="1374" WIDTH="70" HEIGHT="30">
							<String ID="string_248" HPOS="323" VPOS="1374" WIDTH="70" HEIGHT="30" WC="0.95" CONTENT="mark."/>
						</TextLine>
						<TextLine ID="line_36" HPOS="567" VPOS="1406" WIDTH="61" HEIGHT="31">
							<String ID="string_249" HPOS="567" VPOS="1406" WIDTH="20" HEIGHT="31" WC="0.93" CONTENT="$"/><SP WIDTH="19" VPOS="1406" HPOS="587"/>
							<String ID="string_250" HPOS="606" VPOS="1408" WIDTH="22" HEIGHT="21" WC="0.95" CONTENT="1."/>
						</TextLine>
						<TextLine ID="line_37" HPOS="358" VPOS="1435" WIDTH="139" HEIGHT="23">
							<String ID="string_251" HPOS="358" VPOS="1435" WIDTH="139" HEIGHT="23" WC="0.92" CONTENT="Oförändrad."/>
						</TextLine>
					</TextBlock>
				</ComposedBlock>
				<ComposedBlock ID="cblock_4" HPOS="186" VPOS="1469" WIDTH="470" HEIGHT="24">
					<TextBlock ID="block_7" HPOS="186" VPOS="1469" WIDTH="470" HEIGHT="24">
						<TextLine ID="line_38" HPOS="186" VPOS="1469" WIDTH="470" HEIGHT="24">
							<String ID="string_252" HPOS="186" VPOS="1469" WIDTH="45" HEIGHT="21" WC="0.91" CONTENT="Lag-"/><SP WIDTH="13" VPOS="1469" HPOS="231"/>
							<String ID="string_253" HPOS="244" VPOS="1471" WIDTH="30" HEIGHT="15" WC="0.93" CONTENT="och"/><SP WIDTH="14" VPOS="1471" HPOS="274"/>
							<String ID="string_254" HPOS="288" VPOS="1470" WIDTH="177" HEIGHT="23" WC="0.81" CONTENT="Ekonomieutskotteta"/><SP WIDTH="10" VPOS="1470" HPOS="465"/>
							<String ID="string_255" HPOS="475" VPOS="1472" WIDTH="106" HEIGHT="19" WC="0.96" CONTENT="betänkande"/><SP WIDTH="12" VPOS="1472" HPOS="581"/>
							<String ID="string_256" HPOS="593" VPOS="1473" WIDTH="35" HEIGHT="16" WC="0.96" CONTENT="N:o"/><SP WIDTH="12" VPOS="1473" HPOS="628"/>
							<String ID="string_257" HPOS="640" VPOS="1473" WIDTH="16" HEIGHT="20" WC="0.96" CONTENT="3,"/>
						</TextLine>
					</TextBlock>
				</ComposedBlock>
				<GraphicalElement ID="cblock_5" HPOS="1073" VPOS="378" WIDTH="5" HEIGHT="942"></GraphicalElement >
			</PrintSpace>
		</Page>
	</Layout>
</alto>
