1078 1692
209 140 28 32 44
387 144 23 19 U.
422 144 22 18 B.
458 154 20 3 —
492 144 61 23 Prop.
567 144 56 18 N:ris
635 143 25 19 16
673 142 40 20 och
725 143 28 17 37.

191 202 36 22 tift
249 204 44 20 sätt
314 202 64 22 söker
396 202 102 27 förpligta
513 202 41 22 den
570 202 98 22 enskilda
683 201 146 27 skogsegaren
845 202 33 20 att
892 200 59 26 sörja

192 236 33 21 för
240 236 93 28 skogens
349 236 102 22 återväxt.

261 270 43 22 Det
326 271 38 21 har
387 271 119 21 emellertid
523 270 46 22 icke
585 271 75 26 heller,
676 270 68 27 enligt
760 270 43 22 min
819 270 71 26 tanke,
906 270 43 27 lyc-

192 305 48 22 kats
263 306 40 21 den
326 306 78 26 nådiga
426 306 159 27 propositionen
602 307 32 19 att
649 306 27 26 på
692 307 32 19 ett
738 305 51 21 fullt
804 304 145 22 tillfredsstäl-

192 340 63 21 lande
271 340 39 22 och
325 340 107 27 praktiskt
447 342 43 20 sätt
505 346 77 21 genom
598 340 189 26 bestämningarna
802 340 6 20 i
823 339 69 21 första
905 344 45 16 mo-

193 375 80 21 mentet
288 374 23 22 af
325 374 11 28 &
354 375 27 21 14
404 374 71 28 uppnå
489 374 37 22 det
541 374 88 22 dermed
645 373 98 29 åsyftade
760 374 65 21 målet
841 386 25 2 —
876 372 73 22 säker-

192 409 115 22 ställandet
323 409 23 21 af
360 410 92 26 skogens
468 410 103 21 återväxt.
595 409 35 27 Ty.
641 410 46 20 dels
702 408 110 22 innehålla
823 408 63 22 dessa
894 407 55 22 före-

192 443 88 22 skrifter
301 444 54 22 intet
374 444 72 22 derom
462 446 32 19 att
509 444 26 21 de
551 443 89 27 fröträd,
656 449 46 15 som
718 444 54 20 böra
787 443 134 27 qvarlemnas
937 442 14 21 å

194 478 40 22 den
256 478 116 22 afverkade
394 480 57 26 ytan,
475 478 53 21 böra
550 484 52 15 vara
615 478 69 27 jemnt
699 477 112 22 fördelade
827 477 51 21 derå
893 478 56 20 samt

192 512 23 22 af
228 513 48 21 den:
286 513 60 21 ålder
361 513 39 21 och
416 513 152 26 beskaffenhet,
584 514 32 20 att
631 512 26 21 de
667 514 37 19 äro
716 512 34 21 till
758 511 129 27 frösättning
895 511 54 27 tjen-

192 547 50 27 liga,
259 547 46 22 dels
321 553 63 22 synes
399 547 43 27 mig
457 547 62 21 äfven
537 546 119 22 fixerandet
671 546 23 22 af
708 546 40 22 den
764 546 81 28 ytvidd,
860 545 88 22 hvarvid

193 581 141 22 ofvannämda
348 582 135 21 föreskrifter
497 582 54 21 böra
565 581 114 27 iakttagas,
695 581 33 21 till
744 581 30 21 tio
786 580 103 23 tunnland
898 586 52 15 vara

192 616 82 26 ganska
296 616 133 28 godtyckligt
450 616 97 22 bestämd
571 616 40 22 och
633 616 71 21 lemna
727 616 37 20 det
780 616 65 26 öppet
859 614 34 22 för
908 614 40 22 den

192 650 137 28 skogsegare,
353 657 45 15 som
422 650 47 22 icke
491 657 51 21 eger
560 650 117 27 tillräcklig
692 650 67 26 insigt
774 650 53 21 eller
841 649 41 27 god
894 649 56 27 vilja

196 686 32 20 att
244 684 112 23 efterlefva
373 685 62 21 dessa
450 679 80 33 påbud,
545 686 32 20 att
591 684 91 28 kringgå
690 685 63 26 lagen
762 684 38 22 och
808 684 90 21 sålunda
906 689 43 15 om-

191 720 109 26 intetgöra
322 720 48 21 hela
393 720 37 21 det
447 720 88 21 dermed
551 719 97 28 åsyftade
664 719 72 22 målet.
766 718 51 22 Man
833 718 41 22 kan
892 724 57 16 nem-

191 754 57 26 ligen
272 754 40 22 lätt
333 754 112 22 föreställa
467 754 32 27 sig
522 756 32 19 att
569 760 25 15 en
611 754 24 21 så
650 753 110 22 beskaffad
777 754 130 26 skogsegare
922 752 28 27 på

192 788 54 22 flera
268 788 106 22 särskilda
396 789 78 21 ställen
496 789 65 21 totalt
583 788 56 22 låter
653 788 109 26 kalhugga
777 788 32 21 sin
825 787 60 27 skog,
901 793 47 15 men

193 822 28 21 då
243 823 64 20 dessa
328 822 124 27 kalhuggna
472 825 48 25 ytor
535 823 48 21 icke
599 823 52 20 hvar
666 822 34 21 för
716 823 33 25 sig
764 822 72 27 uppgå
851 822 33 21 till
899 821 53 22 fullt

193 857 29 20 tio
245 857 104 21 tunnland
372 857 39 21 och
434 857 85 22 således
542 857 51 27 inga
607 857 83 21 fröträd
706 857 12 20 å
733 857 110 21 desamma
859 855 91 22 behöfva

192 891 136 27 qvarlemnas
343 891 53 22 eller
412 892 66 21 andra
493 892 150 21 motsvarande
658 891 102 27 åtgärder
776 890 34 22 för
825 889 125 22 befordran-

193 926 37 21 det
252 925 24 22 af
296 926 92 26 skogens
410 926 97 21 återväxt
529 926 114 27 iakttagas,
666 925 25 22 så
712 927 91 20 utsättes
819 931 25 15 en
860 924 90 22 sålunda

192 959 104 22 afverkad
312 960 126 27 skogsmark
453 961 41 20 lätt
508 960 34 21 för
557 960 61 21 faran
633 962 33 19 att
680 959 60 22 svårt
755 959 85 22 sköflas.
866 958 84 27 Lagens

192 994 88 21 bokstaf
293 994 39 21 har
347 995 33 20 väl
397 994 6 21 i
419 994 77 22 sådant
511 995 37 20 fall
565 1001 55 20 noga
635 994 119 27 iakttagits,
770 993 67 22 ehuru
853 995 31 20 ett
891 993 59 26 groft

192 1028 60 22 brott
266 1030 57 20 emot
337 1025 49 25 dess
402 1029 55 21 anda
472 1029 64 22 skett.

260 1058 68 26 Äfven
352 1069 63 15 anser
433 1063 38 27 jag
485 1065 32 19 att
533 1063 127 27 skogslagen
677 1063 71 21 såsom
765 1069 25 15 en
802 1057 146 32 allmängiltig

191 1097 112 21 föreskrift
317 1097 39 21 bör
371 1097 74 27 uttala,
465 1099 32 20 att
511 1097 29 22 all
557 1097 66 22 sådan
640 1097 135 27 skogsmark,
791 1103 45 15 som
852 1096 47 22 icke
907 1097 42 20 kan

191 1131 33 21 till
240 1131 166 27 stadigvarande
422 1132 72 26 odling
513 1131 54 22 eller
581 1133 66 20 annat
662 1131 80 28 nyttigt
756 1131 100 22 ändamål
871 1132 79 20 använ-

192 1165 45 26 das,
252 1165 54 22 eller
322 1165 97 22 såkallad
435 1166 84 21 absolut
535 1166 133 27 skogsmark,
684 1166 40 21 bör
738 1166 34 21 till
790 1165 120 27 skogsbörd
918 1165 30 21 bi-

191 1199 103 22 behållas.
324 1199 76 27 Någon
423 1202 97 20 närmare
543 1200 133 27 beskrifning
692 1201 14 20 å
720 1200 56 21 huru
792 1200 67 22 sådan
873 1199 76 28 skogs-

191 1233 61 22 mark
275 1234 38 21 bör
335 1240 52 15 vara
409 1234 110 22 beskaffad
542 1235 33 21 för
591 1237 31 19 att
637 1235 69 21 under
722 1235 70 21 denna
806 1234 74 21 rubrik
895 1234 54 22 böra

191 1267 109 28 hänföras,
322 1274 64 16 anser
406 1269 37 26 jag
465 1275 52 15 vara
540 1269 90 21 alldeles
646 1268 107 27 obehöflig
768 1269 39 21 och
823 1268 126 27 öfverflödig

191 1304 56 19 samt
270 1303 76 21 endast
367 1303 91 29 ledande
480 1303 33 21 till
533 1304 88 26 onödigt
635 1303 125 22 trakasseri.
790 1303 80 27 Hvarje
885 1303 65 28 prak-

190 1335 44 22 tisk
249 1336 109 22 landtman
374 1337 42 21 kan
431 1337 48 22 med
495 1337 78 22 lätthet
588 1338 92 21 bedöma
694 1344 34 15 om
745 1337 154 28 skogsmarken
907 1338 43 21 kan

190 1370 33 21 till
239 1371 166 27 stadigvarande
425 1372 73 27 odling
512 1374 106 25 upptagas
633 1372 55 21 eller
704 1372 26 27 ej,
747 1378 47 15 men
811 1372 34 21 väl
860 1372 42 21 kan
917 1372 31 21 äf-

189 1411 41 16 ven
246 1405 42 22 den
303 1405 35 21 vid
351 1405 209 28 jordbeskrifningar
579 1412 60 15 mera
654 1413 54 15 vane
724 1408 76 19 stanna
814 1406 7 21 i
838 1406 111 27 villrådig-

260 1445 46 21 Lag-
318 1445 30 16 och
359 1445 169 18 Ekonomiutskottets
539 1446 105 17 betänkande
657 1446 34 17 N:o
704 1446 17 17 3.
