1078 1692
392 123 24 22 U.
431 123 23 22 B.
470 136 29 3 —
515 122 61 30 Prop.
591 122 38 23 N:o
646 122 32 23 13.
839 122 41 22 103

160 188 58 29 ning
232 190 31 27 på
278 188 44 22 den
338 188 26 22 af
376 188 114 22 utskottet
500 188 131 29 föreslagna
641 188 81 26 banan,
733 195 53 14 men
796 187 68 22 äfven
874 186 38 22 till

160 224 143 22 sistnämndå
318 226 37 20 ort
370 224 45 22 blir
425 224 116 22 afständet
552 225 13 21 3
574 224 14 22 å
597 224 44 29 41/,
652 224 42 21 mil
704 224 86 28 längre,
799 222 112 22 beroende

161 260 26 22 af
200 267 38 15 om
252 259 107 23 Kouvola
369 260 55 21 eller
433 259 97 29 Kaipias
543 259 72 29 väljes
625 259 38 22 till
673 258 237 30 anknytningspunkt.

161 295 55 22 Man
231 295 43 22 har
289 295 126 22 framhällit
431 297 34 20 att
480 295 153 29 olägenheten
648 294 26 22 af
688 295 38 21 det
735 295 80 29 längre
827 294 84 22 afstän-

161 330 40 22 det
216 330 74 22 skulle
304 334 119 26 uppvägas
438 330 26 22 af
478 330 28 22 de
521 330 101 22 fördelar
637 330 79 22 Kotka
727 330 71 22 hamn
807 330 59 22 hade
876 331 35 20 att

161 366 97 29 erbjuda
272 366 95 22 framför
377 366 109 29 Wiborgs
497 366 9 22 i
515 366 108 30 billigare
633 366 195 29 hamnumgälder,
839 368 71 19 större

162 402 172 29 begvämlighet
349 402 43 22 och
407 402 80 29 längre
502 402 166 29 seglationstid.
691 402 54 22 Med
755 401 157 29 hamnumgäl-

161 438 81 22 dernas
266 438 149 29 nedsättning
430 438 35 22 uti
479 438 104 29 Wiborg,
599 438 89 22 hvilket
702 437 72 22 redan
788 438 66 27 skett,
870 436 41 22 och

161 474 52 21 med
233 474 198 29 jernvägsspärets
453 474 164 28 utsträckning
639 473 37 22 till
698 474 104 27 hamnen,
823 472 89 23 hvilket

161 511 65 20 snart
254 509 65 22 torde
342 510 94 28 förestä,
461 509 93 22 förfalla
576 509 74 22 likväl
672 509 8 21 i
702 508 131 29 väsendtlig
855 507 58 30 grad

160 545 29 22 de
212 544 57 23 först
292 545 126 29 åberopade
438 545 81 22 skälen
534 546 43 21 och
593 545 121 22 skilnaden
728 545 9 22 i
752 543 160 31 seglationstid

160 581 97 22 emellan
272 581 80 22 Kotka
366 581 43 22 och
424 581 98 30 Wiborg
537 585 26 18 är
579 582 25 21 sä
619 581 125 29 obetydlig,
762 582 34 20 att
807 580 44 22 den
861 579 50 22 icke

161 616 46 22 kan
222 617 111 21 motivera
348 616 161 30 uppsökandet
524 617 26 22 af
564 624 29 14 en
608 624 32 21 ny
654 616 147 28 handelsväg.

234 652 108 22 Deremot
360 652 47 22 kan
422 652 50 22 icke
488 652 112 22 bestridas
617 654 34 20 att
667 659 36 15 om
716 652 129 28 jernvägen
861 650 51 22 dra-

161 695 40 21 ges
224 688 75 22 direkt
320 689 30 28 pä
365 688 103 28 Wiborg,
485 688 112 22 Savolaks
613 688 140 22 förbindelse
770 687 52 22 med
837 688 75 21 vestra

161 723 100 22 Finland
278 723 130 29 derigenom
424 724 101 21 kommer
541 726 34 20 att
591 724 34 22 bli
642 725 26 21 12
685 724 40 21 mil
740 724 80 28 längre
835 726 30 18 än
878 722 34 22 öf-

160 766 40 14 ver
217 759 111 29 Kaipiais.
359 759 48 29 Jag
421 759 162 22 underskattar
598 759 126 29 ingalunda
739 759 133 29 betydelsen
888 758 27 21 af

160 794 75 22 denna
250 795 176 29 omständighet,
442 803 53 14 men
510 795 130 29 medgifvas
655 796 71 21 måste
744 797 35 20 att
794 794 118 22 trafiken
901 790 15 38 i

160 830 74 21 denna
248 830 106 29 riktning
370 830 36 22 för
421 831 143 22 närvarande
578 835 25 18 är
615 831 26 21 af
646 830 167 29 jemförelsevis
823 830 88 21 mindre

160 865 50 29 vigt
226 865 43 22 och
284 865 159 30 förnämligast
459 868 92 27 utgöres
568 867 26 22 af
607 867 85 21 sädana
702 873 72 21 varor,
786 865 36 22 för
832 865 80 22 hvilka

159 908 29 15 en
211 901 159 22 motsvarande
393 901 134 29 förhöjning
550 902 9 21 i
581 902 64 21 frakt
668 905 25 18 är
715 901 89 22 mindre
819 900 93 22 känbar.

159 936 46 22 För
228 939 60 19 smör
311 937 9 21 i
343 938 47 20 smä
413 937 86 29 partier
517 937 46 22 blir
578 939 16 20 t.
611 945 34 14 ex.
662 936 183 23 fraktskilnaden
859 936 53 21 frän

160 972 92 29 Kuopio
270 972 38 22 till
326 973 84 28 Hangö
429 973 38 22 via
482 973 99 29 Wiborg
597 973 43 22 och
656 973 39 22 via
709 973 106 29 Kaipiais
831 971 81 22 endast

159 1009 30 27 5,6
211 1008 71 29 penni
304 1015 42 22 per
369 1009 98 28 lispund.
498 1009 44 21 Att
565 1009 105 22 försvära
692 1009 43 21 och
758 1008 93 29 fördyra
866 1007 45 22 den

160 1043 128 29 mängfaldt
311 1045 72 20 större
406 1044 99 22 trafiken
527 1047 88 20 österut
640 1044 42 22 och
704 1044 38 21 till
764 1043 147 29 landskapets

160 1079 110 28 hamnort,
292 1079 36 22 för
349 1082 35 19 att
404 1081 29 28 pä
455 1080 58 21 etti
529 1080 46 22 alla
591 1080 42 22 fall
652 1080 4 21 i
673 1079 99 30 längden
788 1078 123 23 otillfreds-

158 1114 113 22 ställande
294 1117 46 19 sätt
363 1115 131 22 underlätta
510 1116 45 22 den
571 1118 61 20 emot
648 1118 80 25 vester,
744 1115 47 22 kan
803 1114 43 29 jag
860 1113 52 22 icke

159 1158 54 14 anse
235 1151 141 22 välbetänkt.
406 1151 35 22 Dä
465 1159 29 14 en
517 1151 133 30 uppoffring
671 1151 50 22 icke
736 1151 47 22 kan
798 1149 114 22 undvikas

159 1186 110 29 antingen
284 1187 30 28 pä
330 1187 44 21 den
390 1194 41 14 ena
447 1187 56 22 eller
520 1187 71 22 andra
608 1187 109 22 trafikens
732 1185 133 28 bekostnad,
874 1193 37 20 sy-

158 1229 40 14 nes
220 1222 50 29 mig
292 1222 78 29 billigt
394 1224 34 20 att
451 1223 38 21 det
513 1223 89 22 mindre
623 1223 108 21 intresset
747 1222 64 22 viker
826 1221 36 22 för
877 1223 34 19 ett

158 1260 78 19 större.
268 1257 42 22 Om
328 1257 46 22 den
391 1258 130 29 beräkning
536 1259 115 21 utskottet
666 1258 67 22 anför
748 1261 26 18 är
788 1257 73 28 riktig
876 1258 36 20 att

158 1293 35 22 för
215 1293 53 22 hela
283 1293 45 22 den
348 1294 178 27 varugvantitet,
543 1301 49 14 som
608 1293 187 22 Savolaksbanan
809 1293 46 21 kan
870 1293 40 28 pä-

157 1328 77 28 räkna,
246 1329 177 22 merkostnaden
441 1329 9 22 i
465 1329 64 22 frakt
545 1329 38 22 till
599 1329 33 22 S:t
648 1329 138 29 Petersburg
801 1328 39 22 via
855 1327 56 22 Kai-

157 1364 59 29 piais
237 1364 80 22 endast
337 1367 25 19 är
382 1365 81 28 30,000
478 1365 66 21 mark
559 1365 72 29 högre
647 1369 29 17 än
692 1365 38 21 via
746 1363 112 23 Puumala
873 1363 38 28 (pä

156 1406 29 15 en
204 1403 84 26 omväg
303 1400 26 21 af
344 1401 11 21 7
373 1400 55 29 mil),
443 1400 46 22 blir
505 1400 177 23 merkostnaden
697 1400 37 21 för
749 1407 29 14 en
793 1400 47 21 fem
855 1399 56 28 gän-

156 1441 41 23 ger
220 1435 90 22 mindre
330 1436 175 27 varugvantitet
520 1437 30 28 pä
566 1444 29 14 en
610 1439 83 26 omväg
708 1435 26 22 af
748 1437 28 20 12
792 1434 40 23 mil
847 1434 65 22 cirka

158 1470 79 27 10,000
252 1471 70 22 mark.
346 1471 107 22 Trafiken
469 1474 62 19 emot
547 1474 77 20 vester
634 1473 72 20 mäste
716 1471 129 21 vidkännas
857 1469 54 22 den-

229 1513 197 26 Jernvägsutskottets
441 1513 119 21 betänkande
575 1513 42 21 N:o
633 1515 17 19 1.
