1078 1692
389 146 23 19 U.
426 147 21 17 B:
461 156 21 5 —
492 142 67 35 Prop:
573 142 55 35 N:rig
638 142 23 35 26
672 148 40 19 och
723 148 29 18 37.

642 206 14 30 $
678 208 24 21 2.

433 268 77 21 Första
525 275 62 15 mom.
603 268 43 27 lika
656 268 49 22 med
716 268 36 27 6.2
763 268 8 21 i
781 269 165 26 propositionen.

433 303 59 24 Med
514 303 133 31 kronopark
670 302 89 30 förstäs
781 303 81 29 hvarje
878 303 69 29 jord-

400 342 100 30 omräde,
518 350 49 16 som
580 343 35 30 pä
630 343 80 30 grund
723 342 30 30 af
763 342 111 24 Senatens
884 342 60 30 före-

398 382 72 30 skrift
486 383 75 23 redan
583 382 83 30 blifvit"
678 382 56 24 eller
750 382 126 29 framdeles
893 390 55 16 var-

399 422 42 24 der
458 423 76 23 under
551 422 75 24 sädan
643 422 137 30 benämning
790 422 57 29 frän
859 422 89 24 kronan

400 461 103 31 tillhörig
525 462 133 30 skogsmark
680 462 96 29 afskild,
797 462 40 29 för
858 464 34 22 att
913 462 45 26 till.

399 502 127 30 skogsbruk
541 502 41 29 för
595 502 101 23 kronans
708 502 101 30 räkning
821 502 125 24 användas.

642 578 19 32 $
674 561 28 54 3.

434 642 101 24 Kronan
552 642 102 30 tillhörig
665 642 141 30 skogsmark,
818 650 48 16 som
877 642 70 24 hvar-

399 680 43 25 ken
468 682 113 23 särskildt
605 682 40 29 för
672 682 36 29 sig
734 681 56 24 eller
811 682 10 22 i
840 681 108 31 förening

399 722 52 22 med
467 729 78 16 annan
561 728 81 23 genom
659 722 45 30 köp
722 721 56 24 eller
793 722 77 29 utbyte
889 724 67 21 vun-

400 768 44 16 nen
465 761 60 29 jord
545 762 46 23 kan
617 761 123 31 lämpligen
766 762 120 23 användas
912 762 36 23 till

398 801 138 30 kronopark,
559 801 103 30 nybygge
686 799 56 25 eller
760 801 132 31 kronotorp,
910 802 38 23 mä

398 840 75 28 säsom
489 840 102 30 samfäld
608 841 108 30 egendom
734 840 99 24 tilldelas
845 844 101 27 angrän-

398 881 73 23 sande
497 880 130 30 lägenheter
653 883 59 21 emot
734 881 166 30 uppskattning
919 881 32 29 af

399 920 174 30 lägenheternas
594 921 87 23 manta!
702 920 56 24 eller
778 921 75 30 skälig
869 921 77 30 skogs-

399 963 76 21 ränta.
530 960 64 29 Vilja
626 961 22 28 e
678 960 268 30 lägenhetsinnehafvare

398 995 95 28 marken
514 1000 75 24 såsom
614 1000 103 29 samfäld
742 1000 108 30 egendom
871 1000 75 29 öfver-

399 1042 61 28 taga,
483 1040 130 24 ankommer
635 1040 38 23 det
696 1040 14 23 å
733 1040 99 23 Senaten
855 1042 33 21 att
910 1040 36 23 be-

396 1081 105 29 stämma,
519 1080 117 23 huruvida
652 1080 164 29 skogsmarken
833 1080 59 23 skall
907 1079 40 30 för

397 1119 102 24 kronans
519 1119 101 30 räkning
639 1119 116 30 förvaltas
777 1119 56 24 eller
850 1120 40 23 ock
907 1127 39 16 en-

397 1159 76 24 skilda
495 1159 132 30 lägenheter
647 1161 60 22 emot
732 1159 164 30 uppskattning
921 1159 30 30 af

397 1199 88 24 manta!
511 1199 56 23 eller
593 1199 137 30 skogsränta
757 1199 118 30 tilläggas;
905 1199 42 24 och

396 1239 37 23 mä
453 1233 90 41 härvid:
551 1237 121 30 företräde
688 1239 78 30 -gifvas
783 1239 24 23 ät
819 1239 127 30 lägenhets-

396 1278 159 33 innehafvare,
573 1286 48 16 som
637 1278 111 29 förbindä
765 1279 37 29 sig
819 1280 34 22 att
868 1279 14 23 å
893 1279 53 23 sina

397 1317 131 30 lägenheter
545 1318 78 29 införa
641 1318 103 24 ordnadt
760 1318 133 30 skogsbruk.

639 1394 19 29 $
677 1393 23 23 4.

430 1445 140 21 Oförändrad.

259 1484 45 21 Lag-
316 1485 30 16 och
358 1480 168 21 Ekonomiutskottets
538 1484 103 17 betänkande
655 1483 35 16 N:o
702 1483 18 16 3.
