1078 1692
193 136 12 20 8
296 136 81 23 Ständ.
393 137 37 23 Sv.
446 149 27 4 —
488 138 73 27 Prop.
578 137 63 22 N:ris
656 137 28 22 16
699 137 44 22 och
760 137 35 21 37.

165 196 22 29 ej
203 197 79 23 tillika
296 199 118 22 meddelat
428 200 132 28 uttrycklig
576 200 111 21 tillåtelse
698 199 38 21 till
746 199 140 29 försäljning
896 199 26 21 af

166 230 166 31 skogsalstren,
348 233 89 29 skogen
452 234 35 21 får
502 234 87 21 brukas
605 234 61 21 blott
681 233 38 21 till
734 233 121 22 husbehof.

236 266 79 28 Syftet
336 268 54 21 med
412 268 179 21 utsträckandet
613 268 8 21 i
641 269 12 26 &
668 268 27 21 21
713 268 25 21 af
751 267 46 22 den
812 267 36 22 uti
862 270 58 19 mot-

167 300 117 22 svarande
300 302 8 26 $
323 302 25 22 20
358 302 26 21 af
396 302 177 28 propositionen
588 302 134 28 föreslagna
737 302 71 27 ålder,
824 302 96 21 hvilken

169 333 14 21 å
197 334 164 28 svedjadmark
376 343 128 21 uppvuxen
515 336 58 28 skog
587 336 44 22 bör
645 336 72 22 hafva
732 337 101 27 uppnått
848 336 72 21 innan

166 374 33 20 ny
214 368 118 30 bränning
347 370 36 21 får
398 371 47 26 ske,
461 370 42 22 har
518 370 73 22 redan
606 370 121 22 ofvanföre
743 370 147 22 framhållits.

235 404 13 25 $
264 404 29 20 22
307 406 129 20 motsvarar
451 406 13 26 &
479 406 27 21 21
523 405 7 21 i
546 405 184 28 propositionen.

235 436 43 22 Uti
293 439 13 25 &
320 438 28 21 23
364 438 69 22 hafva
449 439 28 21 de
492 439 9 21 i
516 439 164 21 motsvarande
703 440 13 26 $
736 440 28 20 22
780 439 25 21 af
817 438 103 29 proposi-

166 469 82 23 tionen
264 472 139 22 omnämnda
418 473 115 21 särskilda
543 473 81 28 slagen
636 473 26 21 af
669 473 199 28 lägenhetsäboer,
884 472 36 21 för

166 503 82 22 hvilka
271 505 39 21 det
332 513 55 14 vore
402 507 88 21 tillätet
505 509 35 19 att
555 509 58 19 utan
627 507 81 21 vidare
724 508 101 27 omgäng
840 506 80 28 svedja

166 538 63 22 inom
238 539 62 28 äker,
309 544 47 24 äng
364 541 44 21 och
415 543 72 19 rätter
495 541 136 28 beteshage,
640 541 60 21 dock
708 541 52 21 med
768 540 151 29 iakttagande

167 572 26 21 af
205 572 27 22 de
250 574 111 28 stadgade
384 575 115 21 allmänna
518 575 109 21 vilkoren
639 576 37 20 för
689 575 77 28 dylikt
777 575 139 27 bruknings-

167 608 52 25 sätt,
236 608 163 22 sammanförts
414 609 75 21 under
504 617 29 13 en
549 616 134 22 gemensam
698 609 117 29 kategori:
836 609 84 26 ,åboar

166 640 53 22 med
235 642 95 28 ständig
340 642 209 30 besittningsrätt*,
561 644 130 28 hvarjemte
700 644 37 20 till
746 643 73 25 dessa,
835 644 8 20 i
858 643 63 21 vissa

167 674 125 23 händelser
315 677 44 21 och
382 678 74 21 under
478 678 67 28 gifna
567 677 197 29 förutsättningar
779 678 38 20 till
833 677 89 29 svedje-

167 708 61 22 bruk
242 710 154 29 berättigade,
413 712 61 28 lagts
490 712 35 26 de,
541 712 81 21 hvilka
637 712 30 28 pä
682 711 77 29 grund
770 712 26 20 af
804 712 72 28 tjenst
886 711 36 21 in-

166 742 102 23 nehafva
291 744 105 23 boställe.
427 746 56 21 Skäl
506 746 81 21 härtill
609 746 71 21 hafva
696 746 131 21 Ständerna
843 746 79 20 funnit

167 776 84 28 deruti,
268 781 35 18 att
318 779 68 28 dylik
400 780 115 28 rättighet
529 780 21 28 ej
567 780 74 21 heller
655 787 33 13 nu
704 783 25 17 är
740 780 65 21 desse
816 780 106 20 boställs-

166 810 154 24 innehafvare
343 813 127 27 förmenad,
493 816 59 19 samt
571 816 35 19 att
621 814 243 27 skogslagsförslaget,
881 813 41 21 vid

167 845 67 28 fräga
249 853 38 14 om
302 846 175 29 bestämningar
500 848 121 28 angäende
640 847 124 29 nyttjande
780 848 27 20 af
819 847 65 28 skog,
900 847 20 28 ej

167 879 74 21 heller
263 880 69 28 eljest
356 881 90 22 lemnat
469 882 131 21 boställena
623 881 119 22 oberörda.
772 881 150 22 Sistnämnda

168 914 175 28 omständighet
363 915 42 22 har
420 916 43 21 ock
477 916 117 21 föranledt
609 915 132 22 Ständerna
756 918 36 19 att
806 915 6 22 i
830 918 33 19 ett
880 923 42 21 ny-

167 947 97 28 tillagdt
286 951 102 19 moment
411 949 99 22 hänvisa
533 950 38 21 till
593 950 28 21 de
638 949 116 22 särskilda
769 949 152 28 stadganden,

168 988 48 14 som
232 982 7 20 i
254 982 153 22 förevarande
431 983 108 22 afseende
559 984 64 28 gälla
639 991 38 14 om
690 983 93 22 militie-
798 983 44 22 och
857 983 64 22 civil-

168 1017 89 20 statens
280 1016 125 22 boställen.
434 1018 47 21 För
496 1018 73 28 öfrigt
591 1018 42 21 har
653 1021 64 18 ännu
732 1025 29 14 en
776 1017 89 22 mindre
882 1021 39 18 än-

168 1049 70 28 dring
253 1050 9 21 i
277 1051 52 26 $:en
344 1051 121 28 vidtagits,
481 1052 36 21 för
531 1052 118 21 vinnande
673 1052 27 21 af
719 1054 34 19 ett
776 1051 146 28 sakenligare

168 1084 164 27 uttryckssätt.

238 1119 28 26 $$
282 1119 34 27 24,
331 1120 27 21 25
374 1120 45 21 och
433 1121 28 21 26
476 1120 207 22 öfverensstämma
698 1120 52 21 med
766 1121 27 26 $$
801 1121 34 26 23,
844 1120 27 21 24
880 1120 43 21 och

168 1153 28 21 25
211 1153 9 20 i
235 1153 186 28 propositionen.

237 1186 44 22 Uti
296 1189 14 25 &
324 1188 27 21 27
368 1188 43 21 har
425 1189 106 27 lydelsen
546 1189 37 20 för
597 1188 164 22 motsvarande
778 1190 13 25 $
806 1189 27 20 26
849 1188 7 21 i
872 1195 52 21 pro-

170 1221 136 27 positionen
322 1222 130 21 förenklats
472 1223 53 20 med
543 1223 93 28 hänsyn
651 1223 85 26 dertill,
746 1224 34 19 att
788 1222 65 21 stark
862 1222 62 21 bläst

169 1254 56 21 eller
240 1255 70 21 torka
324 1255 41 22 vid
380 1257 93 20 tillfälle
489 1257 36 21 för
540 1257 49 21 elds
605 1256 253 29 upptändande
776 1250 10 39 i
795 1250 53 39 skog
868 1256 57 21 eller

169 1288 52 22 dess
236 1292 118 19 närmaste
370 1291 117 28 granskap
503 1291 39 21 väl
557 1291 57 21 ökar
624 1291 68 21 faran
700 1291 36 21 för
744 1290 116 29 skogseld,
870 1298 54 13 men

169 1325 36 18 att
219 1323 103 22 rådande
337 1324 135 22 hettaioch
487 1325 36 21 för
538 1325 37 28 sig
590 1325 21 28 ej
628 1325 94 22 utöfvar
730 1325 73 28 något
813 1324 112 21 särskildt

169 1356 131 29 inflytande
315 1358 9 21 i
340 1358 84 22 sädant
439 1359 117 21 afseende.

238 1393 13 25 $
268 1393 27 20 28
312 1395 24 18 är
351 1392 51 22 lika
416 1393 100 28 lydande
533 1393 52 22 med
600 1395 13 25 $
629 1395 26 20 27
672 1393 9 21 i
696 1393 182 29 propositionen.

237 1425 44 22 Uti
297 1427 13 25 &
326 1427 26 20 29
370 1426 43 22 har
423 1427 140 28 stadgandet
579 1427 8 22 i
602 1427 164 21 motsvarande
778 1428 12 25 $
801 1428 28 21 28
841 1427 25 20 af
873 1434 53 21 pro-
