1078 1692
195 147 27 33 46
395 152 23 18 U.
431 152 21 19 B.
466 163 21 3 —
499 152 63 24 Prop.
576 152 56 19 N:ris
646 152 22 18 16
680 152 40 18 och
732 152 27 18 37.

177 208 61 27 gripa
252 208 8 22 i
276 209 39 22 den
331 210 108 22 enskildes
455 210 204 27 skogshushällning
674 210 40 22 och
730 210 54 22 söka
798 210 78 22 inrikta
884 211 53 22 den-

177 248 81 16 samma
280 244 28 26 pä
322 250 26 16 en
362 246 48 25 väg,
426 250 45 16 som
487 245 61 21 leder
563 245 33 21 till
611 246 33 20 att
658 245 130 21 säkerställa
803 245 27 22 de
838 245 98 21 enskilde

177 276 39 22 och
231 283 26 15 en
272 277 36 23 hel
322 280 45 20 orts
381 278 126 28 befolkning
522 279 57 21 ifrån
595 280 32 20 ett
642 279 74 21 säkert
731 285 34 15 om
782 279 40 22 ock
829 280 109 26 långsamt

177 311 135 23 ekonomiskt
326 312 131 28 nedgående.
801 313 3 3 |

244 346 110 28 Naturligt
376 350 25 19 är
424 348 59 26 dock,
500 350 32 20 att
548 351 31 19 ett
594 348 77 22 sådant
686 348 126 28 ingripande
827 348 47 22 från
890 350 45 20 sta-

176 381 48 21 tens
245 381 48 22 sida
314 382 127 22 förutsätter
463 383 150 27 iakttagandet
637 383 23 21 af
674 383 42 21 den
732 385 79 20 största
826 383 111 27 försigtig-

176 415 37 22 het
234 416 41 22 och
296 416 40 22 bör
357 418 84 26 grunda
462 418 33 26 sig
510 418 28 27 på
553 424 125 26 noggranna
693 418 73 21 lokala
780 418 157 22 undersöknin-

176 456 39 21 gar
232 450 25 22 af
271 452 100 26 samtliga
387 452 27 21 de
429 452 13 21 å
457 452 164 27 ifrågavarande
637 454 35 20 ort
685 452 96 22 rådande
797 452 139 22 ekonomiska

175 484 169 28 förhållandena,
360 486 110 22 äfvensom
487 488 32 20 att
535 487 22 21 åt
569 488 26 20 de
605 487 97 22 enskilde
712 487 157 27 skogsegarene
877 486 61 22 förut

176 518 40 22 bör
237 519 83 23 lemnas
342 527 26 15 en
391 521 99 27 respittid
514 524 32 18 att
561 521 77 27 sjelfva
653 522 87 26 vidtaga
756 522 87 26 möjliga
858 522 78 20 anord-

175 552 77 28 ningar
272 554 34 22 för
328 554 92 28 skogens
443 556 105 26 återväxt,
571 556 64 21 innan
658 558 70 19 staten
745 556 95 22 besluter
855 556 32 26 sig
901 555 36 22 för

175 589 32 20 att
228 588 29 27 på
279 595 25 15 en
327 589 31 22 tid
377 589 111 28 öfvertaga
503 590 202 28 förmynderskapet
720 590 60 22 öfver
795 590 26 22 de
837 590 98 21 enskilde

175 622 147 28 skogsegarne
337 624 39 21 och
392 624 89 28 fridlysa
497 624 64 22 deras
577 624 153 28 skogsmarker

243 657 11 22 I
277 658 95 27 enlighet
394 659 47 21 med
457 658 154 22 ofvanstående
627 659 71 21 skulle
711 659 38 27 jag
764 659 85 21 derföre
864 658 70 22 önska

175 692 32 20 att
221 691 13 28 $
250 692 28 22 15
292 692 8 22 i
314 692 116 22 utskottets
445 693 136 22 betänkande
596 694 66 21 måtte
678 694 7 20 i
700 694 33 21 sin
748 693 73 22 helhet
836 693 50 27 utgå
894 693 40 21 och

175 727 93 21 ersättas
284 727 48 21 med
347 733 26 15 en
389 727 12 27 &
416 727 24 21 af
453 728 95 26 följande
564 728 104 21 innehåll:

414 760 48 23 Der
475 761 166 28 skogsförödelse
656 762 9 21 i
678 764 68 19 större
761 762 125 26 omfattning
900 768 35 15 re-

382 796 42 21 dan
445 796 9 20 i
475 796 74 28 längre
571 796 55 22 tider
644 796 79 28 pågått
737 796 50 22 eller
801 795 134 27 fortfarande

379 830 79 27 pågår,
477 831 26 20 så
525 832 30 19 att
574 830 135 27 vidsträckta,
727 830 207 27 sammanhängande

382 863 146 28 skogsmarker
554 865 94 26 befinnas
670 865 113 21 utblottade
801 865 32 26 pä
856 864 83 27 växtlig

382 898 51 27 skog
446 901 55 19 samt
515 899 108 27 svårighet
637 899 115 27 förefinnes
767 901 31 19 att
812 898 32 22 till
850 898 55 27 följd
912 898 25 26 af

383 933 106 22 bristande
509 933 116 27 förekomst
638 933 25 27 af
677 933 86 28 dugliga
777 933 87 26 fröträd
877 933 59 27 sörja

384 967 36 27 för
441 967 88 28 skogens
551 969 102 26 återväxt,
669 968 37 21 må
724 967 143 27 Guvernören,
882 967 54 26 efter

382 1009 111 20 noggrann
513 1001 158 28 undersökning
694 1002 24 27 af
739 1001 163 27 förhållandena
922 1002 15 21 &

384 1038 59 20 orten
465 1036 37 21 och
523 1037 66 21 sedan
604 1036 166 27 Forststyrelsen
784 1037 10 20 i
807 1035 64 22 saken
885 1035 50 28 blif-

383 1071 31 21 vit
434 1071 60 26 hörd,
518 1071 77 27 ålägga
614 1070 152 27 innehafvarne
781 1070 24 27 af
819 1069 119 28 skogsmar-

384 1105 40 21 ken
438 1107 35 24 att,
489 1105 57 21 inom
561 1106 44 21 viss
621 1105 95 21 bestämd
730 1103 38 28 tid,
776 1105 83 26 vidtaga
867 1104 70 27 lämp-

384 1139 43 27 liga
449 1140 144 27 anordningar
615 1140 35 26 för
665 1140 31 20 att
710 1138 125 23 säkerställa
851 1138 91 28 skogens

385 1174 101 21 återväxt.
511 1173 53 22 Sker
579 1173 44 22 icke
637 1174 57 21 detta
715 1174 37 21 mä
766 1173 90 22 domstol
863 1172 73 28 skogs-

384 1207 93 28 marken,
500 1208 33 21 hel
555 1208 36 21 och
605 1208 71 21 hållen
693 1207 50 22 eller
757 1207 71 27 delvis,
843 1207 37 26 för
892 1207 48 22 viss

384 1243 33 21 tid
430 1242 98 28 fridlysa,
543 1243 38 21 och
588 1242 120 22 ankommer
720 1243 34 20 det
762 1242 91 26 derefter
867 1242 14 21 å
891 1242 47 21 Gu-

385 1279 101 20 vernören
501 1279 30 19 att
545 1284 34 14 om
594 1277 47 21 dess
656 1277 108 27 nyttjande
779 1276 37 21 och
830 1276 55 21 vård
898 1283 40 14 un-

386 1311 38 22 der
444 1318 81 15 samma
548 1311 32 22 tid
601 1311 94 22 meddela
710 1312 101 20 närmare
825 1309 113 28 föreskrif-

386 1347 36 20 ter.
454 1345 97 22 Sålunda
572 1345 87 28 fridlyst
677 1345 123 28 skogsmark
815 1345 43 26 bör,
872 1345 66 21 sedan

385 1380 199 28 fridlysningstiden
605 1381 75 26 utgått,
703 1382 54 19 emot
771 1379 117 27 ersättning
902 1379 37 26 för

386 1415 25 21 de
426 1415 47 21 med
486 1414 159 27 skogsmarkens
659 1414 105 27 fredande
778 1413 37 22 och
830 1413 54 22 vård
893 1413 51 27 för-

247 1455 47 21 Lag-
307 1456 29 16 och
349 1455 169 17 Ekonomiutskottets
531 1455 104 18 betänkande
648 1456 36 16 N:o
697 1455 17 17 3.
