1078 1692
393 127 20 24 U.
428 126 20 25 BD.
464 139 28 6 —
507 127 56 30 Prop.
579 127 34 25 K:s
627 127 21 25 4.
843 127 28 22 25

226 224 100 30 Förslaget
340 224 28 23 till
383 224 113 24 inetruktien
511 224 31 24 för
556 224 176 30 juotorinysvorket
746 224 6 23 i
767 224 57 24 Ster-

404 258 139 24 farstondömet
558 258 83 24 Finland.

213 314 41 23 Vid
275 314 15 30 &
306 315 14 22 2
334 314 39 24 har
387 315 58 23 inom
459 315 106 23 utskottet
579 314 133 28 framhållits,
728 316 34 22 att
776 314 35 24 det
821 314 81 28 jemväl

145 348 66 24 borde
231 349 71 28 åligga
322 349 165 23 kommissionen
501 350 34 22 att
549 349 120 28 ombesörja
680 349 106 28 justering
799 348 24 24 af
835 348 67 23 andra

145 383 262 28 mätningsinstrumenter,
428 390 47 16 som
493 383 8 23 i
515 382 144 24 förhållandet
673 383 79 23 mellan
765 383 82 23 kronan
861 382 41 24 och

145 416 94 24 enskilde
252 417 86 23 komma
352 417 33 22 till
399 417 142 29 användning,
555 417 127 28 exempelvis
697 417 185 27 alkoholometrar,
893 415 9 23 i

145 450 80 24 hvilket
238 450 99 24 afseende
350 451 127 29 föreslagits,
492 453 33 21 att
539 453 33 21 ett
586 457 63 17 mom.
665 452 34 22 9:0
714 451 72 23 kunde
796 451 105 28 tilläggas:

145 491 49 17 men
215 486 89 22 emedan
319 486 60 22 detta
392 485 66 23 behof
470 492 63 22 synes
547 492 52 16 vara
616 486 106 22 förutsedt
735 485 33 23 uti
782 487 14 21 4
810 486 13 28 &
837 491 63 17 mom.

145 520 42 27 3:o,
201 520 40 22 har
255 520 74 28 frågan
343 520 75 23 härom
433 520 41 23 fått
488 520 90 23 förfalla.

212 554 42 23 Vid
276 554 15 29 &
312 555 14 22 3
340 554 40 23 har
397 554 116 28 anmärkts,
528 556 34 21 att
576 554 32 23 uti
623 554 26 23 de
664 554 98 28 ärender,
777 560 46 17 som
836 554 66 23 hand-

145 588 73 28 läggas
232 588 23 23 af
268 588 90 23 chefen
353 584 15 37 i
374 589 145 27 samrädjmed
525 588 260 29 justeringsinspektören,
796 588 40 23 den
845 588 57 23 förre

145 623 85 22 komme
250 624 34 21 att
304 622 73 31 utöfva
398 625 32 21 ett
451 622 71 23 alltför
545 623 151 23 dominerande
714 622 122 30 inflytande,
851 624 51 21 enär

145 657 36 23 vid
201 656 177 28 meningsolikhet
400 656 84 24 chefens
498 659 47 21 röst
559 663 52 17 vore
625 657 124 28 afgörande;
764 663 49 17 men
828 657 28 22 då
869 658 33 21 ut-

145 691 81 23 skottet
247 690 130 29 förutsätter,
400 693 32 21 att
453 691 8 22 i
478 691 104 29 vigtigare
599 691 90 23 ärender
703 691 61 23 alltid
778 691 54 23 skall
845 690 57 24 föras

145 725 114 28 protokoll,
275 725 15 31 i
310 725 82 23 hvilket
404 725 264 29 justeringsinspektörens
683 725 121 28 skiljaktiga
818 725 85 28 mening

145 758 89 29 inflyter,
248 761 56 21 samt
318 761 33 21 att
365 760 59 22 detta
438 760 109 27 protokoll
559 760 80 28 jemväl
652 759 40 23 bör
706 759 8 22 i
730 759 173 23 förekommande

145 792 38 23 fall
204 793 33 22 till
258 793 67 28 högre
346 794 123 28 myndighet
489 794 107 27 insändas,
617 794 41 22 har
679 794 106 22 utskottet
799 794 19 27 ej
833 793 70 23 funnit

145 827 47 22 skäl
207 828 32 21 att
252 826 78 23 föreslå
344 828 71 27 någon
430 827 89 28 ändring
533 828 9 21 i
557 828 69 22 denna
641 827 123 28 anordning.

213 861 11 22 I
246 861 12 28 &
281 861 27 22 14
329 861 39 22 har
389 861 106 22 utskottet
516 863 71 21 ansett
602 861 62 23 ordet
679 861 155 27 ,vintertiden*
849 860 54 23 böra

145 894 86 29 utbytas
252 897 46 20 mot
315 895 80 28 ,under
410 895 25 22 de
449 902 37 15 sex
495 895 78 28 första
588 896 151 25 månaderna",
755 895 88 23 emedan
857 894 46 23 ifall

143 929 132 28 justeringen
296 929 69 23 blefve
379 931 67 21 utsatt
460 929 33 23 till
508 931 58 22 årets
581 930 49 27 slut,
645 930 59 22 tiden
718 929 34 23 för
766 929 137 28 omjustering

146 962 22 23 af
185 963 28 22 då
228 963 78 22 krönta
320 964 60 27 mått,
395 964 68 28 vigter
478 964 40 23 och
533 964 193 28 vägningsredskap
741 963 71 23 kunde
826 969 77 22 genom

145 997 89 28 ändring
256 997 23 23 af
298 997 92 28 följande
406 998 151 28 justeringstur
573 998 125 29 framflyttas
712 1000 98 20 närmare
825 998 32 21 ett
870 997 31 22 år.

211 1031 44 22 För
278 1031 62 28 öfrigt
362 1032 39 22 har
422 1033 106 22 utskottet
549 1032 70 23 funnit
640 1033 47 22 skäl
701 1032 33 23 till
748 1031 104 24 särskilda
866 1037 36 16 an-

146 1065 136 28 märkningar
296 1068 45 20 mot
351 1066 40 22 den
401 1065 69 24 finska
479 1069 74 20 texten
563 1067 8 22 i
581 1067 62 22 dessa
651 1066 85 28 förslag,
751 1072 49 17 men
809 1065 48 23 icke
866 1071 36 16 an-

146 1101 43 20 sett
203 1099 36 22 det
253 1099 53 23 höra
320 1100 33 22 till
368 1100 32 23 sin
414 1101 83 28 uppgift
513 1103 32 20 att
563 1101 149 22 omformulera
728 1101 127 22 densamma.

214 1241 96 24 Emedan
332 1242 141 23 förhållandet
494 1243 80 22 mellan
596 1244 27 22 de
644 1244 102 22 metriska
768 1243 40 23 och
831 1243 27 22 de
875 1249 29 16 nu

146 1275 96 28 gällande
264 1277 63 22 mått-
348 1277 40 22 och
409 1277 161 28 vigtenheterna
591 1278 8 21 i
621 1278 115 23 allmänhet
753 1278 47 23 icke
814 1277 90 29 kanfjut-

145 1309 85 29 tryckas
252 1311 132 22 annorlunda
406 1313 27 20 än
455 1317 78 22 genom
553 1311 132 24 irrationella
706 1313 38 27 tal,
764 1312 26 23 de
805 1312 38 22 der
856 1311 48 23 icke

145 1343 73 23 kunna
238 1344 50 23 med
308 1344 85 23 absolut
410 1345 135 28 noggranhet
559 1347 91 27 uttagas,
665 1346 75 23 blifver
755 1352 27 16 en
794 1345 110 29 jemkning

145 1377 71 28 nödig,
230 1378 86 23 hvilken
329 1379 29 28 på
372 1385 81 16 samma
467 1380 56 27 gång
537 1379 90 24 innebär
641 1386 26 16 en
682 1380 123 27 förändring
817 1379 22 23 af
848 1379 57 23 skat-

145 1413 42 21 ten.
215 1411 64 27 ,Med
292 1412 99 23 afseende
406 1413 51 22 derå
471 1415 34 20 att
519 1414 83 23 mindre
617 1414 169 28 skiljaktigheter
800 1413 36 23 vid
846 1413 59 29 jord-

145 1445 97 23 skattens
257 1447 119 28 evalvering
390 1447 34 22 till
438 1447 100 23 metriskt
551 1449 56 22 mätt
621 1448 40 23 och
676 1448 44 28 vigt
735 1449 19 27 ej
769 1448 73 23 kunna
852 1447 52 23 und-

215 1485 191 20 Ekonomiutskottets
419 1487 118 19 betänkande
547 1488 38 18 N:o
597 1487 18 18 2.
