1078 1692
309 150 3 2 *
328 148 24 18 D.
363 148 24 19 B.
400 157 20 5 —
430 147 65 25 Prop.
508 145 56 23 N:ris
576 150 23 17 16
611 141 36 36 och
659 141 31 36 37.
840 151 22 18 49

341 211 59 21 egare
414 206 58 27 förty
485 206 37 22 vid
535 206 124 28 afverkning
673 207 53 26 från
740 210 36 24 yta
790 208 28 26 af
820 207 66 22 minst

342 239 28 21 tio
385 239 126 22 tunnelands
524 240 51 21 vidd
584 235 61 36 eller.
653 235 51 36 främ
719 240 78 27 holme,
806 241 10 21 i
825 240 63 22 hvars

342 272 77 22 närhet,
431 273 52 27 skog
497 274 19 26 ej
529 275 71 25 väver,
615 274 53 22 tillse
683 275 59 21 att:
733 268 11 38 &
751 274 92 27 marken,
851 275 39 21 så-

343 306 44 21 vidt
408 307 41 22 den
470 307 19 26 e
511 307 76 22 brukas
602 308 32 20 till
648 307 110 28 trädgård,
776 299 51 40 åker
839 299 53 40 eller

344 342 49 25 äng,
415 340 49 21 eller
485 342 106 20 användes
612 342 31 20 till
664 342 157 27 byggnadstomt
841 342 49 21 eller

345 376 65 19 annat
424 374 65 27 dylikt
504 376 107 26 ändamål,
626 376 86 25 fröträd
725 376 130 26 gvarlemnas
862 376 27 21 el-

346 408 29 20 ler
397 414 71 16 annan
489 408 78 27 åtgärd
588 409 36 26 för
645 409 140 27 befordrande
806 410 24 26 af
843 409 46 22 sko-

344 448 52 20 gens.
416 442 97 21 återväxt
533 443 97 27 vidtages.
675 442 119 22 Uraktlätes
815 453 25 7 —
858 449 32 11 '—

346 482 18 15 0.
379 483 16 14 8.
411 483 18 14 v.
445 475 63 28 enligt
520 477 168 26 propositionen;
703 479 55 19 samt

382 511 29 19 att
432 510 169 27 paragrafernas
621 511 152 27 nummerföljd
794 511 8 21 i
823 511 69 21 betän-

348 544 75 21 kandet
445 544 36 21 ock
503 544 177 28 hänvisningarne
700 544 32 22 till
750 544 67 22 andra
828 551 64 20 para-

347 578 80 26 grafer,
449 578 37 21 der
501 578 58 21 desse
573 578 135 26 förekomma,
720 574 70 57 blefve
804 578 9 21 i
827 578 65 26 enlig-

350 611 33 21 het
397 611 88 22 härmed
499 612 100 21 ändrade.

215 674 53 29 Karl
284 674 115 23 Fabritius.
639 674 50 23 Carl
704 674 123 24 Nummelin.

434 829 175 24 Reservation.

219 885 74 22 Redan
314 885 36 22 vid
370 886 59 21 tiden
449 885 34 21 för
505 885 112 21 stiftandet
635 885 22 21 af
672 886 54 21 1734
740 885 35 21 års
790 885 35 26 lag
839 888 61 23 synes

151 925 49 15 man
221 919 64 22 hafva
302 919 101 22 förutsatt
418 925 26 15 en
459 919 24 21 så
497 919 60 26 långt
572 919 140 21 framskriden
724 918 129 27 jordkultur,
869 919 32 19 att

152 953 124 26 svedjandet
290 953 7 20 i
312 953 154 21 vidsträcktare
475 953 49 20 mån
532 953 47 20 ieke
587 953 72 26 längre
666 953 68 20 borde
741 951 159 28 ifrågakomma.

153 987 50 20 Med
227 987 99 20 afseende
340 987 52 21 härå
406 987 92 20 infördes
513 987 63 20 äfven
591 987 7 20 i
615 987 26 20 14
655 987 49 26 kap.
720 987 24 20 B:
760 986 24 21 B.
799 987 32 20 ett
845 985 57 21 stad-

153 1020 75 27 gande,
242 1020 137 27 hvarigenom
394 1020 38 21 allt
447 1020 120 27 svedjande,
582 1026 46 15 som
642 1020 47 21 icke
704 1019 59 27 afsåg
777 1019 98 26 rödjning
883 1018 23 21 af

153 1054 85 26 ständig
252 1054 52 21 åker
318 1054 40 21 och
373 1055 41 25 äng
429 1056 55 19 samt
498 1054 75 26 nödigt
587 1054 99 25 mulbete,
701 1053 102 27 förbjöds.
825 1053 37 20 De
872 1057 32 16 se-

154 1088 96 24 dermera
271 1087 111 22 tillkomna
403 1087 151 26 författningar
575 1088 8 20 i
605 1089 70 20 ämnet
689 1087 64 21 hafva
768 1086 137 22 emellertid
893 1082 17 35 i

156 1121 116 26 väsendtlig
294 1121 50 21 mån
366 1121 96 26 utvidgat
477 1121 129 26 rättigheten
621 1123 32 19 att
667 1121 79 26 svedja.
777 1120 72 26 Enligt
862 1119 42 21 Nä-

155 1155 50 26 diga
218 1155 151 26 förordningen
384 1161 35 15 om
433 1155 106 26 skogarna
554 1155 8 20 i
576 1155 72 20 landet
662 1154 23 21 af
698 1155 41 20 den
754 1153 152 27 9.September

160 1189 50 22 1851
227 1191 23 19 är
265 1189 115 26 svedjande
393 1189 14 20 &
421 1188 64 21 frälse
500 1189 40 20 och
555 1188 117 27 skattejord
687 1188 67 21 under
769 1188 56 20 vissa
839 1187 67 20 vilkor

157 1222 40 27 och
218 1222 102 23 förbehåll
336 1222 8 21 i
358 1223 57 25 regel
430 1222 85 22 tillåtet.
544 1222 11 21 I
569 1222 53 27 följd
636 1222 62 21 häraf
712 1222 39 21 och
766 1222 26 20 de
807 1221 32 20 tid
853 1219 54 22 efter

157 1262 69 17 annan
249 1255 33 26 för
305 1261 26 15 en
353 1256 34 21 del
402 1256 119 21 landsorter
536 1256 106 26 medgifva
656 1255 107 22 lättnader
778 1254 130 22 beträffande

157 1289 147 28 skyldigheten
326 1291 32 19 att
380 1289 57 22 hälla
458 1289 134 27 svedjemark
609 1289 107 27 inhägnad
732 1289 39 21 och
786 1288 75 21 fredad
874 1287 34 21 för

158 1323 49 21 bete
218 1325 58 19 samt
291 1325 33 19 att
338 1323 47 21 frän
400 1323 51 21 sved
466 1325 50 24 taga
529 1323 52 21 flere
595 1323 95 26 skördar,
706 1323 40 21 har
760 1321 148 28 svedjebruket

158 1357 8 20 i
188 1356 50 21 flere
260 1357 58 21 delar
338 1357 23 21 af
381 1357 72 21 landet
470 1357 133 21 fortfarande
617 1357 111 21 bedrifvits
742 1357 7 20 i
764 1362 26 15 en
805 1355 105 21 utsträck-

158 1390 57 27 ning,
240 1396 45 17 som
308 1390 7 21 i
336 1391 34 20 sin
391 1391 47 20 män
462 1391 95 21 hämmat
575 1391 148 26 utvecklingen
738 1390 23 21 af
774 1391 31 20 ett
819 1388 91 22 ordnadt

157 1423 105 27 jordbruk
277 1423 40 21 och
324 1423 88 22 framför
420 1424 37 21 allt
468 1430 26 15 en
504 1425 92 26 ratione]
603 1424 204 27 skogshusbällning.
828 1422 84 24 Ehuru-

229 1463 45 20 Lag-
286 1463 30 16 och
329 1463 168 17 Ekonomiutskottets
508 1464 106 17 betänkande
626 1464 34 16 N:o
672 1464 17 15 3.
846 1484 13 16 4
