1078 1692
223 149 25 19 36
533 148 38 23 N:o
586 148 24 23 4.

194 213 24 22 af
234 213 74 23 hvilka
325 214 72 28 vigter
416 214 26 23 de
457 215 29 27 på
501 217 12 19 5
529 215 107 28 kilogram
650 215 39 22 och
704 214 99 23 deröfver
817 214 61 22 skola
891 220 53 16 vara

194 248 24 22 af
228 248 54 28 jern,
299 249 27 22 de
340 250 30 27 på
384 252 13 19 2
412 249 106 28 kilogram
534 250 39 22 och
589 250 105 22 derunder
709 250 34 22 till
754 250 39 21 och
802 250 48 22 med
861 252 10 19 1
884 256 60 21 gram

194 283 24 21 af
230 283 94 29 messing
338 286 56 20 samt
410 284 26 22 de
451 284 83 22 mindre
549 284 25 22 af
587 284 89 28 platina.

261 318 112 23 Justerare
396 320 29 26 på
445 320 76 22 landet
539 319 69 23 förses
623 320 28 27 på
666 320 84 21 statens
765 319 119 22 bekostnad
897 319 47 22 med

193 352 141 23 förenämnda
348 354 99 28 redskap,
464 354 89 22 hvilken
567 354 56 22 skall
638 360 54 17 vara
706 353 128 23 förtecknad
848 354 7 22 i
866 360 26 16 en
902 356 43 20 sär-

193 387 57 21 skild
265 387 182 29 inventariilängd
461 389 50 22 med
524 388 88 29 uppgift
627 396 32 15 om
674 388 156 28 inköpspriset;
844 389 38 21 och
892 388 53 28 älig-

193 428 39 21 ger
254 422 37 22 det
312 423 77 21 honom
404 424 33 21 att
451 423 147 29 omsorgsfullt
612 424 69 22 värda
696 423 70 28 sagda
780 424 90 27 redskap
890 425 55 20 samt

193 458 34 20 att
249 456 37 22 vid
308 457 34 22 sin
357 457 82 29 afgäng
459 458 50 22 från
528 458 152 28 befattningen
695 458 34 22 till
744 458 156 22 efterträdaren
915 458 30 22 öf-

193 491 109 23 verlemna
324 492 123 22 densamma
462 492 8 22 i
486 493 37 22 det
545 493 68 28 skick,
636 492 62 24 hvari
717 493 43 21 han
779 493 40 22 den
833 492 111 28 mottagit;

193 528 82 20 ersätte
290 533 79 16 annars
384 527 89 22 skadan.

539 586 13 26 $
569 587 32 20 13.

262 630 48 22 Den
331 630 38 23 vid
388 631 110 29 justering
520 631 25 23 af
565 632 143 22 arbetslikare
727 632 34 21 för
776 632 55 22 mätt
845 632 38 22 och
898 631 47 29 vigt

194 664 86 23 tillätna
295 666 78 28 högsta
388 666 105 23 afvikelse
508 667 36 21 mä
558 666 49 22 icke
622 666 122 28 öfverstiga
760 666 24 28 ?/;
801 666 24 22 af
837 666 57 22 hvad
909 666 36 22 vid

191 700 108 28 justering
314 700 25 22 af
352 701 150 22 motsvarande
518 701 108 22 allmänna
641 702 56 21 mätt
712 702 39 21 och
766 701 71 28 vigter
852 703 24 19 är
894 700 51 22 fast-

193 735 73 21 stälät.
296 735 44 21 För
362 735 72 28 vigter
456 736 69 22 under
541 738 10 20 1
568 743 61 21 gram
645 736 69 28 gäller
729 736 8 21 i
752 736 101 22 afseende
867 736 13 21 &
896 742 49 21 nog-

193 770 120 27 granheten
335 770 58 22 hvad
414 770 105 28 stadgadt
542 773 25 20 är
589 778 33 15 om
647 770 152 23 motsvarande
823 770 122 28 precisions-

194 804 78 28 vigter.

262 838 43 23 Vid
319 839 155 22 arbetslikares
487 840 109 27 justering
611 840 56 21 skall
682 840 58 21 föras
756 840 109 27 protokoll,
877 839 67 28 angif-

193 873 71 22 vande
278 873 96 23 likarens
388 873 106 24 afvikelse
509 874 50 23 frän
575 875 37 22 det
626 876 65 21 rätta.

539 939 13 26 8
569 940 34 20 14.

261 984 113 22 Justerare
396 984 29 28 pä
446 985 75 22 landet
542 985 40 22 bör
603 985 65 22 hvart
692 985 70 28 tredje
777 985 24 21 är
816 983 130 24 vintertiden

193 1019 57 22 inom
264 1019 76 28 hvarje
355 1019 34 22 till
404 1020 54 21 hans
474 1019 89 23 distrikt
577 1020 95 22 hörande
688 1020 99 21 kommun
797 1020 28 27 pä
837 1019 110 22 bestämda

195 1054 107 28 terminer,
326 1054 75 22 hvilka
423 1054 66 23 minst
503 1055 81 28 fjorton
599 1055 69 28 dagar
683 1054 60 22 förut
757 1054 60 22 skola
831 1054 115 27 kungöras,

194 1089 119 22 verkställa
326 1089 109 28 justering
449 1089 24 22 af
487 1090 62 27 mätt,
565 1089 72 28 vigter
652 1089 39 22 och
706 1089 208 28 vägningsredskap.

263 1123 33 22 De
312 1124 25 21 är
349 1123 180 28 justeringsresor
544 1124 49 22 icke
607 1125 85 21 komma
703 1125 34 20 att
746 1123 135 28 verkställas,
892 1122 56 23 skall

193 1158 122 27 justeraren
331 1158 14 21 &
360 1158 39 21 tvä
415 1158 107 27 terminer,
539 1158 41 23 den
595 1165 42 15 ena
652 1165 33 15 om
701 1158 85 22 vintern
802 1157 39 22 och
856 1157 41 22 den
912 1163 36 15 an-

196 1192 38 22 dra
257 1198 33 15 om
311 1198 124 22 sommaren,
455 1194 34 21 tre
505 1193 69 28 dagar
589 1193 107 22 hvardera
711 1193 94 27 gängen,
820 1198 53 15 vara
887 1191 8 22 i
910 1191 40 22 sitt

195 1226 93 23 hemvist
310 1227 125 28 tillgänglig
449 1227 35 22 för
499 1227 54 28 dem,
569 1235 44 15 som
629 1228 69 21 önska
714 1227 68 22 anlita
798 1227 52 22 hans
865 1225 85 23 biträde

195 1261 8 22 i
218 1261 103 22 afseende
344 1262 13 21 ä
374 1261 119 29 justering;
515 1263 96 22 börande
625 1261 82 29 jemväl
722 1261 62 23 dessa
799 1260 102 23 terminer
916 1266 34 22 ge-

195 1302 49 16 nom
266 1295 65 23 minst
353 1297 27 20 14
403 1296 69 29 dagar
491 1296 59 23 förut
572 1297 68 22 skedd
655 1296 138 28 kungörelse'
808 1295 143 22 allmänheten

197 1330 113 29 delgifvas.

546 1391 13 25 s
576 1391 33 20 15.

264 1430 85 28 Hvarje
369 1431 108 27 justerare
500 1429 56 22 skall
579 1429 84 28 årligen
678 1429 47 22 före
742 1429 40 22 den
799 1431 25 19 16
845 1428 59 22 Mars
919 1427 33 22 till

198 1464 287 28 Justeringskommissionen
501 1463 97 28 insända,
615 1464 69 28 enligt
699 1464 25 21 af
735 1461 218 30 Justeringskommis-
