1078 1692
276 136 80 23 Ständ.
373 137 37 23 Sv.
426 149 28 3 —
469 138 70 27 Prop.
556 138 61 22 N:ris
633 138 27 22 16
675 138 45 22 och
734 138 33 22 37.
845 139 25 21 17

285 200 85 28 lingens
380 200 70 27 kyrka
461 200 35 21 vid
507 200 98 28 lämpligt
613 200 42 21 vite
665 200 20 28 ej
695 200 94 22 allenast
798 200 102 28 förbjuda

285 234 41 21 allt
347 234 126 28 skogshygge
495 234 36 21 till
553 234 74 27 afsalu
646 234 54 27 från
715 234 42 22 den
771 234 68 26 mark,
856 242 44 14 som

285 268 55 21 skall
355 268 84 27 skiftas,
455 270 58 19 utan
528 268 42 26 ock,
584 268 28 21 dä
627 268 23 21 sä
660 268 75 28 nödigt
745 268 98 28 pröfvas,
855 268 44 27 för-

286 302 70 21 ordna
372 302 60 22 huru
446 302 76 28 skogen
538 302 71 22 under
624 303 59 21 tiden
698 303 36 21 mä
750 302 33 22 till
797 302 106 28 husbehof

286 336 112 28 begagnas.

559 384 17 23 $
590 383 35 19 10.

346 426 78 27 Träffa
447 433 62 21 egare
531 426 28 27 af
578 426 50 27 flere
650 426 122 28 lägenheter
794 426 106 28 öfverens-

287 460 111 22 kommelse
415 462 33 20 att
462 460 35 27 för
513 460 67 21 bättre
593 460 143 28 hushållning
746 461 47 21 med
803 460 36 22 och
849 461 53 21 vård

288 502 33 14 om
346 494 165 28 lägenheternas
533 494 97 22 enskilda
652 494 76 28 skogar
751 495 64 21 ställa
833 496 69 20 större

287 528 51 21 eller
360 528 85 21 mindre
468 528 33 21 del
524 528 27 27 af
570 529 107 21 desamma
697 529 71 21 under
781 536 121 20 gemensam

288 562 143 28 förvaltning,
454 562 56 22 skall
532 562 77 28 aftalet
627 563 76 21 härom
718 563 46 21 med
778 563 73 21 dertill
865 563 35 21 hö-

290 596 68 21 rande
373 596 70 21 vilkor
458 596 36 20 och
510 596 70 28 beting
595 596 123 28 skriftligen
732 596 97 28 affattas.

345 630 49 21 Slik
409 630 213 27 öfverenskommelse,
631 637 43 14 som
689 630 81 28 ingåtts
786 630 27 28 af
825 630 77 22 krono-

290 664 111 22 hemmans
412 664 37 21 åbo
458 664 133 27 beträffande
601 664 60 28 dylik
672 664 108 28 lägenhets
789 664 54 28 skog,
852 672 51 14 vare

289 698 51 22 dock
356 698 61 28 ogild,
433 698 94 27 såframt
541 699 20 27 ej
575 698 62 28 bifall
652 698 72 22 dertill
738 699 9 20 i
762 698 83 28 behörig
856 699 47 21 ord-

290 733 54 27 ning
360 732 103 22 erhållits.

563 780 17 22 8
597 777 31 21 11.

347 818 34 25 Är
396 823 71 20 sådan
489 822 213 27 öfverenskommelse,
719 823 88 21 hvarom
822 823 9 20 i
845 826 17 22 $
876 825 28 19 10

290 857 92 27 stadgas,
399 857 117 27 ingången,
533 856 36 21 och
585 856 93 27 befinnes
692 857 42 20 den
749 857 113 21 innehålla
874 856 30 21 be-

292 891 118 20 stämmelse
428 891 81 27 jemväl
531 897 33 14 om
583 891 58 20 tiden
656 891 35 26 för
706 891 88 27 aftalets
807 891 98 27 fortvaro

288 925 65 27 jemte
375 925 112 27 nöjaktiga
507 925 98 27 grunder
619 925 35 27 för
669 925 93 21 slitande
778 925 27 27 af
817 925 24 21 de
855 925 49 21 stri-

292 959 100 28 digheter,
416 959 73 21 hvilka
511 959 9 20 i
542 959 120 27 anledning
681 959 28 27 af
720 959 88 28 skogens
821 965 84 22 gemen-

292 1000 83 14 samma
390 993 136 28 förvaltning
541 993 78 21 kunna
634 993 78 27 uppstå
726 993 91 21 emellan
825 993 81 28 delega-

293 1034 56 19 rene,
373 1027 35 21 mä
431 1027 134 27 stadfästelse
583 1027 51 21 derä
648 1027 28 27 af
688 1027 88 21 domstol
790 1027 116 26 meddelas;

292 1061 38 21 och
352 1061 56 22 skall
423 1061 128 27 protokollet
572 1061 27 27 af
619 1061 116 22 domstolen
750 1061 108 21 insändas
874 1061 33 21 till

294 1095 221 26 länelandtmätaren,
539 1095 86 21 hvilken
640 1095 80 28 åligger
734 1097 34 20 att
782 1095 36 27 för
832 1095 75 28 hvarje

293 1130 75 21 socken
384 1129 49 27 föra
449 1129 88 28 register
553 1129 58 28 öfver
626 1129 73 27 dylika
710 1129 197 27 öfverenskommel-

293 1171 34 14 ser
342 1163 37 22 och
394 1163 67 21 derwr
484 1163 71 22 lemna
577 1163 79 28 utdrag
671 1164 23 20 åt
709 1163 89 26 enhvar,
814 1170 45 13 som
874 1163 33 20 så-

293 1198 56 21 dant
364 1197 113 22 åstundar.

569 1245 16 23 $
600 1243 33 20 12.

352 1288 65 27 Efter
428 1287 151 28 stadfästelsen
586 1294 91 15 vunnen
684 1287 90 28 egande-
784 1287 51 20 eller
843 1287 65 26 pant-

296 1324 45 19 rätt
364 1322 33 21 till
420 1322 73 28 någon
515 1322 28 27 af
562 1323 24 20 de
605 1322 127 28 lägenheter,
755 1321 84 22 hvilkas
861 1320 49 28 skog

295 1357 62 20 stälts
375 1357 72 20 under
460 1363 122 20 gemensam
601 1356 141 27 förvaltning,
759 1355 118 27 berättigar
890 1354 21 27 ej

297 1391 33 20 till
350 1390 105 27 brytande
475 1390 28 27 af
517 1390 35 21 det
566 1391 71 20 derom
657 1390 92 27 träffade
764 1389 57 28 aftal
836 1389 75 20 innan

296 1425 42 20 den
353 1424 97 27 aftalade
467 1424 58 21 tiden
541 1424 156 27 tilländalupit.

844 1463 10 16 2
