<?xml version="1.0" encoding="UTF-8"?>
<alto xmlns="http://www.loc.gov/standards/alto/ns-v3#" xmlns:xlink="http://www.w3.org/1999/xlink" xmlns:xsi="http://www.w3.org/2001/XMLSchema-instance" xsi:schemaLocation="http://www.loc.gov/standards/alto/ns-v3# http://www.loc.gov/alto/v3/alto-3-0.xsd">
	<Description>
		<MeasurementUnit>pixel</MeasurementUnit>
		<sourceImageInformation>
			<fileName>/tmp/tess_v89l7qzq_input.PNG</fileName>
		</sourceImageInformation>
		<OCRProcessing ID="OCR_0">
			<ocrProcessingStep>
				<processingSoftware>
					<softwareName>tesseract 5.3.4</softwareName>
				</processingSoftware>
			</ocrProcessingStep>
		</OCRProcessing>
	</Description>
	<Layout>
		<Page WIDTH="1078" HEIGHT="1692" PHYSICAL_IMG_NR="0" ID="page_0">
			<PrintSpace HPOS="0" VPOS="0" WIDTH="1078" HEIGHT="1692">
				<ComposedBlock ID="cblock_0" HPOS="322" VPOS="146" WIDTH="542" HEIGHT="24">
					<TextBlock ID="block_0" HPOS="322" VPOS="146" WIDTH="542" HEIGHT="24">
						<TextLine ID="line_0" HPOS="322" VPOS="146" WIDTH="542" HEIGHT="24">
							<String ID="string_0" HPOS="322" VPOS="147" WIDTH="26" HEIGHT="19" WC="0.88" CONTENT="U."/><SP WIDTH="12" VPOS="147" HPOS="348"/>
							<String ID="string_1" HPOS="360" VPOS="146" WIDTH="22" HEIGHT="19" WC="0.91" CONTENT="B."/><SP WIDTH="14" VPOS="146" HPOS="382"/>
							<String ID="string_2" HPOS="396" VPOS="156" WIDTH="22" HEIGHT="4" WC="0.91" CONTENT="—"/><SP WIDTH="12" VPOS="156" HPOS="418"/>
							<String ID="string_3" HPOS="430" VPOS="146" WIDTH="61" HEIGHT="24" WC="0.93" CONTENT="Prop:"/><SP WIDTH="12" VPOS="146" HPOS="491"/>
							<String ID="string_4" HPOS="503" VPOS="146" WIDTH="56" HEIGHT="19" WC="0.78" CONTENT="Nrris"/><SP WIDTH="8" VPOS="146" HPOS="559"/>
							<String ID="string_5" HPOS="567" VPOS="146" WIDTH="28" HEIGHT="19" WC="0.96" CONTENT="16"/><SP WIDTH="12" VPOS="146" HPOS="595"/>
							<String ID="string_6" HPOS="607" VPOS="146" WIDTH="40" HEIGHT="19" WC="0.92" CONTENT="och"/><SP WIDTH="9" VPOS="146" HPOS="647"/>
							<String ID="string_7" HPOS="656" VPOS="146" WIDTH="34" HEIGHT="19" WC="0.94" CONTENT="37."/><SP WIDTH="150" VPOS="146" HPOS="690"/>
							<String ID="string_8" HPOS="840" VPOS="146" WIDTH="24" HEIGHT="18" WC="0.96" CONTENT="19"/>
						</TextLine>
					</TextBlock>
				</ComposedBlock>
				<ComposedBlock ID="cblock_1" HPOS="119" VPOS="203" WIDTH="855" HEIGHT="1284">
					<TextBlock ID="block_1" HPOS="119" VPOS="203" WIDTH="767" HEIGHT="89">
						<TextLine ID="line_1" HPOS="131" VPOS="203" WIDTH="755" HEIGHT="27">
							<String ID="string_9" HPOS="131" VPOS="204" WIDTH="11" HEIGHT="20" WC="0.92" CONTENT="I"/><SP WIDTH="23" VPOS="204" HPOS="142"/>
							<String ID="string_10" HPOS="165" VPOS="204" WIDTH="216" HEIGHT="21" WC="0.89" CONTENT="öfverensstämmelse"/><SP WIDTH="22" VPOS="204" HPOS="381"/>
							<String ID="string_11" HPOS="403" VPOS="204" WIDTH="48" HEIGHT="21" WC="0.96" CONTENT="med"/><SP WIDTH="22" VPOS="204" HPOS="451"/>
							<String ID="string_12" HPOS="473" VPOS="204" WIDTH="41" HEIGHT="21" WC="0.96" CONTENT="den"/><SP WIDTH="22" VPOS="204" HPOS="514"/>
							<String ID="string_13" HPOS="536" VPOS="204" WIDTH="96" HEIGHT="26" WC="0.95" CONTENT="ändring,"/><SP WIDTH="20" VPOS="204" HPOS="632"/>
							<String ID="string_14" HPOS="652" VPOS="210" WIDTH="44" HEIGHT="15" WC="0.96" CONTENT="som"/><SP WIDTH="18" VPOS="210" HPOS="696"/>
							<String ID="string_15" HPOS="714" VPOS="204" WIDTH="8" HEIGHT="20" WC="0.38" CONTENT="i"/><SP WIDTH="10" VPOS="204" HPOS="722"/>
							<String ID="string_16" HPOS="732" VPOS="203" WIDTH="64" HEIGHT="22" WC="0.91" CONTENT="ofvan"/><SP WIDTH="15" VPOS="203" HPOS="796"/>
							<String ID="string_17" HPOS="811" VPOS="203" WIDTH="75" HEIGHT="21" WC="0.92" CONTENT="anförd"/>
						</TextLine>
						<TextLine ID="line_2" HPOS="119" VPOS="237" WIDTH="767" HEIGHT="28">
							<String ID="string_18" HPOS="119" VPOS="238" WIDTH="81" HEIGHT="21" WC="0.41" CONTENT="måtto"/><SP WIDTH="22" VPOS="238" HPOS="200"/>
							<String ID="string_19" HPOS="222" VPOS="238" WIDTH="66" HEIGHT="27" WC="0.95" CONTENT="gjorts"/><SP WIDTH="18" VPOS="238" HPOS="288"/>
							<String ID="string_20" HPOS="306" VPOS="238" WIDTH="8" HEIGHT="20" WC="0.93" CONTENT="i"/><SP WIDTH="17" VPOS="238" HPOS="314"/>
							<String ID="string_21" HPOS="331" VPOS="238" WIDTH="66" HEIGHT="26" WC="0.96" CONTENT="sagda"/><SP WIDTH="13" VPOS="238" HPOS="397"/>
							<String ID="string_22" HPOS="410" VPOS="239" WIDTH="99" HEIGHT="25" WC="0.96" CONTENT="moment,"/><SP WIDTH="16" VPOS="239" HPOS="509"/>
							<String ID="string_23" HPOS="525" VPOS="238" WIDTH="40" HEIGHT="21" WC="0.93" CONTENT="har"/><SP WIDTH="15" VPOS="238" HPOS="565"/>
							<String ID="string_24" HPOS="580" VPOS="237" WIDTH="62" HEIGHT="21" WC="0.96" CONTENT="äfven"/><SP WIDTH="14" VPOS="237" HPOS="642"/>
							<String ID="string_25" HPOS="656" VPOS="238" WIDTH="38" HEIGHT="20" WC="0.93" CONTENT="det"/><SP WIDTH="14" VPOS="238" HPOS="694"/>
							<String ID="string_26" HPOS="708" VPOS="237" WIDTH="69" HEIGHT="27" WC="0.93" CONTENT="tredje"/><SP WIDTH="15" VPOS="237" HPOS="777"/>
							<String ID="string_27" HPOS="792" VPOS="242" WIDTH="94" HEIGHT="16" WC="0.91" CONTENT="momen-"/>
						</TextLine>
						<TextLine ID="line_3" HPOS="131" VPOS="271" WIDTH="175" HEIGHT="21">
							<String ID="string_28" HPOS="131" VPOS="272" WIDTH="34" HEIGHT="20" WC="0.93" CONTENT="tet"/><SP WIDTH="13" VPOS="272" HPOS="165"/>
							<String ID="string_29" HPOS="178" VPOS="271" WIDTH="128" HEIGHT="21" WC="0.92" CONTENT="förändrats."/>
						</TextLine>
					</TextBlock>
					<TextBlock ID="block_2" HPOS="132" VPOS="304" WIDTH="835" HEIGHT="63">
						<TextLine ID="line_4" HPOS="201" VPOS="304" WIDTH="749" HEIGHT="29">
							<String ID="string_30" HPOS="201" VPOS="305" WIDTH="43" HEIGHT="21" WC="0.88" CONTENT="Det"/><SP WIDTH="21" VPOS="305" HPOS="244"/>
							<String ID="string_31" HPOS="265" VPOS="305" WIDTH="110" HEIGHT="21" WC="0.96" CONTENT="härstädes"/><SP WIDTH="17" VPOS="305" HPOS="375"/>
							<String ID="string_32" HPOS="392" VPOS="306" WIDTH="124" HEIGHT="26" WC="0.96" CONTENT="begagnade"/><SP WIDTH="19" VPOS="306" HPOS="516"/>
							<String ID="string_33" HPOS="535" VPOS="305" WIDTH="108" HEIGHT="27" WC="0.93" CONTENT="uttrycket"/><SP WIDTH="15" VPOS="305" HPOS="643"/>
							<String ID="string_34" HPOS="658" VPOS="300" WIDTH="18" HEIGHT="37" WC="0.81" CONTENT=",,"/><SP WIDTH="-4" VPOS="300" HPOS="676"/>
							<String ID="string_35" HPOS="672" VPOS="307" WIDTH="71" HEIGHT="25" WC="0.93" CONTENT="öppna"/><SP WIDTH="14" VPOS="307" HPOS="743"/>
							<String ID="string_36" HPOS="757" VPOS="304" WIDTH="74" HEIGHT="22" WC="0.92" CONTENT="mark*"/><SP WIDTH="16" VPOS="304" HPOS="831"/>
							<String ID="string_37" HPOS="847" VPOS="304" WIDTH="39" HEIGHT="21" WC="0.96" CONTENT="har"/><SP WIDTH="14" VPOS="304" HPOS="886"/>
							<String ID="string_38" HPOS="900" VPOS="312" WIDTH="10" HEIGHT="21" WC="0.44" CONTENT="g"/><SP WIDTH="12" VPOS="312" HPOS="910"/>
							<String ID="string_39" HPOS="922" VPOS="310" WIDTH="28" HEIGHT="18" WC="0.94" CONTENT="35."/>
						</TextLine>
						<TextLine ID="line_5" HPOS="132" VPOS="339" WIDTH="835" HEIGHT="28">
							<String ID="string_40" HPOS="132" VPOS="341" WIDTH="83" HEIGHT="19" WC="0.96" CONTENT="ansetts"/><SP WIDTH="14" VPOS="341" HPOS="215"/>
							<String ID="string_41" HPOS="229" VPOS="339" WIDTH="54" HEIGHT="21" WC="0.93" CONTENT="böra"/><SP WIDTH="14" VPOS="339" HPOS="283"/>
							<String ID="string_42" HPOS="297" VPOS="339" WIDTH="85" HEIGHT="27" WC="0.91" CONTENT="utbytas"/><SP WIDTH="15" VPOS="339" HPOS="382"/>
							<String ID="string_43" HPOS="397" VPOS="341" WIDTH="58" HEIGHT="19" WC="0.93" CONTENT="emot"/><SP WIDTH="14" VPOS="341" HPOS="455"/>
							<String ID="string_44" HPOS="469" VPOS="339" WIDTH="90" HEIGHT="27" WC="0.71" CONTENT=",,hage&#39;&#39;."/><SP WIDTH="341" VPOS="339" HPOS="559"/>
							<String ID="string_45" HPOS="900" VPOS="345" WIDTH="18" HEIGHT="22" WC="0.85" CONTENT="($"/><SP WIDTH="12" VPOS="345" HPOS="918"/>
							<String ID="string_46" HPOS="930" VPOS="344" WIDTH="37" HEIGHT="23" WC="0.94" CONTENT="36)."/>
						</TextLine>
					</TextBlock>
					<TextBlock ID="block_3" HPOS="132" VPOS="372" WIDTH="836" HEIGHT="164">
						<TextLine ID="line_6" HPOS="202" VPOS="372" WIDTH="754" HEIGHT="29">
							<String ID="string_47" HPOS="202" VPOS="373" WIDTH="80" HEIGHT="21" WC="0.96" CONTENT="Minsta"/><SP WIDTH="21" VPOS="373" HPOS="282"/>
							<String ID="string_48" HPOS="303" VPOS="373" WIDTH="101" HEIGHT="27" WC="0.96" CONTENT="beloppet"/><SP WIDTH="21" VPOS="373" HPOS="404"/>
							<String ID="string_49" HPOS="425" VPOS="372" WIDTH="23" HEIGHT="22" WC="0.96" CONTENT="af"/><SP WIDTH="22" VPOS="372" HPOS="448"/>
							<String ID="string_50" HPOS="470" VPOS="373" WIDTH="25" HEIGHT="21" WC="0.96" CONTENT="de"/><SP WIDTH="22" VPOS="373" HPOS="495"/>
							<String ID="string_51" HPOS="517" VPOS="373" WIDTH="8" HEIGHT="21" WC="0.96" CONTENT="i"/><SP WIDTH="18" VPOS="373" HPOS="525"/>
							<String ID="string_52" HPOS="543" VPOS="373" WIDTH="70" HEIGHT="21" WC="0.93" CONTENT="denna"/><SP WIDTH="18" VPOS="373" HPOS="613"/>
							<String ID="string_53" HPOS="631" VPOS="373" WIDTH="11" HEIGHT="27" WC="0.73" CONTENT="$"/><SP WIDTH="18" VPOS="373" HPOS="642"/>
							<String ID="string_54" HPOS="660" VPOS="373" WIDTH="104" HEIGHT="26" WC="0.96" CONTENT="stadgade"/><SP WIDTH="14" VPOS="373" HPOS="764"/>
							<String ID="string_55" HPOS="778" VPOS="373" WIDTH="63" HEIGHT="22" WC="0.96" CONTENT="böter"/><SP WIDTH="14" VPOS="373" HPOS="841"/>
							<String ID="string_56" HPOS="855" VPOS="372" WIDTH="32" HEIGHT="21" WC="0.97" CONTENT="för"/><SP WIDTH="13" VPOS="372" HPOS="887"/>
							<String ID="string_57" HPOS="900" VPOS="380" WIDTH="10" HEIGHT="21" WC="0.85" CONTENT="s"/><SP WIDTH="12" VPOS="380" HPOS="910"/>
							<String ID="string_58" HPOS="922" VPOS="378" WIDTH="34" HEIGHT="22" WC="0.90" CONTENT="36;"/>
						</TextLine>
						<TextLine ID="line_7" HPOS="133" VPOS="406" WIDTH="835" HEIGHT="29">
							<String ID="string_59" HPOS="133" VPOS="406" WIDTH="83" HEIGHT="27" WC="0.90" CONTENT="olofligt"/><SP WIDTH="16" VPOS="406" HPOS="216"/>
							<String ID="string_60" HPOS="232" VPOS="407" WIDTH="116" HEIGHT="27" WC="0.92" CONTENT="svedjande"/><SP WIDTH="18" VPOS="407" HPOS="348"/>
							<String ID="string_61" HPOS="366" VPOS="407" WIDTH="52" HEIGHT="21" WC="0.93" CONTENT="eller"/><SP WIDTH="13" VPOS="407" HPOS="418"/>
							<String ID="string_62" HPOS="431" VPOS="406" WIDTH="104" HEIGHT="28" WC="0.92" CONTENT="kyttande"/><SP WIDTH="15" VPOS="406" HPOS="535"/>
							<String ID="string_63" HPOS="550" VPOS="407" WIDTH="14" HEIGHT="21" WC="0.92" CONTENT="å"/><SP WIDTH="14" VPOS="407" HPOS="564"/>
							<String ID="string_64" HPOS="578" VPOS="413" WIDTH="82" HEIGHT="15" WC="0.96" CONTENT="annans"/><SP WIDTH="16" VPOS="413" HPOS="660"/>
							<String ID="string_65" HPOS="676" VPOS="406" WIDTH="61" HEIGHT="22" WC="0.96" CONTENT="mark"/><SP WIDTH="15" VPOS="406" HPOS="737"/>
							<String ID="string_66" HPOS="752" VPOS="407" WIDTH="39" HEIGHT="21" WC="0.93" CONTENT="har"/><SP WIDTH="14" VPOS="407" HPOS="791"/>
							<String ID="string_67" HPOS="805" VPOS="406" WIDTH="83" HEIGHT="22" WC="0.92" CONTENT="utskot-"/><SP WIDTH="12" VPOS="406" HPOS="888"/>
							<String ID="string_68" HPOS="900" VPOS="414" WIDTH="18" HEIGHT="21" WC="0.58" CONTENT="(s"/><SP WIDTH="12" VPOS="414" HPOS="918"/>
							<String ID="string_69" HPOS="930" VPOS="412" WIDTH="38" HEIGHT="22" WC="0.96" CONTENT="37)."/>
						</TextLine>
						<TextLine ID="line_8" HPOS="132" VPOS="440" WIDTH="756" HEIGHT="28">
							<String ID="string_70" HPOS="132" VPOS="442" WIDTH="40" HEIGHT="25" WC="0.96" CONTENT="tet,"/><SP WIDTH="17" VPOS="442" HPOS="172"/>
							<String ID="string_71" HPOS="189" VPOS="441" WIDTH="53" HEIGHT="23" WC="0.96" CONTENT="med"/><SP WIDTH="18" VPOS="441" HPOS="242"/>
							<String ID="string_72" HPOS="260" VPOS="440" WIDTH="100" HEIGHT="22" WC="0.93" CONTENT="afseende"/><SP WIDTH="19" VPOS="440" HPOS="360"/>
							<String ID="string_73" HPOS="379" VPOS="441" WIDTH="13" HEIGHT="21" WC="0.91" CONTENT="å"/><SP WIDTH="15" VPOS="441" HPOS="392"/>
							<String ID="string_74" HPOS="407" VPOS="441" WIDTH="92" HEIGHT="21" WC="0.96" CONTENT="brottets"/><SP WIDTH="14" VPOS="441" HPOS="499"/>
							<String ID="string_75" HPOS="513" VPOS="441" WIDTH="146" HEIGHT="21" WC="0.96" CONTENT="beskaffenhet"/><SP WIDTH="15" VPOS="441" HPOS="659"/>
							<String ID="string_76" HPOS="674" VPOS="442" WIDTH="20" HEIGHT="26" WC="0.96" CONTENT="ej"/><SP WIDTH="15" VPOS="442" HPOS="694"/>
							<String ID="string_77" HPOS="709" VPOS="441" WIDTH="56" HEIGHT="21" WC="0.95" CONTENT="blott"/><SP WIDTH="14" VPOS="441" HPOS="765"/>
							<String ID="string_78" HPOS="779" VPOS="441" WIDTH="8" HEIGHT="20" WC="0.96" CONTENT="i"/><SP WIDTH="15" VPOS="441" HPOS="787"/>
							<String ID="string_79" HPOS="802" VPOS="440" WIDTH="39" HEIGHT="22" WC="0.96" CONTENT="och"/><SP WIDTH="14" VPOS="440" HPOS="841"/>
							<String ID="string_80" HPOS="855" VPOS="440" WIDTH="33" HEIGHT="21" WC="0.96" CONTENT="för"/>
						</TextLine>
						<TextLine ID="line_9" HPOS="133" VPOS="475" WIDTH="755" HEIGHT="27">
							<String ID="string_81" HPOS="133" VPOS="475" WIDTH="40" HEIGHT="27" WC="0.96" CONTENT="sig,"/><SP WIDTH="15" VPOS="475" HPOS="173"/>
							<String ID="string_82" HPOS="188" VPOS="476" WIDTH="52" HEIGHT="20" WC="0.96" CONTENT="utan"/><SP WIDTH="14" VPOS="476" HPOS="240"/>
							<String ID="string_83" HPOS="254" VPOS="475" WIDTH="63" HEIGHT="21" WC="0.96" CONTENT="äfven"/><SP WIDTH="14" VPOS="475" HPOS="317"/>
							<String ID="string_84" HPOS="331" VPOS="475" WIDTH="8" HEIGHT="21" WC="0.96" CONTENT="i"/><SP WIDTH="13" VPOS="475" HPOS="339"/>
							<String ID="string_85" HPOS="352" VPOS="475" WIDTH="134" HEIGHT="21" WC="0.95" CONTENT="förhållande"/><SP WIDTH="13" VPOS="475" HPOS="486"/>
							<String ID="string_86" HPOS="499" VPOS="475" WIDTH="34" HEIGHT="21" WC="0.96" CONTENT="till"/><SP WIDTH="15" VPOS="475" HPOS="533"/>
							<String ID="string_87" HPOS="548" VPOS="477" WIDTH="15" HEIGHT="19" WC="0.92" CONTENT="t."/><SP WIDTH="9" VPOS="477" HPOS="563"/>
							<String ID="string_88" HPOS="572" VPOS="481" WIDTH="26" HEIGHT="15" WC="0.96" CONTENT="ex"/><SP WIDTH="14" VPOS="481" HPOS="598"/>
							<String ID="string_89" HPOS="612" VPOS="476" WIDTH="27" HEIGHT="20" WC="0.96" CONTENT="de"/><SP WIDTH="14" VPOS="476" HPOS="639"/>
							<String ID="string_90" HPOS="653" VPOS="476" WIDTH="7" HEIGHT="20" WC="0.93" CONTENT="i"/><SP WIDTH="16" VPOS="476" HPOS="660"/>
							<String ID="string_91" HPOS="676" VPOS="475" WIDTH="12" HEIGHT="27" WC="0.93" CONTENT="$"/><SP WIDTH="14" VPOS="475" HPOS="688"/>
							<String ID="string_92" HPOS="702" VPOS="476" WIDTH="28" HEIGHT="20" WC="0.96" CONTENT="41"/><SP WIDTH="16" VPOS="476" HPOS="730"/>
							<String ID="string_93" HPOS="746" VPOS="476" WIDTH="7" HEIGHT="20" WC="0.96" CONTENT="i"/><SP WIDTH="15" VPOS="476" HPOS="753"/>
							<String ID="string_94" HPOS="768" VPOS="481" WIDTH="60" HEIGHT="21" WC="0.93" CONTENT="prop."/><SP WIDTH="17" VPOS="481" HPOS="828"/>
							<String ID="string_95" HPOS="845" VPOS="480" WIDTH="43" HEIGHT="15" WC="0.93" CONTENT="om-"/>
						</TextLine>
						<TextLine ID="line_10" HPOS="133" VPOS="508" WIDTH="690" HEIGHT="28">
							<String ID="string_96" HPOS="133" VPOS="509" WIDTH="94" HEIGHT="21" WC="0.96" CONTENT="nämnda"/><SP WIDTH="13" VPOS="509" HPOS="227"/>
							<String ID="string_97" HPOS="240" VPOS="509" WIDTH="117" HEIGHT="26" WC="0.96" CONTENT="förseelser,"/><SP WIDTH="16" VPOS="509" HPOS="357"/>
							<String ID="string_98" HPOS="373" VPOS="511" WIDTH="55" HEIGHT="24" WC="0.96" CONTENT="trott"/><SP WIDTH="13" VPOS="511" HPOS="428"/>
							<String ID="string_99" HPOS="441" VPOS="509" WIDTH="32" HEIGHT="27" WC="0.96" CONTENT="sig"/><SP WIDTH="14" VPOS="509" HPOS="473"/>
							<String ID="string_100" HPOS="487" VPOS="509" WIDTH="54" HEIGHT="21" WC="0.96" CONTENT="böra"/><SP WIDTH="15" VPOS="509" HPOS="541"/>
							<String ID="string_101" HPOS="556" VPOS="509" WIDTH="50" HEIGHT="27" WC="0.96" CONTENT="höja"/><SP WIDTH="13" VPOS="509" HPOS="606"/>
							<String ID="string_102" HPOS="619" VPOS="510" WIDTH="34" HEIGHT="20" WC="0.96" CONTENT="till"/><SP WIDTH="15" VPOS="510" HPOS="653"/>
							<String ID="string_103" HPOS="668" VPOS="509" WIDTH="72" HEIGHT="21" WC="0.96" CONTENT="femtio"/><SP WIDTH="16" VPOS="509" HPOS="740"/>
							<String ID="string_104" HPOS="756" VPOS="508" WIDTH="67" HEIGHT="22" WC="0.95" CONTENT="mark."/>
						</TextLine>
					</TextBlock>
					<TextBlock ID="block_4" HPOS="123" VPOS="542" WIDTH="845" HEIGHT="505">
						<TextLine ID="line_11" HPOS="203" VPOS="542" WIDTH="765" HEIGHT="28">
							<String ID="string_105" HPOS="203" VPOS="542" WIDTH="121" HEIGHT="28" WC="0.96" CONTENT="Utskottet]"/><SP WIDTH="14" VPOS="542" HPOS="324"/>
							<String ID="string_106" HPOS="338" VPOS="543" WIDTH="39" HEIGHT="21" WC="0.96" CONTENT="har"/><SP WIDTH="21" VPOS="543" HPOS="377"/>
							<String ID="string_107" HPOS="398" VPOS="543" WIDTH="40" HEIGHT="21" WC="0.96" CONTENT="här"/><SP WIDTH="21" VPOS="543" HPOS="438"/>
							<String ID="string_108" HPOS="459" VPOS="543" WIDTH="78" HEIGHT="27" WC="0.93" CONTENT="intagit"/><SP WIDTH="21" VPOS="543" HPOS="537"/>
							<String ID="string_109" HPOS="558" VPOS="543" WIDTH="220" HEIGHT="21" WC="0.68" CONTENT="straftbestämmelser"/><SP WIDTH="21" VPOS="543" HPOS="778"/>
							<String ID="string_110" HPOS="799" VPOS="543" WIDTH="90" HEIGHT="21" WC="0.92" CONTENT="allenast"/><SP WIDTH="11" VPOS="543" HPOS="889"/>
							<String ID="string_111" HPOS="900" VPOS="544" WIDTH="19" HEIGHT="22" WC="0.92" CONTENT="($"/><SP WIDTH="12" VPOS="544" HPOS="919"/>
							<String ID="string_112" HPOS="931" VPOS="542" WIDTH="37" HEIGHT="23" WC="0.96" CONTENT="39)."/>
						</TextLine>
						<TextLine ID="line_12" HPOS="131" VPOS="577" WIDTH="837" HEIGHT="27">
							<String ID="string_113" HPOS="131" VPOS="578" WIDTH="36" HEIGHT="21" WC="0.96" CONTENT="för"/><SP WIDTH="22" VPOS="578" HPOS="167"/>
							<String ID="string_114" HPOS="189" VPOS="578" WIDTH="27" HEIGHT="20" WC="0.96" CONTENT="de"/><SP WIDTH="21" VPOS="578" HPOS="216"/>
							<String ID="string_115" HPOS="237" VPOS="578" WIDTH="8" HEIGHT="20" WC="0.96" CONTENT="i"/><SP WIDTH="22" VPOS="578" HPOS="245"/>
							<String ID="string_116" HPOS="267" VPOS="577" WIDTH="24" HEIGHT="27" WC="0.79" CONTENT="$8"/><SP WIDTH="23" VPOS="577" HPOS="291"/>
							<String ID="string_117" HPOS="314" VPOS="578" WIDTH="34" HEIGHT="25" WC="0.96" CONTENT="22,"/><SP WIDTH="18" VPOS="578" HPOS="348"/>
							<String ID="string_118" HPOS="366" VPOS="578" WIDTH="32" HEIGHT="26" WC="0.88" CONTENT="27)"/><SP WIDTH="15" VPOS="578" HPOS="398"/>
							<String ID="string_119" HPOS="413" VPOS="577" WIDTH="40" HEIGHT="21" WC="0.96" CONTENT="och"/><SP WIDTH="15" VPOS="577" HPOS="453"/>
							<String ID="string_120" HPOS="468" VPOS="578" WIDTH="27" HEIGHT="20" WC="0.96" CONTENT="13"/><SP WIDTH="15" VPOS="578" HPOS="495"/>
							<String ID="string_121" HPOS="510" VPOS="577" WIDTH="24" HEIGHT="22" WC="0.96" CONTENT="af"/><SP WIDTH="13" VPOS="577" HPOS="534"/>
							<String ID="string_122" HPOS="547" VPOS="578" WIDTH="48" HEIGHT="21" WC="0.96" CONTENT="dess"/><SP WIDTH="14" VPOS="578" HPOS="595"/>
							<String ID="string_123" HPOS="609" VPOS="578" WIDTH="79" HEIGHT="26" WC="0.96" CONTENT="förslag"/><SP WIDTH="15" VPOS="578" HPOS="688"/>
							<String ID="string_124" HPOS="703" VPOS="577" WIDTH="128" HEIGHT="21" WC="0.93" CONTENT="omnämnda"/><SP WIDTH="14" VPOS="577" HPOS="831"/>
							<String ID="string_125" HPOS="845" VPOS="577" WIDTH="44" HEIGHT="26" WC="0.92" CONTENT="lag-"/><SP WIDTH="12" VPOS="577" HPOS="889"/>
							<String ID="string_126" HPOS="901" VPOS="578" WIDTH="19" HEIGHT="22" WC="0.93" CONTENT="($"/><SP WIDTH="11" VPOS="578" HPOS="920"/>
							<String ID="string_127" HPOS="931" VPOS="577" WIDTH="37" HEIGHT="22" WC="0.96" CONTENT="40)."/>
						</TextLine>
						<TextLine ID="line_13" HPOS="133" VPOS="611" WIDTH="755" HEIGHT="27">
							<String ID="string_128" HPOS="133" VPOS="611" WIDTH="193" HEIGHT="22" WC="0.91" CONTENT="öfverträdelserna"/><SP WIDTH="20" VPOS="611" HPOS="326"/>
							<String ID="string_129" HPOS="346" VPOS="611" WIDTH="114" HEIGHT="27" WC="0.89" CONTENT="svedjande"/><SP WIDTH="22" VPOS="611" HPOS="460"/>
							<String ID="string_130" HPOS="482" VPOS="612" WIDTH="40" HEIGHT="20" WC="0.90" CONTENT="och"/><SP WIDTH="21" VPOS="612" HPOS="522"/>
							<String ID="string_131" HPOS="543" VPOS="611" WIDTH="103" HEIGHT="27" WC="0.90" CONTENT="kyttande"/><SP WIDTH="22" VPOS="611" HPOS="646"/>
							<String ID="string_132" HPOS="668" VPOS="613" WIDTH="56" HEIGHT="19" WC="0.89" CONTENT="samt"/><SP WIDTH="21" VPOS="613" HPOS="724"/>
							<String ID="string_133" HPOS="745" VPOS="611" WIDTH="143" HEIGHT="27" WC="0.89" CONTENT="kalhuggning"/>
						</TextLine>
						<TextLine ID="line_14" HPOS="133" VPOS="644" WIDTH="756" HEIGHT="28">
							<String ID="string_134" HPOS="133" VPOS="645" WIDTH="69" HEIGHT="21" WC="0.96" CONTENT="under"/><SP WIDTH="14" VPOS="645" HPOS="202"/>
							<String ID="string_135" HPOS="216" VPOS="645" WIDTH="38" HEIGHT="21" WC="0.93" CONTENT="der"/><SP WIDTH="15" VPOS="645" HPOS="254"/>
							<String ID="string_136" HPOS="269" VPOS="644" WIDTH="86" HEIGHT="28" WC="0.92" CONTENT="angifna"/><SP WIDTH="13" VPOS="644" HPOS="355"/>
							<String ID="string_137" HPOS="368" VPOS="645" WIDTH="185" HEIGHT="27" WC="0.95" CONTENT="förutsättningar."/><SP WIDTH="30" VPOS="645" HPOS="553"/>
							<String ID="string_138" HPOS="583" VPOS="645" WIDTH="72" HEIGHT="22" WC="0.75" CONTENT="Skulle"/><SP WIDTH="14" VPOS="645" HPOS="655"/>
							<String ID="string_139" HPOS="669" VPOS="645" WIDTH="59" HEIGHT="27" WC="0.93" CONTENT="dylik"/><SP WIDTH="10" VPOS="645" HPOS="728"/>
							<String ID="string_140" HPOS="738" VPOS="645" WIDTH="151" HEIGHT="21" WC="0.91" CONTENT="öfverträdelse"/>
						</TextLine>
						<TextLine ID="line_15" HPOS="134" VPOS="679" WIDTH="755" HEIGHT="27">
							<String ID="string_141" HPOS="134" VPOS="679" WIDTH="71" HEIGHT="21" WC="0.70" CONTENT="tillika"/><SP WIDTH="21" VPOS="679" HPOS="205"/>
							<String ID="string_142" HPOS="226" VPOS="679" WIDTH="65" HEIGHT="27" WC="0.93" CONTENT="begås"/><SP WIDTH="22" VPOS="679" HPOS="291"/>
							<String ID="string_143" HPOS="313" VPOS="679" WIDTH="13" HEIGHT="21" WC="0.80" CONTENT="å"/><SP WIDTH="18" VPOS="679" HPOS="326"/>
							<String ID="string_144" HPOS="344" VPOS="686" WIDTH="69" HEIGHT="14" WC="0.93" CONTENT="annan"/><SP WIDTH="18" VPOS="686" HPOS="413"/>
							<String ID="string_145" HPOS="431" VPOS="679" WIDTH="96" HEIGHT="27" WC="0.96" CONTENT="tillhörig"/><SP WIDTH="15" VPOS="679" HPOS="527"/>
							<String ID="string_146" HPOS="542" VPOS="680" WIDTH="51" HEIGHT="21" WC="0.93" CONTENT="eller"/><SP WIDTH="16" VPOS="680" HPOS="593"/>
							<String ID="string_147" HPOS="609" VPOS="679" WIDTH="88" HEIGHT="22" WC="0.93" CONTENT="samfäld"/><SP WIDTH="13" VPOS="679" HPOS="697"/>
							<String ID="string_148" HPOS="710" VPOS="680" WIDTH="56" HEIGHT="26" WC="0.95" CONTENT="jord,"/><SP WIDTH="16" VPOS="680" HPOS="766"/>
							<String ID="string_149" HPOS="782" VPOS="679" WIDTH="27" HEIGHT="27" WC="0.97" CONTENT="pä"/><SP WIDTH="14" VPOS="679" HPOS="809"/>
							<String ID="string_150" HPOS="823" VPOS="680" WIDTH="43" HEIGHT="20" WC="0.89" CONTENT="sätt"/><SP WIDTH="15" VPOS="680" HPOS="866"/>
							<String ID="string_151" HPOS="881" VPOS="679" WIDTH="8" HEIGHT="20" WC="0.89" CONTENT="i"/>
						</TextLine>
						<TextLine ID="line_16" HPOS="135" VPOS="713" WIDTH="754" HEIGHT="28">
							<String ID="string_152" HPOS="135" VPOS="713" WIDTH="25" HEIGHT="28" WC="0.87" CONTENT="$$"/><SP WIDTH="23" VPOS="713" HPOS="160"/>
							<String ID="string_153" HPOS="183" VPOS="714" WIDTH="28" HEIGHT="21" WC="0.95" CONTENT="36"/><SP WIDTH="22" VPOS="714" HPOS="211"/>
							<String ID="string_154" HPOS="233" VPOS="713" WIDTH="40" HEIGHT="21" WC="0.96" CONTENT="och"/><SP WIDTH="18" VPOS="713" HPOS="273"/>
							<String ID="string_155" HPOS="291" VPOS="714" WIDTH="28" HEIGHT="21" WC="0.96" CONTENT="38"/><SP WIDTH="19" VPOS="714" HPOS="319"/>
							<String ID="string_156" HPOS="338" VPOS="714" WIDTH="36" HEIGHT="26" WC="0.96" CONTENT="(37"/><SP WIDTH="18" VPOS="714" HPOS="374"/>
							<String ID="string_157" HPOS="392" VPOS="713" WIDTH="40" HEIGHT="21" WC="0.96" CONTENT="och"/><SP WIDTH="15" VPOS="713" HPOS="432"/>
							<String ID="string_158" HPOS="447" VPOS="714" WIDTH="37" HEIGHT="25" WC="0.93" CONTENT="39)"/><SP WIDTH="15" VPOS="714" HPOS="484"/>
							<String ID="string_159" HPOS="499" VPOS="716" WIDTH="65" HEIGHT="24" WC="0.96" CONTENT="sagts,"/><SP WIDTH="16" VPOS="716" HPOS="564"/>
							<String ID="string_160" HPOS="580" VPOS="714" WIDTH="23" HEIGHT="21" WC="0.93" CONTENT="sä"/><SP WIDTH="14" VPOS="714" HPOS="603"/>
							<String ID="string_161" HPOS="617" VPOS="714" WIDTH="86" HEIGHT="20" WC="0.95" CONTENT="komme"/><SP WIDTH="15" VPOS="714" HPOS="703"/>
							<String ID="string_162" HPOS="718" VPOS="713" WIDTH="62" HEIGHT="21" WC="0.96" CONTENT="straff"/><SP WIDTH="12" VPOS="713" HPOS="780"/>
							<String ID="string_163" HPOS="792" VPOS="714" WIDTH="32" HEIGHT="20" WC="0.93" CONTENT="att"/><SP WIDTH="14" VPOS="714" HPOS="824"/>
							<String ID="string_164" HPOS="838" VPOS="713" WIDTH="51" HEIGHT="21" WC="0.92" CONTENT="ädö-"/>
						</TextLine>
						<TextLine ID="line_17" HPOS="134" VPOS="747" WIDTH="756" HEIGHT="27">
							<String ID="string_165" HPOS="134" VPOS="753" WIDTH="47" HEIGHT="16" WC="0.96" CONTENT="mas"/><SP WIDTH="15" VPOS="753" HPOS="181"/>
							<String ID="string_166" HPOS="196" VPOS="747" WIDTH="40" HEIGHT="21" WC="0.93" CONTENT="den"/><SP WIDTH="16" VPOS="747" HPOS="236"/>
							<String ID="string_167" HPOS="252" VPOS="747" WIDTH="96" HEIGHT="27" WC="0.92" CONTENT="skyldige"/><SP WIDTH="14" VPOS="747" HPOS="348"/>
							<String ID="string_168" HPOS="362" VPOS="748" WIDTH="134" HEIGHT="26" WC="0.92" CONTENT="naturligtvis"/><SP WIDTH="15" VPOS="748" HPOS="496"/>
							<String ID="string_169" HPOS="511" VPOS="748" WIDTH="49" HEIGHT="21" WC="0.93" CONTENT="med"/><SP WIDTH="10" VPOS="748" HPOS="560"/>
							<String ID="string_170" HPOS="570" VPOS="748" WIDTH="133" HEIGHT="26" WC="0.92" CONTENT="tillämpning"/><SP WIDTH="12" VPOS="748" HPOS="703"/>
							<String ID="string_171" HPOS="715" VPOS="747" WIDTH="23" HEIGHT="22" WC="0.96" CONTENT="af"/><SP WIDTH="8" VPOS="747" HPOS="738"/>
							<String ID="string_172" HPOS="746" VPOS="748" WIDTH="27" HEIGHT="20" WC="0.96" CONTENT="de"/><SP WIDTH="10" VPOS="748" HPOS="773"/>
							<String ID="string_173" HPOS="783" VPOS="748" WIDTH="107" HEIGHT="20" WC="0.96" CONTENT="allmänna"/>
						</TextLine>
						<TextLine ID="line_18" HPOS="135" VPOS="781" WIDTH="754" HEIGHT="26">
							<String ID="string_174" HPOS="135" VPOS="781" WIDTH="99" HEIGHT="26" WC="0.96" CONTENT="grunder,"/><SP WIDTH="16" VPOS="781" HPOS="234"/>
							<String ID="string_175" HPOS="250" VPOS="787" WIDTH="46" HEIGHT="15" WC="0.96" CONTENT="som"/><SP WIDTH="14" VPOS="787" HPOS="296"/>
							<String ID="string_176" HPOS="310" VPOS="781" WIDTH="36" HEIGHT="21" WC="0.93" CONTENT="vid"/><SP WIDTH="14" VPOS="781" HPOS="346"/>
							<String ID="string_177" HPOS="360" VPOS="782" WIDTH="200" HEIGHT="20" WC="0.85" CONTENT="sammanträftande"/><SP WIDTH="15" VPOS="782" HPOS="560"/>
							<String ID="string_178" HPOS="575" VPOS="782" WIDTH="23" HEIGHT="20" WC="0.96" CONTENT="af"/><SP WIDTH="13" VPOS="782" HPOS="598"/>
							<String ID="string_179" HPOS="611" VPOS="782" WIDTH="58" HEIGHT="21" WC="0.96" CONTENT="brott"/><SP WIDTH="14" VPOS="782" HPOS="669"/>
							<String ID="string_180" HPOS="683" VPOS="782" WIDTH="8" HEIGHT="20" WC="0.93" CONTENT="i"/><SP WIDTH="11" VPOS="782" HPOS="691"/>
							<String ID="string_181" HPOS="702" VPOS="782" WIDTH="76" HEIGHT="20" WC="0.95" CONTENT="sådant"/><SP WIDTH="12" VPOS="782" HPOS="778"/>
							<String ID="string_182" HPOS="790" VPOS="781" WIDTH="99" HEIGHT="21" WC="0.96" CONTENT="afseende"/>
						</TextLine>
						<TextLine ID="line_19" HPOS="123" VPOS="813" WIDTH="767" HEIGHT="30">
							<String ID="string_183" HPOS="123" VPOS="813" WIDTH="2" HEIGHT="3" WC="0.87" CONTENT="*"/><SP WIDTH="10" VPOS="813" HPOS="125"/>
							<String ID="string_184" HPOS="135" VPOS="814" WIDTH="63" HEIGHT="27" WC="0.92" CONTENT="gälla,"/><SP WIDTH="11" VPOS="814" HPOS="198"/>
							<String ID="string_185" HPOS="209" VPOS="817" WIDTH="52" HEIGHT="19" WC="0.96" CONTENT="utan"/><SP WIDTH="9" VPOS="817" HPOS="261"/>
							<String ID="string_186" HPOS="270" VPOS="817" WIDTH="33" HEIGHT="19" WC="0.93" CONTENT="att"/><SP WIDTH="10" VPOS="817" HPOS="303"/>
							<String ID="string_187" HPOS="313" VPOS="815" WIDTH="76" HEIGHT="21" WC="0.93" CONTENT="sådant"/><SP WIDTH="9" VPOS="815" HPOS="389"/>
							<String ID="string_188" HPOS="398" VPOS="815" WIDTH="101" HEIGHT="21" WC="0.92" CONTENT="behöfver"/><SP WIDTH="10" VPOS="815" HPOS="499"/>
							<String ID="string_189" HPOS="509" VPOS="816" WIDTH="7" HEIGHT="20" WC="0.96" CONTENT="i"/><SP WIDTH="11" VPOS="816" HPOS="516"/>
							<String ID="string_190" HPOS="527" VPOS="816" WIDTH="33" HEIGHT="27" WC="0.79" CONTENT="8:n"/><SP WIDTH="11" VPOS="816" HPOS="560"/>
							<String ID="string_191" HPOS="571" VPOS="816" WIDTH="100" HEIGHT="20" WC="0.96" CONTENT="särskildt"/><SP WIDTH="7" VPOS="816" HPOS="671"/>
							<String ID="string_192" HPOS="678" VPOS="816" WIDTH="100" HEIGHT="26" WC="0.93" CONTENT="påpekas."/><SP WIDTH="23" VPOS="816" HPOS="778"/>
							<String ID="string_193" HPOS="801" VPOS="814" WIDTH="89" HEIGHT="22" WC="0.92" CONTENT="Utskot-"/>
						</TextLine>
						<TextLine ID="line_20" HPOS="135" VPOS="848" WIDTH="755" HEIGHT="29">
							<String ID="string_194" HPOS="135" VPOS="850" WIDTH="33" HEIGHT="19" WC="0.96" CONTENT="tet"/><SP WIDTH="14" VPOS="850" HPOS="168"/>
							<String ID="string_195" HPOS="182" VPOS="849" WIDTH="39" HEIGHT="21" WC="0.93" CONTENT="har"/><SP WIDTH="15" VPOS="849" HPOS="221"/>
							<String ID="string_196" HPOS="236" VPOS="849" WIDTH="83" HEIGHT="21" WC="0.92" CONTENT="derföre"/><SP WIDTH="15" VPOS="849" HPOS="319"/>
							<String ID="string_197" HPOS="334" VPOS="849" WIDTH="115" HEIGHT="21" WC="0.92" CONTENT="utelemnat"/><SP WIDTH="14" VPOS="849" HPOS="449"/>
							<String ID="string_198" HPOS="463" VPOS="849" WIDTH="66" HEIGHT="21" WC="0.96" CONTENT="slutet"/><SP WIDTH="14" VPOS="849" HPOS="529"/>
							<String ID="string_199" HPOS="543" VPOS="849" WIDTH="24" HEIGHT="21" WC="0.93" CONTENT="af"/><SP WIDTH="13" VPOS="849" HPOS="567"/>
							<String ID="string_200" HPOS="580" VPOS="849" WIDTH="34" HEIGHT="28" WC="0.91" CONTENT="$:n"/><SP WIDTH="10" VPOS="849" HPOS="614"/>
							<String ID="string_201" HPOS="624" VPOS="851" WIDTH="58" HEIGHT="19" WC="0.93" CONTENT="emot"/><SP WIDTH="9" VPOS="851" HPOS="682"/>
							<String ID="string_202" HPOS="691" VPOS="849" WIDTH="87" HEIGHT="22" WC="0.91" CONTENT="hvilken"/><SP WIDTH="7" VPOS="849" HPOS="778"/>
							<String ID="string_203" HPOS="785" VPOS="848" WIDTH="105" HEIGHT="22" WC="0.93" CONTENT="utskottet"/>
						</TextLine>
						<TextLine ID="line_21" HPOS="135" VPOS="882" WIDTH="756" HEIGHT="28">
							<String ID="string_204" HPOS="135" VPOS="882" WIDTH="72" HEIGHT="22" WC="0.91" CONTENT="funnit"/><SP WIDTH="20" VPOS="882" HPOS="207"/>
							<String ID="string_205" HPOS="227" VPOS="883" WIDTH="33" HEIGHT="26" WC="0.93" CONTENT="sig"/><SP WIDTH="18" VPOS="883" HPOS="260"/>
							<String ID="string_206" HPOS="278" VPOS="883" WIDTH="80" HEIGHT="26" WC="0.92" CONTENT="jemväl"/><SP WIDTH="14" VPOS="883" HPOS="358"/>
							<String ID="string_207" HPOS="372" VPOS="883" WIDTH="52" HEIGHT="21" WC="0.92" CONTENT="böra"/><SP WIDTH="19" VPOS="883" HPOS="424"/>
							<String ID="string_208" HPOS="443" VPOS="883" WIDTH="109" HEIGHT="27" WC="0.92" CONTENT="anmärka,"/><SP WIDTH="18" VPOS="883" HPOS="552"/>
							<String ID="string_209" HPOS="570" VPOS="885" WIDTH="32" HEIGHT="20" WC="0.96" CONTENT="att"/><SP WIDTH="15" VPOS="885" HPOS="602"/>
							<String ID="string_210" HPOS="617" VPOS="883" WIDTH="36" HEIGHT="21" WC="0.96" CONTENT="det"/><SP WIDTH="14" VPOS="883" HPOS="653"/>
							<String ID="string_211" HPOS="667" VPOS="884" WIDTH="39" HEIGHT="20" WC="0.93" CONTENT="der"/><SP WIDTH="14" VPOS="884" HPOS="706"/>
							<String ID="string_212" HPOS="720" VPOS="885" WIDTH="81" HEIGHT="20" WC="0.92" CONTENT="utsatta"/><SP WIDTH="15" VPOS="885" HPOS="801"/>
							<String ID="string_213" HPOS="816" VPOS="883" WIDTH="75" HEIGHT="26" WC="0.93" CONTENT="högsta"/>
						</TextLine>
						<TextLine ID="line_22" HPOS="135" VPOS="916" WIDTH="754" HEIGHT="28">
							<String ID="string_214" HPOS="135" VPOS="917" WIDTH="163" HEIGHT="27" WC="0.86" CONTENT="bötesbeloppet"/><SP WIDTH="21" VPOS="917" HPOS="298"/>
							<String ID="string_215" HPOS="319" VPOS="917" WIDTH="33" HEIGHT="21" WC="0.92" CONTENT="för"/><SP WIDTH="20" VPOS="917" HPOS="352"/>
							<String ID="string_216" HPOS="372" VPOS="916" WIDTH="114" HEIGHT="28" WC="0.92" CONTENT="svedjande"/><SP WIDTH="23" VPOS="916" HPOS="486"/>
							<String ID="string_217" HPOS="509" VPOS="917" WIDTH="40" HEIGHT="21" WC="0.93" CONTENT="och"/><SP WIDTH="22" VPOS="917" HPOS="549"/>
							<String ID="string_218" HPOS="571" VPOS="917" WIDTH="102" HEIGHT="27" WC="0.49" CONTENT="kyttaände"/><SP WIDTH="19" VPOS="917" HPOS="673"/>
							<String ID="string_219" HPOS="692" VPOS="917" WIDTH="14" HEIGHT="21" WC="0.91" CONTENT="&amp;"/><SP WIDTH="17" VPOS="917" HPOS="706"/>
							<String ID="string_220" HPOS="723" VPOS="923" WIDTH="82" HEIGHT="16" WC="0.96" CONTENT="annans"/><SP WIDTH="17" VPOS="923" HPOS="805"/>
							<String ID="string_221" HPOS="822" VPOS="916" WIDTH="67" HEIGHT="27" WC="0.95" CONTENT="mark,"/>
						</TextLine>
						<TextLine ID="line_23" HPOS="136" VPOS="951" WIDTH="756" HEIGHT="28">
							<String ID="string_222" HPOS="136" VPOS="951" WIDTH="38" HEIGHT="21" WC="0.93" CONTENT="der"/><SP WIDTH="14" VPOS="951" HPOS="174"/>
							<String ID="string_223" HPOS="188" VPOS="951" WIDTH="98" HEIGHT="26" WC="0.92" CONTENT="grunden"/><SP WIDTH="14" VPOS="951" HPOS="286"/>
							<String ID="string_224" HPOS="300" VPOS="953" WIDTH="23" HEIGHT="22" WC="0.93" CONTENT="är"/><SP WIDTH="15" VPOS="953" HPOS="323"/>
							<String ID="string_225" HPOS="338" VPOS="951" WIDTH="71" HEIGHT="21" WC="0.92" CONTENT="dertill"/><SP WIDTH="14" VPOS="951" HPOS="409"/>
							<String ID="string_226" HPOS="423" VPOS="951" WIDTH="94" HEIGHT="27" WC="0.92" CONTENT="otjenlig,"/><SP WIDTH="12" VPOS="951" HPOS="517"/>
							<String ID="string_227" HPOS="529" VPOS="951" WIDTH="137" HEIGHT="28" WC="0.92" CONTENT="understiger&#39;"/><SP WIDTH="7" VPOS="951" HPOS="666"/>
							<String ID="string_228" HPOS="673" VPOS="951" WIDTH="37" HEIGHT="22" WC="0.93" CONTENT="det"/><SP WIDTH="10" VPOS="951" HPOS="710"/>
							<String ID="string_229" HPOS="720" VPOS="952" WIDTH="77" HEIGHT="26" WC="0.92" CONTENT="högsta"/><SP WIDTH="11" VPOS="952" HPOS="797"/>
							<String ID="string_230" HPOS="808" VPOS="957" WIDTH="84" HEIGHT="19" WC="0.91" CONTENT="ansvar,"/>
						</TextLine>
						<TextLine ID="line_24" HPOS="135" VPOS="985" WIDTH="757" HEIGHT="28">
							<String ID="string_231" HPOS="135" VPOS="991" WIDTH="48" HEIGHT="15" WC="0.96" CONTENT="som"/><SP WIDTH="14" VPOS="991" HPOS="183"/>
							<String ID="string_232" HPOS="197" VPOS="985" WIDTH="33" HEIGHT="21" WC="0.96" CONTENT="för"/><SP WIDTH="15" VPOS="985" HPOS="230"/>
							<String ID="string_233" HPOS="245" VPOS="985" WIDTH="62" HEIGHT="21" WC="0.93" CONTENT="dessa"/><SP WIDTH="11" VPOS="985" HPOS="307"/>
							<String ID="string_234" HPOS="318" VPOS="985" WIDTH="162" HEIGHT="22" WC="0.92" CONTENT="öfverträdelser"/><SP WIDTH="12" VPOS="985" HPOS="480"/>
							<String ID="string_235" HPOS="492" VPOS="986" WIDTH="120" HEIGHT="21" WC="0.91" CONTENT="oberoende"/><SP WIDTH="11" VPOS="986" HPOS="612"/>
							<String ID="string_236" HPOS="623" VPOS="986" WIDTH="23" HEIGHT="21" WC="0.93" CONTENT="af"/><SP WIDTH="9" VPOS="986" HPOS="646"/>
							<String ID="string_237" HPOS="655" VPOS="986" WIDTH="107" HEIGHT="27" WC="0.92" CONTENT="grundens"/><SP WIDTH="10" VPOS="986" HPOS="762"/>
							<String ID="string_238" HPOS="772" VPOS="985" WIDTH="120" HEIGHT="22" WC="0.92" CONTENT="beskaffen-"/>
						</TextLine>
						<TextLine ID="line_25" HPOS="136" VPOS="1017" WIDTH="456" HEIGHT="30">
							<String ID="string_239" HPOS="136" VPOS="1019" WIDTH="38" HEIGHT="21" WC="0.93" CONTENT="het"/><SP WIDTH="14" VPOS="1019" HPOS="174"/>
							<String ID="string_240" HPOS="188" VPOS="1017" WIDTH="86" HEIGHT="28" WC="0.96" CONTENT="stadgas"/><SP WIDTH="15" VPOS="1017" HPOS="274"/>
							<String ID="string_241" HPOS="289" VPOS="1019" WIDTH="7" HEIGHT="20" WC="0.93" CONTENT="i"/><SP WIDTH="15" VPOS="1019" HPOS="296"/>
							<String ID="string_242" HPOS="311" VPOS="1019" WIDTH="11" HEIGHT="28" WC="0.92" CONTENT="$"/><SP WIDTH="15" VPOS="1019" HPOS="322"/>
							<String ID="string_243" HPOS="337" VPOS="1020" WIDTH="27" HEIGHT="21" WC="0.96" CONTENT="36"/><SP WIDTH="14" VPOS="1020" HPOS="364"/>
							<String ID="string_244" HPOS="378" VPOS="1019" WIDTH="25" HEIGHT="22" WC="0.96" CONTENT="af"/><SP WIDTH="13" VPOS="1019" HPOS="403"/>
							<String ID="string_245" HPOS="416" VPOS="1020" WIDTH="176" HEIGHT="27" WC="0.66" CONTENT="propositionen!"/>
						</TextLine>
					</TextBlock>
					<TextBlock ID="block_5" HPOS="135" VPOS="1053" WIDTH="838" HEIGHT="131">
						<TextLine ID="line_26" HPOS="205" VPOS="1053" WIDTH="749" HEIGHT="29">
							<String ID="string_246" HPOS="205" VPOS="1053" WIDTH="32" HEIGHT="21" WC="0.92" CONTENT="På"/><SP WIDTH="15" VPOS="1053" HPOS="237"/>
							<String ID="string_247" HPOS="252" VPOS="1053" WIDTH="52" HEIGHT="26" WC="0.96" CONTENT="skäl,"/><SP WIDTH="16" VPOS="1053" HPOS="304"/>
							<String ID="string_248" HPOS="320" VPOS="1059" WIDTH="46" HEIGHT="16" WC="0.97" CONTENT="som"/><SP WIDTH="14" VPOS="1059" HPOS="366"/>
							<String ID="string_249" HPOS="380" VPOS="1053" WIDTH="36" HEIGHT="22" WC="0.92" CONTENT="vid"/><SP WIDTH="10" VPOS="1053" HPOS="416"/>
							<String ID="string_250" HPOS="426" VPOS="1053" WIDTH="59" HEIGHT="27" WC="0.96" CONTENT="fråga"/><SP WIDTH="12" VPOS="1053" HPOS="485"/>
							<String ID="string_251" HPOS="497" VPOS="1060" WIDTH="34" HEIGHT="15" WC="0.93" CONTENT="om"/><SP WIDTH="12" VPOS="1060" HPOS="531"/>
							<String ID="string_252" HPOS="543" VPOS="1054" WIDTH="175" HEIGHT="27" WC="0.92" CONTENT="nästföregäende"/><SP WIDTH="12" VPOS="1054" HPOS="718"/>
							<String ID="string_253" HPOS="730" VPOS="1054" WIDTH="12" HEIGHT="28" WC="0.87" CONTENT="$"/><SP WIDTH="11" VPOS="1054" HPOS="742"/>
							<String ID="string_254" HPOS="753" VPOS="1053" WIDTH="137" HEIGHT="26" WC="0.88" CONTENT="omförmälts,"/><SP WIDTH="14" VPOS="1053" HPOS="890"/>
							<String ID="string_255" HPOS="904" VPOS="1055" WIDTH="10" HEIGHT="21" WC="0.92" CONTENT="$"/><SP WIDTH="12" VPOS="1055" HPOS="914"/>
							<String ID="string_256" HPOS="926" VPOS="1042" WIDTH="28" HEIGHT="29" WC="0.95" CONTENT="40."/>
						</TextLine>
						<TextLine ID="line_27" HPOS="135" VPOS="1087" WIDTH="838" HEIGHT="28">
							<String ID="string_257" HPOS="135" VPOS="1087" WIDTH="41" HEIGHT="21" WC="0.93" CONTENT="har"/><SP WIDTH="14" VPOS="1087" HPOS="176"/>
							<String ID="string_258" HPOS="190" VPOS="1087" WIDTH="106" HEIGHT="22" WC="0.91" CONTENT="utskottet"/><SP WIDTH="14" VPOS="1087" HPOS="296"/>
							<String ID="string_259" HPOS="310" VPOS="1087" WIDTH="48" HEIGHT="22" WC="0.91" CONTENT="frän"/><SP WIDTH="15" VPOS="1087" HPOS="358"/>
							<String ID="string_260" HPOS="373" VPOS="1088" WIDTH="11" HEIGHT="27" WC="0.92" CONTENT="$"/><SP WIDTH="15" VPOS="1088" HPOS="384"/>
							<String ID="string_261" HPOS="399" VPOS="1088" WIDTH="29" HEIGHT="21" WC="0.95" CONTENT="40"/><SP WIDTH="13" VPOS="1088" HPOS="428"/>
							<String ID="string_262" HPOS="441" VPOS="1088" WIDTH="8" HEIGHT="20" WC="0.95" CONTENT="i"/><SP WIDTH="14" VPOS="1088" HPOS="449"/>
							<String ID="string_263" HPOS="463" VPOS="1088" WIDTH="160" HEIGHT="27" WC="0.93" CONTENT="propositionen"/><SP WIDTH="15" VPOS="1088" HPOS="623"/>
							<String ID="string_264" HPOS="638" VPOS="1089" WIDTH="130" HEIGHT="20" WC="0.91" CONTENT="bortlemnat"/><SP WIDTH="14" VPOS="1089" HPOS="768"/>
							<String ID="string_265" HPOS="782" VPOS="1088" WIDTH="41" HEIGHT="21" WC="0.96" CONTENT="den"/><SP WIDTH="16" VPOS="1088" HPOS="823"/>
							<String ID="string_266" HPOS="839" VPOS="1087" WIDTH="51" HEIGHT="21" WC="0.93" CONTENT="sista"/><SP WIDTH="14" VPOS="1087" HPOS="890"/>
							<String ID="string_267" HPOS="904" VPOS="1088" WIDTH="19" HEIGHT="22" WC="0.92" CONTENT="($"/><SP WIDTH="11" VPOS="1088" HPOS="923"/>
							<String ID="string_268" HPOS="934" VPOS="1087" WIDTH="39" HEIGHT="23" WC="0.96" CONTENT="41)."/>
						</TextLine>
						<TextLine ID="line_28" HPOS="135" VPOS="1121" WIDTH="755" HEIGHT="29">
							<String ID="string_269" HPOS="135" VPOS="1121" WIDTH="120" HEIGHT="26" WC="0.93" CONTENT="meningen,"/><SP WIDTH="15" VPOS="1121" HPOS="255"/>
							<String ID="string_270" HPOS="270" VPOS="1121" WIDTH="114" HEIGHT="21" WC="0.91" CONTENT="hvarutom"/><SP WIDTH="15" VPOS="1121" HPOS="384"/>
							<String ID="string_271" HPOS="399" VPOS="1121" WIDTH="62" HEIGHT="22" WC="0.93" CONTENT="ordet"/><SP WIDTH="14" VPOS="1121" HPOS="461"/>
							<String ID="string_272" HPOS="475" VPOS="1138" WIDTH="4" HEIGHT="10" WC="0.22" CONTENT=","/><SP WIDTH="4" VPOS="1138" HPOS="479"/>
							<String ID="string_273" HPOS="483" VPOS="1121" WIDTH="139" HEIGHT="28" WC="0.22" CONTENT=",skogspark&#39;*"/><SP WIDTH="15" VPOS="1121" HPOS="622"/>
							<String ID="string_274" HPOS="637" VPOS="1123" WIDTH="8" HEIGHT="20" WC="0.93" CONTENT="i"/><SP WIDTH="15" VPOS="1123" HPOS="645"/>
							<String ID="string_275" HPOS="660" VPOS="1123" WIDTH="45" HEIGHT="27" WC="0.31" CONTENT="8:ns"/><SP WIDTH="15" VPOS="1123" HPOS="705"/>
							<String ID="string_276" HPOS="720" VPOS="1123" WIDTH="75" HEIGHT="26" WC="0.93" CONTENT="början"/><SP WIDTH="15" VPOS="1123" HPOS="795"/>
							<String ID="string_277" HPOS="810" VPOS="1122" WIDTH="80" HEIGHT="21" WC="0.96" CONTENT="ansetts"/>
						</TextLine>
						<TextLine ID="line_29" HPOS="136" VPOS="1151" WIDTH="650" HEIGHT="33">
							<String ID="string_278" HPOS="136" VPOS="1151" WIDTH="129" HEIGHT="30" WC="0.96" CONTENT="lämpligtvis"/><SP WIDTH="15" VPOS="1151" HPOS="265"/>
							<String ID="string_279" HPOS="280" VPOS="1155" WIDTH="53" HEIGHT="21" WC="0.93" CONTENT="böra"/><SP WIDTH="14" VPOS="1155" HPOS="333"/>
							<String ID="string_280" HPOS="347" VPOS="1155" WIDTH="86" HEIGHT="27" WC="0.92" CONTENT="utbytas"/><SP WIDTH="14" VPOS="1155" HPOS="433"/>
							<String ID="string_281" HPOS="447" VPOS="1157" WIDTH="46" HEIGHT="20" WC="0.93" CONTENT="mot"/><SP WIDTH="14" VPOS="1157" HPOS="493"/>
							<String ID="string_282" HPOS="507" VPOS="1156" WIDTH="109" HEIGHT="27" WC="0.93" CONTENT="uttrycket"/><SP WIDTH="17" VPOS="1156" HPOS="616"/>
							<String ID="string_283" HPOS="633" VPOS="1157" WIDTH="153" HEIGHT="27" WC="0.29" CONTENT=",trädgrupp*."/>
						</TextLine>
					</TextBlock>
					<TextBlock ID="block_6" HPOS="130" VPOS="1189" WIDTH="842" HEIGHT="133">
						<TextLine ID="line_30" HPOS="206" VPOS="1189" WIDTH="748" HEIGHT="31">
							<String ID="string_284" HPOS="206" VPOS="1189" WIDTH="80" HEIGHT="21" WC="0.93" CONTENT="Minsta"/><SP WIDTH="21" VPOS="1189" HPOS="286"/>
							<String ID="string_285" HPOS="307" VPOS="1189" WIDTH="161" HEIGHT="27" WC="0.92" CONTENT="bötesbeloppet"/><SP WIDTH="21" VPOS="1189" HPOS="468"/>
							<String ID="string_286" HPOS="489" VPOS="1189" WIDTH="33" HEIGHT="31" WC="0.96" CONTENT="för"/><SP WIDTH="23" VPOS="1189" HPOS="522"/>
							<String ID="string_287" HPOS="545" VPOS="1190" WIDTH="37" HEIGHT="21" WC="0.93" CONTENT="det"/><SP WIDTH="17" VPOS="1190" HPOS="582"/>
							<String ID="string_288" HPOS="599" VPOS="1190" WIDTH="44" HEIGHT="28" WC="0.82" CONTENT="här|"/><SP WIDTH="13" VPOS="1190" HPOS="643"/>
							<String ID="string_289" HPOS="656" VPOS="1190" WIDTH="115" HEIGHT="23" WC="0.91" CONTENT="förutsatta"/><SP WIDTH="14" VPOS="1190" HPOS="771"/>
							<String ID="string_290" HPOS="785" VPOS="1190" WIDTH="107" HEIGHT="21" WC="0.86" CONTENT="vällandet"/><SP WIDTH="12" VPOS="1190" HPOS="892"/>
							<String ID="string_291" HPOS="904" VPOS="1193" WIDTH="10" HEIGHT="20" WC="0.92" CONTENT="$"/><SP WIDTH="11" VPOS="1193" HPOS="914"/>
							<String ID="string_292" HPOS="925" VPOS="1191" WIDTH="29" HEIGHT="18" WC="0.96" CONTENT="42."/>
						</TextLine>
						<TextLine ID="line_31" HPOS="130" VPOS="1219" WIDTH="842" HEIGHT="33">
							<String ID="string_293" HPOS="130" VPOS="1222" WIDTH="29" HEIGHT="21" WC="0.35" CONTENT="&quot;af"/><SP WIDTH="13" VPOS="1222" HPOS="159"/>
							<String ID="string_294" HPOS="172" VPOS="1222" WIDTH="69" HEIGHT="21" WC="0.96" CONTENT="brand"/><SP WIDTH="19" VPOS="1222" HPOS="241"/>
							<String ID="string_295" HPOS="260" VPOS="1223" WIDTH="39" HEIGHT="21" WC="0.93" CONTENT="har"/><SP WIDTH="18" VPOS="1223" HPOS="299"/>
							<String ID="string_296" HPOS="317" VPOS="1223" WIDTH="105" HEIGHT="23" WC="0.96" CONTENT="utskottet"/><SP WIDTH="18" VPOS="1223" HPOS="422"/>
							<String ID="string_297" HPOS="440" VPOS="1219" WIDTH="53" HEIGHT="26" WC="0.96" CONTENT="trott"/><SP WIDTH="15" VPOS="1219" HPOS="493"/>
							<String ID="string_298" HPOS="508" VPOS="1223" WIDTH="55" HEIGHT="22" WC="0.93" CONTENT="böra"/><SP WIDTH="14" VPOS="1223" HPOS="563"/>
							<String ID="string_299" HPOS="577" VPOS="1224" WIDTH="108" HEIGHT="27" WC="0.92" CONTENT="nedsättas"/><SP WIDTH="15" VPOS="1224" HPOS="685"/>
							<String ID="string_300" HPOS="700" VPOS="1225" WIDTH="34" HEIGHT="21" WC="0.93" CONTENT="till"/><SP WIDTH="14" VPOS="1225" HPOS="734"/>
							<String ID="string_301" HPOS="748" VPOS="1225" WIDTH="61" HEIGHT="27" WC="0.93" CONTENT="tjugu"/><SP WIDTH="15" VPOS="1225" HPOS="809"/>
							<String ID="string_302" HPOS="824" VPOS="1224" WIDTH="68" HEIGHT="27" WC="0.93" CONTENT="mark,"/><SP WIDTH="14" VPOS="1224" HPOS="892"/>
							<String ID="string_303" HPOS="906" VPOS="1227" WIDTH="16" HEIGHT="20" WC="0.92" CONTENT="($"/><SP WIDTH="12" VPOS="1227" HPOS="922"/>
							<String ID="string_304" HPOS="934" VPOS="1225" WIDTH="38" HEIGHT="22" WC="0.81" CONTENT="49)."/>
						</TextLine>
						<TextLine ID="line_32" HPOS="136" VPOS="1254" WIDTH="757" HEIGHT="33">
							<String ID="string_305" HPOS="136" VPOS="1254" WIDTH="118" HEIGHT="33" WC="0.91" CONTENT="hvarjemte"/><SP WIDTH="26" VPOS="1254" HPOS="254"/>
							<String ID="string_306" HPOS="280" VPOS="1256" WIDTH="118" HEIGHT="27" WC="0.50" CONTENT="uttrycketjj"/><SP WIDTH="17" VPOS="1256" HPOS="398"/>
							<String ID="string_307" HPOS="415" VPOS="1273" WIDTH="11" HEIGHT="11" WC="0.20" CONTENT=","/><SP WIDTH="1" VPOS="1273" HPOS="426"/>
							<String ID="string_308" HPOS="427" VPOS="1257" WIDTH="128" HEIGHT="27" WC="0.20" CONTENT="torfimosse&#39;*"/><SP WIDTH="26" VPOS="1257" HPOS="555"/>
							<String ID="string_309" HPOS="581" VPOS="1260" WIDTH="81" HEIGHT="19" WC="0.92" CONTENT="ansetts"/><SP WIDTH="25" VPOS="1260" HPOS="662"/>
							<String ID="string_310" HPOS="687" VPOS="1258" WIDTH="59" HEIGHT="27" WC="0.95" CONTENT="böra,"/><SP WIDTH="24" VPOS="1258" HPOS="746"/>
							<String ID="string_311" HPOS="770" VPOS="1258" WIDTH="69" HEIGHT="21" WC="0.96" CONTENT="såsom"/><SP WIDTH="20" VPOS="1258" HPOS="839"/>
							<String ID="string_312" HPOS="859" VPOS="1257" WIDTH="34" HEIGHT="22" WC="0.96" CONTENT="för"/>
						</TextLine>
						<TextLine ID="line_33" HPOS="136" VPOS="1287" WIDTH="729" HEIGHT="35">
							<String ID="string_313" HPOS="136" VPOS="1289" WIDTH="86" HEIGHT="28" WC="0.93" CONTENT="mycket"/><SP WIDTH="17" VPOS="1289" HPOS="222"/>
							<String ID="string_314" HPOS="239" VPOS="1290" WIDTH="119" HEIGHT="27" WC="0.91" CONTENT="inskränkt,"/><SP WIDTH="12" VPOS="1290" HPOS="358"/>
							<String ID="string_315" HPOS="370" VPOS="1287" WIDTH="90" HEIGHT="30" WC="0.92" CONTENT="utbytas"/><SP WIDTH="11" VPOS="1287" HPOS="460"/>
							<String ID="string_316" HPOS="471" VPOS="1289" WIDTH="62" HEIGHT="23" WC="0.92" CONTENT="emot"/><SP WIDTH="16" VPOS="1289" HPOS="533"/>
							<String ID="string_317" HPOS="549" VPOS="1289" WIDTH="66" HEIGHT="24" WC="0.92" CONTENT="orden"/><SP WIDTH="16" VPOS="1289" HPOS="615"/>
							<String ID="string_318" HPOS="631" VPOS="1298" WIDTH="82" HEIGHT="24" WC="0.79" CONTENT="mosse"/><SP WIDTH="16" VPOS="1298" HPOS="713"/>
							<String ID="string_319" HPOS="729" VPOS="1292" WIDTH="51" HEIGHT="21" WC="0.93" CONTENT="eller"/><SP WIDTH="14" VPOS="1292" HPOS="780"/>
							<String ID="string_320" HPOS="794" VPOS="1292" WIDTH="71" HEIGHT="21" WC="0.83" CONTENT="kärr*."/>
						</TextLine>
					</TextBlock>
					<TextBlock ID="block_7" HPOS="137" VPOS="1324" WIDTH="837" HEIGHT="129">
						<TextLine ID="line_34" HPOS="206" VPOS="1324" WIDTH="768" HEIGHT="31">
							<String ID="string_321" HPOS="206" VPOS="1324" WIDTH="43" HEIGHT="23" WC="0.95" CONTENT="Det"/><SP WIDTH="14" VPOS="1324" HPOS="249"/>
							<String ID="string_322" HPOS="263" VPOS="1324" WIDTH="40" HEIGHT="22" WC="0.96" CONTENT="här"/><SP WIDTH="14" VPOS="1324" HPOS="303"/>
							<String ID="string_323" HPOS="317" VPOS="1324" WIDTH="67" HEIGHT="21" WC="0.97" CONTENT="under"/><SP WIDTH="15" VPOS="1324" HPOS="384"/>
							<String ID="string_324" HPOS="399" VPOS="1330" WIDTH="26" HEIGHT="15" WC="0.96" CONTENT="en"/><SP WIDTH="15" VPOS="1330" HPOS="425"/>
							<String ID="string_325" HPOS="440" VPOS="1331" WIDTH="27" HEIGHT="20" WC="0.93" CONTENT="ny"/><SP WIDTH="15" VPOS="1331" HPOS="467"/>
							<String ID="string_326" HPOS="482" VPOS="1324" WIDTH="12" HEIGHT="28" WC="0.92" CONTENT="$"/><SP WIDTH="15" VPOS="1324" HPOS="494"/>
							<String ID="string_327" HPOS="509" VPOS="1325" WIDTH="122" HEIGHT="28" WC="0.90" CONTENT="föreslagna"/><SP WIDTH="10" VPOS="1325" HPOS="631"/>
							<String ID="string_328" HPOS="641" VPOS="1325" WIDTH="124" HEIGHT="30" WC="0.95" CONTENT="uttalandet"/><SP WIDTH="15" VPOS="1325" HPOS="765"/>
							<String ID="string_329" HPOS="780" VPOS="1325" WIDTH="66" HEIGHT="27" WC="0.96" CONTENT="deraf,"/><SP WIDTH="15" VPOS="1325" HPOS="846"/>
							<String ID="string_330" HPOS="861" VPOS="1327" WIDTH="32" HEIGHT="20" WC="0.93" CONTENT="att"/><SP WIDTH="12" VPOS="1327" HPOS="893"/>
							<String ID="string_331" HPOS="905" VPOS="1327" WIDTH="19" HEIGHT="22" WC="0.83" CONTENT="($"/><SP WIDTH="12" VPOS="1327" HPOS="924"/>
							<String ID="string_332" HPOS="936" VPOS="1327" WIDTH="38" HEIGHT="21" WC="0.96" CONTENT="46)."/>
						</TextLine>
						<TextLine ID="line_35" HPOS="137" VPOS="1355" WIDTH="756" HEIGHT="31">
							<String ID="string_333" HPOS="137" VPOS="1358" WIDTH="57" HEIGHT="21" WC="0.88" CONTENT="de&#39;i"/><SP WIDTH="22" VPOS="1358" HPOS="194"/>
							<String ID="string_334" HPOS="216" VPOS="1358" WIDTH="25" HEIGHT="27" WC="0.92" CONTENT="88"/><SP WIDTH="25" VPOS="1358" HPOS="241"/>
							<String ID="string_335" HPOS="266" VPOS="1355" WIDTH="32" HEIGHT="29" WC="0.95" CONTENT="13,"/><SP WIDTH="24" VPOS="1355" HPOS="298"/>
							<String ID="string_336" HPOS="322" VPOS="1359" WIDTH="28" HEIGHT="20" WC="0.96" CONTENT="22"/><SP WIDTH="18" VPOS="1359" HPOS="350"/>
							<String ID="string_337" HPOS="368" VPOS="1359" WIDTH="39" HEIGHT="20" WC="0.95" CONTENT="och"/><SP WIDTH="19" VPOS="1359" HPOS="407"/>
							<String ID="string_338" HPOS="426" VPOS="1359" WIDTH="26" HEIGHT="21" WC="0.96" CONTENT="27"/><SP WIDTH="19" VPOS="1359" HPOS="452"/>
							<String ID="string_339" HPOS="471" VPOS="1358" WIDTH="22" HEIGHT="21" WC="0.93" CONTENT="af"/><SP WIDTH="12" VPOS="1358" HPOS="493"/>
							<String ID="string_340" HPOS="505" VPOS="1359" WIDTH="118" HEIGHT="22" WC="0.96" CONTENT="utskottets"/><SP WIDTH="22" VPOS="1359" HPOS="623"/>
							<String ID="string_341" HPOS="645" VPOS="1359" WIDTH="77" HEIGHT="27" WC="0.82" CONTENT="förslag"/><SP WIDTH="22" VPOS="1359" HPOS="722"/>
							<String ID="string_342" HPOS="744" VPOS="1359" WIDTH="149" HEIGHT="27" WC="0.93" CONTENT="stadgade"/><SP WIDTH="-36" VPOS="1359" HPOS="893"/>
							<String ID="string_343" HPOS="857" VPOS="1351" WIDTH="40" HEIGHT="39" WC="0.90" CONTENT="in-"/>
						</TextLine>
						<TextLine ID="line_36" HPOS="137" VPOS="1388" WIDTH="755" HEIGHT="45">
							<String ID="string_344" HPOS="137" VPOS="1391" WIDTH="185" HEIGHT="30" WC="0.45" CONTENT="skränkriingarna"/><SP WIDTH="21" VPOS="1391" HPOS="322"/>
							<String ID="string_345" HPOS="343" VPOS="1392" WIDTH="7" HEIGHT="21" WC="0.93" CONTENT="i"/><SP WIDTH="23" VPOS="1392" HPOS="350"/>
							<String ID="string_346" HPOS="373" VPOS="1392" WIDTH="98" HEIGHT="21" WC="0.88" CONTENT="afseende"/><SP WIDTH="22" VPOS="1392" HPOS="471"/>
							<String ID="string_347" HPOS="493" VPOS="1392" WIDTH="12" HEIGHT="21" WC="0.92" CONTENT="&amp;"/><SP WIDTH="18" VPOS="1392" HPOS="505"/>
							<String ID="string_348" HPOS="523" VPOS="1388" WIDTH="112" HEIGHT="45" WC="0.89" CONTENT="nyttjande"/><SP WIDTH="18" VPOS="1388" HPOS="635"/>
							<String ID="string_349" HPOS="653" VPOS="1393" WIDTH="23" HEIGHT="21" WC="0.95" CONTENT="af"/><SP WIDTH="16" VPOS="1393" HPOS="676"/>
							<String ID="string_350" HPOS="692" VPOS="1393" WIDTH="53" HEIGHT="27" WC="0.93" CONTENT="skog"/><SP WIDTH="15" VPOS="1393" HPOS="745"/>
							<String ID="string_351" HPOS="760" VPOS="1393" WIDTH="56" HEIGHT="27" WC="0.95" CONTENT="gälla"/><SP WIDTH="14" VPOS="1393" HPOS="816"/>
							<String ID="string_352" HPOS="830" VPOS="1392" WIDTH="62" HEIGHT="22" WC="0.96" CONTENT="äfven"/>
						</TextLine>
						<TextLine ID="line_37" HPOS="137" VPOS="1423" WIDTH="755" HEIGHT="30">
							<String ID="string_353" HPOS="137" VPOS="1425" WIDTH="82" HEIGHT="21" WC="0.93" CONTENT="sådana"/><SP WIDTH="20" VPOS="1425" HPOS="219"/>
							<String ID="string_354" HPOS="239" VPOS="1423" WIDTH="156" HEIGHT="29" WC="0.92" CONTENT="skogsmarker,"/><SP WIDTH="19" VPOS="1423" HPOS="395"/>
							<String ID="string_355" HPOS="414" VPOS="1425" WIDTH="50" HEIGHT="22" WC="0.88" CONTENT="som&#39;"/><SP WIDTH="13" VPOS="1425" HPOS="464"/>
							<String ID="string_356" HPOS="477" VPOS="1425" WIDTH="89" HEIGHT="22" WC="0.92" CONTENT="tillhöra"/><SP WIDTH="11" VPOS="1425" HPOS="566"/>
							<String ID="string_357" HPOS="577" VPOS="1423" WIDTH="85" HEIGHT="25" WC="0.85" CONTENT="&#39;kronan"/><SP WIDTH="15" VPOS="1423" HPOS="662"/>
							<String ID="string_358" HPOS="677" VPOS="1427" WIDTH="51" HEIGHT="21" WC="0.93" CONTENT="eller"/><SP WIDTH="15" VPOS="1427" HPOS="728"/>
							<String ID="string_359" HPOS="743" VPOS="1426" WIDTH="149" HEIGHT="27" WC="0.96" CONTENT="samfällighet,"/>
						</TextLine>
					</TextBlock>
					<TextBlock ID="block_8" HPOS="207" VPOS="1465" WIDTH="462" HEIGHT="22">
						<TextLine ID="line_38" HPOS="207" VPOS="1465" WIDTH="462" HEIGHT="22">
							<String ID="string_360" HPOS="207" VPOS="1465" WIDTH="45" HEIGHT="22" WC="0.92" CONTENT="Lag-"/><SP WIDTH="13" VPOS="1465" HPOS="252"/>
							<String ID="string_361" HPOS="265" VPOS="1466" WIDTH="30" HEIGHT="16" WC="0.93" CONTENT="och"/><SP WIDTH="11" VPOS="1466" HPOS="295"/>
							<String ID="string_362" HPOS="306" VPOS="1466" WIDTH="169" HEIGHT="17" WC="0.79" CONTENT="Ekonomtutskottets"/><SP WIDTH="12" VPOS="1466" HPOS="475"/>
							<String ID="string_363" HPOS="487" VPOS="1458" WIDTH="106" HEIGHT="25" WC="0.95" CONTENT="betänkande"/><SP WIDTH="11" VPOS="1458" HPOS="593"/>
							<String ID="string_364" HPOS="604" VPOS="1467" WIDTH="35" HEIGHT="16" WC="0.95" CONTENT="N:o"/><SP WIDTH="12" VPOS="1467" HPOS="639"/>
							<String ID="string_365" HPOS="651" VPOS="1461" WIDTH="18" HEIGHT="22" WC="0.90" CONTENT="5."/>
						</TextLine>
					</TextBlock>
				</ComposedBlock>
				<GraphicalElement ID="cblock_2" HPOS="1072" VPOS="443" WIDTH="5" HEIGHT="616"></GraphicalElement >
			</PrintSpace>
		</Page>
	</Layout>
</alto>
