1078 1692
213 146 25 18 18
378 142 68 22 'U.B.
466 150 12 10 >
493 146 62 24 Prop.
567 146 56 18 N:ris
634 146 25 18 16
672 143 40 21 och
723 145 31 19 37.

176 203 90 27 -"gåfves
288 205 32 20 att
340 204 33 21 för
394 204 117 21 omordade
532 204 100 21 ändämål
649 203 99 22 utskicka
767 199 116 36 budkafle,'
894 199 55 36 samt

181 233 45 36 -att
237 233 53 36 Jalla
312 238 26 21 de
360 237 71 21 härtill
453 238 134 26 berättigade
599 238 80 21 :blefve
701 237 96 27 skyldige
819 239 37 19 att
874 238 75 24 straxt,

193 271 25 21 så
240 273 60 19 snart
322 272 26 20 de
373 272 28 26 på
419 273 31 19 ett
471 272 52 20 eller
545 273 66 20 annat
633 273 43 19 sätt
698 283 26 3 —
747 276 50 17 vare
819 271 32 27 sig
872 276 77 22 genom

192 310 80 22 egaren
298 304 54 22 eller
374 305 125 22 annorledes
523 317 28 3 —
572 306 41 21 fått
637 305 157 22 underrättelse
821 311 34 15 om
876 304 73 26 skogs-

183 338 79 27 -elden,
285 339 173 28 vidtaga:sädan;
473 340 82 26 åtgärd.
585 340 135 21 Beträffande
735 339 161 27 kronobetjents
910 344 40 15 un-

188 373 150 21 *derrättande:
347 378 35 16 om
396 373 111 22 budkafles
521 374 127 21 utfärdande
662 374 24 21 af
698 380 78 20 annan,
791 374 39 21 har
845 372 105 22 utskottet

195 407 47 26 ock,
256 407 9 21 i
279 407 140 21 betraktande
433 407 24 21 af
471 408 26 20 de
512 408 81 26 härvid,
610 408 74 27 såsom;
692 408 68 26 sades,
772 407 179 27 ifrågakomman-

195 441 26 21 de
233 440 74 28 -långa
328 441 117 26 afstånden,
467 442 70 20 funnit
560 442 77 21 sådant
655 442 53 20 böra
724 444 64 24 göras
804 441 37 26 ,sä
855 441 42 21 fort
912 440 38 21 ske

182 475 76 26 "kan",
280 475 47 21 icke
349 492 5 9 ,
357 476 100 26 genast".
477 487 26 3 —
523 476 42 20 Det
583 476 7 20 i
605 476 44 26 $:ns
665 482 75 14 senare
754 477 96 19 moment
863 475 87 25 intagna

194 509 100 27 påbudet.
304 509 73 21 derom
392 511 37 24 att,
445 510 28 20 då
487 509 100 22 budkafle
601 510 94 25 anländt,
711 515 26 15 en
753 516 49 14 man
819 509 69 21 skulle
902 508 48 26 från

194 543 74 27 hvarje
282 544 80 26 matlag
376 544 83 26 begifva
474 544 31 26 sig
520 544 32 21 till
567 543 146 26 brandstället,
728 543 40 21 har
779 543 105 21 utskottet
894 543 57 27 gjort

183 576 142 22 -ällmädnare
346 584 76 20 genom
445 579 32 19 att
498 578 7 20 i
527 578 71 20 stället
615 577 33 21 för
668 594 12 9 ,,
682 578 64 20 man'
762 578 56 20 sätta
833 594 10 9 ,
847 576 103 27 arbetsför

178 612 116 26 "person",
318 613 50 19 enär
390 612 36 21 det
441 612 25 26 ju
480 612 45 20 ofta
539 611 96 21 inträffar
650 614 16 18 t.
682 617 32 15 ex.
730 613 32 19 att
777 613 91 19 männen
883 611 68 21 under

136 857 9 20 $
156 856 29 21 83.

196 645 53 21 bråd
265 645 104 21 arbetstid
384 652 34 14 om
433 652 119 14 sommaren
567 647 37 19 äro
619 646 124 26 sysselsatta
758 645 59 26 långt
832 645 62 21 borta
903 644 47 22 från

195 679 100 21 hemmet.
327 679 79 21 Likaså
427 679 39 21 har
488 679 105 21 utskottet
615 679 71 21 funnit
707 679 40 21 det'
762 678 120 27 opraktiskt
897 678 54 21 att
940 674 16 35 i

196 713 65 26 detalj
276 712 118 22 bestämma
408 713 48 21 med
470 713 57 21 hvad
541 713 91 27 redskap
648 712 80 22 enhvar
742 712 90 22 sålunda
844 712 107 27 utgången

185 759 2 2 +
196 752 78 22 person
297 747 66 21 borde
384 753 51 15 vara
457 747 92 26 försedd;
573 747 39 21 och
631 746 63 21 hafva
709 746 85 21 derföre
809 746 65 22 orden
890 752 60 21 ,,yxe,

197 781 66 27 spade
285 781 40 21 och
346 780 134 22 vattenkärl'*
498 781 82 26 utbytts
595 782 45 20 mot
655 797 5 8 ,
662 780 208 26 tillhandsvarande,
886 780 65 26 nödig

196 814 268 27 eldsläckningsredskap*.

267 848 76 21 Denna
361 849 11 26 $
391 848 39 21 har
444 848 105 21 utskottet
564 847 104 26 uteslutit,
684 848 89 21 emedan
787 848 41 21 den
843 847 110 22 derstädes

196 882 111 27 stadgade.
320 882 148 27 skyldigheten
489 883 33 20 för
541 882 110 21 husbonde
670 884 32 19 att
720 883 7 20 i
742 882 42 21 viss
799 881 101 21 händelse
915 887 38 15 an-

196 922 63 15 svara
273 916 34 22 för
321 916 67 21 skada
402 916 23 21 af
437 916 74 26 fareld,
526 923 46 14 som
587 916 94 27 vallhjon
696 915 72 26 vällat,
778 914 61 28 synts
847 915 107 21 utskottet

181 953 1 3 :-
196 950 74 21 kunna
284 950 49 21 leda
346 950 33 21 till
393 946 72 25 alltför
479 950 102 21 orättvisa
596 949 105 28 påföljder
715 949 33 22 för
764 949 130 21 husbonden.

135 986 50 22 834.

267 983 38 22 Uti
319 984 67 21 första
399 985 116 20 momentet
529 983 24 21 af
565 984 34 27 8:n
614 984 134 25 bestämmes,
765 985 33 19 att
811 983 54 21 först
878 983 28 20 dä
916 983 38 21 det

117 1021 20 21 ($
150 1012 40 37 85);
203 1017 100 22 åverkade
317 1017 91 27 :uppgär
428 1018 33 21 till
481 1018 40 21 full
539 1017 135 26 mansbörda,
692 1023 77 15 ansvar
782 1017 57 21 skall
853 1017 52 26 följa
919 1016 34 21 för

198 1051 124 26 &verkaren,
337 1057 48 15 men
400 1053 32 19 att
446 1051 42 21 han
503 1052 8 20 i
525 1053 65 19 annat
604 1051 37 21 fall
655 1051 57 27 gjort
726 1051 33 26 sig
769 1050 98 22 förfallen
877 1051 77 20 endast

186 1095 3 5 ;
197 1085 32 21 till
240 1081 136 25 skadestånd.
392 1085 111 21 Utskottet
513 1085 39 21 har
562 1085 117 21 emellertid
687 1096 29 4 —
726 1084 83 22 oafsedt
820 1084 40 21 det:
867 1086 86 25 oegent-

193 1114 46 35 liga
252 1114 43 35 "uti
311 1121 38 19 'att
369 1119 45 21 -tala
431 1125 34 15 om
482 1119 40 21 full
537 1119 128 21 mansbörda
680 1119 51 20 eller
745 1118 83 21 mindre
842 1118 36 20 vid
892 1118 60 27 fråga

197 1156 36 17 om
255 1153 59 20 träd
326 1165 28 3 —
376 1155 70 19 angett
464 1153 41 21 den
526 1153 93 21 nämnda
633 1152 135 21 ätskilnaden
782 1152 102 26 riktigare
899 1151 53 22 böra

179 1187 112 26 "grundas
305 1187 29 26 pä
347 1187 76 21 värdet
435 1187 24 21 af
471 1187 37 21 det
522 1187 117 25 äverkade,
647 1187 138 26 hvarigenom
794 1185 115 26 undvekes,
920 1187 33 20 att

197 1222 32 20 ett
247 1221 101 26 tillgrepp
367 1220 23 21 af
402 1221 141 20 värdefullare
559 1220 135 27 skogsalster,
710 1220 71 21 såsom
795 1221 16 20 t.
827 1225 31 15 ex.
873 1221 78 24 nötter,

180 1267 2 2 -
196 1255 80 26 hvilka,
300 1255 66 20 ehuru
377 1251 31 30 ej
426 1255 125 26 uppgående
568 1255 33 20 till
615 1254 40 21 full
669 1254 136 25 mansbörda,
820 1255 133 25 represente-

182 1301 7 2 -
197 1289 52 20 rade
272 1290 34 20 ett
321 1289 19 26 ej
359 1288 117 27 obetydligt
488 1288 182 27 penningevärde,
686 1288 63 26 ginge
758 1283 53 37 fritt
823 1283 49 37 från
885 1287 67 22 straff.

197 1322 18 21 1:
222 1322 79 21 sådant
315 1322 107 21 'afséende:
434 1323 40 20 har:
489 1324 31 19 ett
533 1322 65 21 värde
613 1321 27 22 af
648 1328 27 15 en
690 1321 61 22 mark
766 1321 24 21 af
801 1321 107 21 utskottet
922 1321 32 21 fö-

179 1356 129 32 ”-reslagits
310 1356 70 22 säsöm
393 1357 42 20 den
449 1358 70 25 gräns,
534 1356 36 21 vid
584 1355 64 22 hvars
658 1355 127 27 uppnäende
797 1354 93 21 åverkan
900 1355 54 21 blef-

180 1396 47 15 "ve
238 1389 78 27 belagd
328 1390 51 21 med
394 1395 83 16 ansvar:
506 1390 114 21 Dessutom
634 1384 40 26 har
688 1389 108 21 utskottet
809 1388 33 21 till
853 1388 45 21 dei
908 1395 46 15 mo-

179 1419 17 36 --
197 1425 91 20 mentet:
292 1423 149 28 uppräknade
445 1424 116 21 föremålen
575 1423 33 21 för
622 1424 100 26 tillgrepp
738 1423 62 20 äfven
814 1418 48 52 lagt
872 1421 81 23 kottar.

270 1464 44 21 Lag-
326 1465 30 16 och
368 1458 167 23 Ekonomititskottets
543 1463 110 18 betänkande
661 1463 24 17 N:o
708 1463 30 16 3.
734 1454 7 36 '
