1078 1692
207 153 12 17 2
439 153 24 19 U.
476 153 21 19 B.
510 164 23 2 —
545 153 63 24 Prop.
620 153 38 19 N:o
670 153 20 19 8.

185 216 39 16 sen
244 210 127 27 jordräntan
390 212 32 20 till
445 218 26 15 en
495 211 28 21 fix
545 212 171 26 penningeskatt.
755 211 43 21 Det
819 212 31 20 uti
870 211 73 27 jorde-

185 244 107 22 böckerna
307 247 108 25 upptagna
430 245 144 21 kronovärdet
589 246 34 20 för
639 246 23 21 år
678 246 54 21 1621
750 247 103 20 omsattes
863 246 7 20 i
881 245 61 27 ryskt

185 280 59 26 mynt
259 280 67 25 enligt
341 279 33 21 för
389 280 57 21 tiden
462 280 99 26 gällande
577 280 58 26 kurs,
650 279 110 22 hvarefter
777 280 39 21 den
833 280 6 20 i
855 280 88 26 pennin-

185 319 39 21 gar
246 313 90 21 sålunda
358 314 119 21 uträknade
499 314 85 20 skatten
607 314 121 21 bestämdes
752 315 31 19 att
805 314 81 26 årligen
909 313 33 21 till

185 347 139 21 oförändradt
345 348 78 26 belopp
445 348 47 21 från
514 348 128 26 lägenheten
658 348 57 26 utgå.
745 348 127 21 Emellertid
887 347 55 21 hade

185 382 40 21 den
241 382 93 21 svenska
351 382 148 22 silfverdalern
518 382 66 21 sedan
601 382 24 21 år
641 382 55 22 1621
713 382 39 21 och
767 382 54 20 intill
835 382 58 21 tiden
909 381 34 22 för

183 416 206 27 jordeboksräntans
404 416 135 26 förvandling
554 416 7 21 i
576 416 119 26 penningar
710 416 66 21 redan
792 416 90 20 förlorat
895 416 47 21 icke

184 450 62 27 ringa
268 450 7 21 i
291 450 127 27 silfverhalt,
441 450 39 22 och
499 450 27 21 då
541 450 123 22 sedermera
677 450 81 26 jemväl
773 450 40 21 den
830 450 63 26 ryska
907 456 35 15 ru-

185 484 49 22 beln
256 484 69 21 under
348 485 97 21 sistlidne
468 484 60 22 sekel
551 484 39 22 och
613 484 76 27 början
708 484 23 21 af
748 484 37 21 det
798 484 144 21 innevarande

185 524 75 21 genom
276 518 138 27 upprepande
428 518 91 22 kursfall
535 518 92 27 nedgick
642 518 87 26 derhän,
746 520 32 19 att
792 518 36 20 vid
842 518 100 26 Wiborgs

185 553 47 21 läns
253 553 145 27 återförening
421 553 48 21 med
491 553 91 21 Finland
605 553 24 22 år
652 552 56 22 1812
730 558 26 16 en
779 552 68 21 Rubel
870 552 71 21 Banco

185 587 164 27 Assignationer
364 587 6 21 i
386 587 139 21 silfvervärde
541 587 135 21 motsvarade
693 587 77 21 endast
788 586 26 26 %
829 586 23 21 af
866 586 75 21 rubeln

185 621 47 21 frän
256 622 56 21 1720
330 622 60 25 talet,
406 621 27 21 dä
448 622 40 20 den
503 622 165 26 ifrägavarande
683 620 259 27 räntepersedel-omsätt-

185 656 77 26 ningen
284 656 7 20 i
314 656 59 21 länet
391 656 61 20 torde
471 656 178 26 hufvudsakligen
669 654 121 27 försiggätt,
805 654 49 21 kom
871 654 69 22 denna

185 690 167 26 grundskattens
374 690 134 26 förvandling
528 690 32 20 till
577 690 28 21 fix
620 690 169 26 penningeränta
804 690 32 20 att
850 688 34 21 för
896 688 45 27 jor-

185 725 40 20 den
241 724 97 20 medföra
353 730 25 15 en
395 724 62 26 högst
470 724 95 27 betydlig
575 724 173 26 skattelindring.
778 723 43 21 För
836 724 31 20 att
881 722 7 21 i
904 722 37 21 nä-

185 764 40 21 gon
242 758 49 21 män
306 758 110 21 motverka
431 758 41 21 den
487 759 122 26 minskning
625 758 6 21 i
646 758 94 20 kronans
755 757 123 25 inkomster,
895 762 46 15 som

185 792 62 21 häraf
260 792 47 21 blef
320 799 26 15 en
362 792 59 27 följd,
437 792 94 22 infördes
547 792 126 26 visserligen
689 791 25 21 är
730 792 55 21 1765
801 797 25 15 en
839 797 27 20 ny
876 790 64 26 skatt,

185 827 35 20 det
236 832 16 15 s.
268 826 20 21 k.
305 826 126 27 gärdehöet;
448 827 31 20 tid
495 826 55 21 efter
566 832 69 15 annan
647 826 104 26 päbjödos
763 825 62 20 äfven
835 824 107 21 särskilda

184 860 148 27 förhöjningar
354 860 24 21 af
400 861 39 20 den
462 861 6 20 i
484 861 118 26 penningar
624 859 106 27 utgäende
744 859 133 27 jordräntan,
893 864 48 15 men

184 895 32 20 till
240 895 50 20 dess
313 895 150 26 ursprungliga
486 895 76 26 belopp
582 893 120 22 äterfördes
718 893 84 21 skatten
819 892 53 21 dock
887 891 53 26 icke,

185 931 50 18 utan
254 928 80 21 förblef
350 929 75 26 jorden
443 929 133 20 fortfarande
591 929 59 26 lägre
667 927 114 22 beskattad
797 929 26 18 än
840 927 40 20 den
896 926 45 21 förr

185 963 63 24 varit,
271 963 25 20 sä
318 963 84 26 mycket
424 969 52 20 mer,
495 969 44 14 som
556 962 85 21 oafsedt
655 961 87 22 rubelns
757 961 86 26 ringare
858 960 83 21 silfver-

184 996 51 27 halt,
258 996 78 27 sjelfva
358 997 175 21 silfvermetallen
554 997 107 20 alltsedan
684 996 24 20 år
724 996 55 21 1621
795 995 48 20 lidit
859 996 31 20 ett
905 994 36 21 be-

184 1031 77 26 tydligt
275 1030 106 21 värdefall
396 1031 7 20 i
418 1031 134 21 förhållande
567 1031 34 20 till
617 1030 67 21 andra
698 1035 70 15 varor.

252 1065 33 20 En
308 1071 69 14 annan
393 1065 129 26 förändring,
542 1071 46 14 som
604 1065 40 20 den
660 1063 65 28 ryska
740 1063 105 27 styrelsen
860 1063 80 26 vidtog,

183 1105 38 14 var
243 1098 143 22 afskaffandet
401 1099 23 21 af
437 1099 29 21 all
481 1099 73 20 tionde
570 1099 39 20 och
624 1098 122 21 införandet
760 1097 8 21 i
782 1097 49 21 hela
846 1097 58 21 länet
919 1097 23 20 af

184 1133 40 21 den
247 1139 17 14 s.
283 1133 21 20 k.
324 1133 121 26 deputaten.
475 1133 76 21 Denna
565 1133 66 25 skatt,
646 1138 46 15 som
707 1132 32 20 uti
755 1137 26 15 en
796 1131 35 21 del
847 1131 23 21 af
883 1131 59 20 länet

183 1167 66 21 redan.
265 1167 24 20 af
303 1167 61 20 ålder
383 1167 70 21 blifvit
471 1169 107 24 upptagen
594 1166 33 21 för
642 1165 172 28 presterskapets
830 1164 110 22 aflönande

183 1201 41 21 och
239 1201 34 21 för
288 1201 132 21 bekostande
435 1201 24 21 af
471 1201 94 27 kyrkans
580 1200 70 27 öfriga
664 1199 72 26 behof,
744 1199 122 21 fördelades
874 1205 29 14 nu
913 1199 28 26 pä

183 1235 101 26 samtliga
299 1235 92 21 härader
406 1235 39 21 och
461 1235 73 21 dessas
550 1235 77 20 krono-
643 1234 39 21 och
698 1233 196 26 skattelägenheter
909 1234 32 19 att

183 1269 51 26 utgå
249 1269 7 21 i
272 1269 97 26 spanmål
386 1269 33 21 till
435 1271 31 19 ett
480 1269 33 21 för
521 1269 49 21 hela
579 1269 58 20 länet
645 1268 108 21 bestämdt
760 1267 77 26 belopp
846 1268 56 19 samt
909 1267 32 20 att

182 1303 109 22 levereras
306 1303 21 21 in
344 1305 76 19 natura
437 1303 53 22 eller
505 1303 58 21 lösas
575 1303 54 21 efter
641 1301 194 27 markegångspris.
858 1300 82 21 Krono-

182 1337 76 22 värdet
272 1337 35 21 för
322 1337 40 21 den
379 1337 102 27 spanmål,
497 1343 45 15 som
559 1337 40 21 den
614 1336 98 21 enskilda
722 1335 127 27 lägenheten
859 1334 81 27 utgjort

182 1372 7 20 i
213 1372 95 26 deputat,
323 1371 197 27 tillgodoräknades
536 1371 120 21 emellertid
672 1370 13 21 å
700 1370 41 21 den
756 1369 47 21 från
820 1369 120 20 hemmanet

181 1406 34 21 till
233 1405 83 22 kronan
335 1406 112 27 utgående;
460 1406 189 26 penningeräntan,
665 1404 39 21 och
719 1403 47 21 blef
780 1403 89 20 sålunda
884 1402 56 21 häri-

182 1445 76 20 genom
274 1440 41 21 den
330 1439 82 21 kronan
428 1439 99 22 behållna
537 1439 85 21 skatten
633 1438 55 21 blott
698 1437 125 27 ytterligare
834 1436 104 21 minskad.

250 1479 134 17 Statsutskottets
396 1479 103 17 betänkande
511 1479 35 16 N:o
559 1479 17 16 5.
