1078 1692
219 140 28 20 14
531 139 38 23 N:o
585 139 24 23 4.

258 204 34 22 De
314 204 8 22 i
344 204 156 23 ofvanstående
519 204 135 22 alternativa
672 204 84 28 förslag
771 203 92 23 anförda
878 204 73 27 belop-

189 245 42 21 pen
246 240 85 26 utgöra,
347 239 69 27 enligt
430 246 129 21 noggranna
574 239 156 27 uträkningar:
941 237 2 2 |

258 274 13 21 3
287 274 84 27 kappar
417 282 21 10 =
457 276 63 25 16,48
535 274 56 22 liter.

259 310 12 19 1
286 308 72 27 kappe
413 317 22 10 =
468 310 49 25 5,46
550 325 10 10 »

259 344 12 19 3
287 342 107 27 skålpund
412 352 21 9 =
467 344 48 25 1,265
530 342 51 22 kilo.

258 378 13 20 2
286 376 107 28 skälpund
412 393 21 3 =
452 379 63 25 85,002
530 377 72 27 nylod.

256 410 78 28 Enligt
357 413 11 19 7
391 412 13 26 &
423 411 8 22 i
449 411 106 28 förslaget
569 411 35 22 till
617 411 131 28 förordning
762 411 114 27 angående
891 411 57 21 mått

189 445 39 22 och
250 445 49 28 vigt
320 445 56 22 skall
398 452 77 21 genom
493 445 94 23 särskild
606 445 134 28 författning
754 444 34 23 för
803 445 44 21 alla
861 445 49 28 slag
924 444 26 22 af

188 480 62 27 mätt,
274 480 73 28 vigter
368 480 40 22 och
429 480 202 28 vägningsredskap
656 480 122 22 fastställas
798 480 41 22 den
853 480 56 27 grad
924 479 26 22 af

189 514 142 28 noggranhet,
351 520 45 16 som
415 514 108 22 desamma
537 515 54 21 böra
605 514 125 28 innehafva,
746 514 34 22 för
795 515 33 21 att
843 514 23 22 få
881 514 8 21 i
906 514 41 22 den

189 549 108 21 allmänna
318 549 96 21 rörelsen
433 550 119 27 begagnas.
581 549 93 27 Förslag
697 549 34 21 till
746 548 142 22 nästberörda
904 548 43 22 för-

188 582 97 28 fattning
307 584 40 20 har
368 584 123 21 utarbetats
513 583 26 21 af
555 583 132 22 förbemälde
704 582 87 27 komit6,
807 589 44 15 som
864 582 81 28 jemväl

188 617 103 27 uppgjort
310 617 82 28 förslag
412 618 33 21 till
465 618 131 22 instruktion
611 617 35 22 för
660 617 204 28 justeringsverket,
879 618 67 21 hvars

188 652 110 22 ordnande
312 652 9 21 i
336 654 32 20 ett
383 652 208 28 ändamälsenligare
609 652 62 22 skick
687 654 28 20 än
729 651 109 22 härintills
849 654 25 19 är
884 652 60 21 desto

188 692 59 16 mera
264 686 120 28 päkalladt,
404 693 44 15 som
463 693 76 21 genom
555 686 122 28 öfvergäng
692 686 34 22 till
742 686 37 22 det
793 686 104 22 metriska
912 691 34 21 sy-

187 722 79 20 stemet
280 727 44 21 nya
338 721 62 27 mätt,
415 721 72 27 vigter
502 722 39 20 och
550 721 204 27 vägningsredskap
764 720 69 22 blifva
840 720 105 22 erforder-

187 754 51 28 liga.
268 755 76 27 Begge
358 755 133 22 sistnämnda
506 755 88 27 förslag,
609 755 85 21 sädana
711 755 26 21 de
753 754 56 22 efter
823 754 121 28 undergän-

187 795 43 21 gen
252 789 135 28 granskning
404 790 73 21 blifvit
491 790 122 27 godkända,
629 790 41 21 har
684 789 62 21 Hans
761 788 123 28 Kejserliga
899 789 46 21 Ma-

186 823 69 27 jestät
264 823 60 21 velat
337 823 5 21 i
349 823 154 28 sammanhang
510 824 89 21 härmed
607 824 8 21 i
622 824 69 21 näder
700 823 132 22 öfverlemna
840 823 33 21 till
882 822 63 22 Stän-

188 857 78 22 dernas
280 857 112 28 yttrande;
407 859 96 21 varande
518 858 69 27 sagda
602 857 85 28 förslag
702 857 26 22 af
740 857 96 28 följande
852 857 91 27 lydelse:

394 921 101 33 Förslag
524 921 42 26 till
592 921 146 32 reglemente
766 921 35 25 för
821 919 124 34 justering

326 961 43 26 och
392 961 133 33 stämpling
543 961 27 26 af
586 961 68 32 mått,
672 960 58 33 vigt
748 959 43 27 och
808 959 136 33 vägnings-

325 1000 103 34 redskap
454 1001 63 26 samt
539 1008 38 19 om
599 1001 68 26 deras
686 1000 68 32 form,
773 999 171 26 konstruktion

325 1040 43 27 och
386 1041 168 26 betecknande.

472 1097 37 22 Om
523 1097 131 29 Jängdmått.

540 1143 13 28 8
569 1145 19 19 1.

254 1183 34 21 De
303 1183 128 27 längdmått,
448 1189 45 16 som
507 1183 73 22 kunna
593 1182 69 23 blifva
677 1181 92 22 töremål
784 1181 33 22 för
827 1181 117 28 justering,

185 1219 37 19 äro
236 1217 144 22 mättstockar
395 1218 39 21 och
449 1217 118 22 mätskalor
581 1219 56 20 samt
651 1216 123 28 mätkedjor
785 1216 38 21 och
833 1215 110 22 mätband.

540 1269 48 28 82.

253 1308 147 22 Mättstockar
419 1309 39 22 och
477 1309 118 22 mätskalor
609 1308 61 22 skola
686 1308 54 22 vara
756 1307 150 27 förfärdigade
921 1306 25 21 af

183 1343 81 27 metall,
287 1343 48 28 ben,
355 1345 35 20 trä
410 1343 53 22 eller
478 1345 67 20 annat
559 1343 65 22 härdt
639 1345 61 19 ämne
718 1342 39 21 och
772 1342 24 21 sä
812 1341 133 27 beskaffade,

184 1378 34 20 att
233 1377 27 21 de
274 1377 50 22 icke
338 1377 42 22 lätt
395 1377 120 22 förändras.
545 1378 33 21 På
592 1377 145 22 mättstockar
752 1376 25 21 af
790 1377 35 20 trä
839 1376 59 27 böra,
915 1375 29 21 dä

183 1411 110 22 desamma
303 1414 38 20 äro
351 1412 110 21 inrättade
472 1413 70 20 säsom
553 1412 105 27 ändmätt,
670 1411 98 22 ändarne
777 1416 54 17 vara
839 1409 105 28 beslagna

183 1446 48 21 med
246 1446 81 21 metall.
