1078 1692
388 144 19 23 U.
423 143 19 23 B.
459 156 27 4 —
503 143 55 29 Prop.
575 143 32 23 N:o
623 143 20 23 6.
851 144 11 19 7

135 200 128 27 erläggande
286 200 23 22 af
322 206 26 16 en
363 201 48 25 viss,
427 200 82 27 engäng
524 200 34 22 för
577 201 42 21 alla
635 200 98 22 bestämd
748 200 64 25 skatt,
827 199 66 22 varda

135 234 100 22 frikallad
250 234 48 22 frän
317 234 268 28 rustningsskyldighetens
600 234 141 27 fullgörande.
772 234 65 21 Detta
854 234 40 21 har

136 268 106 21 mähända
264 268 69 22 under
355 268 25 22 de
403 270 85 20 senaste
511 269 147 25 decennierna,
682 268 28 22 dä
724 268 170 26 vakansafgiften

136 302 59 21 trädt
216 303 8 20 i
239 302 73 22 stället
333 302 33 22 för
388 303 171 26 prestationerna
574 303 22 21 in
616 304 84 24 natura,
716 303 82 21 kunnat
811 302 83 21 förleda

137 342 26 15 en
185 336 52 21 eller
259 343 71 15 annan
352 336 80 27 köpare
454 339 33 19 att
501 337 34 21 för
550 338 38 20 sitt
603 336 93 22 rusthäll
713 337 72 21 betala
800 342 51 20 mer,
866 338 28 19 än

136 370 43 21 han
193 370 81 22 kanske
289 371 68 21 under
372 371 67 21 andra
454 371 149 21 förhällanden
623 371 68 21 skulle
707 372 71 20 ansett
793 371 31 26 sig
841 370 53 22 böra

137 405 91 27 erlägga,
244 411 49 15 men
304 405 68 21 denna
383 405 157 27 omständighet
549 405 41 21 har
599 406 116 26 ingalunda
724 405 83 21 kunnat
817 405 77 27 grund-

137 439 62 27 lägga
220 438 71 28 nägon
313 439 51 21 häfd
379 439 22 21 af
415 439 40 21 den
470 441 41 24 art,
532 441 33 20 att
580 440 94 21 kronans
688 440 99 26 rättsliga
801 438 93 28 anspräk

137 472 28 27 pä
180 473 113 21 rusthället
309 473 121 27 derigenom
446 474 68 20 skulle
529 474 129 21 förändrats.

206 502 18 26 Ä
247 508 68 20 andra
337 508 60 20 sidan
419 508 96 21 deremot
537 508 41 21 har
593 508 42 21 den
650 508 119 21 rusthällen
784 507 110 27 äliggande

137 542 148 26 skyldigheten
307 544 33 19 att
355 542 35 20 vid
404 542 66 21 behof
490 544 78 25 utgöra
584 542 113 27 rusttjenst
712 542 68 27 aldrig
795 542 99 27 upphört.

137 576 49 21 Men
201 576 8 20 i
223 576 102 21 händelse
348 576 69 21 denna
432 576 121 27 skyldighet
572 577 96 21 kommer
683 578 33 20 att
729 577 114 25 försvinna,
859 582 36 15 an-

137 616 35 15 ser
186 610 112 22 Utskottet
313 611 36 21 det
364 617 52 15 vara
430 611 48 21 med
493 612 92 20 rättvisa
600 611 40 21 och
650 611 98 27 billighet
754 610 99 27 förenligt
863 612 33 20 att

137 644 119 22 rusthällen
270 644 119 22 bibehållas
404 645 35 21 vid
447 645 26 21 de
481 645 100 26 fördelar,
590 645 73 21 hvilka
673 639 84 27 utöfver
767 645 36 21 det
811 645 83 26 belopp,

137 685 46 15 som
198 679 42 21 kan
256 679 106 21 beräknas
377 681 108 19 motsvara
507 680 121 20 kostnaden
643 680 34 21 för
694 679 202 27 rustningsskyldig-

137 713 75 21 hetens
220 713 244 27 effektivafullgörande,
471 714 69 20 blifvit
548 714 48 21 dem
602 714 95 26 tillagda.
708 713 33 21 Då
749 712 147 28 nämligennä-

136 753 42 21 gon
187 747 61 21 dessa
263 747 108 22 förmoner
385 748 152 21 motsvarande
548 748 122 26 skyldighet
680 748 70 26 aldrig
760 747 70 27 ålegat
840 748 56 20 rust-

137 781 116 26 hållarene,
270 782 68 21 skulle
354 782 118 21 desammas
483 782 132 27 indragande
625 782 33 21 till
667 782 83 21 kronan
757 782 103 20 innebära
870 787 26 15 en

137 816 125 26 obestridlig
284 816 109 25 orättvisa,
416 816 101 21 särskildt
540 818 58 19 emot
614 816 26 21 de
655 822 59 15 mera
728 816 97 27 gynnade
841 816 55 20 rust-

137 849 78 26 hållen,
231 855 46 15 som
292 850 135 26 naturligtvis
443 855 45 16 mer
503 851 27 19 än
539 850 75 25 andra,
629 850 40 21 och
685 850 36 21 det
732 849 6 21 i
749 855 81 15 samma
839 855 57 16 mon,

137 883 26 21 de
178 883 63 21 hafva
256 885 69 20 större
340 884 107 21 förmoner
463 884 32 27 sig
509 884 166 25 tillförsäkrade,
690 883 84 22 komme
793 885 32 19 att
836 883 61 21 berö-

137 923 35 15 ras
187 917 24 21 af
224 917 40 22 den
279 918 121 27 föreslagna
415 918 230 27 skatteförändringen,
661 918 86 21 hvilken
762 917 56 27 förty
828 917 68 21 skulle

137 951 149 22 åstadkomma
309 958 27 15 en
350 952 81 27 verklig
454 952 107 27 rubbning
576 953 7 20 i
598 951 116 22 bestående
729 951 168 27 förmögenhets-

137 985 155 22 förhållanden.

206 1020 42 21 För
271 1022 33 19 att
318 1022 53 25 göra
386 1021 69 20 denna
470 1020 23 21 så
508 1021 49 20 litet
577 1020 83 21 känbar
676 1026 45 15 som
736 1019 90 27 möjligt,
842 1019 56 21 före-

137 1053 44 22 slår
203 1054 41 21 den
259 1054 78 27 nådiga
359 1055 159 26 propositionen
545 1054 195 21 reduktionstidens
762 1053 136 26 utsträkning

137 1088 33 21 till
192 1088 72 21 femtio
280 1088 31 21 år.
342 1089 33 20 En
396 1089 119 26 beräkning
530 1089 24 21 af
567 1089 57 21 huru
639 1088 97 27 sakläget
750 1088 67 21 under
833 1093 26 15 en
874 1086 24 22 så

137 1121 94 28 aflägsen
245 1122 88 21 framtid
348 1122 69 21 skulle
432 1123 93 26 gestalta
541 1123 32 26 sig
588 1123 61 21 torde
666 1122 60 26 dock,
738 1121 101 22 särskildt
849 1120 49 22 med

137 1156 98 21 afseende
258 1156 13 21 å
286 1156 99 27 möjligen
407 1156 127 22 inträffande
557 1156 130 21 förändrade
707 1155 191 26 beskattningsför-

137 1189 120 27 hållanden,
273 1197 53 14 vara
340 1191 82 26 ganska
429 1191 104 26 vansklig.
549 1190 113 21 Utskottet
671 1196 63 15 anser
748 1189 63 22 äfven
827 1189 71 21 derför

136 1224 29 21 all
180 1224 133 27 lagstiftning
328 1225 109 26 angående
452 1224 158 27 förändringar,
620 1224 131 21 omfattande
766 1229 27 15 en
809 1223 23 21 så
848 1222 51 27 lång

136 1258 118 27 tidsperiod
269 1259 57 21 helst
340 1259 54 21 böra
408 1259 111 25 undvikas,
539 1258 115 21 hvarutom
670 1258 42 26 det,
728 1258 66 26 enligt
810 1257 89 21 Utskot-

136 1294 43 19 tets
201 1293 91 26 mening,
309 1299 49 15 vore
374 1295 32 19 att
422 1293 122 26 påtagligen
565 1292 68 21 drifva
647 1292 164 27 försigtigheten
826 1291 73 21 alltför

136 1326 66 27 långt,
225 1333 35 14 om
275 1327 50 21 hela
347 1327 73 21 femtio
444 1327 25 21 år
484 1327 69 21 skulle
569 1333 63 15 anses
647 1326 91 21 behöfva
754 1325 49 27 åtgå
819 1325 32 21 till
866 1325 33 20 in-

137 1361 104 27 dragning
256 1361 23 21 af
292 1361 123 27 obetydliga
429 1361 77 26 belopp
523 1367 34 16 om
573 1361 67 27 några
654 1360 22 22 få
694 1359 141 26 skatterubel,
845 1358 54 21 hvil-

136 1395 37 20 ket
189 1395 65 26 enligt
269 1395 41 21 den
325 1395 77 27 nådiga
417 1395 173 27 propositionens
597 1395 81 26 förslag
688 1395 7 20 i
705 1394 53 21 flera
767 1394 38 21 fall
813 1393 86 22 komme

136 1430 33 19 att
184 1428 91 21 inträffa.
869 1451 3 3 N

203 1463 37 20 Ett
262 1463 126 27 ytterligare
403 1463 110 21 korrektiv
529 1464 58 20 emot
602 1462 86 27 möjliga
704 1461 115 22 orättvisor
835 1461 63 21 söker

205 1501 155 18 Statsutskottets
373 1501 116 18 betänkande
502 1502 37 17 N:o
553 1502 18 17 6.
