1078 1692
394 127 24 23 U.
433 127 22 23 B.
471 141 30 3 —
516 128 62 28 Prop.
594 128 39 22 N:o
650 127 34 22 13.
846 128 41 21 101

535 406 20 22 6.

239 448 77 22 Jemte
334 448 39 22 det
385 448 43 29 jag
442 448 64 22 hvad
520 456 69 14 norra
605 448 66 22 delen
687 448 27 22 af
727 448 44 22 den
786 447 131 29 föreslagna

168 484 189 22 Savolaksbanan
380 485 70 28 angär
472 484 92 22 förenar
587 484 49 29 mig
659 489 37 17 om
717 484 45 21 den
776 484 142 21 reservation

167 519 88 22 Herrar
284 520 149 28 Gripenberg,
456 519 137 29 Furuhjelm
617 519 43 22 och
683 519 115 29 Tallgvist
817 518 101 29 afgifvit,

166 556 74 20 mäste
253 554 43 30 jag
311 555 69 22 äfven
394 555 143 22 beträffande
552 555 75 22 denna
637 555 71 22 banas
720 554 66 22 södra
798 554 36 22 del
843 554 76 22 uttala

168 598 27 14 en
211 590 125 23 afvikande
351 590 67 30 äsigt.

240 626 52 22 Den
312 626 36 22 för
363 626 136 29 afgifvande
515 626 27 22 af
555 626 89 30 förslag
658 626 98 22 rörande
770 626 148 29 lämpligaste

169 662 163 28 sträckningen
348 662 26 22 af
385 662 99 29 jernväg
500 662 52 22 från
567 662 196 22 Riihimäki—S:t
778 662 141 28 Petersburg

167 697 77 22 banan
266 698 37 21 till
325 698 93 29 Kuopio
434 698 101 22 tillsatta
551 698 87 22 komitö
653 698 99 27 utreder,
769 700 35 19 att
819 698 100 21 trafiken

167 732 51 23 frän
241 733 112 22 Savolaks
376 733 69 29 följer
463 736 36 19 tre
514 734 230 28 hufvudriktningar,
759 734 115 28 nemligen
888 734 32 28 pä

168 768 125 29 Ryssland,
312 771 102 20 närmast
432 769 35 22 S:t
483 770 147 28 Petersburg,
646 770 30 28 pä
690 770 70 21 hamn
774 769 41 23 vid
830 769 88 22 Finska

169 804 71 22 viken
254 804 44 22 och
312 805 30 28 pä
356 804 91 22 landets
463 804 145 23 hufvudstad
623 805 154 29 Helsingfors.

242 840 120 21 Trafikens
384 840 73 21 behof
477 840 37 22 uti
537 841 66 21 dessa
626 841 51 21 frän
698 840 130 22 hvarandra
844 840 76 21 skilda

168 874 223 30 hufvudriktningar
406 875 43 22 har
464 876 115 21 utskottet
590 878 77 19 ansett
677 876 79 22 kunna
766 876 61 21 lösas
837 882 83 23 genom

168 918 29 14 en
209 910 104 29 jernväg,
330 918 48 14 som
389 911 52 22 frän
451 911 94 29 Kuopio
556 911 65 22 öfver
632 911 33 22 S:t
675 911 85 22 Michel
771 911 74 22 skulle
855 910 63 22 ledas

168 946 38 22 till
220 946 107 29 Kaipiais
344 947 55 21 eller
415 947 116 22 eventuelt
546 947 114 22 Kouvola.

243 982 37 21 En
300 982 66 29 dylik
384 983 214 28 kompromissbana
614 991 66 14 anser
693 983 43 29 jag
750 983 51 22 icke
816 983 30 29 pä
861 984 34 20 ett
911 982 8 21 i

168 1017 100 29 längden
283 1017 216 23 tillfredsställande
515 1021 47 19 sätt
577 1018 93 29 betjena
686 1019 100 21 trafiken
798 1018 36 22 uti
844 1019 77 28 någon

168 1053 27 22 af
207 1053 66 22 dessa
288 1053 224 30 hufvudriktningar
528 1056 32 27 på
576 1061 86 15 samma
678 1055 62 28 gång
756 1054 44 22 den
816 1053 104 30 omöjlig-

169 1092 42 26 gör
227 1097 28 14 en
270 1090 98 21 rationel
383 1090 136 29 utveckling
535 1090 27 22 af
574 1090 90 22 landets
678 1091 156 28 jernvägsnät.
920 1112 2 2 N

244 1125 46 21 För
305 1125 164 22 bedömmande
484 1126 27 21 af
525 1126 116 22 storleken
656 1126 28 21 af
697 1126 44 22 den
756 1125 70 22 trafik
841 1133 28 14 en
880 1125 41 22 Sa-

169 1160 141 22 volaksbana
335 1161 46 21 kan
403 1161 103 29 päräkna
529 1161 9 22 i
564 1161 28 22 de
621 1162 113 21 särskilda
760 1161 161 29 riktningarne

171 1196 82 21 saknas
270 1196 127 22 statistiskt
412 1197 113 22 material.
546 1197 12 22 I
574 1198 77 28 nägon
666 1198 54 21 män
734 1197 124 29 belysande
873 1196 46 22 för-

169 1231 117 22 hällandet
302 1232 98 22 emellan
415 1232 181 23 trafikbehofvet
612 1235 48 20 mot
675 1235 61 20 öster
752 1233 42 22 och
810 1233 39 21 det
861 1234 75 20 emot”

170 1269 76 20 vester
254 1267 65 22 torde
330 1267 58 22 dock
399 1268 44 21 den
453 1268 130 29 beräkning
593 1276 61 21 vara,
664 1276 48 15 som
722 1268 27 22 af
756 1276 29 15 en
794 1268 129 29 delegation

169 1303 63 22 inom
249 1303 115 22 utskottet
382 1304 8 21 i
406 1304 64 21 detta
485 1304 106 22 afseende
607 1304 140 22 verkställts.
778 1305 54 21 Man
847 1305 72 27 antog

171 1340 35 19 att
221 1338 46 22 alla
282 1346 73 20 varor,
372 1346 48 15 som
435 1340 52 21 frän
503 1342 78 20 vester
597 1340 127 22 ankommit
732 1340 37 21 till
780 1340 142 22 stationerna

171 1373 91 28 Simola,
284 1375 76 27 Pulsa,
380 1375 137 27 Davidstad,
538 1375 105 23 Kausala
658 1375 43 22 och
716 1376 82 21 Lahtis
813 1375 42 22 och
870 1375 54 21 frän

171 1409 65 21 dessa
255 1409 113 22 stationor
384 1410 75 29 afgätt
475 1413 61 19 emot
552 1413 83 25 vester,
651 1411 186 29 representerade
853 1410 70 22 Savo-

171 1443 51 22 laks
237 1445 142 22 trafikbehof
392 1445 9 22 i
417 1445 75 22 denna
507 1446 113 29 riktning.
639 1447 34 21 Pä
688 1454 87 15 samma
790 1448 46 20 sätt
852 1447 73 27 ansäg

170 1486 54 15 man
239 1479 28 22 de
282 1488 73 20 varor,
372 1488 48 14 som
435 1481 38 22 till
489 1481 29 22 de
532 1483 38 20 tre
585 1481 159 22 förstnämnde
760 1482 26 22 af
799 1482 65 21 dessa
878 1483 45 20 sia-

241 1522 196 26 Jernvägsutskottets
453 1524 118 20 betänkande
587 1523 41 22 N:o
643 1526 18 19 1.
