1078 1692
474 143 38 23 N:o
528 143 29 23 16.
834 144 25 20 17

135 209 35 21 vid
185 208 139 27 visitationer,
341 216 46 14 som
402 208 24 22 af
438 208 78 22 honom
532 209 110 27 anställas,
658 210 50 26 taga
723 209 120 21 kännedom
855 215 33 15 om

135 243 92 27 skogens
246 243 141 27 begagnande
405 242 13 22 å
436 242 63 22 dessa
517 243 125 28 lägenheter
662 243 46 25 och,
728 244 7 20 i
751 243 102 21 händelse
868 243 24 21 af

136 277 114 26 missbruk,
266 277 86 27 vidtaga
367 276 76 29 åtgärd
459 277 33 21 till
508 278 61 21 deras
585 278 117 21 beifrande.

484 340 12 28 8
511 341 33 22 53.

204 380 62 22 Brott
281 380 53 22 eller
349 380 152 22 öfverträdelse
518 381 23 21 af
555 381 69 21 denna
639 381 40 27 lag
688 380 34 22 får
736 381 19 27 ej
772 380 74 26 åtalas,
858 380 33 22 så-

136 416 65 21 framt
219 414 35 22 två
274 414 24 22 år
316 414 90 22 förflutit
425 414 47 22 från
489 415 40 21 den
545 416 41 27 dag
602 416 115 27 gerningen
733 416 86 24 skedde,
836 416 54 21 dock

137 457 49 15 vare
205 451 43 20 rätt
264 451 32 20 att
310 449 58 22 åtala
384 450 133 28 förbrytelse,
533 457 46 15 som
594 450 7 21 i
616 451 26 21 41
660 450 51 22 eller
726 451 28 21 43
770 451 11 27 &
797 451 93 24 nämnes,

136 484 100 22 förfallen
252 484 53 22 efter
320 485 30 21 ett
366 483 24 22 år
404 483 47 22 från
467 484 42 22 den
525 485 49 27 dag,
591 484 142 29 förbrytelsen
748 485 127 22 föröfvades.

485 548 12 27 8
513 548 34 22 54.

206 588 48 21 Har
268 588 101 21 kommun
384 588 33 21 för
433 588 32 28 sig
480 589 111 27 upprättat
606 588 92 22 särskild
713 588 179 29 ordningsstadga

138 630 34 14 om
193 622 202 28 försigtighetsmått
414 625 56 19 emot
490 623 53 21 eller
562 623 111 28 släckning
689 624 23 20 af
726 623 99 28 skogseld
841 623 52 22 eller

138 664 34 14 om
193 656 100 28 åtgärder
312 657 34 22 för
364 657 185 28 skogsbevakning
569 658 39 21 och
628 658 111 21 beifrande
755 658 23 21 af
792 658 100 21 öfverträ-

140 692 70 21 delser
230 694 56 19 emot
305 692 69 22 denna
392 692 43 27 lag,
454 692 56 21 skall
531 691 67 23 sådan
614 692 75 28 stadga
705 692 140 22 öfverlemnas
861 691 33 22 till

140 726 100 28 pröfning
258 727 23 21 af
298 726 143 28 Guvernören,
461 733 46 15 som
526 734 50 20 eger
595 727 105 21 stadfästa
715 727 130 27 densamma,
861 726 33 22 så-

141 761 48 21 vida
207 761 41 21 han
268 760 69 23 finner
355 762 40 21 den
414 761 19 27 ej
449 761 67 22 strida
533 762 58 21 emot
606 761 79 22 allmän
701 762 53 21 eller
770 762 69 21 denna
854 761 40 27 lag.

487 825 12 26 8
515 825 34 21 55.

210 864 40 21 Till
265 864 138 21 bärförinnan
419 865 67 21 utsatt
501 865 42 21 vite
558 865 33 21 för
605 864 59 22 brott
674 864 52 22 eller
736 864 160 27 öfverträdelse,

141 899 85 21 hvarför
242 901 59 20 straff
316 899 61 22 ofvan
392 900 85 25 utsatts,
493 899 34 22 må
543 899 18 28 ej
578 899 63 22 fällas
656 900 54 21 efter
725 899 36 22 det
776 899 70 22 denna
861 899 35 27 lag

142 933 58 22 trädt
219 933 7 21 i
244 933 100 28 gällande
363 934 62 27 kraft,
441 934 40 21 och
497 933 35 22 må
547 934 68 28 dylikt
630 935 41 21 vite
686 934 19 24 ei
722 934 68 22 heller
804 933 92 22 framde-

142 967 31 22 les
188 969 100 20 utsättas.

489 1003 11 27 8
517 1004 33 21 56.

213 1043 74 22 Denna
302 1043 36 28 lag
354 1043 109 28 tillämpas
478 1043 48 22 från
542 1044 40 21 och
599 1044 47 21 med
662 1044 41 21 den

334 1087 4 17 ;
354 1077 55 22 ifrån
425 1077 86 22 hvilken
527 1078 31 21 tid
574 1080 19 25 1,
610 1079 19 26 2,
645 1079 19 24 3,
680 1078 20 26 5,
717 1079 19 26 7,
752 1079 20 26 8,
788 1080 12 19 9
817 1077 39 22 och
872 1077 26 20 10

143 1112 24 28 88
183 1113 26 20 10
224 1112 56 27 kap.,
298 1113 32 27 13,
349 1114 32 24 14,
399 1113 25 20 15
440 1113 40 21 och
497 1114 26 20 16
539 1113 48 27 kap.
604 1114 54 20 samt
674 1113 12 20 6
702 1113 12 27 $
730 1113 26 20 27
772 1113 51 27 kap.
833 1111 23 22 B.
867 1111 33 24 B.,

145 1149 22 18 11
186 1147 12 27 &
214 1148 27 20 20
257 1147 49 27 kap.
323 1147 27 21 M.
366 1147 31 26 B.,
413 1147 53 21 sista
481 1149 116 20 momentet
612 1147 23 21 af
648 1148 27 21 36
691 1147 11 28 $
719 1147 31 21 uti
761 1146 139 28 reglementet

143 1181 111 28 angående
274 1182 165 25 landtmäteriet,
460 1182 149 28 egodelnings-
627 1182 40 22 och
683 1181 217 28 skattläggningsver-

143 1216 37 21 ket
199 1217 23 20 af
240 1217 40 21 den
302 1217 24 21 15
346 1217 42 27 Maj
406 1217 61 26 1848,
484 1217 142 28 kungörelsen
642 1217 40 21 den
699 1218 27 20 14
740 1215 90 23 Januari
846 1215 53 21 1851

144 1257 34 14 om
199 1250 109 28 åtskilliga
328 1251 68 22 vilkor
411 1251 33 22 för
459 1251 116 28 skatteköp
591 1251 22 22 af
628 1251 173 24 kronohemman,
817 1249 83 22 förord-

143 1285 78 28 ningen
241 1285 40 22 den
302 1286 12 20 9
334 1285 135 30 September
481 1287 53 20 1851
552 1285 110 29 angående
677 1286 106 27 skogarne
798 1285 7 20 i
820 1283 81 27 landet,

143 1319 143 28 kungörelsen
304 1320 40 21 den
361 1321 12 20 3
389 1320 104 21 Februari
511 1321 55 21 1862
582 1320 90 21 rörande
688 1320 161 21 forstmästares
859 1319 43 21 rätt

143 1356 32 19 att
189 1355 158 21 sammankalla
362 1355 44 22 folk
422 1355 33 21 till
471 1355 112 28 släckning
598 1355 22 22 af
634 1355 107 28 skogseld,
756 1355 28 20 40
799 1353 27 28 $i
838 1352 63 29 fiske-

142 1389 112 28 ristadgan
276 1389 22 22 af
312 1390 42 21 den
370 1391 12 19 4
398 1389 121 22 December
535 1391 54 20 1865
606 1391 55 20 samt
676 1387 226 24 ansvarsbestämmel-

141 1430 39 15 sen
198 1424 7 20 i
226 1425 12 20 2
259 1431 63 14 mom.
343 1425 23 20 af
383 1425 27 20 52
429 1425 12 26 8
459 1424 8 21 i
483 1425 153 26 förordningen
651 1424 41 21 den
708 1425 12 20 9
737 1423 43 28 Maj
798 1423 55 21 1870
869 1428 33 15 om

141 1458 54 21 lots-
215 1459 41 21 och
274 1459 178 28 fyrinrättningen
471 1459 82 22 förlora
573 1459 29 21 all
617 1459 107 27 giltighet;
739 1459 41 21 och
794 1457 58 22 skall
866 1463 36 14 an-

825 1501 11 16 2
