1078 1692
381 156 23 23 U.
421 156 22 23 B.
460 170 29 3 —
505 157 65 29 Prop.
586 158 38 22 N:o
642 156 34 23 13.
830 159 27 21 81

134 222 79 28 utgått
228 221 52 22 från
295 221 44 23 den
355 222 94 22 alldeles
463 222 88 30 rigtiga
561 222 175 30 förutsättning,
748 225 34 19 att
793 219 28 25 en
829 222 61 29 jern-

135 256 113 29 vägslinie
270 264 84 22 genom
376 257 117 29 Savolaks,
515 259 73 21 såsom
603 258 125 22 förenande
745 258 145 29 temmeligen

135 300 72 21 svaga
227 292 151 29 ändpunkter,
399 294 50 21 icke
469 294 48 21 kan
536 294 109 28 tilläggas
665 294 140 26 karakteren
825 294 24 21 af
861 301 29 14 en

136 329 119 21 stambana
275 329 9 21 i
302 329 102 29 egentlig
424 330 100 28 mening,
539 329 108 23 hvarföre
664 330 44 21 den
724 330 120 22 sannolika
858 329 32 21 lo-

135 364 138 22 kaltrafiken
289 365 43 21 och
348 364 28 22 de
391 367 72 19 orters
479 365 104 28 intresse,
599 372 48 15 som
661 365 65 29 ligga
742 365 8 21 i
766 365 91 22 trakten
866 364 28 22 af

135 399 81 29 banan,
232 401 72 21 måste
319 400 9 22 i
343 400 47 29 hög
405 400 58 29 grad
478 400 212 30 uppmärksammas
705 400 44 22 och
764 400 73 22 blifva
852 400 38 22 be-

136 436 142 22 stämmande
293 436 41 22 vid
348 436 121 28 lösningen
485 436 27 22 af
525 436 88 29 frågan.

212 471 44 22 Att
269 471 47 29 jag,
332 471 73 22 under
420 472 131 28 antagande
566 474 35 19 att
617 472 77 22 banan
708 471 91 22 komme
809 474 36 19 att
854 472 36 21 be-

136 509 52 19 röra
203 507 124 22 socknarne
342 507 148 29 Leppävirta,
505 507 77 22 Jorois
598 507 43 22 och
655 507 91 28 Jockas,
761 503 41 25 vill
816 507 76 21 lemna

136 542 136 29 regeringen
287 544 85 20 största
386 542 96 30 möjliga
497 542 203 30 handlingsfrihet,
710 542 102 29 framgår
821 542 71 22 redan

138 578 26 21 af
181 578 39 22 det
238 578 142 29 föregående.
412 579 35 28 Ty
469 578 90 22 oafsedt
579 581 36 19 att
634 578 41 29 jag
691 586 67 14 anser
774 578 37 22 det
827 578 8 22 i
851 578 41 21 all-

137 613 93 22 mänhet
250 614 50 22 icke
320 622 56 14 vara
396 614 135 22 välbetänkt
552 614 27 22 af
592 614 129 28 ständerna,
738 621 48 15 som
799 613 27 29 ju
841 613 50 22 icke

138 649 70 22 hafva
223 650 55 21 eller
294 650 78 22 kunna
387 650 110 21 förskaffa
507 650 36 28 sig
553 658 30 14 en
593 650 143 28 fullkomligt
746 650 51 21 klar
805 648 87 22 inblick

137 684 9 22 i
167 685 44 21 alla
231 685 28 22 de
274 685 159 29 mångfaldiga
448 685 163 27 förhållanden,
628 692 48 15 som
690 685 96 29 betinga
801 684 39 22 det
855 684 36 22 bä-

137 722 36 20 sta
188 721 62 21 valet
265 720 27 22 af
305 721 44 21 den
364 724 105 19 närmare
485 721 145 22 direktionen
645 721 36 21 för
696 728 29 14 en
737 720 155 29 jernvägsför-

138 756 108 28 bindelse,
268 758 35 20 att
324 757 8 21 i
348 756 64 22 detta
426 756 130 22 hänseende
571 757 56 28 ingä
642 756 8 22 i
666 756 102 29 detaljer,
785 757 24 21 sä
825 762 67 22 synes

137 792 49 29 mig
207 792 97 28 speciela
324 792 50 22 skäl
389 792 124 22 förefinnas
530 794 35 20 att
580 792 51 22 icke
646 799 84 22 genom
744 791 79 23 alltför
837 798 55 22 nog-

138 834 88 22 granna
248 828 144 21 föreskrifter
415 828 9 21 i
444 828 160 28 föreliggande
626 828 42 21 fall
688 827 71 22 binda
773 826 119 29 styrelsen.

137 862 36 21 Då
187 863 67 21 också
268 863 115 22 utskottet
397 863 124 30 medgifvit
535 863 76 22 henne
625 871 29 14 en
667 863 48 21 viss
729 862 91 28 latitud,
835 862 9 21 i
854 861 38 22 det

137 899 25 20 åt
181 897 83 22 hennes
284 898 110 22 valfrihet
414 898 161 23 öfverlemnats
595 901 42 26 att,
656 899 59 21 efter
728 899 165 28 törsiggångna

137 933 273 30 detaljundersökningar,
432 935 127 21 bestämma
587 935 36 28 sig
648 934 36 21 för
708 934 105 29 Kaipiais
838 933 55 22 eller

138 969 106 22 Kouvola
259 971 74 20 såsom
347 970 177 29 utgångspunkt
537 970 43 21 och
591 972 34 19 att
636 969 72 30 draga
718 969 44 22 den
773 968 120 23 förordade

137 1005 87 22 banans
244 1005 140 30 nordligaste
399 1005 37 22 del
450 1005 38 22 till
502 1005 141 29 Suonenjoki
658 1005 55 22 eller
726 1005 88 28 Iisvesi,
829 1006 64 25 samt,

138 1041 74 21 såsom
228 1041 91 27 bekant,
336 1042 57 21 1882
408 1042 37 21 års
460 1041 93 22 ständer
567 1041 188 29 befullmägtigat
769 1041 74 21 henne
859 1041 35 20 att

141 1076 61 21 inom
216 1076 60 21 vissa
290 1076 138 29 gränslinier
443 1077 58 22 efter
515 1079 54 27 eget
583 1077 155 28 bepröfvande
752 1076 91 22 besluta
857 1082 37 15 om

139 1111 44 22 den
197 1112 180 22 österbottniska
391 1113 88 21 banans
490 1115 105 19 närmare
605 1112 140 29 sträckning,
755 1111 46 22 kan
811 1111 38 22 väl
859 1110 34 22 in-

137 1155 46 20 gen
197 1147 89 22 hållbar
300 1148 76 28 grund
391 1148 91 21 anföras
497 1148 36 22 för
548 1150 35 19 att
597 1148 51 21 icke
663 1155 29 14 en
705 1147 48 22 lika
767 1146 127 23 vidsträckt

138 1184 47 20 rätt
199 1183 69 22 borde
282 1183 141 22 förbehållas
437 1184 75 21 henne
527 1183 8 22 i
550 1183 108 22 afseende
668 1185 14 20 å
693 1183 40 22 det
743 1186 103 18 närmare
857 1182 37 21 be-

140 1218 152 22 stämmandet
312 1219 26 22 af
356 1219 50 28 den,
427 1219 26 22 af
469 1219 50 29 mig
533 1219 44 22 här
591 1219 121 22 förordade
726 1219 77 28 linien,
817 1218 9 21 i
841 1225 53 21 syn-

138 1254 80 22 nerhet
236 1261 48 15 som
302 1254 109 30 frågorna
430 1262 37 14 om
487 1254 142 29 Suonenjoki
643 1255 25 21 äs
682 1254 155 28 kanalisering
851 1253 43 22 och

139 1289 149 29 möjligheten
307 1292 35 20 att
362 1290 78 29 undgå
460 1290 44 22 den
524 1291 67 21 svåra
608 1297 112 22 passagen
734 1290 84 21 mellan
832 1289 62 21 Kuo-

137 1325 40 29 pio
191 1325 43 22 och
248 1325 90 22 Tiihola
353 1326 8 21 i
376 1325 88 30 ganska
478 1326 117 29 väsentlig
609 1327 54 20 mån
677 1327 72 20 måste
759 1324 96 23 inverka
864 1324 30 29 på

137 1361 122 28 lösningen
278 1361 27 22 af
322 1361 28 22 de
370 1361 189 30 detaljspörsmål,
577 1369 50 14 som
648 1362 36 21 stå
702 1361 9 21 i
730 1360 165 28 sammanhang

137 1396 53 21 med
205 1397 85 22 banans
305 1397 113 29 rigtning.

211 1431 44 22 Att
273 1432 84 22 liniens
372 1432 117 29 dragande
503 1440 84 21 genom
601 1432 147 29 Leppävirta,
762 1431 75 23 Jorois
853 1429 43 23 och

137 1466 85 22 Jockas
242 1467 73 22 skulle
334 1468 118 22 förorsaka
473 1468 50 21 dess
542 1468 127 21 närmande
688 1467 38 22 till
744 1467 91 22 Saimen
849 1466 47 21 kan

137 1501 59 22 visst
215 1501 91 24 anföras
326 1503 42 22 och
388 1503 42 22 har
449 1503 70 22 äfven
533 1504 90 22 anförts
637 1505 83 28 såsom
726 1505 34 20 ett
773 1502 74 23 motiv
860 1501 36 22 för

218 1544 198 27 Jernvägsutskottets
431 1545 119 21 betänkande
566 1547 31 20 No
612 1547 18 20 1.
836 1549 12 17 6
