1078 1692
220 145 26 20 12
527 144 38 22 N:o
581 143 23 23 4.

189 215 78 22 genom
282 209 125 28 evalvering
421 210 34 22 till
469 210 102 22 metriskt
585 210 56 21 mått
656 210 40 22 och
710 209 49 28 vigt
773 211 34 20 att
822 211 78 26 utgöra
910 208 35 22 för

189 244 77 28 hvarje
280 244 82 22 mantal
377 246 77 26 370,387
469 244 51 22 liter
533 245 55 21 korn
599 245 38 21 och
648 246 63 25 23,49
722 244 44 22 kilo
776 246 63 26 smör,
851 244 94 22 förutom

189 278 107 22 kontanta
310 279 120 27 penningar
445 281 12 19 5
473 279 62 21 rubel
545 281 12 19 2
568 279 77 27 kopek.
670 279 51 21 Men
732 278 28 22 då
770 285 94 20 numera,
875 278 68 22 sedan

187 312 81 28 jemväl
282 313 9 21 i
305 313 102 28 Wiborgs
425 314 37 21 län
481 313 42 22 den
537 320 44 20 nya
595 313 197 27 skattläggningen
807 313 87 28 införes,
911 320 34 14 ru-

189 348 97 21 belskatt
299 348 79 22 varder
392 348 9 21 i
415 348 44 22 alla
475 348 60 22 delar
549 348 26 22 af
587 348 75 22 landet
676 348 108 27 gällande,
799 348 41 21 har
850 348 36 21 det
896 347 49 22 icke

189 383 83 21 ansetts
291 382 101 28 lämpligt
409 384 34 20 att
457 383 114 27 qvarhålla
587 383 61 21 detta
664 382 69 22 härad
747 382 8 22 i
771 389 26 15 en
813 382 132 28 undantags-

189 416 109 28 ställning,
321 416 101 23 hvarföre
436 417 8 21 i
459 420 13 18 5
488 418 13 26 &
515 417 92 28 stadgas
629 424 27 15 en
678 417 133 27 omsättning
825 417 26 21 af
864 416 81 28 ifräga-

189 451 97 22 varande
299 451 111 27 persedlar
424 452 69 27 enligt
509 453 141 20 1825—1839
665 452 64 21 årens
739 452 206 27 medelmarkegång

189 486 33 22 till
237 486 25 21 16
278 486 135 22 skatterubel
428 486 33 22 för
476 486 113 22 mantalet.

258 520 61 22 Hans
334 521 122 27 Kejserliga
474 521 105 27 Majestät
593 522 40 20 har
647 521 9 21 i
670 520 68 22 nåder
753 520 59 23 velat
832 520 34 22 till
881 520 63 22 Stän-

189 554 78 22 dernas
287 555 124 27 antagande
435 555 132 22 öfverlemna
591 555 94 22 nämnda
710 554 232 28 författningsförslag,

189 589 83 22 hvilket
287 592 25 19 är
326 590 26 21 af
364 589 95 28 följande
473 590 91 27 lydelse:

395 652 100 34 Förslag
517 652 42 27 till
585 652 147 33 förordning,
751 653 123 33 angående
892 654 50 26 sär-

326 692 82 27 skilda
425 694 95 25 räntors
539 693 43 27 och
601 692 179 34 skattebelopps
796 692 147 34 erläggande

326 732 59 27 efter
402 733 111 27 metriskt
530 734 63 26 mätt
611 733 43 27 och
672 733 63 33 vigt.

269 809 3 1 N
541 791 12 25 8
571 792 18 20 1.

255 830 43 21 Vid
324 830 143 27 erläggandet
488 830 25 21 af
533 830 211 27 prestarättigheter,
768 830 172 27 tingsgästning,

186 863 163 28 kappeafgifter
364 865 39 20 och
417 864 104 22 fiskränta
536 865 62 26 skall,
614 865 25 20 sä
652 865 66 26 länge
729 864 63 21 dessa
802 864 90 27 afgifter
905 866 37 19 äro

187 897 116 22 faststälda
318 898 8 21 i
341 899 60 21 äldre
416 899 56 21 mätt
486 899 39 21 och
539 899 55 27 vigt,
610 899 50 21 frän
674 899 77 27 början
767 898 24 22 af
804 899 25 21 är
847 900 53 20 1890
916 904 26 16 en

186 934 68 20 tunna
273 933 108 22 beräknas
399 933 33 22 till
447 940 27 15 en
489 934 74 21 hektol
577 933 113 22 sextiofem
706 933 56 27 liter,
778 939 26 16 en
820 933 70 26 kappe
908 932 34 22 till

186 966 42 22 fem
248 967 39 21 och
307 974 26 15 en
348 967 48 22 half
409 968 55 27 liter,
481 969 32 20 ett
527 968 86 27 lispund
627 968 33 21 till
676 968 50 21 ätta
741 968 38 21 och
794 974 27 15 en
835 967 49 22 half
897 967 45 21 kilo

185 1003 56 20 samt
256 1003 32 20 ett
303 1003 108 26 skålpund
425 1003 34 21 till
474 1002 119 27 fyratiotvä
609 1003 39 21 och
664 1004 33 20 ett
713 1001 57 22 halft
784 1001 71 28 nylod.
873 1019 2 2 .

541 1061 12 26 8
569 1062 20 19 2.

254 1105 11 21 I
280 1105 102 22 händelse
406 1106 26 21 de
454 1106 49 22 frän
522 1107 125 26 rusthällen,
664 1107 88 20 rotorna
768 1105 38 22 och
821 1105 121 22 bätsmans-

184 1138 73 22 hällen
279 1140 111 27 utgäende
412 1140 174 27 vakansafgifter
608 1141 49 28 icke
677 1140 47 21 före
740 1140 41 21 den
797 1141 11 20 1
824 1139 45 22 Juli
886 1141 54 19 1889

184 1172 74 23 blifvit
272 1173 110 28 aflyftade,
399 1175 61 21 skola
475 1175 109 22 desamma
599 1175 34 22 för
647 1175 69 27 sagde
732 1175 26 21 är
773 1175 38 21 och
826 1173 115 28 framgent,

184 1207 25 21 sä
224 1207 64 28 länge
304 1208 27 21 de
346 1208 103 28 fortvara,
465 1210 54 27 utgä
534 1209 50 22 frän
601 1209 77 27 hvarje
694 1209 92 21 rusthäll
800 1208 49 21 med
860 1209 82 20 tretton

184 1242 75 21 hektol
280 1243 64 27 tjugu
365 1243 51 22 liter
437 1244 98 27 spanmäl
555 1244 39 21 och
609 1246 33 19 tre
656 1243 75 22 hektol
746 1242 132 27 ättatiofyra
892 1242 50 21 liter

184 1276 68 27 hafre,
275 1276 51 22 frän
347 1277 76 28 hvarje
437 1279 49 20 rota
501 1278 48 21 med
563 1278 50 27 fyra
627 1278 75 21 hektol
717 1277 80 27 fyratio
812 1277 50 21 liter
879 1282 63 21 span-

184 1311 44 21 mäl
250 1311 40 21 och
312 1318 27 15 en
361 1312 73 21 hektol
456 1312 119 27 sextiofyra
593 1312 51 22 liter
662 1311 68 28 hafre,
747 1312 38 21 och
800 1311 50 22 frän
865 1310 76 28 hvarje

184 1345 157 22 båtsmanshåll
363 1346 43 22 fem
428 1347 75 21 hektol
524 1347 115 27 sjuttiosex
661 1347 52 21 liter
731 1345 102 28 spanmä?
849 1345 39 22 och
902 1345 40 22 två

184 1379 74 22 hekto]
272 1379 131 28 fyratioätta
418 1381 50 22 liter
483 1381 67 27 hafre,
566 1381 90 22 hvartill
671 1381 96 22 kommer
777 1380 165 22 reserv-vakans

184 1413 94 28 afgiften
300 1415 49 21 med
372 1415 119 22 ättatiotvä
513 1415 50 22 liter
582 1415 98 28 spanmål
695 1415 50 22 från
760 1414 75 28 hvarje
850 1413 92 22 rusthäll

184 1447 39 22 och
238 1447 162 23 bätsmansrota
414 1451 57 20 samt
485 1449 76 28 hvarje
577 1449 25 22 af
615 1449 26 22 de
656 1449 147 26 knekterotor,
819 1455 43 15 som
874 1447 68 28 enligt
