1078 1692
200 160 28 22 58
402 159 23 23 U.
441 160 22 22 B.

524 160 61 30 Prop.
601 160 37 23 N:o
656 160 32 22 13.

171 226 37 27 dig
228 226 141 22 vexelverkan
391 228 49 20 med
461 234 27 14 en
505 229 46 19 stor
567 227 35 21 del
617 227 25 21 af
655 227 75 21 landet
746 227 40 21 och
801 228 70 21 denna
886 233 35 15 ve-

170 262 115 22 xelverkan
310 263 70 21 skulle
404 263 93 21 allenast
519 263 127 27 ytterligare
669 263 131 27 utsträckas,
821 264 24 20 sä
861 264 61 20 snart

171 304 26 16 en
213 298 92 22 Karelsk
320 299 56 21 bana
392 298 56 22 ifrän
463 299 88 21 Jääskis
563 298 60 22 öfver
633 298 129 28 Kronoborg
773 299 40 21 och
823 299 99 21 Lahden-

170 334 66 26 pohja
252 334 34 21 till
302 334 97 22 Joensuu
407 335 92 21 kommit
510 334 35 22 till
555 336 71 20 ständ.
645 335 132 27 Härigenom
788 336 46 20 äter
844 334 77 27 skulle,

168 370 68 26 jemte
258 370 57 21 ökad
336 370 127 22 ekonomisk
485 370 112 22 förkofran
614 371 7 21 i
638 370 104 22 Savolaks
759 371 92 21 likasom
867 370 7 21 i
890 370 31 22 öf-

169 405 48 27 riga
238 406 130 27 landsdelar,
390 407 49 21 med
459 407 75 21 hvilka
550 407 122 21 detsamma
686 406 57 28 finge
759 406 48 22 fritt
823 407 97 21 kommu-

169 441 79 27 nicera,
270 443 32 20 ett
322 442 94 27 mägtigt
431 443 50 21 stöd
497 443 76 21 vinnas
589 442 35 22 for
640 443 41 21 den
698 442 80 22 sociala
794 442 39 22 och
849 442 73 27 politi-

169 477 40 21 ska
229 478 72 27 enhet,
322 478 87 22 hvilken
430 480 69 20 mäste
520 485 64 15 anses
599 479 35 21 för
649 480 33 20 ett
698 478 139 28 oeftergifligt
852 478 70 21 vilkor

169 512 34 22 för
217 513 158 28 betryggandet
390 514 24 22 af
427 515 85 21 landets
528 514 62 28 lycka
607 516 39 20 och
662 514 96 22 framtid.

238 550 111 27 Naturligt
365 552 24 19 är
405 551 72 27 också,
493 552 34 20 att
543 551 42 21 den
596 550 147 22 Savolaksska
748 551 127 27 jernbanan,
885 552 34 19 sä-

169 584 66 22 lunda
252 586 86 27 dragen,
355 586 48 22 icke
419 586 70 22 skulle
505 587 87 21 komma
609 588 33 20 att
658 586 70 22 sakna
744 593 26 15 en
786 587 82 26 ganska
883 593 37 14 an-

168 621 70 27 senlig
253 621 71 21 trafik.
356 622 76 21 Denna
448 622 56 22 bana
519 629 51 15 vore
587 623 28 21 dä
631 622 47 22 icke
695 629 60 15 mera
771 622 149 22 enlokalbana

167 657 49 21 med
240 657 41 21 den
305 658 128 21 inskränkta
456 658 114 27 uppgiften
594 660 33 19 att
643 658 107 22 förmedla
766 658 102 22 Savolaks
884 664 36 15 en-

167 692 67 22 skilta
257 693 137 22 trafikbehof.
425 694 48 22 Den
495 700 50 16 vore
562 701 27 15 en
605 694 85 26 verklig
705 694 145 27 centralbana,
866 694 54 20 hvil-

167 728 42 22 ken
230 729 71 21 skulle
322 730 98 26 uppbära
440 730 145 22 samfärdseln
607 730 94 21 emellan
720 732 59 19 öster
795 730 39 21 och
849 732 71 19 vester

168 764 40 21 och
224 765 49 21 med
290 765 120 22 detsamma
426 766 76 27 bringa
518 766 63 21 äfven
597 766 121 27 sydvestra,
729 766 133 27 nordvestra,
872 766 48 26 syd-

168 802 60 19 östra
244 801 39 21 och
298 801 50 21 med
364 801 60 21 tiden
440 802 34 20 till
491 802 39 21 och
546 802 50 21 med
612 802 118 21 nordöstra
746 802 87 21 delarna
845 801 23 22 af
874 802 46 20 lan-

169 836 37 21 det
228 836 7 20 i
259 836 132 22 förbindelse
412 838 49 20 med
477 838 128 21 hvarandra.
639 837 83 21 Genom
739 843 27 15 en
782 838 66 20 sådan
864 838 56 20 bana

168 871 70 21 skulle
254 878 26 15 en
297 873 87 20 sträcka
400 873 23 20 af
437 873 29 21 36
481 875 60 20 verst
556 873 68 21 blifva
640 879 125 21 gemensam
782 872 33 21 för
833 873 41 21 den
883 873 37 20 Sa-

166 907 116 22 volaksska
298 908 39 21 och
354 908 41 21 den
415 909 106 21 Karelska
537 909 78 21 banan.
632 909 34 20 En
682 908 35 21 del
733 908 23 21 af
770 908 98 27 Wiborgs
884 908 36 21 län

166 943 70 21 skulle
252 943 92 22 sålunda
359 944 94 27 tidigare
469 947 27 18 än
513 945 64 26 eljest
593 945 87 20 komma
697 944 7 21 i
720 945 127 26 åtnjutande
863 944 24 21 af
894 945 26 20 de

165 977 95 22 fördelar
284 985 26 15 en
332 979 91 28 jernväg
445 980 107 27 erbjuder.
585 980 33 21 En
639 979 98 28 betydlig
753 980 80 21 rörelse
849 979 70 22 skulle

167 1014 65 21 ocksä
248 1015 94 21 tillstöta
358 1015 37 22 vid
410 1016 113 27 Puumala,
541 1016 47 21 dels
605 1015 57 22 ifrän
678 1022 65 15 norra
754 1015 109 27 Savolaks,
873 1015 46 22 dels

165 1049 56 22 ifrån
242 1050 102 28 Karelen,
366 1051 105 22 särskildt
492 1053 24 20 sä
532 1052 64 27 länge
618 1052 166 27 jernvägsnätet
799 1054 58 19 ännu
873 1051 46 22 icke

164 1086 120 21 utsträckts
300 1087 35 20 till
352 1087 63 21 dessa
430 1087 131 22 landsdelar.
593 1087 42 22 Vid
655 1087 117 27 Jyväskylä
788 1089 46 20 äter
849 1087 70 22 skulle

165 1127 26 15 en
212 1121 98 28 betydlig
328 1122 65 22 trafik
409 1123 23 21 af
446 1124 116 21 trädvaror
578 1123 40 22 och
634 1123 70 22 andra
719 1123 91 21 artiklar
826 1123 93 22 tillföras

164 1157 107 21 bandelen
286 1158 230 28 Myllymäki—Wasa,
531 1160 68 26 jemte
619 1160 38 21 det
674 1161 33 19 att
722 1159 106 21 bandelen
843 1158 75 27 Mylly-

163 1189 76 38 mäki—
250 1189 95 38 Orivesi,
369 1194 88 22 hvilken
481 1201 29 15 nu
527 1197 66 25 utgör
613 1201 26 16 en
656 1195 44 21 död
716 1195 86 20 sträcka
817 1194 24 21 af
854 1194 64 21 Wasa

163 1227 77 28 banan,
257 1229 73 21 tillika
345 1229 71 22 skulle
431 1231 66 20 vinna
513 1231 7 20 i
537 1231 75 26 styrka
629 1230 40 21 och
685 1230 112 27 rörlighet.

232 1264 44 21 För
292 1266 32 19 att
339 1267 100 20 närmare
455 1266 74 27 belysa
544 1266 74 27 vigten
634 1265 24 22 af
673 1266 42 21 den
731 1265 142 22 Savolaksska
881 1265 37 21 ba-

162 1305 54 15 nans
238 1299 92 22 ledande
351 1307 78 20 genom
445 1301 124 28 Jyväskylä,
587 1302 63 21 torde
668 1301 38 21 det
722 1301 46 22 icke
784 1307 51 15 vara
851 1300 67 22 allde-

162 1334 32 22 les
211 1335 133 28 opäkalladt,
366 1338 34 20 att
415 1337 40 21 här
471 1337 90 22 särskilt
576 1338 87 26 päpeka
679 1338 67 26 nägra
762 1336 156 23 sakförhällan-

163 1371 48 27 den,
232 1371 74 22 hvilka
326 1372 7 21 i
353 1373 61 20 detta
435 1373 102 22 afseende
553 1374 74 21 kunna
643 1373 95 26 förtjena
754 1373 164 26 uppmärksam-

161 1406 44 22 het.
238 1407 219 28 Säginrättningarne
481 1409 59 21 invid
563 1409 118 27 Jyväskylä
707 1409 40 20 och
771 1409 6 20 i
797 1407 121 27 Petäjävesi

161 1441 65 22 hafva
242 1449 26 15 en
285 1443 206 27 medelproduktion
503 1444 24 21 af
536 1446 99 20 tretusen
647 1444 101 21 standert
759 1443 53 22 eller
823 1443 96 27 210,000

161 1479 89 20 centner
271 1485 35 14 om
327 1480 54 27 året,
399 1481 39 20 och
455 1481 37 20 det
507 1480 56 21 lider
579 1481 56 21 intet
653 1479 82 27 tvifvel,
753 1481 31 19 att
801 1479 70 21 denna
887 1479 31 22 af-

161 1513 106 27 verkning
283 1514 71 21 skulle
370 1517 51 25 taga
437 1518 70 25 vägen
523 1515 60 22 öfver
599 1516 73 26 Wasa,
690 1515 46 22 dels
746 1515 90 22 emedan
847 1517 71 19 trans-

231 1556 197 25 Jernvägsutskottets
444 1558 117 19 betänkande
577 1557 42 21 N:o
636 1559 18 19 1.
