1078 1692
216 146 42 21 114
421 145 22 22 U.
459 144 23 22 B.
498 158 29 2 —
542 144 61 30 Prop.
620 145 36 22 N:o
673 145 33 21 13.

185 210 93 29 mycket
296 212 70 20 större
381 211 144 22 sannolikhet
539 211 36 22 för
590 213 35 20 att
639 211 44 22 den
697 211 60 21 skall
771 212 84 28 uppstå
868 210 67 22 emel-

185 246 39 22 lan
244 242 146 26 Österbotten
409 247 43 22 och
472 247 93 29 Kuopio
585 250 29 19 än
629 247 96 22 emellan
740 247 138 29 Petersburg
892 246 43 22 och

185 282 99 30 Kuopio,
306 283 133 28 isynnerhet
464 291 49 14 som
537 284 71 21 Wasa
633 283 185 29 ångqvarnsmjöl
843 283 93 28 mycket

185 318 71 22 hellre
279 319 25 21 af
323 319 165 29 befolkningen
509 319 70 29 köpes
600 323 29 18 än
649 319 39 22 det
706 319 78 29 ryska,
805 326 48 15 som
872 322 26 19 är
912 319 26 22 af

185 357 72 19 sämre
272 355 102 28 qvalitét.
405 350 77 28 Äfven
502 357 204 28 smörtransporten
725 356 46 21 kan
785 356 30 28 på
829 355 106 22 sträckan

184 390 194 30 Kuopio—Wasa
399 394 94 27 antagas
515 392 74 22 blifva
611 392 70 22 minst
702 391 48 22 lika
772 393 47 20 stor
838 398 48 15 som
905 392 30 29 på

183 427 107 21 sträckan
304 427 236 29 Kuopio—Kaipiais,
555 428 95 22 emedan
667 428 29 29 på
711 427 45 22 den
770 427 61 22 förra
843 427 91 29 jernvä-

183 470 45 22 gen
247 466 25 18 är
292 463 59 22 enda
370 464 36 21 till
426 464 152 22 budsstående
597 463 291 28 kommunikationsmedel,
905 464 29 21 då

183 499 102 22 deremot
299 500 169 29 öfvervägande
483 502 83 20 största
581 500 66 22 delen
662 500 26 22 af
696 500 39 22 det
745 499 65 22 söder
820 500 114 28 utgående

184 537 83 19 smöret
281 535 101 22 kommer
397 538 34 20 att
446 536 105 29 begagna
566 536 78 29 sjöled.
666 536 43 21 Att
720 538 109 27 exporten
840 535 27 32 af
874 538 60 19 smör

182 571 43 21 och
240 571 71 22 andra
325 571 264 23 lefnadsförnödenheter
604 572 64 22 öfver
683 571 71 23 Wasa
764 572 36 21 till
811 571 123 33 Sundsvall

183 610 24 18 är
222 609 52 27 stor,
290 608 110 21 erkännes
415 608 95 22 allmänt
525 608 42 22 och
578 608 86 22 erinrar
672 608 42 29 jag
724 608 48 29 mig
783 608 36 21 för
829 608 105 22 tillfället

183 646 35 19 att
232 646 15 19 t.
263 651 33 15 ex.
311 644 107 22 lefvande
437 644 92 22 kreatur
549 644 72 22 under
636 644 92 29 fjolåret
742 644 139 22 öfverfördes
896 644 36 21 till

181 681 34 19 ett
230 680 63 22 antal
316 680 26 21 af
359 680 38 22 tio
417 683 85 19 tusen.
533 680 70 22 Hvad
618 682 170 27 smörexporten
807 680 36 22 för
857 682 75 20 resten

182 715 113 29 beträffar,
311 716 64 22 torde
395 716 99 29 förtjena
514 716 163 29 ihågkommas,
693 718 35 20 att
747 724 29 14 en
795 719 47 19 stor
857 716 37 22 del
908 716 27 22 af

183 751 43 22 den
247 752 38 21 till
299 752 138 30 Petersburg
451 752 99 23 försålda
565 760 71 15 varan
651 752 101 22 derifrån
766 752 78 22 vidare
858 752 75 22 befor-

183 787 50 22 dras
253 787 37 22 till
310 788 94 22 Läbeck
424 788 43 22 och
485 788 72 23 andra
570 789 88 21 utrikes
672 790 66 27 orter,
754 788 42 22 och
810 788 69 22 borde
895 788 38 22 det

181 823 87 22 således
283 832 55 14 vara
352 824 162 29 förmonligare
528 824 36 22 för
575 824 110 23 Savolaks
695 826 192 27 smörexportörer
897 826 36 19 att

180 859 55 22 söka
250 859 24 22 få
288 857 37 24 sin
340 867 55 15 vara
410 860 103 29 afyttrad
527 861 88 21 direkte
630 861 28 27 på
668 860 44 21 den
724 859 117 30 egentliga
851 859 80 22 afsätt-

179 895 141 29 ningsorten,
335 896 52 21 med
406 896 147 22 undvikande
573 896 26 22 af
618 899 108 26 omvägar
746 903 83 22 genom
843 895 89 22 Peters-

179 931 67 28 burg;
267 931 91 22 hvilket
372 932 133 22 sträfvande
525 932 129 29 säkerligen
668 931 9 22 i
691 931 71 29 högre
781 931 58 29 grad
859 931 72 22 skulle

179 967 142 22 underlättas
342 975 82 21 genom
441 975 29 14 en
484 967 128 30 sydvestlig
627 971 29 18 än
671 975 29 14 en
714 967 78 29 sydlig
806 967 60 22 bana
880 967 51 22 från

179 1001 118 24 Savolaks.
319 1003 81 22 Jernet
410 1004 52 21 från
472 1003 109 22 Karttula
595 1003 74 22 skulle
680 1003 84 22 liksom
774 1002 83 22 hittills
868 1003 62 22 kom-

179 1045 37 15 ma
229 1040 35 20 att
278 1040 30 28 gå
323 1039 101 29 sjöledes,
439 1041 28 27 ty
480 1039 71 22 redan
565 1047 28 14 en
605 1039 81 28 pennis
696 1038 136 29 förhöjning
842 1046 40 22 per
892 1039 38 21 lis-

177 1074 65 29 pund
256 1075 27 21 af
294 1075 245 29 transportkostnaden
553 1075 74 22 skulle
637 1075 103 22 medföra
750 1074 83 23 bruket
847 1082 29 15 en
886 1075 44 21 års-

177 1109 84 23 förlust
276 1111 26 22 af
314 1113 95 20 tretusen
424 1107 63 26 mark
497 1111 42 22 och
550 1111 164 30 förhöjningen
724 1111 77 22 blefve
812 1117 46 22 nog
868 1117 62 15 mera

178 1148 30 19 än
227 1153 29 14 en
275 1147 70 28 penni
364 1155 41 21 per
424 1147 97 29 lispund.
552 1147 122 22 Dessutom
694 1146 74 22 skulle
783 1146 69 23 äfven
866 1146 64 22 tack-

175 1181 182 30 jernstransport
376 1184 24 21 åt
419 1183 129 29 Jyväskylä
567 1183 38 22 till
624 1183 79 22 kunna
722 1182 119 29 påräknas,
857 1183 72 21 såsom

177 1217 101 29 framgår
293 1218 69 29 deraf,
378 1221 34 20 att
427 1219 153 22 Koskensaari
595 1219 36 22 för
646 1218 153 29 tillverkning
814 1218 27 22 af
853 1219 76 28 stång-

175 1253 57 28 jern,
248 1254 137 22 svartsmide
400 1254 42 22 och
457 1254 52 29 spik
523 1255 94 22 afsedda
631 1254 60 23 bruk
702 1254 8 21 i
720 1253 130 30 Petäjävesi
864 1256 65 26 tager

175 1289 41 21 sitt
231 1289 73 22 behof
316 1289 25 23 af
353 1290 104 29 tackjern
467 1290 51 22 från
529 1290 96 29 Sverige
635 1290 65 22 öfver
716 1290 83 21 Sörnäs
814 1289 43 22 och
865 1289 65 22 Vesi-

165 1344 4 2 -
173 1324 70 29 järvi;
259 1325 75 22 skulle
346 1325 248 30 jernvägsförbindelse
609 1325 97 23 emellan
721 1325 93 30 Kuopio
830 1325 42 22 och
886 1325 42 28 Jy-

174 1361 98 28 väskylä
286 1361 79 28 finnas,
380 1369 54 15 vore
446 1362 38 22 det
495 1362 150 29 naturligtvis
656 1361 163 30 formånligare
830 1361 35 22 för
875 1361 53 22 bru-

173 1395 41 22 ket
234 1398 36 20 att
287 1399 54 27 taga
356 1398 104 29 tackjern
475 1398 52 22 från
541 1398 116 22 Karttula.
688 1397 71 22 Hvad
773 1397 76 29 öfriga
862 1404 66 15 varor

173 1431 114 30 beträffar,
302 1434 42 27 går
364 1433 100 22 handeln
483 1433 52 22 med
555 1434 65 21 dessa
639 1433 38 22 till
694 1435 49 20 stor
758 1433 36 22 del
808 1433 31 28 på
853 1435 75 20 vestra

173 1466 93 30 Europa
286 1468 42 22 och
343 1476 54 15 vore
412 1469 85 22 således
512 1469 89 29 betjent
615 1469 26 22 af
651 1469 100 29 jernväg
766 1469 64 21 öfver
845 1469 83 28 Jyväs-

172 1502 56 28 kylä
242 1503 44 22 och
300 1511 37 14 om
352 1504 28 22 de
394 1512 73 21 varor,
482 1512 47 15 som
543 1505 91 22 komme
645 1507 35 20 att
690 1505 31 28 gå
732 1503 96 24 emellan
839 1505 87 22 Peters-

248 1546 197 27 Jernvägsutskottets
462 1547 117 21 betänkande
595 1548 37 20 N:o
648 1549 18 18 1.
