1078 1692
331 145 22 19 U.
366 145 25 19 B.
404 154 21 4 —
438 144 63 24 Prop:
512 145 59 19 N:ris:
579 145 26 19 16
617 146 39 18 och
668 144 30 21 87.
846 146 25 18 25

587 204 16 31 $
618 187 30 53 9.

379 254 54 21 Lika
447 254 49 22 med
511 254 11 27 8
537 254 13 21 8
565 254 7 20 i
587 254 166 27 propositionen.

580 318 20 30 $
619 318 40 23 10.

380 368 54 20 Lika
449 368 48 20 med
513 368 11 26 $
539 368 14 21 9
568 368 7 20 i
590 368 166 27 propositionen.

582 432 19 30 $
620 433 40 21 11.

381 478 38 28 Är
444 482 75 24 sådan
545 482 232 30 öfverenskommelse,
802 482 94 24 hvarom

347 522 9 23 i
374 522 19 31 $
412 523 33 25 10
462 522 103 30 stadgas,
587 522 122 30 ingången,
732 522 41 24 och
799 522 98 30 befinnes

348 562 44 23 den
409 562 118 24 innehålla
545 562 153 24 bestämmelse
710 562 89 29 jemväl
815 569 36 17 om
868 562 28 23 ti-

349 600 44 25 den
409 601 40 29 för
466 601 95 30 aftalets
581 601 105 30 fortvaro
708 609 19 16 o.
746 609 19 16 s.
784 609 21 16 v.
827 606 69 22 såsom

350 640 11 27 8
378 640 26 22 10
419 640 22 21 af
455 640 167 27 propositionen.

569 704 19 30 $
607 705 40 22 12.

387 765 54 21 Lika
455 765 49 21 med
519 766 11 26 $
548 766 21 20 11
588 766 7 20 i
610 766 166 26 propositionen.

567 828 63 27 Kap.
645 828 44 21 HI.

410 872 37 22 Om
463 873 114 27 lärenhets
593 873 102 22 enskilda
710 873 139 28 skogsmark.

592 937 19 30 $
630 937 40 25 13.

388 981 24 30 Ä
434 987 153 25 trädbevässta
608 988 110 24 stränder
738 988 41 23 vid
799 987 106 30 fiskevat-

354 1029 47 28 ten,
418 1035 49 16 som
485 1027 49 24 icke
551 1027 145 25 uteslutande
714 1027 80 24 tillhör
810 1027 95 24 strand-

356 1075 92 22 egaren,
466 1067 39 24 må
522 1068 23 29 ej
562 1067 62 30 skog,
637 1075 49 16 som
696 1070 44 28 gör
754 1067 66 30 fisket
830 1069 74 28 nytta,

356 1107 119 29 afrödjas;
501 1107 24 29 e
547 1107 72 24 heller
639 1107 38 24 må
694 1107 55 24 träd
766 1107 56 24 eller
839 1106 66 24 träd-

354 1154 85 23 grupp,
457 1153 50 17 som
524 1146 31 30 af
567 1147 67 23 ålder
651 1147 73 29 tjemat
741 1146 36 24 till
794 1145 112 25 landkän-

356 1187 56 29 ning
430 1186 57 24 eller
498 1187 139 29 vägledning
650 1187 41 28 för
702 1186 143 30 sjöfarande,
856 1185 51 30 för-

357 1228 76 22 störas
451 1226 56 24 eller
525 1227 93 28 skadas,
639 1226 27 24 så
684 1228 34 21 att
734 1226 28 24 de
780 1225 72 30 blifva
868 1224 40 30 för

358 1265 131 25 ändamålet
507 1266 111 30 onyttiga.

392 1305 126 26 Likaledes
534 1313 57 16 vare
609 1305 118 30 förbjudet
744 1307 34 22 att
796 1303 114 30 kalhugga

358 1345 80 29 kolme,
465 1345 10 23 i
501 1345 72 24 kvars
598 1345 84 23 närhet
707 1345 55 30 skog
784 1345 23 28 ej
827 1346 81 23 växer,

359 1384 153 31 skogbevänta
530 1384 62 30 berg,
611 1385 92 29 strängt
718 1383 142 25 stenbunden
876 1382 33 23 el-

360 1424 35 24 ler
410 1423 151 31 stenkölsirig
572 1424 67 23 mark
649 1425 63 22 samt
719 1423 76 24 sådan
805 1421 103 30 sandmo,

223 1468 45 21 Lag-
281 1469 29 16 och
322 1468 170 17 Ekonomiutskottets
503 1468 106 17 betänkande
621 1468 35 16 N:o
668 1467 18 17 3.
