1078 1692
193 138 28 22 76
419 138 24 22 U.
459 138 24 22 B.
499 138 62 29 Prop.
576 140 39 20 N:o
633 137 34 23 13.

164 204 45 27 liga
227 204 68 22 linien
314 204 74 22 blifvit
402 205 78 21 endast
495 205 88 21 okulärt
597 204 121 22 undersökt
733 204 40 22 och
788 206 33 20 att
836 204 36 22 vid
888 210 27 16 en

162 246 97 21 noggran
274 240 154 22 instrumental
443 241 163 27 undersökning
621 240 24 22 af
658 242 116 25 terrängen
790 240 125 22 densamma

163 276 104 27 möjligen
290 276 73 22 kunde
385 276 97 22 befinnas
505 278 68 26 något
592 282 158 22 gynsammare,
772 278 27 20 än
819 276 57 21 hvad
891 274 24 33 af

163 312 157 22 verkställaren
341 312 24 22 af
384 313 42 21 den
449 312 90 22 okulära
560 312 190 27 undersökningen
766 312 50 22 med
831 311 83 21 visshet

163 348 65 26 vågat
251 348 121 27 uppgifvas.
404 348 77 22 Säkert
505 351 30 25 är,
559 350 34 20 att
616 349 78 21 endast
709 348 37 21 vid
761 348 58 22 valet
834 346 23 23 af
871 347 42 22 den

164 383 80 27 ostliga
258 383 69 22 linien
342 384 69 27 utsigt
426 384 76 28 finnes,
519 386 34 20 att
568 385 42 21 den
625 386 25 20 så
665 385 81 26 ytterst
761 384 62 21 svåra
832 383 81 22 bande-

164 419 36 22 len
216 419 248 29 Suonenjoki—Kuopio
481 421 72 21 kunde
569 420 107 22 undvikas
700 420 40 21 och
756 420 136 26 utjemnades
906 419 8 21 i

164 456 78 20 sådant
264 455 39 22 fall
326 455 129 23 differensen
478 457 7 21 i
508 457 94 21 kostnad
618 456 94 22 emellan
727 456 119 21 utskottets
861 455 53 21 linie

165 491 40 21 och
224 492 41 21 den
282 492 23 21 af
319 498 35 16 oss
370 492 7 21 i
393 492 149 22 kombination
558 493 50 21 med
624 492 64 22 ofvan
703 492 112 22 beskrifna
830 491 82 22 kanali-

164 527 175 27 seringsarbeten
362 528 122 28 föreslagna
507 528 74 22 linien.
605 528 50 22 Men
670 534 52 16 vore
738 528 38 22 det
790 528 65 22 också
865 528 48 21 icke

163 563 68 28 fallet,
254 564 25 21 så
294 570 52 16 anse
366 564 22 21 vi
404 564 41 22 den
463 564 197 28 omständigheten,
676 566 35 20 att
726 570 26 16 en
768 564 56 22 bana
839 564 73 21 kunde

163 599 81 27 byggas
269 601 67 26 något
360 600 107 28 billigare,
493 602 86 20 ensamt
604 600 48 22 icke
677 600 109 27 berättiga
808 601 34 20 att
863 600 50 22 leda

163 635 127 22 densamma
318 642 77 21 genom
422 636 7 21 i
454 636 139 22 ekonomiskt
618 636 124 22 hänseende
768 636 145 27 underlägsna

162 671 90 22 trakter.

232 707 50 22 Men
305 707 48 22 från
377 708 38 21 vår
437 708 136 27 ståndpunkt
596 710 25 20 är
641 709 39 21 det
696 708 47 21 icke
758 714 43 21 nog
817 708 94 26 dermed,

162 744 33 20 att
218 743 101 28 socknen,
343 744 139 26 hvarigenom
507 750 26 15 en
554 744 91 27 jernväg
662 744 56 21 skall
734 743 68 27 ledas,
817 743 43 21 blir
874 750 37 14 an-

161 778 79 27 gifven.
266 778 27 22 Vi
309 785 52 15 anse
378 780 37 20 det
430 781 94 20 tvärtom
539 786 52 15 vara
607 780 24 21 af
645 781 82 20 största
742 779 46 27 vigt
803 780 33 20 att
849 779 62 21 äfven

162 814 37 22 det
222 816 100 20 närmare
344 814 120 23 fixerandet
484 815 24 22 af
521 815 68 22 linien
605 816 7 21 i
627 815 75 27 hvarje
718 815 87 27 socken,
821 814 90 27 specielt

161 850 51 21 med
234 849 103 23 afseende
361 851 13 21 &
397 851 146 21 stationernas
566 851 138 27 placerande,
724 850 118 27 behörigen
857 857 54 20 upp-

161 885 157 22 märksammas
334 887 40 20 och
390 886 47 23 icke
452 887 83 22 lemnas
552 889 34 19 att
600 887 52 22 bero
669 888 86 20 ensamt
770 887 28 26 på
819 886 26 21 de
864 886 47 21 tek-

160 921 64 22 niska
246 922 186 22 undersökarenes
449 923 106 21 omdöme.
586 923 33 21 De
635 921 143 28 obestridliga
794 921 118 28 misstagen

161 957 36 21 vid
217 957 66 22 Wasa
303 957 71 22 banan
395 957 7 22 i
418 959 61 20 detta
494 958 109 27 afseende,
619 957 79 22 hvaraf
712 958 78 21 endast
805 957 106 27 exempel-

160 992 33 22 vis
209 994 36 20 må
260 993 94 28 anföras,
371 995 33 20 att
420 994 123 27 Kangasala
558 994 84 27 kyrkby
658 994 48 21 icke
722 993 91 26 berörts,
824 995 33 20 att
868 995 43 20 sta-

160 1028 75 22 tionen
258 1029 8 21 i
289 1029 68 21 Alavo
381 1029 91 28 förlagts
490 1030 48 27 fyra
552 1032 59 19 verst
627 1030 57 21 ifrån
699 1029 43 27 byn
758 1035 28 15 m.
803 1036 28 15 m.
847 1028 65 22 hafva

159 1063 95 22 befästat
278 1065 70 21 denna
372 1066 38 21 vår
434 1065 148 28 öfvertygelse.
613 1060 107 33 Åsyftade
743 1065 137 27 bestämning
903 1065 7 21 i

161 1099 66 28 detalj
250 1100 44 22 kan
317 1101 67 21 likväl
405 1101 48 22 icke
469 1102 49 21 med
533 1101 37 28 fog
585 1101 112 22 åhvälfvas
713 1100 128 27 Ständerna,
857 1102 53 20 utan

159 1135 44 21 blir
223 1136 42 21 den
285 1142 27 16 en
327 1137 148 27 Regeringens
490 1137 139 22 uteslutande
645 1136 165 28 angelägenhet.
841 1136 34 21 Då
890 1136 22 21 vi

159 1170 41 22 här
219 1171 113 22 dessutom
347 1171 105 23 förutsatt
467 1179 27 15 en
510 1173 48 21 från
574 1173 41 22 den
632 1172 89 23 okulärt
736 1171 132 22 undersökta
883 1171 26 21 li-

159 1206 51 22 nien
225 1207 67 27 något
307 1207 116 22 afvikande
438 1208 99 27 riktning
552 1209 39 22 och
607 1209 129 21 densamma
751 1207 35 22 till
800 1207 44 22 viss
857 1207 54 27 grad

158 1242 71 21 hvilar
243 1243 29 26 på
287 1243 157 28 förutsättning
455 1243 23 22 af
486 1244 147 27 kanalisering
644 1244 50 21 från
705 1243 77 22 Iisvesi
792 1243 35 22 till
837 1243 74 21 Sorsa-

158 1277 53 28 vesi,
234 1277 34 22 för
291 1279 64 21 hvars
375 1279 164 28 bedömmande,
561 1280 127 27 isynnerhet
704 1279 72 22 såvidt
792 1279 37 22 det
843 1279 67 26 angår

158 1313 130 29 kostnaden,
311 1314 133 29 tillräckliga
465 1316 52 21 data
537 1316 19 27 ej
576 1316 113 27 föreligga,
706 1315 67 22 borde
789 1315 68 27 enligt
871 1315 39 20 vår

157 1349 67 22 tanke
240 1349 24 22 af
277 1350 137 28 Regeringen
430 1358 26 15 en
472 1351 142 22 kommission
631 1351 113 27 tillsättas,
761 1351 7 21 i
778 1351 88 21 hvilken
876 1349 32 22 äf-

156 1391 41 16 ven
220 1385 103 22 tekniska
344 1386 92 28 insigter
456 1387 78 22 funnes
558 1387 180 28 representerade
760 1387 39 21 och
815 1386 94 27 hvilken,

157 1421 56 21 efter
228 1423 34 20 att
276 1428 42 21 nya
332 1428 127 21 noggranna
475 1423 101 22 tekniska
587 1424 40 21 och
638 1422 143 23 ekonomiska
792 1422 118 21 undersök-

157 1455 79 28 ningar
250 1457 126 28 verkstälts,
393 1459 104 21 särskildt
513 1459 50 21 med
577 1459 85 27 hänsyn
678 1458 36 21 till
730 1458 41 21 den
783 1457 128 28 ifrågasatta

157 1491 182 28 kanaliseringen,
362 1494 40 21 och
426 1495 66 21 sedan
516 1494 35 21 äi
573 1495 124 21 socknarna
714 1493 76 22 hållna
807 1495 105 20 stämmor

234 1529 197 26 Jernvägsutskottets
447 1530 116 20 betänkande
579 1531 38 20 N:o
632 1531 18 20 1.
