1078 1692
481 152 35 22 N:o
528 152 21 22 8.
851 152 12 20 5

139 221 39 21 och
202 220 56 22 intill
282 220 50 21 dess
355 226 69 15 annan
449 220 154 26 undervisning
627 220 33 21 för
673 220 198 27 jordeboksräntan
887 220 6 20 i

139 256 74 20 landet
228 255 77 21 varder
321 255 99 26 gällande
435 255 64 26 utgår
514 255 47 21 med
578 256 33 20 tre
626 254 84 27 kappar
725 254 104 27 spanmä!,
841 253 53 21 hälf-

141 292 36 18 ten
193 290 38 26 räg
247 289 38 21 och
296 289 81 21 hälften
393 289 61 26 korn,
471 296 25 14 en
512 289 71 27 kappe
599 289 67 26 hafre,
677 290 33 20 tre
719 288 106 27 skälpund
837 290 57 19 smör

140 324 39 21 och
203 324 35 20 tvä
254 324 108 26 skälpund
378 324 45 26 talg
439 325 57 19 samt
511 324 114 21 femtiosex
641 323 64 27 penni
722 323 104 21 kontanta
843 328 51 21 pen-

140 358 82 26 ningar.
252 358 44 20 Det
318 360 24 18 är
366 358 68 20 denna
457 358 91 20 sålunda
568 358 169 20 sammanstälda
754 357 139 25 skatterubel,

141 392 85 21 hvilken
249 392 39 21 här
312 392 62 21 ofvan
398 392 115 22 beräknats
535 392 68 26 enligt
620 393 53 20 1882
690 392 35 21 ärs
741 391 153 22 medelmarke-

141 427 56 26 gång
213 427 33 21 till
263 428 31 19 ett
309 427 65 20 värde
390 426 23 21 af
426 428 12 20 6
454 426 61 21 mark
531 428 42 26 323
589 427 71 26 penni.
690 426 11 21 I
716 426 101 22 händelse
833 426 62 21 Stän-

141 461 67 21 derna
226 461 103 27 derjemte
345 461 57 21 finna
418 461 47 21 skäl
481 463 79 25 antaga
576 461 40 21 den
632 468 48 20 nya,
696 461 48 21 hela
761 461 72 21 landet
850 466 43 15 om-

141 495 97 21 fattande
254 495 154 27 undervisning
424 495 33 21 för
472 496 156 26 rubelskatten,
644 496 88 20 hvarom
749 495 93 21 särskild
858 494 36 21 nä-

143 530 35 26 dig
193 530 135 26 proposition
344 530 55 21 skall
416 530 120 21 Ständerna
552 530 128 26 föreläggas,
692 530 96 20 kommer
799 529 46 21 frän
856 529 39 21 och

142 564 34 22 för
192 564 24 21 är
233 565 54 20 1889
304 570 26 15 en
346 564 123 21 rubelskatt
484 565 6 20 i
506 564 102 26 Wiborgs
624 564 35 21 län
675 566 33 19 att
723 564 52 26 utgä
790 564 48 20 med
854 564 42 26 tju-

143 599 72 26 gufem
237 599 50 21 liter
311 599 103 27 spanmäl,
431 600 30 20 tio
477 599 50 21 liter
542 599 61 21 hafre
619 599 39 21 och
675 605 26 15 en
717 599 61 21 mark
794 598 102 21 trettioen

141 634 65 26 penni
222 633 105 22 kontanta
342 634 125 26 penningar,
483 634 82 20 hvilket
582 634 55 21 efter
654 634 54 20 1882
724 633 36 21 ärs
771 633 124 21 medelmar-

143 668 84 26 kegäng
242 668 63 26 gäfve
321 669 31 19 ett
367 668 65 21 värde
448 668 23 21 af
485 668 77 21 endast
577 669 12 20 5
606 668 61 21 mark
683 669 27 20 27
726 668 70 26 penni.

214 702 33 21 En
270 703 46 20 mot
338 702 64 21 dessa
420 704 77 20 tvenne
513 702 78 27 grader
607 702 23 21 af
645 702 105 26 sänkning
765 702 7 21 i
788 702 108 21 skatteru-

143 736 61 22 belns
226 736 66 21 värde
309 736 105 21 svarande
430 737 114 26 tillökning
560 736 23 22 af
597 736 117 22 rubeltalet
730 736 75 26 skulle,
821 736 6 20 i
845 736 51 20 stäl-

143 771 30 21 let
191 770 34 21 för
242 771 25 20 15
284 770 60 21 rubel
368 771 33 21 för
420 771 110 25 mantalet,
547 770 98 22 erfordra
660 771 28 26 pä
705 771 73 26 hvarje
793 770 80 21 mantal
889 770 7 20 i

144 805 36 21 det
195 806 110 20 närmaste
321 806 32 20 ett
368 805 78 27 belopp
463 805 22 21 af
499 806 124 26 respektive
639 806 41 27 374
697 805 52 21 eller
765 806 26 20 45
806 804 62 22 rubel
884 804 12 21 å

130 855 2 2 -
143 839 58 21 fasta
215 839 73 20 landet
304 841 56 19 samt
374 840 27 20 25
418 840 52 20 eller
486 841 27 20 30
530 840 61 20 rubel
607 840 12 20 å
635 841 96 23 utöarne,
748 840 6 20 i
767 839 81 21 hvilket
859 839 38 20 fall

147 873 175 27 skattebeloppet
345 874 69 21 blefve
437 874 90 27 ungefär
550 874 119 21 detsamma
692 880 45 15 som
762 874 67 26 enligt
849 873 48 20 dei

148 908 53 21 1828
218 907 34 21 ärs
269 907 129 28 kungörelse
414 908 104 26 stadgade
534 909 101 26 grunder.
660 908 35 21 Dä
711 909 82 20 antalet
807 907 91 21 tunland

145 942 28 27 pä
188 942 104 21 mantalet
308 942 66 26 enligt
390 942 100 27 Wiborgs
506 943 47 20 läns
571 942 245 27 skattlägeningsmetod
831 942 66 20 vanli-

145 982 40 20 gen
198 976 67 26 stiger
277 976 33 21 till
322 977 98 26 omkring
431 977 70 26 2,000,
517 977 70 21 skulle
596 977 126 26 visserligen
731 983 26 14 en
765 976 133 27 grundränta

149 1010 23 21 af
181 1011 145 26 nyssnämnda
337 1011 91 21 rubelta]
440 1011 28 26 pä
479 1011 104 21 mantalet
591 1017 88 15 snarare
695 1011 125 26 understiga
830 1013 26 18 än
868 1010 31 21 öf-

147 1045 96 26 verstiga
251 1045 89 26 jordens
351 1045 139 27 beskattning
499 1046 5 20 i
514 1045 51 22 flere
577 1046 66 21 andra
652 1046 128 21 landsdelar.
803 1045 50 21 Men
865 1045 33 26 dä,

143 1079 74 21 såsom
234 1079 112 21 ofvanföre
361 1080 74 27 visats,
451 1079 166 28 ifrågavarande
633 1080 139 27 räntebelopp
784 1079 70 21 blefve
862 1079 36 21 be-

144 1113 80 27 tydligt
246 1113 68 27 högre
336 1115 26 20 än
386 1114 55 21 hvad
464 1114 33 21 för
513 1115 134 20 närvarande
664 1115 105 26 erlägges,
785 1113 37 22 vill
838 1113 60 21 Hans

144 1147 122 27 Kejserliga
282 1147 102 27 Majestät
400 1149 7 20 i
423 1149 66 20 näder
505 1149 80 21 föreslä
601 1151 39 25 att,
654 1149 85 21 oaktadt
754 1148 145 27 nyssnämnda

145 1182 138 27 nedsättning
303 1183 6 20 i
326 1183 160 21 skatterubelns
510 1184 73 26 värde,
607 1184 82 21 antalet
713 1183 133 22 skatterubel
865 1183 34 20 för

146 1216 80 21 mantal
243 1217 6 20 i
266 1216 102 27 Wiborgs
391 1217 35 21 län
443 1218 130 21 bestämmes
589 1218 32 21 till
638 1219 32 20 20.
703 1218 39 21 Att
756 1218 34 21 för
805 1224 25 15 en
847 1217 52 21 eller

145 1256 70 15 annan
224 1251 84 20 enskild
318 1251 101 26 lägenhet
427 1251 124 27 härigenom
561 1259 25 14 en
597 1252 211 26 skattenedsättning
815 1251 84 21 komme

145 1287 32 19 att
200 1285 92 26 inträda,
318 1286 62 20 torde
403 1286 46 21 icke
473 1287 53 20 böra
541 1287 68 20 väcka
626 1287 154 26 betänklighet,
797 1286 27 21 dä
840 1286 60 21 detta

145 1319 70 21 skulle
230 1319 86 21 inträffa
332 1320 78 21 endast
425 1321 48 20 med
489 1321 82 20 sädana
579 1321 79 21 krono-
670 1321 39 21 och
721 1321 177 24 skattehemman,

145 1353 72 21 hvilka
232 1359 77 20 genom
326 1354 40 21 den
382 1354 59 21 förra
457 1355 84 26 ojemna
556 1355 150 26 fördelningen
717 1355 23 21 af
749 1357 104 19 räntorna
864 1360 34 15 va-

145 1387 30 21 rit
188 1387 158 26 jemförelsevis
366 1389 64 26 drygt
445 1389 133 21 beskattade.
609 1389 43 21 För
667 1389 58 21 länet
740 1390 6 20 i
763 1389 48 21 dess
828 1388 72 21 helhet

145 1421 85 22 komme
250 1422 83 21 kronan
349 1423 62 20 äfven
428 1423 5 20 i
451 1423 60 21 detta
526 1423 38 21 fall
580 1425 33 20 att
629 1424 81 21 erhålla
725 1424 65 26 något
805 1423 95 21 tillskott

145 1455 6 20 i
168 1455 105 28 uppbörd,
297 1458 58 24 enär,
379 1457 55 21 efter
452 1457 119 26 beräkning
593 1458 24 21 af
630 1459 13 20 5
658 1457 62 22 mark
739 1459 26 20 27
782 1457 64 28 penni
866 1457 34 22 för
