1078 1692
383 126 19 23 U.
418 126 20 23 B.
456 138 23 2 —
498 125 55 29 Prop.
570 125 32 35 N:o
617 126 29 23 16.
849 126 13 20 3

138 181 109 27 tersburgs
260 182 89 27 jernväg
374 182 54 21 skall
443 182 58 26 ökas,
518 184 55 19 samt
587 182 103 22 förlusten
707 182 29 27 pä
755 182 70 26 Hangö
836 181 63 27 —Hy-

139 215 60 27 vinge
212 215 88 27 jernväg
315 216 67 21 mäste
397 216 72 21 kunna
483 216 48 21 icke
546 216 159 27 oväsendtligen
720 216 127 27 nedbringas
862 221 36 21 ge-

138 255 49 15 nom
204 256 25 15 en
244 256 44 15 mer
310 250 123 21 ekonomisk
456 250 124 27 trafikering
595 250 23 22 af
633 250 70 21 banan
720 250 46 25 och,
782 250 65 27 enligt
859 249 38 21 Ut-

139 283 91 22 skottets
254 284 70 26 tanke,
350 284 40 22 den
414 284 120 27 uppoffring
554 284 273 22 kommunikationsfonden
842 283 56 27 finge

138 324 75 21 genom
230 318 38 22 den
284 318 118 27 föreslagna
424 319 144 27 anordningen
584 319 123 26 vidkännas,
724 318 90 22 sälunda
829 318 67 21 skulle

138 352 66 21 blifva
218 352 111 22 inskränkt
353 353 177 27 hufvudsakligen
545 353 33 21 till
594 353 26 21 de
635 354 107 20 närmaste
758 353 55 25 åren,
829 351 67 22 finner

139 385 115 27 Utskottet,
270 387 48 21 med
341 386 98 22 afseende
457 383 82 31 jemväl
552 387 12 21 å
579 387 156 21 ofvannämnda
749 385 147 28 kapitalöfver-

139 420 69 28 föring
222 420 46 22 från
284 421 257 21 amortissementsfonden
565 421 33 21 till
618 420 278 26 kommunikationsfonden,

139 457 54 19 samt
218 455 27 21 dä
267 456 65 26 enligt
354 462 28 14 nu
405 455 97 27 gällande
525 456 191 26 amorteringsplan
743 456 53 20 1862
811 454 35 22 års
860 454 36 21 län

139 489 68 21 blefve
222 489 132 27 fullständigt
368 490 127 26 ligvideradt
510 490 65 21 redan
593 490 23 21 är
634 490 61 25 1905,
712 490 40 20 den
763 489 76 27 nädiga
847 494 48 21 pro-

138 523 119 27 positionen
272 524 52 20 böra
338 524 7 20 i
362 524 68 20 denna
444 524 34 21 del
493 524 23 21 af
530 524 124 22 Ständerna
668 524 136 26 godkännas.

207 557 31 21 De
262 557 46 21 frän
334 558 273 21 kommunikationsfonden
628 558 106 26 utgäende
750 557 146 21 annuiteterna

139 593 76 25 utgöra
226 591 84 27 jemlikt
327 592 53 21 1885
398 592 33 21 års
447 592 135 27 statsförslag
612 608 4 4 .
647 608 4 4 .
683 608 4 4 .
718 592 42 26 9
776 590 118 27 2,576,000.

139 626 33 21 Då
187 626 71 21 härtill
274 626 83 22 komme
373 626 33 21 för
422 627 54 21 1862
493 627 34 21 års
543 626 34 22 län
609 644 3 4 .
644 643 4 4 .
681 641 4 5 .
690 643 52 14 »
792 621 103 40 880,000,

139 660 68 21 skulle
222 660 88 21 sålunda
324 660 111 22 framdeles
453 661 92 21 inalles.
576 678 3 3 .
611 677 5 5 .
648 677 3 5 .
683 676 4 5 .
718 661 42 25 i
776 660 111 26 3,456.000

139 694 70 27 åligga
222 694 275 22 kommunikationsfonden
523 696 32 20 att
571 695 81 27 årligen
670 695 8 21 i
694 696 75 20 räntor
784 694 38 21 och
838 698 59 16 amor

139 728 69 27 tering
222 728 101 22 utbetala.
352 724 190 41 Medelinkomsten
565 729 46 21 från
637 728 76 22 Helsin
718 728 176 28 gfors—Tavaste

139 762 58 22 hus—
208 762 31 22 St
253 763 138 27 Petersburgs
407 762 121 29 ochjAbo
515 757 14 39 —
537 762 297 23 fammerfors—Tavastehus
839 761 58 27 jern-

139 798 70 25 vägar,
234 797 48 21 med
307 797 73 27 afdrag
403 797 22 21 af
445 797 104 21 förlusten
572 798 12 20 å
599 797 201 27 Hangö—Hyvinge
817 798 90 27 banans

135 830 132 27 trafikering,
283 831 39 20 har
336 831 46 20 åter
400 831 67 21 under
483 832 26 20 de
523 832 48 25 fyra
585 833 83 20 senaste
684 832 52 20 åren
753 831 51 21 1881
816 830 77 21 1884

139 865 81 26 utgjort
243 865 7 20 i
276 865 35 21 det
333 867 106 19 närmaste
455 866 114 25 2,500,000
584 865 64 21 mark.
680 865 66 21 Detta
762 869 134 22 ogynsamma

139 898 131 21 förhällande
285 899 88 21 emellan
396 899 284 22 kommunikationsfondens
695 899 106 21 ordinarie
815 897 83 21 inkom-

139 935 44 19 ster
198 933 39 21 och
252 933 87 26 utgifter
353 933 61 21 torde
430 933 87 22 komma
537 936 31 19 att
584 934 90 27 gestalta
688 934 33 26 sig
736 935 56 19 ännu
807 931 91 22 ofördel-

139 967 95 27 aktigare
250 967 53 21 efter
325 967 140 22 slutförandet
489 968 22 21 af
525 968 26 21 de
567 968 166 22 österbottniska
748 968 94 20 banorna
857 965 40 22 och

140 1001 40 22 den
194 1001 111 22 tillernade
327 1001 115 27 jernvägen
457 1008 77 20 genom
557 1002 107 27 Savolaks,
680 1002 64 21 innan
760 1001 53 21 efter
827 1000 70 26 nägon

139 1035 31 21 tid
185 1035 148 27 afkastningen
348 1035 46 21 från
412 1036 61 21 dessa
488 1036 131 21 sistnämnda
635 1036 67 21 banor
717 1035 69 22 blifvit
801 1041 41 20 nog
853 1035 44 20 stor

139 1069 33 21 för
195 1071 32 20 att
249 1071 107 20 motsvara
378 1070 117 21 desammas
515 1070 261 27 förvaltningskostnader,
792 1069 40 21 och
848 1068 21 21 dä
889 1067 8 21 i

139 1103 42 22 alla
195 1103 37 22 fall
246 1104 120 21 inkomsten
382 1104 50 21 frän
444 1105 195 27 statsjernvägarne
654 1107 24 18 är
692 1103 145 22 underkastad
847 1108 50 21 gan-

139 1137 38 22 ska
193 1137 109 28 betydliga
317 1137 157 26 fluktuationer,
491 1139 106 21 beroende
613 1139 22 21 af
648 1137 149 23 kommerciela
812 1136 40 22 och
863 1142 35 15 an-

141 1172 38 21 dra
203 1172 137 21 ekonomiska
365 1172 152 27 förhällanden,
541 1173 39 21 har
597 1172 111 22 Utskottet
724 1173 69 20 ansett
808 1172 32 20 ett
856 1170 41 21 för-

141 1206 113 21 stärkande
279 1206 23 21 af
324 1207 273 21 kommunikationsfonden
622 1207 32 21 för
676 1207 70 26 nägon
768 1205 32 22 tid
819 1204 78 21 framät

139 1247 50 14 vara
211 1241 123 27 önskvärdt,
356 1241 122 27 isynnerhet
501 1241 24 22 sä
547 1241 61 27 länge
624 1241 26 22 de
664 1241 68 21 under
746 1239 99 28 byggnad
859 1245 36 14 va-

139 1275 66 21 rande
220 1275 50 22 eller
285 1275 8 20 i
308 1275 40 22 den
363 1277 106 19 närmaste
485 1275 114 22 framtiden
614 1275 32 21 till
661 1275 113 21 utförande
788 1273 106 21 förekom-

140 1309 76 22 mande
241 1309 122 22 stambanor
385 1309 46 21 icke
456 1309 81 22 lemnat
552 1310 69 27 nägon
636 1309 80 21 visshet
731 1315 41 20 om,
788 1309 33 20 att
836 1307 61 21 deras

141 1343 123 27 trafikering
279 1343 47 22 icke
341 1343 68 21 blefve
424 1343 33 21 för
467 1343 275 22 kommunikationsfonden
757 1341 141 27 betungande.

137 1377 84 22 Härvid
246 1377 38 22 har
308 1377 122 22 Utskottets
447 1378 190 26 uppmärksamhet
652 1376 106 28 sjelffallet
772 1376 77 21 fästats
863 1375 36 20 vid

138 1411 25 21 de
179 1411 33 21 till
228 1411 259 22 amortissementsfonden
512 1411 115 28 inflytande
643 1412 79 24 räntor,
739 1410 78 25 hvilka,
834 1408 66 21 sedan

139 1446 55 21 1862
220 1446 34 21 års
279 1446 35 21 län
338 1445 70 22 blifvit
433 1445 119 22 öfverfördt
571 1446 32 21 till
618 1443 282 26 kommunikationsfonden,

208 1485 148 18 Statsutskottets
370 1485 115 17 betänkande
499 1487 35 16 N:o
548 1485 29 17 15.
