1078 1692
227 130 27 22 12
428 130 23 23 U.
467 130 22 23 B.
505 144 30 4 —
550 131 61 29 Prop.
627 132 38 22 N:o
683 130 33 22 13.

266 196 44 22 Det
325 197 69 22 första
409 198 115 27 spörsmäl,
533 204 46 16 som
596 198 109 21 utskottet
721 196 93 28 förelagt
825 197 34 27 sig
868 196 81 23 beträf-

196 232 65 22 fande
285 233 41 21 den
342 233 134 27 sträckning,
493 240 47 14 som
556 240 27 14 en
597 233 91 27 jernväg
703 232 49 22 frän
768 232 85 28 Kuopio
870 239 78 21 genom

197 268 103 22 Savolaks
323 268 67 22 borde
413 269 90 27 erhälla,
519 269 41 21 har
575 269 63 27 varit,
654 268 108 22 huruvida
776 268 86 28 Kuopio
878 268 71 22 skulle

196 304 86 22 förenas
294 304 48 22 med
350 305 67 21 redan
424 304 119 22 bestäende
553 305 117 27 jernvägar
681 304 7 21 i
699 304 98 27 riktning
805 305 24 21 ät
836 306 73 20 vester
918 304 30 22 el-

196 339 33 22 ler
238 340 24 20 ät
272 340 70 22 söder.
366 340 76 24 Såsom
459 346 27 16 en
496 340 93 22 ledande
600 340 110 28 synpunkt
720 340 77 21 härvid
807 340 40 21 har
858 339 90 22 fasthäl-

196 374 45 28 lits,
257 376 34 21 att
306 375 36 21 vid
358 376 109 26 dragande
483 376 24 21 af
521 376 72 22 denna
607 376 57 21 bana
679 375 78 27 nödigt
767 375 103 22 afseende
880 375 68 22 borde

197 410 68 22 fästas
282 410 36 22 vid
329 411 27 21 de
364 411 175 27 jernvägslinier,
550 418 47 15 som
609 412 7 21 i
627 418 26 15 en
664 411 90 22 framtid
766 411 110 22 sannolikt
887 412 61 21 kom-

197 452 35 15 ma
248 447 34 21 att
297 446 87 22 ansluta
400 447 33 27 sig
448 447 35 21 till
499 448 133 26 densamma,
648 448 26 21 sä
688 448 34 20 att
737 453 27 16 en
779 447 125 27 naturenlig
914 449 35 19 ut-

196 482 100 27 veckling
311 481 24 23 af
346 482 166 28 jernvägsnätet
527 483 7 21 i
551 484 50 20 dess
617 483 74 22 helhet
706 482 48 22 icke
771 482 115 22 försvåras.

266 518 44 22 Det
332 520 24 20 är
371 520 53 20 utan
439 518 76 22 vidare
530 519 59 21 klart
604 521 34 19 att
653 519 75 27 hvarje
743 525 28 21 ny
785 518 97 28 jernväg,
899 519 49 21 med

197 553 37 22 det
250 560 83 15 samma
354 554 41 21 den
418 561 83 21 gagnar
518 555 42 22 den
576 554 86 22 lansdel
678 555 127 21 densamma
818 554 131 28 genomskär

197 589 40 21 och
258 589 61 27 höjer
335 590 49 21 dess
400 590 107 28 välstånd,
523 591 41 21 den
581 590 63 22 äfven
660 590 122 22 medelbart
798 590 101 27 bidrager
914 590 33 21 till

196 624 50 22 hela
268 625 86 21 landets
378 626 142 22 ekonomiska
543 626 40 22 och
607 626 89 27 andliga
714 626 119 27 förkofran,
850 632 49 16 men
916 627 32 20 att

197 660 70 22 denna
292 660 102 22 inverkan
418 661 109 27 sjelffallet
550 662 43 21 kan
616 668 53 16 vara
692 663 72 20 större
787 662 53 21 eller
856 662 91 26 mindre,

196 696 108 22 beroende
327 698 29 26 på
378 697 7 21 i
409 697 88 22 hvilken
521 697 98 28 riktning
639 698 120 26 jernvägen
782 697 59 22 ledes
857 697 40 21 och
914 703 34 15 om

197 731 72 22 lokala
293 732 109 22 intressen
427 732 47 22 icke
498 735 85 19 ensamt
603 733 70 27 gjorts
689 732 107 28 gällande.
828 733 43 21 Det
886 733 63 21 torde

196 767 50 21 med
268 766 102 23 afseende
385 768 54 22 härå
454 768 74 22 kunna
543 769 83 21 uttalas
641 770 35 20 att
689 769 143 26 jernvägarne
847 768 62 22 skola
925 770 25 20 så

197 802 136 28 planläggas,
350 805 33 20 att
398 804 27 21 de
440 804 92 28 bidraga
547 806 34 20 att
596 805 76 21 stärka
687 804 42 22 den
745 804 81 22 sociala
842 804 39 21 och
893 804 54 27 poli-

196 838 59 21 tiska
271 839 94 21 enheten
382 839 6 21 i
404 839 82 22 landet.

265 873 11 22 I
299 875 33 20 ett
352 874 52 21 land
419 875 79 21 sådant
513 881 46 15 som
576 875 100 27 Finland,
693 875 64 21 hvars
774 874 59 22 areal
849 874 7 21 i
869 873 80 28 jemfö-

196 909 56 21 relse
276 909 50 22 med
342 909 154 28 folkmängden
512 913 25 19 är
553 911 86 26 mycket
654 912 48 20 stor
718 910 40 22 och
775 910 38 22 der
829 909 119 22 kulturför-

195 944 132 22 hållandena
342 947 38 19 äro
396 945 49 28 föga
461 946 136 27 utvecklade,
613 945 77 22 ställer
705 945 34 28 sig
754 945 77 28 frågan
846 951 34 16 om
890 945 59 27 jern-

196 981 107 26 vägarnes
320 980 125 28 sträckning
461 982 87 21 svårare
565 983 27 20 än
608 981 151 22 annorstädes.

266 1015 30 22 Ju
311 1017 70 21 större
397 1017 88 21 arealen
501 1019 24 19 är
541 1017 40 21 och
595 1017 26 27 ju
635 1017 86 27 glesare
736 1016 75 22 landet
826 1019 25 19 är
860 1016 88 27 bebodt,

195 1051 62 21 desto
289 1052 70 21 större
390 1052 151 27 utsträckning
569 1053 70 21 måste
665 1052 166 27 jernvägsnätet
859 1051 89 22 erhålla.

196 1086 42 21 Till
253 1086 52 27 följe
321 1087 65 21 häraf
400 1087 73 22 lemna
485 1088 144 27 jernvägarne
645 1088 55 21 liten
715 1087 127 27 afkastning
849 1086 27 29 *).
915 1087 35 21 Då

266 1134 18 23 +)
298 1124 72 28 Såsom
391 1135 64 22 bilaga
476 1135 49 18 VIII.
547 1135 34 18 har
601 1135 95 18 utskottet
708 1135 69 22 intagit
794 1134 87 23 ,uppgift
893 1134 54 17 öfver

194 1163 128 18 inkomsterna
340 1163 36 18 och
389 1164 104 23 utgifterna
505 1165 32 18 vid
550 1165 174 24 statsjernvägarne
736 1164 7 17 i
755 1163 81 19 Finland
848 1165 20 16 år
881 1163 68 22 1884",

195 1192 76 19 hvilken
284 1193 79 18 lemnats
376 1193 22 18 af
407 1194 190 23 jernvägsstyrelsen.

265 1222 107 19 Resultatet
385 1223 22 18 af
418 1223 47 18 1884
479 1225 29 16 års
521 1224 56 18 trafik
590 1229 55 18 synes
658 1224 96 17 utskottet
764 1223 84 18 särdeles
858 1222 89 18 tillfreds-

194 1251 99 19 ställande.
318 1252 28 18 En
359 1253 96 23 synnerlig
463 1253 168 23 uppmärksamhet
638 1254 60 17 måste
707 1252 123 23 uppgifterna
840 1252 41 18 från
890 1251 59 19 Wasa

191 1281 81 23 jernväg
290 1282 70 23 ådraga
372 1282 35 23 sig.
431 1283 10 17 I
457 1283 64 18 stället
533 1283 30 18 för
575 1289 22 12 en
610 1282 99 19 förutsedd
722 1281 62 19 direkt
797 1281 68 19 förlust
877 1281 23 18 af
910 1283 36 16 tra-

192 1310 55 23 fliken,
260 1311 36 18 har
307 1311 94 23 nemligen
413 1313 40 17 året
465 1312 70 19 lemnat
547 1314 28 17 ett
587 1312 108 19 öfverskott
707 1311 23 18 af
740 1311 53 18 Fmk.
805 1311 97 22 56,688:09

248 1340 98 19 Utskottet
364 1341 82 18 förbiser
463 1342 48 23 icke,
531 1342 32 18 vid
576 1342 138 18 omnämnande
726 1341 22 18 af
759 1341 52 18 detta
824 1340 124 22 förhällande,

191 1371 29 16 att
228 1370 125 18 statsverkets
362 1370 91 24 faktiska,
462 1371 93 19 kontanta
563 1372 82 18 tillskott
652 1371 32 18 för
692 1372 40 17 äret
742 1371 72 24 utgjort
822 1370 47 18 Fmk
875 1370 71 22 87,916:

191 1399 29 18 42.
245 1399 72 18 Dervid
336 1401 36 17 bör
390 1401 68 18 endast
477 1402 116 21 observeras,
612 1403 29 16 att
652 1401 60 18 bland
724 1399 105 24 utgifterna
841 1400 44 22 ingä
895 1400 53 17 kost-

191 1429 59 18 nader
270 1429 30 18 för
318 1430 142 23 nybyggnader,
480 1431 65 18 hvilka
565 1433 32 16 äro
618 1433 28 16 att
658 1435 48 13 anse
719 1431 62 17 säsom
794 1429 123 23 fortsättning
928 1429 23 18 af

192 1457 69 24 sjelfva
280 1459 181 24 byggnadsarbetet,
487 1460 129 19 hvarförutom
636 1461 50 17 årets
711 1459 126 24 utgiftsconto
856 1459 92 18 belastats

192 1488 41 17 med
246 1488 60 22 priset
318 1488 31 18 för
362 1494 22 13 en
397 1491 69 21 mängd
479 1490 114 18 materialier
606 1490 35 18 och
654 1489 121 22 inventarier,
789 1488 66 18 hvilka
868 1488 80 18 omfatta

259 1525 197 26 Jernvägsutskottets
472 1527 117 20 betänkande
604 1527 38 20 N:o
656 1527 19 19 1.
