1078 1692
204 128 29 21 68
410 128 23 22 U.
448 128 23 22 B.
531 128 65 29 Prop.
609 128 36 22 N:o
664 127 32 23 13.

171 193 90 21 värdare
285 194 133 27 qvantiteter
441 195 188 27 skogsprodukter
652 194 48 22 icke
719 196 38 20 äro
774 195 33 21 att
822 194 106 29 påräkna,

171 230 25 20 så
218 229 98 27 framgår
337 230 51 21 med
408 230 109 22 bindande
533 231 143 27 konseqvens,
693 231 34 20 att
743 230 133 28 densamma,
892 231 34 21 så-

170 264 47 22 vidt
240 265 78 21 sådant
339 267 53 20 utan
408 266 145 22 öfverdrifven
569 266 139 27 förlängning
723 265 56 22 låter
795 266 34 27 sig
843 268 59 25 göra,
920 266 6 21 i

170 300 91 22 främsta
276 303 94 20 rummet
386 302 40 21 bör
440 302 61 22 ledas
517 308 79 21 genom
612 302 27 22 de
650 302 92 26 trakter,
754 308 47 15 som
812 302 49 21 med
872 302 53 21 hän-

171 342 40 20 syn
233 336 34 21 till
284 336 132 29 folkmängd,
433 338 81 27 odling,
530 338 80 21 handel
626 338 40 21 och
682 337 139 22 industriella
837 337 87 27 anlägg-

170 371 78 27 ningar
264 374 58 20 samt
336 373 114 27 möjlighet
462 374 35 21 till
508 374 75 21 vidare
595 374 75 27 odling
681 372 111 23 äfvensom
803 373 122 27 disponibel

171 408 135 21 vattenkraft
322 408 33 22 för
370 415 41 21 nya
427 408 96 23 fabriker
538 412 37 19 äro
592 411 56 20 mest
664 409 154 21 framstående.
849 409 76 27 Enligt

171 444 39 20 vår
233 443 58 27 åsigt
312 444 70 22 skulle
398 445 63 22 dessa
477 445 71 21 vilkor
563 445 166 27 fullständigast
744 444 108 28 uppfyllas
868 446 13 20 å
897 451 27 15 en

169 478 53 22 linie
245 478 331 30 Kouvola—Mäntyharju—S:t
596 480 326 22 Michel—Jokkas—Jorois—

169 514 132 28 Leppävirta
317 516 39 21 och
372 516 92 28 Kuopio.

243 550 35 22 Då
298 551 122 22 fördelarne
440 552 24 21 af
478 552 67 22 linien
561 551 162 23 Kouvola—S:t
737 552 80 22 Michel
832 551 90 22 framför

168 586 68 22 linien
259 587 161 27 Kaipiais—S:t
442 588 79 21 Michel
542 588 68 21 redan
626 588 7 21 i
649 588 121 21 utskottets
785 588 137 21 betänkande

166 622 127 22 framhållas
317 623 39 21 och
380 624 109 21 utskottet
511 623 127 21 alternativt
660 623 92 21 föreslår
768 623 151 21 förstnämnda

168 658 132 27 sträckning,
324 658 91 22 behöfva
437 659 22 21 vi
482 660 19 26 ej
521 659 75 22 vidare
611 659 78 21 härvid
704 659 117 27 uppehålla
837 665 42 15 oss.
911 660 10 20 I

167 693 141 27 förbigående
332 696 36 20 må
391 696 78 20 endast
491 697 98 26 nämnas,
613 697 33 19 att
661 695 22 21 vi
699 694 113 22 föreställa
827 701 43 20 oss,
886 696 34 19 att

167 730 68 26 några
258 730 124 27 synnerliga
405 731 135 27 svårigheter
560 730 35 22 för
610 731 140 27 förläggande
767 730 23 22 af
803 732 117 20 mötessta-

167 764 74 22 tionen
258 764 34 22 för
304 766 66 26 tågen
378 766 93 22 emellan
483 766 137 27 Helsingfors
631 767 40 21 och
679 766 132 27 Petersburg
819 766 34 21 till
861 766 59 21 Kou-

166 800 49 22 vola
226 800 48 22 icke
288 802 62 20 torde
364 801 116 23 förefinnas
495 802 40 22 och
547 804 33 19 att
591 802 114 27 fråganom
717 802 163 27 utgångspunkt
888 802 34 21 för

168 836 105 21 Savolaks
281 837 72 21 banan
361 838 126 26 härigenom
496 838 7 21 i
511 838 123 27 väsendtlig
644 838 54 27 grad
707 837 144 27 förenklades,
859 839 61 20 utom

165 873 35 19 att
213 871 147 22 kostnaderna
371 873 33 21 för
416 873 226 28 stationsanläggning
651 873 38 22 vid
700 873 98 22 Kouvola
809 874 28 21 då
847 873 73 21 kunde

165 907 8 21 i
189 908 71 26 någon
277 909 51 20 mån
343 909 138 27 nedbringas,
499 909 6 21 i
521 909 38 22 det
574 909 64 22 äfven
654 911 81 19 största
751 909 62 21 delen
829 909 24 21 af
862 908 58 22 sido-

165 943 41 21 och
226 943 144 27 omfartsspår
390 946 56 19 samt
462 945 123 27 byggnader
601 945 24 21 af
637 945 77 26 hvarje
730 944 47 27 slag
792 945 13 20 ä
820 944 99 27 Kaipiais

165 978 73 22 blefve
262 979 141 28 öfverflödiga
426 981 40 20 och
481 981 73 21 kunde
569 980 109 28 förflyttas
694 980 35 21 till
744 980 104 22 Kouvola.
879 980 41 21 Att

165 1015 43 21 den
218 1014 134 23 Savolakska
362 1015 71 22 banan
445 1017 98 21 deremot
552 1017 7 21 i
568 1017 140 22 ekonomiskt
717 1017 124 21 hänseende
849 1017 71 21 skulle

164 1050 128 27 ytterligare
308 1052 93 27 stärkas,
418 1058 35 15 om
469 1053 42 21 den
527 1053 72 21 direkt
615 1052 61 22 öfver
691 1052 99 21 Kouvola
803 1052 70 21 skulle
884 1053 34 20 ut-

163 1086 79 27 dragas
266 1093 77 20 genom
367 1087 119 27 Kymmene
509 1088 92 27 bördiga
625 1087 75 28 elfdal,
722 1088 39 21 der
781 1087 138 22 industriella

163 1122 157 27 anläggningar
335 1123 68 22 redan
418 1130 30 15 nu
464 1124 113 27 blomstra,
593 1124 35 21 till
638 1123 74 22 Kotka
722 1123 111 28 ypperliga
843 1124 73 26 hamn,

162 1157 105 22 behöfver
281 1158 58 21 blott
354 1159 103 26 påpekas.

236 1193 64 22 Hvad
322 1193 108 23 bandelen
453 1195 32 22 S:t
505 1194 411 28 Michel—Jokkas—Jorois—Leppä-

162 1228 174 28 virta—Kuopio
353 1229 110 29 beträffar,
481 1230 96 28 framgår
593 1231 47 21 från
657 1231 121 21 utskottets
793 1230 73 27 bilaga
881 1230 36 27 IV,

161 1265 34 20 att
210 1263 155 28 folkmängden
381 1267 13 20 å
410 1266 71 21 denna
496 1266 53 21 linie
565 1267 59 21 inom
641 1268 33 19 ett
689 1266 59 21 bälte
764 1265 24 22 af
801 1272 26 15 en
838 1265 38 22 mil
887 1267 30 25 på

160 1299 108 22 hvardera
284 1300 63 22 sidan
363 1307 35 15 om
414 1301 71 22 banan
500 1304 65 25 utgör
581 1303 43 21 216
640 1308 106 21 personer
760 1308 39 21 per
813 1301 104 22 banverst

160 1337 47 20 mot
231 1336 43 21 163
298 1343 104 20 personer
424 1344 40 21 per
486 1338 104 22 banverst
609 1339 13 20 å
637 1338 44 21 den
697 1337 24 22 af
734 1338 109 21 utskottet
858 1337 57 22 före-

160 1371 76 27 slagna
259 1371 69 22 linien
349 1373 41 21 och
408 1373 85 22 således
508 1376 25 19 är
549 1374 28 22 32
594 1375 92 26 procent
701 1375 77 20 större.
809 1373 32 22 Ur
857 1373 58 22 1882

159 1408 37 20 års
209 1407 201 28 jernvägsutskotts
426 1409 138 22 betänkande
580 1411 48 20 åter
636 1409 104 28 framgår,
752 1411 34 20 att
796 1409 120 27 folkmäng-

159 1442 42 21 den
222 1443 62 22 inom
302 1444 70 21 andra
387 1451 69 16 zonen
472 1446 13 21 &
501 1445 67 22 linien
584 1452 79 21 genom
679 1445 91 27 Jokkas,
786 1445 72 22 Jorois
874 1445 41 22 och

158 1477 140 30 Leppävirta,
314 1480 74 21 såsom
404 1481 128 22 densamma
547 1482 28 21 då
587 1481 139 27 förutsattes,
737 1483 64 25 utgör
813 1481 42 22 142
866 1487 49 21 per-

228 1515 199 26 Jernvägsutskottets
442 1517 118 21 betänkande
575 1516 43 22 N:o
634 1519 19 18 1.
